  <div class='ocr_page' id='page_1' title='image "/cluster/home/n/w/nwhite01/storage/ocr_20150623/157/njp.32101077773222/019.png"; bbox 0 0 2039 3148; ppageno 0'>
   <div class='ocr_carea' id='block_1_1' title="bbox 227 171 1844 208">
    <p class='ocr_par' dir='ltr' id='par_1_1' title="bbox 227 171 1844 208">
     <span class='ocr_line' id='line_1_1' title="bbox 227 171 1844 208; baseline 0.005 -8"><span class='ocrx_word' id='word_1_1' title='bbox 227 171 263 200; x_wconf 77' lang='lat'><strong>23</strong></span> <span class='ocrx_word' id='word_1_2' title='bbox 834 172 967 203; x_wconf 82' lang='lat' dir='ltr'><strong>CODINI</strong></span> <span class='ocrx_word' id='word_1_3' title='bbox 989 173 1247 205; x_wconf 63' lang='lat' dir='ltr'><strong>CUROPALATE</strong></span> <span class='ocrx_word' id='word_1_4' title='bbox 1808 173 1844 208; x_wconf 67' lang='grc' dir='ltr'><strong>ΕΞ</strong></span> 
     </span>
    </p>
   </div>
   <div class='ocr_carea' id='block_1_2' title="bbox 226 226 1031 265">
    <p class='ocr_par' dir='ltr' id='par_1_2' title="bbox 226 226 1031 265">
     <span class='ocr_line' id='line_1_2' title="bbox 226 226 1031 265; baseline 0.004 -12"><span class='ocrx_word' id='word_1_5' title='bbox 226 235 296 261; x_wconf 80' lang='lat' dir='ltr'><strong>quos</strong></span> <span class='ocrx_word' id='word_1_6' title='bbox 315 227 421 254; x_wconf 72' lang='lat' dir='ltr'><strong>Meursil</strong></span> <span class='ocrx_word' id='word_1_7' title='bbox 436 226 605 254; x_wconf 75' lang='lat' dir='ltr'><strong>Glossarium</strong></span> <span class='ocrx_word' id='word_1_8' title='bbox 621 235 651 254; x_wconf 79' lang='lat' dir='ltr'><strong>ex</strong></span> <span class='ocrx_word' id='word_1_9' title='bbox 670 236 685 261; x_wconf 91' lang='lat' dir='ltr'><strong>p</strong></span> <span class='ocrx_word' id='word_1_10' title='bbox 697 228 767 254; x_wconf 70' lang='lat' dir='ltr'><strong>ttiori</strong></span> <span class='ocrx_word' id='word_1_11' title='bbox 786 234 864 262; x_wconf 87' lang='lat' dir='ltr'><strong>parte</strong></span> <span class='ocrx_word' id='word_1_12' title='bbox 879 229 1031 265; x_wconf 74' lang='grc' dir='ltr'><strong>ὀλοϐἀρὸαρ</strong></span> 
     </span>
    </p>
   </div>
   <div class='ocr_carea' id='block_1_3' title="bbox 1037 226 1842 265">
    <p class='ocr_par' dir='ltr' id='par_1_3' title="bbox 1037 230 1842 265">
     <span class='ocr_line' id='line_1_3' title="bbox 1037 230 1842 265; baseline 0.004 -9"><span class='ocrx_word' id='word_1_13' title='bbox 1037 239 1065 256; x_wconf 80' lang='grc' dir='ltr'>ον</span> <span class='ocrx_word' id='word_1_14' title='bbox 1082 232 1203 264; x_wconf 73' lang='lat' dir='ltr'><strong>exponit,</strong></span> <span class='ocrx_word' id='word_1_15' title='bbox 1222 231 1317 257; x_wconf 75' lang='lat' dir='ltr'><strong>allidat</strong></span> <span class='ocrx_word' id='word_1_16' title='bbox 1331 240 1338 257; x_wconf 91' lang='lat'><strong>:</strong></span> <span class='ocrx_word' id='word_1_17' title='bbox 1356 230 1380 258; x_wconf 84' lang='lat' dir='ltr'><strong>is</strong></span> <span class='ocrx_word' id='word_1_18' title='bbox 1395 230 1466 258; x_wconf 84' lang='lat' dir='ltr'><strong>enim</strong></span> <span class='ocrx_word' id='word_1_19' title='bbox 1480 238 1542 258; x_wconf 81' lang='lat' dir='ltr'><strong>cum</strong></span> <span class='ocrx_word' id='word_1_20' title='bbox 1561 239 1717 265; x_wconf 69' lang='lat' dir='ltr'><strong>germanam</strong></span> <span class='ocrx_word' id='word_1_21' title='bbox 1733 231 1842 259; x_wconf 65' lang='lat' dir='ltr'><strong>Grtcca-</strong></span> 
     </span>
    </p>
   </div>
   <div class='ocr_carea' id='block_1_4' title="bbox 228 271 1843 312">
    <p class='ocr_par' dir='ltr' id='par_1_4' title="bbox 228 271 1843 312">
     <span class='ocr_line' id='line_1_4' title="bbox 228 271 1843 312; baseline 0.002 -14"><span class='ocrx_word' id='word_1_22' title='bbox 228 279 289 298; x_wconf 87' lang='lat' dir='ltr'><strong>rum</strong></span> <span class='ocrx_word' id='word_1_23' title='bbox 305 278 338 298; x_wconf 84' lang='lat' dir='ltr'><strong>ac</strong></span> <span class='ocrx_word' id='word_1_24' title='bbox 352 271 502 305; x_wconf 74' lang='lat' dir='ltr'><strong>vulgarium</strong></span> <span class='ocrx_word' id='word_1_25' title='bbox 518 279 614 298; x_wconf 64' lang='lat' dir='ltr'><strong>Torum</strong></span> <span class='ocrx_word' id='word_1_26' title='bbox 628 277 745 298; x_wconf 86' lang='lat' dir='ltr'><strong>mentem</strong></span> <span class='ocrx_word' id='word_1_27' title='bbox 759 279 810 299; x_wconf 91' lang='lat' dir='ltr'><strong>non</strong></span> <span class='ocrx_word' id='word_1_28' title='bbox 827 273 862 300; x_wconf 88' lang='lat' dir='ltr'><strong>sit</strong></span> <span class='ocrx_word' id='word_1_29' title='bbox 876 278 1027 305; x_wconf 78' lang='lat' dir='ltr'><strong>asseCttlus.</strong></span> <span class='ocrx_word' id='word_1_30' title='bbox 1046 277 1208 310; x_wconf 77' lang='lat' dir='ltr'><strong>sequacibus</strong></span> <span class='ocrx_word' id='word_1_31' title='bbox 1225 271 1421 308; x_wconf 49' lang='lat' dir='ltr'><strong>fovvain&#39;fecit,</strong></span> <span class='ocrx_word' id='word_1_32' title='bbox 1436 277 1462 303; x_wconf 93' lang='lat' dir='ltr'><strong>in</strong></span> <span class='ocrx_word' id='word_1_33' title='bbox 1476 284 1558 311; x_wconf 90' lang='lat' dir='ltr'><strong>quam</strong></span> <span class='ocrx_word' id='word_1_34' title='bbox 1573 277 1630 310; x_wconf 76' lang='lat' dir='ltr'><strong>ipse</strong></span> <span class='ocrx_word' id='word_1_35' title='bbox 1647 277 1721 310; x_wconf 87' lang='lat' dir='ltr'><strong>prior</strong></span> <span class='ocrx_word' id='word_1_36' title='bbox 1736 278 1843 312; x_wconf 71' lang='lat' dir='ltr'><strong>lapsus,</strong></span> 
     </span>
    </p>
   </div>
   <div class='ocr_carea' id='block_1_5' title="bbox 230 314 1845 356">
    <p class='ocr_par' dir='ltr' id='par_1_5' title="bbox 230 314 1845 356">
     <span class='ocr_line' id='line_1_5' title="bbox 230 314 1845 356; baseline 0.004 -14"><span class='ocrx_word' id='word_1_37' title='bbox 230 314 283 342; x_wconf 74' lang='lat' dir='ltr'><strong>nisi</strong></span> <span class='ocrx_word' id='word_1_38' title='bbox 298 323 311 340; x_wconf 84' lang='lat' dir='ltr'><strong>a</strong></span> <span class='ocrx_word' id='word_1_39' title='bbox 334 315 496 341; x_wconf 67' lang='lat' dir='ltr'><strong>rem-mimis</strong></span> <span class='ocrx_word' id='word_1_40' title='bbox 515 315 678 342; x_wconf 68' lang='lat' dir='ltr'><strong>Grmranicm</strong></span> <span class='ocrx_word' id='word_1_41' title='bbox 699 316 797 350; x_wconf 70' lang='lat' dir='ltr'><strong>lingua:</strong></span> <span class='ocrx_word' id='word_1_42' title='bbox 822 317 890 343; x_wconf 86' lang='lat' dir='ltr'><strong>bene</strong></span> <span class='ocrx_word' id='word_1_43' title='bbox 911 319 999 351; x_wconf 88' lang='lat' dir='ltr'><strong>perito</strong></span> <span class='ocrx_word' id='word_1_44' title='bbox 1017 321 1182 354; x_wconf 53' lang='lat' dir='ltr'><strong>corrigatur,</strong></span> <span class='ocrx_word' id='word_1_45' title='bbox 1201 321 1352 348; x_wconf 77' lang='lat' dir='ltr'><strong>illustrctur</strong></span> <span class='ocrx_word' id='word_1_46' title='bbox 1377 329 1409 348; x_wconf 88' lang='lat' dir='ltr'><strong>ac</strong></span> <span class='ocrx_word' id='word_1_47' title='bbox 1424 321 1538 348; x_wconf 75' lang='lat' dir='ltr'><strong>infinitis</strong></span> <span class='ocrx_word' id='word_1_48' title='bbox 1555 320 1765 355; x_wconf 84' lang='lat' dir='ltr'><strong>propemodum,</strong></span> <span class='ocrx_word' id='word_1_49' title='bbox 1783 329 1845 356; x_wconf 57' lang='lat' dir='ltr'><strong>qua;</strong></span> 
     </span>
    </p>
   </div>
   <div class='ocr_carea' id='block_1_6' title="bbox 226 360 1837 397">
    <p class='ocr_par' dir='ltr' id='par_1_6' title="bbox 226 360 1837 397">
     <span class='ocr_line' id='line_1_6' title="bbox 226 360 1837 397; baseline 0.003 -11"><span class='ocrx_word' id='word_1_50' title='bbox 226 366 341 392; x_wconf 86' lang='lat' dir='ltr'><strong>possunt</strong></span> <span class='ocrx_word' id='word_1_51' title='bbox 356 360 428 391; x_wconf 77' lang='lat' dir='ltr'><strong>addi.</strong></span> <span class='ocrx_word' id='word_1_52' title='bbox 439 361 604 387; x_wconf 66' lang='lat' dir='ltr'><strong>dictionibus</strong></span> <span class='ocrx_word' id='word_1_53' title='bbox 618 366 760 394; x_wconf 73' lang='lat' dir='ltr'><strong>augeatur,</strong></span> <span class='ocrx_word' id='word_1_54' title='bbox 776 361 880 397; x_wconf 76' lang='lat' dir='ltr'><strong>facilem</strong></span> <span class='ocrx_word' id='word_1_55' title='bbox 896 363 984 390; x_wconf 86' lang='lat' dir='ltr'><strong>adhuc</strong></span> <span class='ocrx_word' id='word_1_56' title='bbox 999 364 1138 390; x_wconf 69' lang='lat' dir='ltr'><strong>secuturis</strong></span> <span class='ocrx_word' id='word_1_57' title='bbox 1154 364 1282 396; x_wconf 64' lang='lat' dir='ltr'><strong>praebebit</strong></span> <span class='ocrx_word' id='word_1_58' title='bbox 1298 365 1390 397; x_wconf 85' lang='lat' dir='ltr'><strong>lapsus</strong></span> <span class='ocrx_word' id='word_1_59' title='bbox 1403 365 1588 392; x_wconf 75' lang='lat' dir='ltr'><strong>occasionem.</strong></span> <span class='ocrx_word' id='word_1_60' title='bbox 1614 364 1711 391; x_wconf 81' lang='lat' dir='ltr'><strong>Fateor</strong></span> <span class='ocrx_word' id='word_1_61' title='bbox 1726 365 1837 391; x_wconf 83' lang='lat' dir='ltr'><strong>Grclse-</strong></span> 
     </span>
    </p>
   </div>
   <div class='ocr_carea' id='block_1_7' title="bbox 230 404 1845 443">
    <p class='ocr_par' dir='ltr' id='par_1_7' title="bbox 230 404 1845 443">
     <span class='ocr_line' id='line_1_7' title="bbox 230 404 1845 443; baseline 0.004 -15"><span class='ocrx_word' id='word_1_62' title='bbox 230 413 290 430; x_wconf 85' lang='lat' dir='ltr'><strong>rum</strong></span> <span class='ocrx_word' id='word_1_63' title='bbox 308 408 384 430; x_wconf 83' lang='lat' dir='ltr'><strong>eruta</strong></span> <span class='ocrx_word' id='word_1_64' title='bbox 402 404 509 430; x_wconf 72' lang='lat' dir='ltr'><strong>metalla</strong></span> <span class='ocrx_word' id='word_1_65' title='bbox 525 404 707 435; x_wconf 73' lang='lat' dir='ltr'><strong>examinasse,</strong></span> <span class='ocrx_word' id='word_1_66' title='bbox 726 412 741 430; x_wconf 91' lang='lat' dir='ltr'><strong>a</strong></span> <span class='ocrx_word' id='word_1_67' title='bbox 762 405 898 440; x_wconf 84' lang='lat' dir='ltr'><strong>plerisque</strong></span> <span class='ocrx_word' id='word_1_68' title='bbox 914 406 995 433; x_wconf 84' lang='lat' dir='ltr'><strong>situm</strong></span> <span class='ocrx_word' id='word_1_69' title='bbox 1011 412 1039 433; x_wconf 84' lang='lat' dir='ltr'><strong>et</strong></span> <span class='ocrx_word' id='word_1_70' title='bbox 1051 408 1207 439; x_wconf 77' lang='lat' dir='ltr'><strong>Squalorcm</strong></span> <span class='ocrx_word' id='word_1_71' title='bbox 1223 408 1382 439; x_wconf 81' lang='lat' dir='ltr'><strong>detersisse,</strong></span> <span class='ocrx_word' id='word_1_72' title='bbox 1396 409 1422 435; x_wconf 93' lang='lat' dir='ltr'><strong>in</strong></span> <span class='ocrx_word' id='word_1_73' title='bbox 1445 407 1618 443; x_wconf 76' lang='lat' dir='ltr'><strong>exponendis</strong></span> <span class='ocrx_word' id='word_1_74' title='bbox 1633 408 1845 436; x_wconf 71' lang='lat' dir='ltr'><strong>emblematibus</strong></span> 
     </span>
    </p>
   </div>
   <div class='ocr_carea' id='block_1_8' title="bbox 227 448 1844 487">
    <p class='ocr_par' dir='ltr' id='par_1_8' title="bbox 227 448 1844 487">
     <span class='ocr_line' id='line_1_8' title="bbox 227 448 1844 487; baseline 0.001 -11"><span class='ocrx_word' id='word_1_75' title='bbox 227 448 323 482; x_wconf 72' lang='lat' dir='ltr'><strong>()Edipi</strong></span> <span class='ocrx_word' id='word_1_76' title='bbox 341 449 458 483; x_wconf 70' lang='lat' dir='ltr'><strong>gessisse</strong></span> <span class='ocrx_word' id='word_1_77' title='bbox 474 456 632 482; x_wconf 75' lang='lat' dir='ltr'><strong>personam,</strong></span> <span class='ocrx_word' id='word_1_78' title='bbox 651 453 677 475; x_wconf 90' lang='lat' dir='ltr'><strong>et</strong></span> <span class='ocrx_word' id='word_1_79' title='bbox 693 449 896 482; x_wconf 76' lang='lat' dir='ltr'><strong>characterum,</strong></span> <span class='ocrx_word' id='word_1_80' title='bbox 911 450 956 485; x_wconf 88' lang='lat' dir='ltr'><strong>qui</strong></span> <span class='ocrx_word' id='word_1_81' title='bbox 971 451 1013 477; x_wconf 74' lang='lat' dir='ltr'><strong>vix</strong></span> <span class='ocrx_word' id='word_1_82' title='bbox 1033 451 1275 485; x_wconf 79' lang='lat' dir='ltr'><strong>dignoscebautur,</strong></span> <span class='ocrx_word' id='word_1_83' title='bbox 1289 452 1459 479; x_wconf 79' lang='lat' dir='ltr'><strong>reconditam</strong></span> <span class='ocrx_word' id='word_1_84' title='bbox 1483 452 1712 487; x_wconf 71' lang='lat' dir='ltr'><strong>significationem</strong></span> <span class='ocrx_word' id='word_1_85' title='bbox 1729 452 1844 478; x_wconf 76' lang='lat' dir='ltr'><strong>invesui-</strong></span> 
     </span>
    </p>
   </div>
   <div class='ocr_carea' id='block_1_9' title="bbox 229 491 1842 529">
    <p class='ocr_par' dir='ltr' id='par_1_9' title="bbox 229 491 1842 529">
     <span class='ocr_line' id='line_1_9' title="bbox 229 491 1842 529; baseline 0.001 -11"><span class='ocrx_word' id='word_1_86' title='bbox 229 499 310 526; x_wconf 74' lang='lat' dir='ltr'><strong>gassc</strong></span> <span class='ocrx_word' id='word_1_87' title='bbox 325 503 330 518; x_wconf 86' lang='lat'><strong>:</strong></span> <span class='ocrx_word' id='word_1_88' title='bbox 347 491 394 518; x_wconf 83' lang='lat' dir='ltr'><strong>sed</strong></span> <span class='ocrx_word' id='word_1_89' title='bbox 411 499 473 518; x_wconf 90' lang='lat' dir='ltr'><strong>cum</strong></span> <span class='ocrx_word' id='word_1_90' title='bbox 490 492 600 518; x_wconf 81' lang='lat' dir='ltr'><strong>omnino</strong></span> <span class='ocrx_word' id='word_1_91' title='bbox 620 491 655 518; x_wconf 80' lang='lat' dir='ltr'><strong>sil</strong></span> <span class='ocrx_word' id='word_1_92' title='bbox 671 493 841 525; x_wconf 79' lang='lat' dir='ltr'><strong>impossibile</strong></span> <span class='ocrx_word' id='word_1_93' title='bbox 859 494 899 519; x_wconf 84' lang='lat' dir='ltr'><strong>vel</strong></span> <span class='ocrx_word' id='word_1_94' title='bbox 925 494 992 521; x_wconf 87' lang='lat' dir='ltr'><strong>nihil</strong></span> <span class='ocrx_word' id='word_1_95' title='bbox 1014 495 1140 528; x_wconf 75' lang='lat' dir='ltr'><strong>ignorare</strong></span> <span class='ocrx_word' id='word_1_96' title='bbox 1157 495 1196 521; x_wconf 73' lang='lat' dir='ltr'><strong>vel</strong></span> <span class='ocrx_word' id='word_1_97' title='bbox 1213 495 1335 522; x_wconf 84' lang='lat' dir='ltr'><strong>omnium</strong></span> <span class='ocrx_word' id='word_1_98' title='bbox 1355 496 1424 524; x_wconf 84' lang='lat' dir='ltr'><strong>votis</strong></span> <span class='ocrx_word' id='word_1_99' title='bbox 1442 495 1614 527; x_wconf 77' lang='lat' dir='ltr'><strong>satisfacere,</strong></span> <span class='ocrx_word' id='word_1_100' title='bbox 1645 496 1800 529; x_wconf 73' lang='lat' dir='ltr'><strong>complures</strong></span> <span class='ocrx_word' id='word_1_101' title='bbox 1814 499 1842 520; x_wconf 84' lang='lat' dir='ltr'><strong>et</strong></span> 
     </span>
    </p>
   </div>
   <div class='ocr_carea' id='block_1_10' title="bbox 227 535 1839 574">
    <p class='ocr_par' dir='ltr' id='par_1_10' title="bbox 227 535 1839 574">
     <span class='ocr_line' id='line_1_10' title="bbox 227 535 1839 574; baseline 0.004 -15"><span class='ocrx_word' id='word_1_102' title='bbox 227 536 327 569; x_wconf 63' lang='lat' dir='ltr'><strong>egregii</strong></span> <span class='ocrx_word' id='word_1_103' title='bbox 343 535 451 570; x_wconf 85' lang='lat' dir='ltr'><strong>quidem</strong></span> <span class='ocrx_word' id='word_1_104' title='bbox 470 535 519 562; x_wconf 74' lang='lat' dir='ltr'><strong>viri</strong></span> <span class='ocrx_word' id='word_1_105' title='bbox 536 535 638 570; x_wconf 87' lang='lat' dir='ltr'><strong>aliquid</strong></span> <span class='ocrx_word' id='word_1_106' title='bbox 654 541 750 570; x_wconf 78' lang='lat' dir='ltr'><strong>przeter</strong></span> <span class='ocrx_word' id='word_1_107' title='bbox 764 537 824 571; x_wconf 80' lang='lat' dir='ltr'><strong>ejus</strong></span> <span class='ocrx_word' id='word_1_108' title='bbox 843 537 971 570; x_wconf 81' lang='lat' dir='ltr'><strong>laborem,</strong></span> <span class='ocrx_word' id='word_1_109' title='bbox 987 545 1043 572; x_wconf 87' lang='lat' dir='ltr'><strong>quo</strong></span> <span class='ocrx_word' id='word_1_110' title='bbox 1068 539 1143 566; x_wconf 88' lang='lat' dir='ltr'><strong>labor</strong></span> <span class='ocrx_word' id='word_1_111' title='bbox 1160 539 1275 573; x_wconf 85' lang='lat' dir='ltr'><strong>ipsemet</strong></span> <span class='ocrx_word' id='word_1_112' title='bbox 1291 539 1476 574; x_wconf 82' lang='lat' dir='ltr'><strong>amplificatus</strong></span> <span class='ocrx_word' id='word_1_113' title='bbox 1490 544 1674 571; x_wconf 79' lang='lat' dir='ltr'><strong>excresceret,</strong></span> <span class='ocrx_word' id='word_1_114' title='bbox 1695 543 1839 573; x_wconf 78' lang='lat' dir='ltr'><strong>exspecta-</strong></span> 
     </span>
    </p>
   </div>
   <div class='ocr_carea' id='block_1_11' title="bbox 229 578 1824 616">
    <p class='ocr_par' dir='ltr' id='par_1_11' title="bbox 229 578 1824 616">
     <span class='ocr_line' id='line_1_11' title="bbox 229 578 1824 616; baseline 0.003 -12"><span class='ocrx_word' id='word_1_115' title='bbox 229 579 304 605; x_wconf 88' lang='lat' dir='ltr'><strong>bant.</strong></span> <span class='ocrx_word' id='word_1_116' title='bbox 320 579 366 606; x_wconf 85' lang='lat' dir='ltr'><strong>llla</strong></span> <span class='ocrx_word' id='word_1_117' title='bbox 380 585 422 605; x_wconf 82' lang='lat' dir='ltr'><strong>me</strong></span> <span class='ocrx_word' id='word_1_118' title='bbox 439 578 572 606; x_wconf 76' lang='lat' dir='ltr'><strong>desideria</strong></span> <span class='ocrx_word' id='word_1_119' title='bbox 588 586 732 607; x_wconf 87' lang='lat' dir='ltr'><strong>moverunt</strong></span> <span class='ocrx_word' id='word_1_120' title='bbox 755 585 783 606; x_wconf 91' lang='lat' dir='ltr'><strong>ut</strong></span> <span class='ocrx_word' id='word_1_121' title='bbox 802 581 886 607; x_wconf 82' lang='lat' dir='ltr'><strong>multa</strong></span> <span class='ocrx_word' id='word_1_122' title='bbox 903 581 1080 612; x_wconf 82' lang='lat' dir='ltr'><strong>illustrarem,</strong></span> <span class='ocrx_word' id='word_1_123' title='bbox 1094 582 1268 616; x_wconf 73' lang='lat' dir='ltr'><strong>explanarem</strong></span> <span class='ocrx_word' id='word_1_124' title='bbox 1287 583 1351 615; x_wconf 82' lang='lat' dir='ltr'><strong>alia,</strong></span> <span class='ocrx_word' id='word_1_125' title='bbox 1369 584 1402 610; x_wconf 83' lang='lat' dir='ltr'><strong>de</strong></span> <span class='ocrx_word' id='word_1_126' title='bbox 1418 591 1479 610; x_wconf 84' lang='lat' dir='ltr'><strong>meo</strong></span> <span class='ocrx_word' id='word_1_127' title='bbox 1494 583 1627 610; x_wconf 88' lang='lat' dir='ltr'><strong>nonnulla</strong></span> <span class='ocrx_word' id='word_1_128' title='bbox 1643 583 1796 609; x_wconf 87' lang='lat' dir='ltr'><strong>conferrem</strong></span> <span class='ocrx_word' id='word_1_129' title='bbox 1817 591 1824 609; x_wconf 89' lang='lat'><strong>:</strong></span> 
     </span>
    </p>
   </div>
   <div class='ocr_carea' id='block_1_12' title="bbox 229 623 1842 660">
    <p class='ocr_par' dir='ltr' id='par_1_12' title="bbox 229 623 1842 660">
     <span class='ocr_line' id='line_1_12' title="bbox 229 623 1842 660; baseline 0.001 -10"><span class='ocrx_word' id='word_1_130' title='bbox 229 623 331 650; x_wconf 87' lang='lat' dir='ltr'><strong>utinam</strong></span> <span class='ocrx_word' id='word_1_131' title='bbox 361 623 470 649; x_wconf 86' lang='lat' dir='ltr'><strong>homine</strong></span> <span class='ocrx_word' id='word_1_132' title='bbox 487 623 564 650; x_wconf 61' lang='grc' dir='ltr'><strong>ωηο</strong></span> <span class='ocrx_word' id='word_1_133' title='bbox 580 628 749 651; x_wconf 84' lang='lat' dir='ltr'><strong>monstrante</strong></span> <span class='ocrx_word' id='word_1_134' title='bbox 773 624 855 655; x_wconf 81' lang='lat' dir='ltr'><strong>viam,</strong></span> <span class='ocrx_word' id='word_1_135' title='bbox 873 632 954 651; x_wconf 89' lang='lat' dir='ltr'><strong>nemo</strong></span> <span class='ocrx_word' id='word_1_136' title='bbox 974 625 1000 651; x_wconf 92' lang='lat' dir='ltr'><strong>iu</strong></span> <span class='ocrx_word' id='word_1_137' title='bbox 1017 631 1156 657; x_wconf 80' lang='lat' dir='ltr'><strong>posterum</strong></span> <span class='ocrx_word' id='word_1_138' title='bbox 1173 626 1254 652; x_wconf 88' lang='lat' dir='ltr'><strong>etiam</strong></span> <span class='ocrx_word' id='word_1_139' title='bbox 1274 627 1383 653; x_wconf 75' lang='lat' dir='ltr'><strong>aliunde</strong></span> <span class='ocrx_word' id='word_1_140' title='bbox 1397 632 1478 654; x_wconf 83' lang='lat' dir='ltr'><strong>natus</strong></span> <span class='ocrx_word' id='word_1_141' title='bbox 1494 627 1521 653; x_wconf 95' lang='lat' dir='ltr'><strong>in</strong></span> <span class='ocrx_word' id='word_1_142' title='bbox 1546 627 1659 653; x_wconf 71' lang='lat' dir='ltr'><strong>Graecia&#39;</strong></span> <span class='ocrx_word' id='word_1_143' title='bbox 1679 626 1842 660; x_wconf 76' lang='lat' dir='ltr'><strong>peregrinus</strong></span> 
     </span>
    </p>
   </div>
   <div class='ocr_carea' id='block_1_13' title="bbox 229 666 1848 704">
    <p class='ocr_par' dir='ltr' id='par_1_13' title="bbox 229 666 1848 704">
     <span class='ocr_line' id='line_1_13' title="bbox 229 666 1848 704; baseline 0.002 -11"><span class='ocrx_word' id='word_1_144' title='bbox 229 667 355 694; x_wconf 78' lang='lat' dir='ltr'><strong>aberret!</strong></span> <span class='ocrx_word' id='word_1_145' title='bbox 373 666 400 693; x_wconf 93' lang='lat' dir='ltr'><strong>ln</strong></span> <span class='ocrx_word' id='word_1_146' title='bbox 416 667 532 693; x_wconf 86' lang='lat' dir='ltr'><strong>alienam</strong></span> <span class='ocrx_word' id='word_1_147' title='bbox 557 674 671 694; x_wconf 76' lang='lat' dir='ltr'><strong>messem</strong></span> <span class='ocrx_word' id='word_1_148' title='bbox 689 675 742 694; x_wconf 91' lang='lat' dir='ltr'><strong>non</strong></span> <span class='ocrx_word' id='word_1_149' title='bbox 757 668 825 694; x_wconf 88' lang='lat' dir='ltr'><strong>adeo</strong></span> <span class='ocrx_word' id='word_1_150' title='bbox 842 667 938 694; x_wconf 87' lang='lat' dir='ltr'><strong>falcem</strong></span> <span class='ocrx_word' id='word_1_151' title='bbox 955 676 1036 702; x_wconf 88' lang='lat' dir='ltr'><strong>quam</strong></span> <span class='ocrx_word' id='word_1_152' title='bbox 1055 670 1194 696; x_wconf 72' lang='lat' dir='ltr'><strong>uberiores</strong></span> <span class='ocrx_word' id='word_1_153' title='bbox 1207 675 1311 704; x_wconf 74' lang='lat' dir='ltr'><strong>segetes</strong></span> <span class='ocrx_word' id='word_1_154' title='bbox 1331 671 1459 698; x_wconf 86' lang='lat' dir='ltr'><strong>immitto.</strong></span> <span class='ocrx_word' id='word_1_155' title='bbox 1480 670 1609 698; x_wconf 85' lang='lat' dir='ltr'><strong>Gretsero</strong></span> <span class='ocrx_word' id='word_1_156' title='bbox 1620 678 1668 697; x_wconf 82' lang='lat' dir='ltr'><strong>sua</strong></span> <span class='ocrx_word' id='word_1_157' title='bbox 1684 674 1757 697; x_wconf 85' lang='lat' dir='ltr'><strong>sarta</strong></span> <span class='ocrx_word' id='word_1_158' title='bbox 1774 674 1848 696; x_wconf 79' lang='lat' dir='ltr'><strong>tecta</strong></span> 
     </span>
    </p>
   </div>
   <div class='ocr_carea' id='block_1_14' title="bbox 229 710 1845 749">
    <p class='ocr_par' dir='ltr' id='par_1_14' title="bbox 229 710 1845 749">
     <span class='ocr_line' id='line_1_14' title="bbox 229 710 1845 749; baseline 0.001 -12"><span class='ocrx_word' id='word_1_159' title='bbox 229 711 338 744; x_wconf 79' lang='lat' dir='ltr'><strong>rrliqui,</strong></span> <span class='ocrx_word' id='word_1_160' title='bbox 359 716 386 736; x_wconf 84' lang='lat' dir='ltr'><strong>et</strong></span> <span class='ocrx_word' id='word_1_161' title='bbox 403 711 477 737; x_wconf 81' lang='lat' dir='ltr'><strong>velut</strong></span> <span class='ocrx_word' id='word_1_162' title='bbox 493 710 556 737; x_wconf 88' lang='lat' dir='ltr'><strong>data</strong></span> <span class='ocrx_word' id='word_1_163' title='bbox 570 719 601 737; x_wconf 81' lang='lat' dir='ltr'><strong>ex</strong></span> <span class='ocrx_word' id='word_1_164' title='bbox 620 711 726 745; x_wconf 85' lang='lat' dir='ltr'><strong>tripode</strong></span> <span class='ocrx_word' id='word_1_165' title='bbox 740 718 871 743; x_wconf 72' lang='lat' dir='ltr'><strong>respousa</strong></span> <span class='ocrx_word' id='word_1_166' title='bbox 888 720 949 738; x_wconf 85' lang='lat' dir='ltr'><strong>sum</strong></span> <span class='ocrx_word' id='word_1_167' title='bbox 968 719 1121 740; x_wconf 76' lang='lat' dir='ltr'><strong>veneratus.</strong></span> <span class='ocrx_word' id='word_1_168' title='bbox 1139 714 1269 747; x_wconf 76' lang='lat' dir='ltr'><strong>Superest</strong></span> <span class='ocrx_word' id='word_1_169' title='bbox 1288 718 1316 740; x_wconf 89' lang='lat' dir='ltr'><strong>ut</strong></span> <span class='ocrx_word' id='word_1_170' title='bbox 1329 722 1389 748; x_wconf 72' lang='lat' dir='ltr'><strong>quae</strong></span> <span class='ocrx_word' id='word_1_171' title='bbox 1403 721 1462 740; x_wconf 85' lang='lat' dir='ltr'><strong>mea</strong></span> <span class='ocrx_word' id='word_1_172' title='bbox 1481 719 1545 741; x_wconf 87' lang='lat' dir='ltr'><strong>sunt</strong></span> <span class='ocrx_word' id='word_1_173' title='bbox 1559 719 1589 741; x_wconf 72' lang='lat' dir='ltr'><strong>es</strong></span> <span class='ocrx_word' id='word_1_174' title='bbox 1604 714 1673 749; x_wconf 82' lang='lat' dir='ltr'><strong>juris</strong></span> <span class='ocrx_word' id='word_1_175' title='bbox 1687 713 1788 747; x_wconf 85' lang='lat' dir='ltr'><strong>publici</strong></span> <span class='ocrx_word' id='word_1_176' title='bbox 1803 713 1845 739; x_wconf 82' lang='lat' dir='ltr'><strong>fa-</strong></span> 
     </span>
    </p>
   </div>
   <div class='ocr_carea' id='block_1_15' title="bbox 231 754 1844 791">
    <p class='ocr_par' dir='ltr' id='par_1_15' title="bbox 231 754 1844 791">
     <span class='ocr_line' id='line_1_15' title="bbox 231 754 1844 791; baseline 0 -10"><span class='ocrx_word' id='word_1_177' title='bbox 231 754 327 781; x_wconf 85' lang='lat' dir='ltr'><strong>cienda</strong></span> <span class='ocrx_word' id='word_1_178' title='bbox 345 754 440 788; x_wconf 81' lang='lat' dir='ltr'><strong>paucis</strong></span> <span class='ocrx_word' id='word_1_179' title='bbox 459 761 621 788; x_wconf 88' lang='lat' dir='ltr'><strong>proponam,</strong></span> <span class='ocrx_word' id='word_1_180' title='bbox 638 758 794 781; x_wconf 87' lang='lat' dir='ltr'><strong>accuratam</strong></span> <span class='ocrx_word' id='word_1_181' title='bbox 815 755 924 782; x_wconf 81' lang='lat' dir='ltr'><strong>scilicet</strong></span> <span class='ocrx_word' id='word_1_182' title='bbox 943 754 1085 782; x_wconf 87' lang='lat' dir='ltr'><strong>Codiuiaui</strong></span> <span class='ocrx_word' id='word_1_183' title='bbox 1102 759 1193 782; x_wconf 77' lang='lat' dir='ltr'><strong>textus</strong></span> <span class='ocrx_word' id='word_1_184' title='bbox 1206 763 1266 782; x_wconf 87' lang='lat' dir='ltr'><strong>cum</strong></span> <span class='ocrx_word' id='word_1_185' title='bbox 1282 755 1414 782; x_wconf 84' lang='lat' dir='ltr'><strong>alterutro</strong></span> <span class='ocrx_word' id='word_1_186' title='bbox 1430 755 1471 791; x_wconf 77' lang='lat' dir='ltr'><strong>vel</strong></span> <span class='ocrx_word' id='word_1_187' title='bbox 1488 755 1570 782; x_wconf 89' lang='lat' dir='ltr'><strong>simul</strong></span> <span class='ocrx_word' id='word_1_188' title='bbox 1587 763 1648 782; x_wconf 90' lang='lat' dir='ltr'><strong>cum</strong></span> <span class='ocrx_word' id='word_1_189' title='bbox 1665 755 1773 781; x_wconf 75' lang='lat' dir='ltr'><strong>duobus</strong></span> <span class='ocrx_word' id='word_1_190' title='bbox 1790 754 1844 781; x_wconf 69' lang='lat' dir='ltr'><strong>[le-</strong></span> 
     </span>
    </p>
   </div>
   <div class='ocr_carea' id='block_1_16' title="bbox 229 797 1845 833">
    <p class='ocr_par' dir='ltr' id='par_1_16' title="bbox 229 797 1845 833">
     <span class='ocr_line' id='line_1_16' title="bbox 229 797 1845 833; baseline 0 -10"><span class='ocrx_word' id='word_1_191' title='bbox 229 800 278 832; x_wconf 75' lang='lat' dir='ltr'><strong>gia:</strong></span> <span class='ocrx_word' id='word_1_192' title='bbox 294 797 464 824; x_wconf 76' lang='lat' dir='ltr'><strong>bibliothecae</strong></span> <span class='ocrx_word' id='word_1_193' title='bbox 479 797 681 832; x_wconf 79' lang='lat' dir='ltr'><strong>exemplaribus</strong></span> <span class='ocrx_word' id='word_1_194' title='bbox 694 798 879 825; x_wconf 82' lang='lat' dir='ltr'><strong>collationem.</strong></span> <span class='ocrx_word' id='word_1_195' title='bbox 894 798 1008 825; x_wconf 73' lang='lat' dir='ltr'><strong>Textrini</strong></span> <span class='ocrx_word' id='word_1_196' title='bbox 1025 799 1125 833; x_wconf 86' lang='lat' dir='ltr'><strong>ipsum,</strong></span> <span class='ocrx_word' id='word_1_197' title='bbox 1141 807 1193 825; x_wconf 88' lang='lat' dir='ltr'><strong>non</strong></span> <span class='ocrx_word' id='word_1_198' title='bbox 1208 799 1240 825; x_wconf 91' lang='lat' dir='ltr'><strong>ad</strong></span> <span class='ocrx_word' id='word_1_199' title='bbox 1256 799 1463 826; x_wconf 74' lang='lat' dir='ltr'><strong>ahuutlantioris</strong></span> <span class='ocrx_word' id='word_1_200' title='bbox 1477 799 1609 826; x_wconf 69' lang='lat' dir='ltr'><strong>doctrinae</strong></span> <span class='ocrx_word' id='word_1_201' title='bbox 1621 798 1845 829; x_wconf 85' lang='lat' dir='ltr'><strong>ostentationem,</strong></span> 
     </span>
    </p>
   </div>
   <div class='ocr_carea' id='block_1_17' title="bbox 230 840 1845 877">
    <p class='ocr_par' dir='ltr' id='par_1_17' title="bbox 230 840 1845 877">
     <span class='ocr_line' id='line_1_17' title="bbox 230 840 1845 877; baseline 0 -10"><span class='ocrx_word' id='word_1_202' title='bbox 230 842 278 868; x_wconf 82' lang='lat' dir='ltr'><strong>scd</strong></span> <span class='ocrx_word' id='word_1_203' title='bbox 291 842 322 868; x_wconf 85' lang='lat' dir='ltr'><strong>ad</strong></span> <span class='ocrx_word' id='word_1_204' title='bbox 339 842 483 868; x_wconf 82' lang='lat' dir='ltr'><strong>utilitatem</strong></span> <span class='ocrx_word' id='word_1_205' title='bbox 503 842 662 876; x_wconf 81' lang='lat' dir='ltr'><strong>respiciens.</strong></span> <span class='ocrx_word' id='word_1_206' title='bbox 678 843 822 869; x_wconf 77' lang='lat' dir='ltr'><strong>emendari</strong></span> <span class='ocrx_word' id='word_1_207' title='bbox 838 850 844 868; x_wconf 77' lang='grc' dir='ltr'>ε</span> <span class='ocrx_word' id='word_1_208' title='bbox 859 843 1078 870; x_wconf 83' lang='lat' dir='ltr'><strong>emendationem</strong></span> <span class='ocrx_word' id='word_1_209' title='bbox 1091 843 1132 868; x_wconf 71' lang='lat' dir='ltr'><strong>Vel</strong></span> <span class='ocrx_word' id='word_1_210' title='bbox 1146 842 1291 869; x_wconf 83' lang='lat' dir='ltr'><strong>lectionum</strong></span> <span class='ocrx_word' id='word_1_211' title='bbox 1305 842 1463 869; x_wconf 78' lang='lat' dir='ltr'><strong>varietatem</strong></span> <span class='ocrx_word' id='word_1_212' title='bbox 1481 842 1507 869; x_wconf 94' lang='lat' dir='ltr'><strong>in</strong></span> <span class='ocrx_word' id='word_1_213' title='bbox 1524 842 1673 877; x_wconf 77' lang='lat' dir='ltr'><strong>marginem</strong></span> <span class='ocrx_word' id='word_1_214' title='bbox 1687 841 1779 876; x_wconf 80' lang='lat' dir='ltr'><strong>rejcci.</strong></span> <span class='ocrx_word' id='word_1_215' title='bbox 1795 840 1845 868; x_wconf 86' lang='lat' dir='ltr'><strong>Ubi</strong></span> 
     </span>
    </p>
   </div>
   <div class='ocr_carea' id='block_1_18' title="bbox 229 886 1840 922">
    <p class='ocr_par' dir='ltr' id='par_1_18' title="bbox 229 886 1840 922">
     <span class='ocr_line' id='line_1_18' title="bbox 229 886 1840 922; baseline -0.001 -8"><span class='ocrx_word' id='word_1_216' title='bbox 229 895 291 914; x_wconf 77' lang='lat' dir='ltr'><strong>cum</strong></span> <span class='ocrx_word' id='word_1_217' title='bbox 308 892 425 922; x_wconf 84' lang='lat' dir='ltr'><strong>utroque</strong></span> <span class='ocrx_word' id='word_1_218' title='bbox 447 887 531 922; x_wconf 73' lang='lat' dir='ltr'><strong>Regio</strong></span> <span class='ocrx_word' id='word_1_219' title='bbox 548 889 637 914; x_wconf 87' lang='lat' dir='ltr'><strong>ntiuus</strong></span> <span class='ocrx_word' id='word_1_220' title='bbox 654 889 802 914; x_wconf 78' lang='lat' dir='ltr'><strong>convenire</strong></span> <span class='ocrx_word' id='word_1_221' title='bbox 817 888 952 922; x_wconf 82' lang='lat' dir='ltr'><strong>comperi.</strong></span> <span class='ocrx_word' id='word_1_222' title='bbox 974 887 1050 914; x_wconf 83' lang='lat' dir='ltr'><strong>locos</strong></span> <span class='ocrx_word' id='word_1_223' title='bbox 1061 886 1112 913; x_wconf 92' lang='lat' dir='ltr'><strong>hoc</strong></span> <span class='ocrx_word' id='word_1_224' title='bbox 1128 886 1216 913; x_wconf 84' lang='lat' dir='ltr'><strong>indice</strong></span> <span class='ocrx_word' id='word_1_225' title='bbox 1233 891 1287 913; x_wconf 81' lang='lat' dir='ltr'><strong>utr.</strong></span> <span class='ocrx_word' id='word_1_226' title='bbox 1300 886 1364 921; x_wconf 75' lang='lat' dir='ltr'><strong>Reg.</strong></span> <span class='ocrx_word' id='word_1_227' title='bbox 1383 887 1422 921; x_wconf 76' lang='grc' dir='ltr'><strong>(Ι)</strong></span> <span class='ocrx_word' id='word_1_228' title='bbox 1435 886 1574 921; x_wconf 80' lang='lat' dir='ltr'><strong>designavi</strong></span> <span class='ocrx_word' id='word_1_229' title='bbox 1588 895 1596 913; x_wconf 86' lang='lat'><strong>:</strong></span> <span class='ocrx_word' id='word_1_230' title='bbox 1611 886 1657 912; x_wconf 91' lang='lat' dir='ltr'><strong>ubi</strong></span> <span class='ocrx_word' id='word_1_231' title='bbox 1675 893 1741 912; x_wconf 87' lang='lat' dir='ltr'><strong>vero</strong></span> <span class='ocrx_word' id='word_1_232' title='bbox 1758 893 1840 912; x_wconf 81' lang='lat' dir='ltr'><strong>munit</strong></span> 
     </span>
    </p>
   </div>
   <div class='ocr_carea' id='block_1_19' title="bbox 229 928 1836 966">
    <p class='ocr_par' dir='ltr' id='par_1_19' title="bbox 229 928 1836 966">
     <span class='ocr_line' id='line_1_19' title="bbox 229 928 1836 966; baseline -0.001 -10"><span class='ocrx_word' id='word_1_233' title='bbox 229 932 337 958; x_wconf 82' lang='lat' dir='ltr'><strong>illorum</strong></span> <span class='ocrx_word' id='word_1_234' title='bbox 351 939 365 958; x_wconf 85' lang='lat' dir='ltr'><strong>a</strong></span> <span class='ocrx_word' id='word_1_235' title='bbox 383 936 474 958; x_wconf 70' lang='lat' dir='ltr'><strong>textus</strong></span> <span class='ocrx_word' id='word_1_236' title='bbox 492 932 608 958; x_wconf 80' lang='lat' dir='ltr'><strong>lectione</strong></span> <span class='ocrx_word' id='word_1_237' title='bbox 626 931 777 965; x_wconf 81' lang='lat' dir='ltr'><strong>discrepat.</strong></span> <span class='ocrx_word' id='word_1_238' title='bbox 795 931 912 966; x_wconf 83' lang='lat' dir='ltr'><strong>primunt</strong></span> <span class='ocrx_word' id='word_1_239' title='bbox 931 930 1078 958; x_wconf 86' lang='lat' dir='ltr'><strong>numeralis</strong></span> <span class='ocrx_word' id='word_1_240' title='bbox 1094 931 1236 957; x_wconf 84' lang='lat' dir='ltr'><strong>character</strong></span> <span class='ocrx_word' id='word_1_241' title='bbox 1251 930 1385 957; x_wconf 80' lang='lat' dir='ltr'><strong>Arabicus</strong></span> <span class='ocrx_word' id='word_1_242' title='bbox 1399 931 1410 956; x_wconf 87' lang='lat' dir='ltr'><strong>l</strong></span> <span class='ocrx_word' id='word_1_243' title='bbox 1431 930 1566 964; x_wconf 74' lang='lat' dir='ltr'><strong>iudigitat,</strong></span> <span class='ocrx_word' id='word_1_244' title='bbox 1580 937 1613 956; x_wconf 78' lang='lat' dir='ltr'><strong>ac</strong></span> <span class='ocrx_word' id='word_1_245' title='bbox 1627 929 1643 955; x_wconf 76' lang='lat'><strong>2</strong></span> <span class='ocrx_word' id='word_1_246' title='bbox 1656 929 1773 955; x_wconf 85' lang='lat' dir='ltr'><strong>alterum</strong></span> <span class='ocrx_word' id='word_1_247' title='bbox 1785 928 1836 964; x_wconf 72' lang='grc' dir='ltr'><strong>(Ξ).</strong></span> 
     </span>
    </p>
   </div>
   <div class='ocr_carea' id='block_1_20' title="bbox 230 972 1838 1009">
    <p class='ocr_par' dir='ltr' id='par_1_20' title="bbox 230 972 1838 1009">
     <span class='ocr_line' id='line_1_20' title="bbox 230 972 1838 1009; baseline -0.002 -8"><span class='ocrx_word' id='word_1_248' title='bbox 230 975 295 1001; x_wconf 81' lang='lat' dir='ltr'><strong>Etsi</strong></span> <span class='ocrx_word' id='word_1_249' title='bbox 311 975 420 1009; x_wconf 81' lang='lat' dir='ltr'><strong>quando</strong></span> <span class='ocrx_word' id='word_1_250' title='bbox 433 975 540 1002; x_wconf 74' lang='lat' dir='ltr'><strong>defectu</strong></span> <span class='ocrx_word' id='word_1_251' title='bbox 556 975 673 1009; x_wconf 80' lang='lat' dir='ltr'><strong>alicujus</strong></span> <span class='ocrx_word' id='word_1_252' title='bbox 683 975 939 1007; x_wconf 75' lang='lat' dir='ltr'><strong>notaelaboraveris.</strong></span> <span class='ocrx_word' id='word_1_253' title='bbox 950 974 1091 1006; x_wconf 80' lang='lat' dir='ltr'><strong>lector;ad</strong></span> <span class='ocrx_word' id='word_1_254' title='bbox 1105 974 1313 1008; x_wconf 64' lang='lat' dir='ltr'><strong>praecedentem,</strong></span> <span class='ocrx_word' id='word_1_255' title='bbox 1323 981 1384 1008; x_wconf 72' lang='lat' dir='ltr'><strong>qua:</strong></span> <span class='ocrx_word' id='word_1_256' title='bbox 1398 973 1470 1000; x_wconf 72' lang='grc' dir='ltr'><strong>νίυος</strong></span> <span class='ocrx_word' id='word_1_257' title='bbox 1483 973 1544 1007; x_wconf 83' lang='lat' dir='ltr'><strong>ejus</strong></span> <span class='ocrx_word' id='word_1_258' title='bbox 1558 972 1706 1007; x_wconf 80' lang='lat' dir='ltr'><strong>supplebit,</strong></span> <span class='ocrx_word' id='word_1_259' title='bbox 1718 979 1838 998; x_wconf 85' lang='lat' dir='ltr'><strong>recurre.</strong></span> 
     </span>
    </p>
   </div>
   <div class='ocr_carea' id='block_1_21' title="bbox 268 1017 1842 1053">
    <p class='ocr_par' dir='ltr' id='par_1_21' title="bbox 268 1017 1842 1053">
     <span class='ocr_line' id='line_1_21' title="bbox 268 1017 1842 1053; baseline -0.002 -8"><span class='ocrx_word' id='word_1_260' title='bbox 268 1019 298 1045; x_wconf 85' lang='lat' dir='ltr'><strong>Et</strong></span> <span class='ocrx_word' id='word_1_261' title='bbox 316 1027 349 1045; x_wconf 89' lang='lat' dir='ltr'><strong>ne</strong></span> <span class='ocrx_word' id='word_1_262' title='bbox 365 1019 428 1053; x_wconf 83' lang='lat' dir='ltr'><strong>quis</strong></span> <span class='ocrx_word' id='word_1_263' title='bbox 443 1023 518 1053; x_wconf 79' lang='lat' dir='ltr'><strong>putet</strong></span> <span class='ocrx_word' id='word_1_264' title='bbox 544 1027 587 1046; x_wconf 89' lang='lat' dir='ltr'><strong>me</strong></span> <span class='ocrx_word' id='word_1_265' title='bbox 603 1019 664 1046; x_wconf 85' lang='lat' dir='ltr'><strong>data</strong></span> <span class='ocrx_word' id='word_1_266' title='bbox 681 1027 763 1053; x_wconf 85' lang='lat' dir='ltr'><strong>opera</strong></span> <span class='ocrx_word' id='word_1_267' title='bbox 779 1018 898 1046; x_wconf 83' lang='lat' dir='ltr'><strong>Gretseri</strong></span> <span class='ocrx_word' id='word_1_268' title='bbox 919 1026 1061 1046; x_wconf 85' lang='lat' dir='ltr'><strong>censorem</strong></span> <span class='ocrx_word' id='word_1_269' title='bbox 1079 1025 1170 1052; x_wconf 78' lang='lat' dir='ltr'><strong>agere,</strong></span> <span class='ocrx_word' id='word_1_270' title='bbox 1189 1017 1277 1052; x_wconf 90' lang='lat' dir='ltr'><strong>ipsum</strong></span> <span class='ocrx_word' id='word_1_271' title='bbox 1297 1017 1367 1044; x_wconf 89' lang='lat' dir='ltr'><strong>inter</strong></span> <span class='ocrx_word' id='word_1_272' title='bbox 1391 1021 1418 1044; x_wconf 90' lang='lat' dir='ltr'><strong>et</strong></span> <span class='ocrx_word' id='word_1_273' title='bbox 1441 1025 1485 1043; x_wconf 76' lang='lat' dir='ltr'><strong>nte</strong></span> <span class='ocrx_word' id='word_1_274' title='bbox 1511 1017 1661 1051; x_wconf 87' lang='lat' dir='ltr'><strong>quemlibet</strong></span> <span class='ocrx_word' id='word_1_275' title='bbox 1689 1021 1842 1043; x_wconf 86' lang='lat' dir='ltr'><strong>statuamus</strong></span> 
     </span>
    </p>
   </div>
   <div class='ocr_carea' id='block_1_22' title="bbox 230 1059 1844 1097">
    <p class='ocr_par' dir='ltr' id='par_1_22' title="bbox 230 1059 1844 1097">
     <span class='ocr_line' id='line_1_22' title="bbox 230 1059 1844 1097; baseline -0.002 -9"><span class='ocrx_word' id='word_1_276' title='bbox 230 1062 377 1092; x_wconf 74' lang='lat' dir='ltr'><strong>arbitrum,</strong></span> <span class='ocrx_word' id='word_1_277' title='bbox 394 1062 439 1096; x_wconf 87' lang='lat' dir='ltr'><strong>qui</strong></span> <span class='ocrx_word' id='word_1_278' title='bbox 454 1063 486 1088; x_wconf 86' lang='lat' dir='ltr'><strong>de</strong></span> <span class='ocrx_word' id='word_1_279' title='bbox 504 1061 617 1089; x_wconf 86' lang='lat' dir='ltr'><strong>feliciori</strong></span> <span class='ocrx_word' id='word_1_280' title='bbox 637 1068 729 1089; x_wconf 78' lang='lat' dir='ltr'><strong>textus</strong></span> <span class='ocrx_word' id='word_1_281' title='bbox 743 1063 916 1097; x_wconf 79' lang='lat' dir='ltr'><strong>expositione</strong></span> <span class='ocrx_word' id='word_1_282' title='bbox 930 1062 1069 1096; x_wconf 90' lang='lat' dir='ltr'><strong>dijudicet.</strong></span> <span class='ocrx_word' id='word_1_283' title='bbox 1083 1060 1115 1087; x_wconf 87' lang='lat' dir='ltr'><strong>Et</strong></span> <span class='ocrx_word' id='word_1_284' title='bbox 1131 1061 1257 1094; x_wconf 81' lang='lat' dir='ltr'><strong>quamvis</strong></span> <span class='ocrx_word' id='word_1_285' title='bbox 1270 1060 1426 1087; x_wconf 83' lang='lat' dir='ltr'><strong>iuGrctseri</strong></span> <span class='ocrx_word' id='word_1_286' title='bbox 1442 1060 1564 1087; x_wconf 77' lang='lat' dir='ltr'><strong>favorem</strong></span> <span class='ocrx_word' id='word_1_287' title='bbox 1581 1059 1683 1086; x_wconf 80' lang='lat' dir='ltr'><strong>feratur</strong></span> <span class='ocrx_word' id='word_1_288' title='bbox 1696 1059 1844 1090; x_wconf 82' lang='lat' dir='ltr'><strong>sententia.</strong></span> 
     </span>
    </p>
   </div>
   <div class='ocr_carea' id='block_1_23' title="bbox 231 1103 1845 1140">
    <p class='ocr_par' dir='ltr' id='par_1_23' title="bbox 231 1103 1845 1140">
     <span class='ocr_line' id='line_1_23' title="bbox 231 1103 1845 1140; baseline -0.001 -9"><span class='ocrx_word' id='word_1_289' title='bbox 231 1113 283 1132; x_wconf 89' lang='lat' dir='ltr'><strong>non</strong></span> <span class='ocrx_word' id='word_1_290' title='bbox 299 1105 379 1132; x_wconf 88' lang='lat' dir='ltr'><strong>debui</strong></span> <span class='ocrx_word' id='word_1_291' title='bbox 400 1111 556 1140; x_wconf 79' lang='lat' dir='ltr'><strong>perceptum</strong></span> <span class='ocrx_word' id='word_1_292' title='bbox 576 1113 590 1132; x_wconf 84' lang='lat' dir='ltr'><strong>a</strong></span> <span class='ocrx_word' id='word_1_293' title='bbox 607 1113 649 1133; x_wconf 88' lang='lat' dir='ltr'><strong>me</strong></span> <span class='ocrx_word' id='word_1_294' title='bbox 665 1113 763 1133; x_wconf 89' lang='lat' dir='ltr'><strong>novum</strong></span> <span class='ocrx_word' id='word_1_295' title='bbox 777 1113 888 1133; x_wconf 76' lang='lat' dir='ltr'><strong>sensum</strong></span> <span class='ocrx_word' id='word_1_296' title='bbox 906 1106 1125 1140; x_wconf 62' lang='lat' dir='ltr'><strong>praetermittere,</strong></span> <span class='ocrx_word' id='word_1_297' title='bbox 1140 1113 1220 1140; x_wconf 81' lang='lat' dir='ltr'><strong>quem</strong></span> <span class='ocrx_word' id='word_1_298' title='bbox 1237 1105 1285 1139; x_wconf 86' lang='lat' dir='ltr'><strong>qui</strong></span> <span class='ocrx_word' id='word_1_299' title='bbox 1309 1104 1495 1132; x_wconf 84' lang='lat' dir='ltr'><strong>Codinianum</strong></span> <span class='ocrx_word' id='word_1_300' title='bbox 1511 1108 1614 1131; x_wconf 75' lang='lat' dir='ltr'><strong>textum</strong></span> <span class='ocrx_word' id='word_1_301' title='bbox 1631 1103 1727 1138; x_wconf 77' lang='lat' dir='ltr'><strong>legerit</strong></span> <span class='ocrx_word' id='word_1_302' title='bbox 1751 1110 1845 1130; x_wconf 86' lang='lat' dir='ltr'><strong>emen-</strong></span> 
     </span>
    </p>
   </div>
   <div class='ocr_carea' id='block_1_24' title="bbox 231 1149 1290 1184">
    <p class='ocr_par' dir='ltr' id='par_1_24' title="bbox 231 1149 1290 1184">
     <span class='ocr_line' id='line_1_24' title="bbox 231 1149 1290 1184; baseline -0.001 -9"><span class='ocrx_word' id='word_1_303' title='bbox 231 1149 337 1181; x_wconf 85' lang='lat' dir='ltr'><strong>datum,</strong></span> <span class='ocrx_word' id='word_1_304' title='bbox 352 1157 405 1176; x_wconf 91' lang='lat' dir='ltr'><strong>non</strong></span> <span class='ocrx_word' id='word_1_305' title='bbox 422 1149 528 1184; x_wconf 82' lang='lat' dir='ltr'><strong>longius</strong></span> <span class='ocrx_word' id='word_1_306' title='bbox 546 1150 675 1184; x_wconf 83' lang='lat' dir='ltr'><strong>requiret,</strong></span> <span class='ocrx_word' id='word_1_307' title='bbox 688 1157 750 1177; x_wconf 88' lang='lat' dir='ltr'><strong>cum</strong></span> <span class='ocrx_word' id='word_1_308' title='bbox 766 1150 853 1177; x_wconf 89' lang='lat' dir='ltr'><strong>oculis</strong></span> <span class='ocrx_word' id='word_1_309' title='bbox 868 1150 956 1177; x_wconf 82' lang='lat' dir='ltr'><strong>subsit</strong></span> <span class='ocrx_word' id='word_1_310' title='bbox 972 1151 998 1176; x_wconf 95' lang='lat' dir='ltr'><strong>in</strong></span> <span class='ocrx_word' id='word_1_311' title='bbox 1011 1149 1144 1177; x_wconf 87' lang='lat' dir='ltr'><strong>versiuuis</strong></span> <span class='ocrx_word' id='word_1_312' title='bbox 1157 1150 1290 1184; x_wconf 77' lang='lat' dir='ltr'><strong>margine.</strong></span> 
     </span>
    </p>
   </div>
   <div class='ocr_carea' id='block_1_25' title="bbox 268 1189 1849 1227">
    <p class='ocr_par' dir='ltr' id='par_1_25' title="bbox 268 1189 1849 1227">
     <span class='ocr_line' id='line_1_25' title="bbox 268 1189 1849 1227; baseline -0.002 -8"><span class='ocrx_word' id='word_1_313' title='bbox 268 1191 366 1219; x_wconf 74' lang='lat' dir='ltr'><strong>Parnm</strong></span> <span class='ocrx_word' id='word_1_314' title='bbox 383 1200 459 1226; x_wconf 79' lang='lat' dir='ltr'><strong>sane,</strong></span> <span class='ocrx_word' id='word_1_315' title='bbox 479 1193 542 1220; x_wconf 76' lang='lat' dir='ltr'><strong>licet</strong></span> <span class='ocrx_word' id='word_1_316' title='bbox 560 1193 684 1220; x_wconf 87' lang='lat' dir='ltr'><strong>nonnihil</strong></span> <span class='ocrx_word' id='word_1_317' title='bbox 714 1194 869 1227; x_wconf 79' lang='lat' dir='ltr'><strong>splendoris</strong></span> <span class='ocrx_word' id='word_1_318' title='bbox 881 1193 986 1220; x_wconf 76' lang='lat' dir='ltr'><strong>Codino</strong></span> <span class='ocrx_word' id='word_1_319' title='bbox 999 1195 1190 1223; x_wconf 78' lang='lat' dir='ltr'><strong>contulissem.</strong></span> <span class='ocrx_word' id='word_1_320' title='bbox 1215 1194 1238 1220; x_wconf 86' lang='lat' dir='ltr'><strong>si</strong></span> <span class='ocrx_word' id='word_1_321' title='bbox 1258 1194 1285 1220; x_wconf 93' lang='lat' dir='ltr'><strong>in</strong></span> <span class='ocrx_word' id='word_1_322' title='bbox 1300 1193 1358 1221; x_wconf 86' lang='lat' dir='ltr'><strong>solo</strong></span> <span class='ocrx_word' id='word_1_323' title='bbox 1370 1197 1443 1220; x_wconf 78' lang='lat' dir='ltr'><strong>textu</strong></span> <span class='ocrx_word' id='word_1_324' title='bbox 1459 1191 1502 1218; x_wconf 87' lang='lat' dir='ltr'><strong>vel</strong></span> <span class='ocrx_word' id='word_1_325' title='bbox 1518 1191 1577 1224; x_wconf 85' lang='lat' dir='ltr'><strong>ejus</strong></span> <span class='ocrx_word' id='word_1_326' title='bbox 1591 1191 1717 1218; x_wconf 84' lang='lat' dir='ltr'><strong>versione</strong></span> <span class='ocrx_word' id='word_1_327' title='bbox 1738 1189 1849 1217; x_wconf 85' lang='lat' dir='ltr'><strong>restitu—</strong></span> 
     </span>
    </p>
   </div>
   <div class='ocr_carea' id='block_1_26' title="bbox 231 1235 1850 1271">
    <p class='ocr_par' dir='ltr' id='par_1_26' title="bbox 231 1235 1850 1271">
     <span class='ocr_line' id='line_1_26' title="bbox 231 1235 1850 1271; baseline -0.002 -9"><span class='ocrx_word' id='word_1_328' title='bbox 231 1237 301 1262; x_wconf 82' lang='lat' dir='ltr'><strong>enda</strong></span> <span class='ocrx_word' id='word_1_329' title='bbox 321 1241 428 1270; x_wconf 85' lang='lat' dir='ltr'><strong>tempus</strong></span> <span class='ocrx_word' id='word_1_330' title='bbox 442 1236 635 1271; x_wconf 82' lang='lat' dir='ltr'><strong>impendisscm</strong></span> <span class='ocrx_word' id='word_1_331' title='bbox 657 1245 664 1264; x_wconf 92' lang='lat'><strong>:</strong></span> <span class='ocrx_word' id='word_1_332' title='bbox 682 1237 776 1269; x_wconf 78' lang='lat' dir='ltr'><strong>debui,</strong></span> <span class='ocrx_word' id='word_1_333' title='bbox 792 1237 863 1271; x_wconf 88' lang='lat' dir='ltr'><strong>quod</strong></span> <span class='ocrx_word' id='word_1_334' title='bbox 879 1244 969 1270; x_wconf 71' lang='lat' dir='ltr'><strong>operas</strong></span> <span class='ocrx_word' id='word_1_335' title='bbox 984 1239 1099 1271; x_wconf 88' lang='lat' dir='ltr'><strong>pretium</strong></span> <span class='ocrx_word' id='word_1_336' title='bbox 1113 1242 1171 1265; x_wconf 81' lang='lat' dir='ltr'><strong>erat</strong></span> <span class='ocrx_word' id='word_1_337' title='bbox 1182 1241 1208 1265; x_wconf 87' lang='lat' dir='ltr'><strong>et</strong></span> <span class='ocrx_word' id='word_1_338' title='bbox 1225 1237 1317 1271; x_wconf 82' lang='lat' dir='ltr'><strong>operis</strong></span> <span class='ocrx_word' id='word_1_339' title='bbox 1331 1240 1383 1263; x_wconf 88' lang='lat' dir='ltr'><strong>erit</strong></span> <span class='ocrx_word' id='word_1_340' title='bbox 1396 1237 1500 1264; x_wconf 88' lang='lat' dir='ltr'><strong>utilitas</strong></span> <span class='ocrx_word' id='word_1_341' title='bbox 1515 1239 1542 1262; x_wconf 87' lang='lat' dir='ltr'><strong>et</strong></span> <span class='ocrx_word' id='word_1_342' title='bbox 1557 1235 1800 1265; x_wconf 82' lang='lat' dir='ltr'><strong>oblectamentum,</strong></span> <span class='ocrx_word' id='word_1_343' title='bbox 1820 1238 1850 1260; x_wconf 86' lang='lat' dir='ltr'><strong>ut</strong></span> 
     </span>
    </p>
   </div>
   <div class='ocr_carea' id='block_1_27' title="bbox 233 1278 1846 1314">
    <p class='ocr_par' dir='ltr' id='par_1_27' title="bbox 233 1278 1846 1314">
     <span class='ocr_line' id='line_1_27' title="bbox 233 1278 1846 1314; baseline -0.001 -9"><span class='ocrx_word' id='word_1_344' title='bbox 233 1280 338 1314; x_wconf 69' lang='lat' dir='ltr'><strong>ignotos</strong></span> <span class='ocrx_word' id='word_1_345' title='bbox 357 1281 538 1308; x_wconf 86' lang='lat' dir='ltr'><strong>recentiorum</strong></span> <span class='ocrx_word' id='word_1_346' title='bbox 556 1279 714 1308; x_wconf 54' lang='lat' dir='ltr'><strong>Gra‘corum</strong></span> <span class='ocrx_word' id='word_1_347' title='bbox 730 1288 830 1312; x_wconf 85' lang='lat' dir='ltr'><strong>mores,</strong></span> <span class='ocrx_word' id='word_1_348' title='bbox 846 1280 881 1307; x_wconf 85' lang='lat' dir='ltr'><strong>ita</strong></span> <span class='ocrx_word' id='word_1_349' title='bbox 893 1280 1049 1308; x_wconf 66' lang='lat' dir='ltr'><strong>Codiniauae</strong></span> <span class='ocrx_word' id='word_1_350' title='bbox 1065 1281 1193 1309; x_wconf 89' lang='lat' dir='ltr'><strong>dictionis</strong></span> <span class='ocrx_word' id='word_1_351' title='bbox 1208 1281 1350 1308; x_wconf 80' lang='lat' dir='ltr'><strong>abstrusos</strong></span> <span class='ocrx_word' id='word_1_352' title='bbox 1365 1285 1392 1307; x_wconf 85' lang='lat' dir='ltr'><strong>et</strong></span> <span class='ocrx_word' id='word_1_353' title='bbox 1409 1279 1564 1306; x_wconf 88' lang='lat' dir='ltr'><strong>reconditos</strong></span> <span class='ocrx_word' id='word_1_354' title='bbox 1579 1286 1677 1306; x_wconf 86' lang='lat' dir='ltr'><strong>sensus</strong></span> <span class='ocrx_word' id='word_1_355' title='bbox 1695 1278 1846 1310; x_wconf 84' lang='lat' dir='ltr'><strong>elucidarc,</strong></span> 
     </span>
    </p>
   </div>
   <div class='ocr_carea' id='block_1_28' title="bbox 232 1322 1848 1359">
    <p class='ocr_par' dir='ltr' id='par_1_28' title="bbox 232 1322 1848 1359">
     <span class='ocr_line' id='line_1_28' title="bbox 232 1322 1848 1359; baseline -0.001 -10"><span class='ocrx_word' id='word_1_356' title='bbox 232 1324 369 1357; x_wconf 77' lang='lat' dir='ltr'><strong>catalogos</strong></span> <span class='ocrx_word' id='word_1_357' title='bbox 390 1324 424 1350; x_wconf 90' lang='lat' dir='ltr'><strong>de</strong></span> <span class='ocrx_word' id='word_1_358' title='bbox 436 1324 558 1350; x_wconf 69' lang='lat' dir='ltr'><strong>ecclesiae</strong></span> <span class='ocrx_word' id='word_1_359' title='bbox 572 1324 613 1350; x_wconf 60' lang='grc' dir='ltr'><strong>νει</strong></span> <span class='ocrx_word' id='word_1_360' title='bbox 633 1324 723 1358; x_wconf 83' lang='lat' dir='ltr'><strong>palatii</strong></span> <span class='ocrx_word' id='word_1_361' title='bbox 739 1323 906 1350; x_wconf 82' lang='lat' dir='ltr'><strong>Oilicialibus</strong></span> <span class='ocrx_word' id='word_1_362' title='bbox 922 1332 954 1350; x_wconf 77' lang='lat' dir='ltr'><strong>ex</strong></span> <span class='ocrx_word' id='word_1_363' title='bbox 974 1324 1067 1359; x_wconf 54' lang='lat' dir='ltr'><strong>Regia?</strong></span> <span class='ocrx_word' id='word_1_364' title='bbox 1080 1326 1121 1352; x_wconf 73' lang='lat' dir='ltr'><strong>vel</strong></span> <span class='ocrx_word' id='word_1_365' title='bbox 1143 1325 1256 1352; x_wconf 87' lang='lat' dir='ltr'><strong>illustris</strong></span> <span class='ocrx_word' id='word_1_366' title='bbox 1271 1324 1414 1351; x_wconf 69' lang='lat' dir='ltr'><strong>Mazarinae</strong></span> <span class='ocrx_word' id='word_1_367' title='bbox 1435 1323 1606 1351; x_wconf 72' lang='lat' dir='ltr'><strong>bibliotheca:</strong></span> <span class='ocrx_word' id='word_1_368' title='bbox 1620 1322 1762 1349; x_wconf 81' lang='lat' dir='ltr'><strong>codicibus</strong></span> <span class='ocrx_word' id='word_1_369' title='bbox 1777 1329 1848 1348; x_wconf 78' lang='lat' dir='ltr'><strong>mss.</strong></span> 
     </span>
    </p>
   </div>
   <div class='ocr_carea' id='block_1_29' title="bbox 233 1365 1850 1403">
    <p class='ocr_par' dir='ltr' id='par_1_29' title="bbox 233 1365 1850 1403">
     <span class='ocr_line' id='line_1_29' title="bbox 233 1365 1850 1403; baseline -0.001 -10"><span class='ocrx_word' id='word_1_370' title='bbox 233 1368 301 1395; x_wconf 80' lang='lat' dir='ltr'><strong>alios</strong></span> <span class='ocrx_word' id='word_1_371' title='bbox 314 1376 345 1395; x_wconf 83' lang='lat' dir='ltr'><strong>ac</strong></span> <span class='ocrx_word' id='word_1_372' title='bbox 356 1368 470 1395; x_wconf 86' lang='lat' dir='ltr'><strong>omnino</strong></span> <span class='ocrx_word' id='word_1_373' title='bbox 484 1368 605 1395; x_wconf 86' lang='lat' dir='ltr'><strong>diversos</strong></span> <span class='ocrx_word' id='word_1_374' title='bbox 619 1368 750 1402; x_wconf 82' lang='lat' dir='ltr'><strong>proferre,</strong></span> <span class='ocrx_word' id='word_1_375' title='bbox 768 1369 837 1395; x_wconf 87' lang='lat' dir='ltr'><strong>ritus</strong></span> <span class='ocrx_word' id='word_1_376' title='bbox 852 1368 919 1396; x_wconf 73' lang='lat' dir='ltr'><strong>istos</strong></span> <span class='ocrx_word' id='word_1_377' title='bbox 936 1369 1012 1395; x_wconf 81' lang='lat' dir='ltr'><strong>velut</strong></span> <span class='ocrx_word' id='word_1_378' title='bbox 1029 1369 1135 1403; x_wconf 78' lang='lat' dir='ltr'><strong>regulas</strong></span> <span class='ocrx_word' id='word_1_379' title='bbox 1153 1368 1232 1395; x_wconf 79' lang='lat' dir='ltr'><strong>factis</strong></span> <span class='ocrx_word' id='word_1_380' title='bbox 1247 1373 1274 1395; x_wconf 89' lang='lat' dir='ltr'><strong>et</strong></span> <span class='ocrx_word' id='word_1_381' title='bbox 1288 1367 1418 1402; x_wconf 81' lang='lat' dir='ltr'><strong>exentplis</strong></span> <span class='ocrx_word' id='word_1_382' title='bbox 1432 1367 1606 1398; x_wconf 80' lang='lat' dir='ltr'><strong>conﬁrmare,</strong></span> <span class='ocrx_word' id='word_1_383' title='bbox 1627 1366 1660 1393; x_wconf 88' lang='lat' dir='ltr'><strong>de</strong></span> <span class='ocrx_word' id='word_1_384' title='bbox 1674 1373 1734 1392; x_wconf 88' lang='lat' dir='ltr'><strong>meo</strong></span> <span class='ocrx_word' id='word_1_385' title='bbox 1746 1365 1850 1392; x_wconf 84' lang='lat' dir='ltr'><strong>referre</strong></span> 
     </span>
    </p>
   </div>
   <div class='ocr_carea' id='block_1_30' title="bbox 233 1409 1850 1446">
    <p class='ocr_par' dir='ltr' id='par_1_30' title="bbox 233 1409 1850 1446">
     <span class='ocr_line' id='line_1_30' title="bbox 233 1409 1850 1446; baseline -0.001 -10"><span class='ocrx_word' id='word_1_386' title='bbox 233 1419 317 1444; x_wconf 84' lang='lat' dir='ltr'><strong>pauca</strong></span> <span class='ocrx_word' id='word_1_387' title='bbox 333 1411 375 1437; x_wconf 68' lang='lat' dir='ltr'><strong>vel</strong></span> <span class='ocrx_word' id='word_1_388' title='bbox 389 1411 473 1437; x_wconf 84' lang='lat' dir='ltr'><strong>ferme</strong></span> <span class='ocrx_word' id='word_1_389' title='bbox 486 1411 564 1442; x_wconf 84' lang='lat' dir='ltr'><strong>nihil.</strong></span> <span class='ocrx_word' id='word_1_390' title='bbox 575 1419 589 1437; x_wconf 89' lang='lat' dir='ltr'><strong>a</strong></span> <span class='ocrx_word' id='word_1_391' title='bbox 607 1419 648 1437; x_wconf 91' lang='lat' dir='ltr'><strong>me</strong></span> <span class='ocrx_word' id='word_1_392' title='bbox 661 1411 745 1438; x_wconf 85' lang='lat' dir='ltr'><strong>relata</strong></span> <span class='ocrx_word' id='word_1_393' title='bbox 763 1417 860 1439; x_wconf 89' lang='lat' dir='ltr'><strong>cuncta</strong></span> <span class='ocrx_word' id='word_1_394' title='bbox 875 1412 917 1438; x_wconf 88' lang='lat' dir='ltr'><strong>vel</strong></span> <span class='ocrx_word' id='word_1_395' title='bbox 930 1411 1032 1440; x_wconf 62' lang='lat' dir='ltr'><strong>Graecis</strong></span> <span class='ocrx_word' id='word_1_396' title='bbox 1049 1412 1230 1446; x_wconf 84' lang='lat' dir='ltr'><strong>scriptoribus</strong></span> <span class='ocrx_word' id='word_1_397' title='bbox 1257 1411 1298 1438; x_wconf 93' lang='lat' dir='ltr'><strong>vel</strong></span> <span class='ocrx_word' id='word_1_398' title='bbox 1312 1411 1345 1438; x_wconf 87' lang='lat' dir='ltr'><strong>iis</strong></span> <span class='ocrx_word' id='word_1_399' title='bbox 1361 1411 1409 1445; x_wconf 85' lang='lat' dir='ltr'><strong>qui</strong></span> <span class='ocrx_word' id='word_1_400' title='bbox 1427 1411 1486 1437; x_wconf 80' lang='lat' dir='ltr'><strong>viva</strong></span> <span class='ocrx_word' id='word_1_401' title='bbox 1505 1417 1571 1437; x_wconf 85' lang='lat' dir='ltr'><strong>voce</strong></span> <span class='ocrx_word' id='word_1_402' title='bbox 1591 1410 1745 1436; x_wconf 74' lang='lat' dir='ltr'><strong>doeuerunt</strong></span> <span class='ocrx_word' id='word_1_403' title='bbox 1762 1409 1850 1436; x_wconf 85' lang='lat' dir='ltr'><strong>ascri-</strong></span> 
     </span>
    </p>
   </div>
   <div class='ocr_carea' id='block_1_31' title="bbox 234 1451 1850 1491">
    <p class='ocr_par' dir='ltr' id='par_1_31' title="bbox 234 1451 1850 1491">
     <span class='ocr_line' id='line_1_31' title="bbox 234 1451 1850 1491; baseline -0.002 -10"><span class='ocrx_word' id='word_1_404' title='bbox 234 1456 310 1482; x_wconf 85' lang='lat' dir='ltr'><strong>bere.</strong></span> <span class='ocrx_word' id='word_1_405' title='bbox 327 1455 430 1488; x_wconf 85' lang='lat' dir='ltr'><strong>Quodsi</strong></span> <span class='ocrx_word' id='word_1_406' title='bbox 451 1455 517 1482; x_wconf 91' lang='lat' dir='ltr'><strong>mibi</strong></span> <span class='ocrx_word' id='word_1_407' title='bbox 535 1455 613 1482; x_wconf 85' lang='lat' dir='ltr'><strong>fidem</strong></span> <span class='ocrx_word' id='word_1_408' title='bbox 630 1462 683 1482; x_wconf 85' lang='lat' dir='ltr'><strong>non</strong></span> <span class='ocrx_word' id='word_1_409' title='bbox 700 1455 782 1483; x_wconf 88' lang='lat' dir='ltr'><strong>faciat</strong></span> <span class='ocrx_word' id='word_1_410' title='bbox 799 1464 859 1491; x_wconf 67' lang='lat' dir='ltr'><strong>qua:</strong></span> <span class='ocrx_word' id='word_1_411' title='bbox 875 1457 926 1484; x_wconf 79' lang='lat' dir='ltr'><strong>ﬁde</strong></span> <span class='ocrx_word' id='word_1_412' title='bbox 953 1457 1077 1483; x_wconf 82' lang='lat' dir='ltr'><strong>laborare</strong></span> <span class='ocrx_word' id='word_1_413' title='bbox 1091 1455 1195 1483; x_wconf 70' lang='lat' dir='ltr'><strong>Grzecia</strong></span> <span class='ocrx_word' id='word_1_414' title='bbox 1212 1454 1397 1490; x_wconf 69' lang='lat' dir='ltr'><strong>praesumitur,</strong></span> <span class='ocrx_word' id='word_1_415' title='bbox 1412 1455 1435 1481; x_wconf 89' lang='lat' dir='ltr'><strong>si</strong></span> <span class='ocrx_word' id='word_1_416' title='bbox 1447 1461 1538 1480; x_wconf 88' lang='lat' dir='ltr'><strong>meum</strong></span> <span class='ocrx_word' id='word_1_417' title='bbox 1555 1453 1745 1480; x_wconf 88' lang='lat' dir='ltr'><strong>testimonium</strong></span> <span class='ocrx_word' id='word_1_418' title='bbox 1760 1451 1786 1478; x_wconf 93' lang='lat' dir='ltr'><strong>in</strong></span> <span class='ocrx_word' id='word_1_419' title='bbox 1803 1459 1850 1479; x_wconf 88' lang='lat' dir='ltr'><strong>su-</strong></span> 
     </span>
    </p>
   </div>
   <div class='ocr_carea' id='block_1_32' title="bbox 233 1496 1848 1534">
    <p class='ocr_par' dir='ltr' id='par_1_32' title="bbox 233 1496 1848 1534">
     <span class='ocr_line' id='line_1_32' title="bbox 233 1496 1848 1534; baseline -0.002 -8"><span class='ocrx_word' id='word_1_420' title='bbox 233 1499 382 1534; x_wconf 74' lang='lat' dir='ltr'><strong>spicionem</strong></span> <span class='ocrx_word' id='word_1_421' title='bbox 400 1500 498 1530; x_wconf 80' lang='lat' dir='ltr'><strong>veniat,</strong></span> <span class='ocrx_word' id='word_1_422' title='bbox 515 1499 560 1534; x_wconf 88' lang='lat' dir='ltr'><strong>qui</strong></span> <span class='ocrx_word' id='word_1_423' title='bbox 577 1500 633 1526; x_wconf 77' lang='lat' dir='ltr'><strong>fieri</strong></span> <span class='ocrx_word' id='word_1_424' title='bbox 647 1504 736 1534; x_wconf 86' lang='lat' dir='ltr'><strong>potest</strong></span> <span class='ocrx_word' id='word_1_425' title='bbox 751 1505 779 1528; x_wconf 93' lang='lat' dir='ltr'><strong>ut</strong></span> <span class='ocrx_word' id='word_1_426' title='bbox 791 1505 845 1527; x_wconf 87' lang='lat' dir='ltr'><strong>tam</strong></span> <span class='ocrx_word' id='word_1_427' title='bbox 859 1501 934 1528; x_wconf 90' lang='lat' dir='ltr'><strong>multi</strong></span> <span class='ocrx_word' id='word_1_428' title='bbox 952 1505 1078 1528; x_wconf 86' lang='lat' dir='ltr'><strong>auctores</strong></span> <span class='ocrx_word' id='word_1_429' title='bbox 1091 1499 1117 1526; x_wconf 91' lang='lat' dir='ltr'><strong>in</strong></span> <span class='ocrx_word' id='word_1_430' title='bbox 1136 1499 1208 1526; x_wconf 87' lang='lat' dir='ltr'><strong>notis</strong></span> <span class='ocrx_word' id='word_1_431' title='bbox 1220 1498 1253 1525; x_wconf 82' lang='lat' dir='ltr'><strong>ad</strong></span> <span class='ocrx_word' id='word_1_432' title='bbox 1269 1497 1376 1533; x_wconf 78' lang='lat' dir='ltr'><strong>singula</strong></span> <span class='ocrx_word' id='word_1_433' title='bbox 1392 1497 1480 1532; x_wconf 87' lang='lat' dir='ltr'><strong>capita</strong></span> <span class='ocrx_word' id='word_1_434' title='bbox 1492 1497 1607 1532; x_wconf 85' lang='lat' dir='ltr'><strong>adjectis</strong></span> <span class='ocrx_word' id='word_1_435' title='bbox 1618 1496 1778 1524; x_wconf 84' lang='lat' dir='ltr'><strong>catervatim</strong></span> <span class='ocrx_word' id='word_1_436' title='bbox 1789 1503 1848 1530; x_wconf 77' lang='lat' dir='ltr'><strong>pro-</strong></span> 
     </span>
    </p>
   </div>
   <div class='ocr_carea' id='block_1_33' title="bbox 234 1542 1314 1579">
    <p class='ocr_par' dir='ltr' id='par_1_33' title="bbox 234 1542 1314 1579">
     <span class='ocr_line' id='line_1_33' title="bbox 234 1542 1314 1579; baseline -0.001 -8"><span class='ocrx_word' id='word_1_437' title='bbox 234 1545 279 1571; x_wconf 88' lang='lat' dir='ltr'><strong>lati</strong></span> <span class='ocrx_word' id='word_1_438' title='bbox 298 1544 350 1571; x_wconf 85' lang='lat' dir='ltr'><strong>llde</strong></span> <span class='ocrx_word' id='word_1_439' title='bbox 363 1549 469 1575; x_wconf 80' lang='lat' dir='ltr'><strong>vacent,</strong></span> <span class='ocrx_word' id='word_1_440' title='bbox 485 1548 532 1570; x_wconf 86' lang='lat' dir='ltr'><strong>aut</strong></span> <span class='ocrx_word' id='word_1_441' title='bbox 549 1544 612 1578; x_wconf 81' lang='lat' dir='ltr'><strong>quis</strong></span> <span class='ocrx_word' id='word_1_442' title='bbox 628 1551 721 1570; x_wconf 87' lang='lat' dir='ltr'><strong>eorum</strong></span> <span class='ocrx_word' id='word_1_443' title='bbox 740 1544 867 1579; x_wconf 67' lang='lat' dir='ltr'><strong>suffragia</strong></span> <span class='ocrx_word' id='word_1_444' title='bbox 884 1545 1002 1572; x_wconf 85' lang='lat' dir='ltr'><strong>voluerit</strong></span> <span class='ocrx_word' id='word_1_445' title='bbox 1016 1544 1044 1571; x_wconf 91' lang='lat' dir='ltr'><strong>in</strong></span> <span class='ocrx_word' id='word_1_446' title='bbox 1060 1543 1173 1570; x_wconf 85' lang='lat' dir='ltr'><strong>dubium</strong></span> <span class='ocrx_word' id='word_1_447' title='bbox 1188 1550 1287 1570; x_wconf 85' lang='lat' dir='ltr'><strong>vocare</strong></span> <span class='ocrx_word' id='word_1_448' title='bbox 1300 1542 1314 1569; x_wconf 66' lang='grc' dir='ltr'><strong><em>Ῥ</em></strong></span> 
     </span>
    </p>
   </div>
   <div class='ocr_carea' id='block_1_34' title="bbox 269 1585 1847 1624">
    <p class='ocr_par' dir='ltr' id='par_1_34' title="bbox 269 1585 1847 1624">
     <span class='ocr_line' id='line_1_34' title="bbox 269 1585 1847 1624; baseline -0.003 -9"><span class='ocrx_word' id='word_1_449' title='bbox 269 1587 361 1615; x_wconf 81' lang='lat' dir='ltr'><strong>Unum</strong></span> <span class='ocrx_word' id='word_1_450' title='bbox 378 1591 462 1614; x_wconf 86' lang='lat' dir='ltr'><strong>restat</strong></span> <span class='ocrx_word' id='word_1_451' title='bbox 477 1587 548 1622; x_wconf 89' lang='lat' dir='ltr'><strong>quod</strong></span> <span class='ocrx_word' id='word_1_452' title='bbox 564 1594 702 1620; x_wconf 85' lang='lat' dir='ltr'><strong>moneam,</strong></span> <span class='ocrx_word' id='word_1_453' title='bbox 718 1588 835 1622; x_wconf 90' lang='lat' dir='ltr'><strong>primum</strong></span> <span class='ocrx_word' id='word_1_454' title='bbox 850 1593 930 1624; x_wconf 80' lang='lat' dir='ltr'><strong>caput</strong></span> <span class='ocrx_word' id='word_1_455' title='bbox 944 1589 977 1616; x_wconf 88' lang='lat' dir='ltr'><strong>de</strong></span> <span class='ocrx_word' id='word_1_456' title='bbox 987 1587 1154 1616; x_wconf 74' lang='lat' dir='ltr'><strong>Ollicialilms</strong></span> <span class='ocrx_word' id='word_1_457' title='bbox 1166 1588 1268 1622; x_wconf 75' lang='lat' dir='ltr'><strong>Magna:</strong></span> <span class='ocrx_word' id='word_1_458' title='bbox 1281 1587 1404 1615; x_wconf 67' lang='lat' dir='ltr'><strong>ecclesia:</strong></span> <span class='ocrx_word' id='word_1_459' title='bbox 1419 1595 1472 1614; x_wconf 94' lang='lat' dir='ltr'><strong>non</strong></span> <span class='ocrx_word' id='word_1_460' title='bbox 1487 1587 1552 1614; x_wconf 86' lang='lat' dir='ltr'><strong>mihi</strong></span> <span class='ocrx_word' id='word_1_461' title='bbox 1567 1586 1652 1613; x_wconf 84' lang='lat' dir='ltr'><strong>videri</strong></span> <span class='ocrx_word' id='word_1_462' title='bbox 1666 1585 1777 1613; x_wconf 88' lang='lat' dir='ltr'><strong>Codini.</strong></span> <span class='ocrx_word' id='word_1_463' title='bbox 1794 1585 1847 1611; x_wconf 85' lang='lat' dir='ltr'><strong>Cu-</strong></span> 
     </span>
    </p>
   </div>
   <div class='ocr_carea' id='block_1_35' title="bbox 231 1628 1846 1667">
    <p class='ocr_par' dir='ltr' id='par_1_35' title="bbox 231 1628 1846 1667">
     <span class='ocr_line' id='line_1_35' title="bbox 231 1628 1846 1667; baseline -0.003 -8"><span class='ocrx_word' id='word_1_464' title='bbox 231 1633 278 1666; x_wconf 87' lang='lat' dir='ltr'><strong>jus</strong></span> <span class='ocrx_word' id='word_1_465' title='bbox 292 1631 434 1658; x_wconf 68' lang='lat' dir='ltr'><strong>sententiae</strong></span> <span class='ocrx_word' id='word_1_466' title='bbox 451 1632 585 1657; x_wconf 86' lang='lat' dir='ltr'><strong>rationem</strong></span> <span class='ocrx_word' id='word_1_467' title='bbox 598 1631 746 1667; x_wconf 77' lang='lat' dir='ltr'><strong>subiungo,</strong></span> <span class='ocrx_word' id='word_1_468' title='bbox 766 1631 894 1659; x_wconf 86' lang='lat' dir='ltr'><strong>nimirum</strong></span> <span class='ocrx_word' id='word_1_469' title='bbox 912 1633 1065 1667; x_wconf 68' lang='lat' dir='ltr'><strong>catalogum</strong></span> <span class='ocrx_word' id='word_1_470' title='bbox 1080 1633 1107 1659; x_wconf 91' lang='lat' dir='ltr'><strong>in</strong></span> <span class='ocrx_word' id='word_1_471' title='bbox 1120 1639 1177 1667; x_wconf 87' lang='lat' dir='ltr'><strong>quo</strong></span> <span class='ocrx_word' id='word_1_472' title='bbox 1187 1631 1345 1658; x_wconf 84' lang='lat' dir='ltr'><strong>ofticialium</strong></span> <span class='ocrx_word' id='word_1_473' title='bbox 1365 1631 1475 1658; x_wconf 88' lang='lat' dir='ltr'><strong>nomina</strong></span> <span class='ocrx_word' id='word_1_474' title='bbox 1494 1634 1684 1660; x_wconf 70' lang='lat' dir='ltr'><strong>receuswtur,</strong></span> <span class='ocrx_word' id='word_1_475' title='bbox 1701 1637 1717 1655; x_wconf 83' lang='lat' dir='ltr'><strong>a</strong></span> <span class='ocrx_word' id='word_1_476' title='bbox 1732 1628 1846 1663; x_wconf 82' lang='lat' dir='ltr'><strong>reliquis</strong></span> 
     </span>
    </p>
   </div>
   <div class='ocr_carea' id='block_1_36' title="bbox 235 1673 1849 1711">
    <p class='ocr_par' dir='ltr' id='par_1_36' title="bbox 235 1673 1849 1711">
     <span class='ocr_line' id='line_1_36' title="bbox 235 1673 1849 1711; baseline -0.002 -9"><span class='ocrx_word' id='word_1_477' title='bbox 235 1675 331 1702; x_wconf 75' lang='lat' dir='ltr'><strong>Codiui</strong></span> <span class='ocrx_word' id='word_1_478' title='bbox 347 1674 482 1709; x_wconf 82' lang='lat' dir='ltr'><strong>capitibus</strong></span> <span class='ocrx_word' id='word_1_479' title='bbox 497 1675 596 1708; x_wconf 68' lang='lat' dir='ltr'><strong>szepius</strong></span> <span class='ocrx_word' id='word_1_480' title='bbox 606 1674 632 1701; x_wconf 91' lang='lat' dir='ltr'><strong>in</strong></span> <span class='ocrx_word' id='word_1_481' title='bbox 642 1674 741 1708; x_wconf 58' lang='lat' dir='ltr'><strong>“Regiis</strong></span> <span class='ocrx_word' id='word_1_482' title='bbox 754 1683 820 1703; x_wconf 89' lang='lat' dir='ltr'><strong>mss.</strong></span> <span class='ocrx_word' id='word_1_483' title='bbox 834 1675 995 1703; x_wconf 83' lang='lat' dir='ltr'><strong>distinctum</strong></span> <span class='ocrx_word' id='word_1_484' title='bbox 1008 1676 1133 1711; x_wconf 88' lang='lat' dir='ltr'><strong>reperiri.</strong></span> <span class='ocrx_word' id='word_1_485' title='bbox 1146 1675 1178 1702; x_wconf 91' lang='lat' dir='ltr'><strong>Et</strong></span> <span class='ocrx_word' id='word_1_486' title='bbox 1195 1675 1331 1709; x_wconf 74' lang='lat' dir='ltr'><strong>integrum</strong></span> <span class='ocrx_word' id='word_1_487' title='bbox 1348 1681 1417 1708; x_wconf 91' lang='lat' dir='ltr'><strong>opus</strong></span> <span class='ocrx_word' id='word_1_488' title='bbox 1432 1674 1536 1708; x_wconf 85' lang='lat' dir='ltr'><strong>absque</strong></span> <span class='ocrx_word' id='word_1_489' title='bbox 1550 1673 1674 1706; x_wconf 72' lang='lat' dir='ltr'><strong>catalogo</strong></span> <span class='ocrx_word' id='word_1_490' title='bbox 1697 1673 1724 1698; x_wconf 91' lang='lat' dir='ltr'><strong>in</strong></span> <span class='ocrx_word' id='word_1_491' title='bbox 1738 1679 1786 1699; x_wconf 90' lang='lat' dir='ltr'><strong>sua</strong></span> <span class='ocrx_word' id='word_1_492' title='bbox 1804 1678 1849 1698; x_wconf 86' lang='lat' dir='ltr'><strong>re-</strong></span> 
     </span>
    </p>
   </div>
   <div class='ocr_carea' id='block_1_37' title="bbox 236 1715 1850 1755">
    <p class='ocr_par' dir='ltr' id='par_1_37' title="bbox 236 1715 1850 1755">
     <span class='ocr_line' id='line_1_37' title="bbox 236 1715 1850 1755; baseline -0.001 -11"><span class='ocrx_word' id='word_1_493' title='bbox 236 1723 280 1746; x_wconf 80' lang='lat' dir='ltr'><strong>cto</strong></span> <span class='ocrx_word' id='word_1_494' title='bbox 295 1717 390 1745; x_wconf 88' lang='lat' dir='ltr'><strong>ordine</strong></span> <span class='ocrx_word' id='word_1_495' title='bbox 405 1718 494 1752; x_wconf 88' lang='lat' dir='ltr'><strong>capita</strong></span> <span class='ocrx_word' id='word_1_496' title='bbox 522 1717 613 1744; x_wconf 85' lang='lat' dir='ltr'><strong>videre</strong></span> <span class='ocrx_word' id='word_1_497' title='bbox 629 1722 670 1744; x_wconf 90' lang='lat' dir='ltr'><strong>est</strong></span> <span class='ocrx_word' id='word_1_498' title='bbox 685 1718 861 1745; x_wconf 89' lang='lat' dir='ltr'><strong>distributum</strong></span> <span class='ocrx_word' id='word_1_499' title='bbox 875 1727 882 1751; x_wconf 83' lang='lat'><strong><em>;</em></strong></span> <span class='ocrx_word' id='word_1_500' title='bbox 899 1719 972 1753; x_wconf 83' lang='lat' dir='ltr'><strong>quod</strong></span> <span class='ocrx_word' id='word_1_501' title='bbox 991 1725 1018 1746; x_wconf 86' lang='lat' dir='ltr'><strong>et</strong></span> <span class='ocrx_word' id='word_1_502' title='bbox 1039 1720 1090 1755; x_wconf 81' lang='lat' dir='ltr'><strong>ipsi</strong></span> <span class='ocrx_word' id='word_1_503' title='bbox 1109 1719 1210 1754; x_wconf 85' lang='lat' dir='ltr'><strong>quibus</strong></span> <span class='ocrx_word' id='word_1_504' title='bbox 1227 1726 1293 1746; x_wconf 88' lang='lat' dir='ltr'><strong>usus</strong></span> <span class='ocrx_word' id='word_1_505' title='bbox 1311 1723 1355 1745; x_wconf 74' lang='lat' dir='ltr'><strong>est</strong></span> <span class='ocrx_word' id='word_1_506' title='bbox 1371 1717 1516 1745; x_wconf 84' lang='lat' dir='ltr'><strong>Gretserus</strong></span> <span class='ocrx_word' id='word_1_507' title='bbox 1531 1717 1714 1751; x_wconf 84' lang='lat' dir='ltr'><strong>comprobant</strong></span> <span class='ocrx_word' id='word_1_508' title='bbox 1730 1715 1850 1743; x_wconf 82' lang='lat' dir='ltr'><strong>codices.</strong></span> 
     </span>
    </p>
   </div>
   <div class='ocr_carea' id='block_1_38' title="bbox 236 1758 1851 1797">
    <p class='ocr_par' dir='ltr' id='par_1_38' title="bbox 236 1758 1851 1797">
     <span class='ocr_line' id='line_1_38' title="bbox 236 1758 1851 1797; baseline 0 -12"><span class='ocrx_word' id='word_1_509' title='bbox 236 1761 302 1785; x_wconf 74' lang='lat' dir='ltr'><strong>Cum</strong></span> <span class='ocrx_word' id='word_1_510' title='bbox 319 1764 409 1786; x_wconf 88' lang='lat' dir='ltr'><strong>tamen</strong></span> <span class='ocrx_word' id='word_1_511' title='bbox 430 1759 456 1786; x_wconf 89' lang='lat' dir='ltr'><strong>in</strong></span> <span class='ocrx_word' id='word_1_512' title='bbox 475 1759 608 1786; x_wconf 89' lang='lat' dir='ltr'><strong>Codiuum</strong></span> <span class='ocrx_word' id='word_1_513' title='bbox 624 1760 784 1794; x_wconf 88' lang='lat' dir='ltr'><strong>scriptorem</strong></span> <span class='ocrx_word' id='word_1_514' title='bbox 803 1759 926 1795; x_wconf 88' lang='lat' dir='ltr'><strong>plerique</strong></span> <span class='ocrx_word' id='word_1_515' title='bbox 939 1760 1069 1793; x_wconf 76' lang='lat' dir='ltr'><strong>referant,</strong></span> <span class='ocrx_word' id='word_1_516' title='bbox 1087 1764 1151 1797; x_wconf 78' lang='lat' dir='ltr'><strong>quin</strong></span> <span class='ocrx_word' id='word_1_517' title='bbox 1164 1762 1297 1789; x_wconf 84' lang='lat' dir='ltr'><strong>Codiuum</strong></span> <span class='ocrx_word' id='word_1_518' title='bbox 1311 1766 1441 1797; x_wconf 76' lang='lat' dir='ltr'><strong>agnoscat</strong></span> <span class='ocrx_word' id='word_1_519' title='bbox 1455 1765 1597 1795; x_wconf 83' lang='lat' dir='ltr'><strong>parentem</strong></span> <span class='ocrx_word' id='word_1_520' title='bbox 1611 1767 1664 1786; x_wconf 88' lang='lat' dir='ltr'><strong>non</strong></span> <span class='ocrx_word' id='word_1_521' title='bbox 1676 1759 1783 1786; x_wconf 87' lang='lat' dir='ltr'><strong>invideo</strong></span> <span class='ocrx_word' id='word_1_522' title='bbox 1801 1758 1851 1793; x_wconf 78' lang='lat'><strong>(5).</strong></span> 
     </span>
    </p>
   </div>
   <div class='ocr_carea' id='block_1_39' title="bbox 237 1802 1852 1839">
    <p class='ocr_par' dir='ltr' id='par_1_39' title="bbox 237 1802 1852 1839">
     <span class='ocr_line' id='line_1_39' title="bbox 237 1802 1852 1839; baseline -0.001 -10"><span class='ocrx_word' id='word_1_523' title='bbox 237 1802 385 1836; x_wconf 79' lang='lat' dir='ltr'><strong>Aliosipso</strong></span> <span class='ocrx_word' id='word_1_524' title='bbox 403 1803 551 1838; x_wconf 76' lang='lat' dir='ltr'><strong>ampliores</strong></span> <span class='ocrx_word' id='word_1_525' title='bbox 570 1804 640 1829; x_wconf 84' lang='lat' dir='ltr'><strong>inter</strong></span> <span class='ocrx_word' id='word_1_526' title='bbox 656 1808 735 1830; x_wconf 65' lang='lat' dir='ltr'><strong>notas</strong></span> <span class='ocrx_word' id='word_1_527' title='bbox 754 1803 882 1838; x_wconf 73' lang='lat' dir='ltr'><strong>adjuugo.</strong></span> <span class='ocrx_word' id='word_1_528' title='bbox 901 1803 976 1839; x_wconf 85' lang='lat' dir='ltr'><strong>lpsas</strong></span> <span class='ocrx_word' id='word_1_529' title='bbox 988 1805 1070 1832; x_wconf 84' lang='lat' dir='ltr'><strong>etiam</strong></span> <span class='ocrx_word' id='word_1_530' title='bbox 1093 1810 1172 1831; x_wconf 84' lang='lat' dir='ltr'><strong>notas</strong></span> <span class='ocrx_word' id='word_1_531' title='bbox 1198 1804 1320 1838; x_wconf 87' lang='lat' dir='ltr'><strong>utrisque</strong></span> <span class='ocrx_word' id='word_1_532' title='bbox 1337 1811 1368 1830; x_wconf 75' lang='lat' dir='ltr'><strong>ac</strong></span> <span class='ocrx_word' id='word_1_533' title='bbox 1385 1804 1432 1831; x_wconf 91' lang='lat' dir='ltr'><strong>toti</strong></span> <span class='ocrx_word' id='word_1_534' title='bbox 1459 1803 1556 1830; x_wconf 87' lang='lat' dir='ltr'><strong>Codiui</strong></span> <span class='ocrx_word' id='word_1_535' title='bbox 1571 1803 1647 1837; x_wconf 89' lang='lat' dir='ltr'><strong>operi</strong></span> <span class='ocrx_word' id='word_1_536' title='bbox 1661 1802 1734 1828; x_wconf 81' lang='lat' dir='ltr'><strong>volui</strong></span> <span class='ocrx_word' id='word_1_537' title='bbox 1750 1808 1852 1828; x_wconf 85' lang='lat' dir='ltr'><strong>conne-</strong></span> 
     </span>
    </p>
   </div>
   <div class='ocr_carea' id='block_1_40' title="bbox 238 1847 1848 1890">
    <p class='ocr_par' dir='ltr' id='par_1_40' title="bbox 238 1847 1848 1890">
     <span class='ocr_line' id='line_1_40' title="bbox 238 1847 1848 1890; baseline -0.001 -17"><span class='ocrx_word' id='word_1_538' title='bbox 238 1854 298 1878; x_wconf 75' lang='lat' dir='ltr'><strong>xas,</strong></span> <span class='ocrx_word' id='word_1_539' title='bbox 313 1851 340 1873; x_wconf 92' lang='lat' dir='ltr'><strong>ut</strong></span> <span class='ocrx_word' id='word_1_540' title='bbox 355 1847 476 1874; x_wconf 85' lang='lat' dir='ltr'><strong>auctoris</strong></span> <span class='ocrx_word' id='word_1_541' title='bbox 493 1847 630 1873; x_wconf 82' lang='lat' dir='ltr'><strong>arridente</strong></span> <span class='ocrx_word' id='word_1_542' title='bbox 647 1851 718 1874; x_wconf 84' lang='lat' dir='ltr'><strong>textu</strong></span> <span class='ocrx_word' id='word_1_543' title='bbox 737 1847 796 1890; x_wconf 69' lang='lat' dir='ltr'><strong>ejus</strong></span> <span class='ocrx_word' id='word_1_544' title='bbox 811 1848 945 1882; x_wconf 77' lang='lat' dir='ltr'><strong>expositio</strong></span> <span class='ocrx_word' id='word_1_545' title='bbox 969 1848 1069 1876; x_wconf 81' lang='lat' dir='ltr'><strong>nullam</strong></span> <span class='ocrx_word' id='word_1_546' title='bbox 1087 1850 1135 1876; x_wconf 90' lang='lat' dir='ltr'><strong>tibi</strong></span> <span class='ocrx_word' id='word_1_547' title='bbox 1155 1849 1290 1883; x_wconf 86' lang='lat' dir='ltr'><strong>relinquat</strong></span> <span class='ocrx_word' id='word_1_548' title='bbox 1308 1849 1398 1876; x_wconf 81' lang='lat' dir='ltr'><strong>animo</strong></span> <span class='ocrx_word' id='word_1_549' title='bbox 1411 1848 1587 1876; x_wconf 75' lang='lat' dir='ltr'><strong>dubietatem.</strong></span> <span class='ocrx_word' id='word_1_550' title='bbox 1603 1847 1738 1875; x_wconf 87' lang='lat' dir='ltr'><strong>Codiuum</strong></span> <span class='ocrx_word' id='word_1_551' title='bbox 1764 1847 1848 1881; x_wconf 55' lang='lat' dir='ltr'><strong>igitur</strong></span> 
     </span>
    </p>
   </div>
   <div class='ocr_carea' id='block_1_41' title="bbox 238 1890 1270 1926">
    <p class='ocr_par' dir='ltr' id='par_1_41' title="bbox 238 1890 1270 1926">
     <span class='ocr_line' id='line_1_41' title="bbox 238 1890 1270 1926; baseline 0.003 -10"><span class='ocrx_word' id='word_1_552' title='bbox 238 1890 342 1925; x_wconf 81' lang='lat' dir='ltr'><strong>plenius</strong></span> <span class='ocrx_word' id='word_1_553' title='bbox 355 1898 386 1917; x_wconf 85' lang='lat' dir='ltr'><strong>ac</strong></span> <span class='ocrx_word' id='word_1_554' title='bbox 402 1891 506 1925; x_wconf 81' lang='lat' dir='ltr'><strong>integre</strong></span> <span class='ocrx_word' id='word_1_555' title='bbox 522 1891 608 1926; x_wconf 78' lang='lat' dir='ltr'><strong>magis</strong></span> <span class='ocrx_word' id='word_1_556' title='bbox 629 1891 803 1926; x_wconf 78' lang='lat' dir='ltr'><strong>explanatum</strong></span> <span class='ocrx_word' id='word_1_557' title='bbox 822 1892 944 1926; x_wconf 85' lang='lat' dir='ltr'><strong>suspice,</strong></span> <span class='ocrx_word' id='word_1_558' title='bbox 960 1897 986 1919; x_wconf 89' lang='lat' dir='ltr'><strong>ct</strong></span> <span class='ocrx_word' id='word_1_559' title='bbox 1003 1892 1180 1920; x_wconf 64' lang='lat' dir='ltr'><strong>intenerrime</strong></span> <span class='ocrx_word' id='word_1_560' title='bbox 1201 1893 1270 1920; x_wconf 84' lang='lat' dir='ltr'><strong>vale.</strong></span> 
     </span>
    </p>
   </div>
   <div class='ocr_carea' id='block_1_42' title="bbox 275 1980 471 2015">
    <p class='ocr_par' dir='ltr' id='par_1_42' title="bbox 275 1980 471 2015">
     <span class='ocr_line' id='line_1_42' title="bbox 275 1980 471 2015; baseline 0 -9"><span class='ocrx_word' id='word_1_561' title='bbox 275 1980 312 2015; x_wconf 87' lang='grc' dir='ltr'><strong>(Ι)</strong></span> <span class='ocrx_word' id='word_1_562' title='bbox 331 1980 406 2007; x_wconf 77' lang='lat' dir='ltr'><strong>Nunc</strong></span> <span class='ocrx_word' id='word_1_563' title='bbox 417 1980 471 2008; x_wconf 80' lang='lat' dir='ltr'><strong>All.</strong></span> 
     </span>
    </p>
   </div>
   <div class='ocr_carea' id='block_1_43' title="bbox 253 2015 520 2047">
    <p class='ocr_par' dir='ltr' id='par_1_43' title="bbox 253 2015 520 2047">
     <span class='ocr_line' id='line_1_43' title="bbox 253 2015 520 2047; baseline 0.004 -6"><span class='ocrx_word' id='word_1_564' title='bbox 253 2017 257 2022; x_wconf 86' lang='lat'><strong>’</strong></span> <span class='ocrx_word' id='word_1_565' title='bbox 274 2016 312 2047; x_wconf 62' lang='grc' dir='ltr'><strong>(ὲ)</strong></span> <span class='ocrx_word' id='word_1_566' title='bbox 329 2016 403 2042; x_wconf 69' lang='lat' dir='ltr'><strong>Num</strong></span> <span class='ocrx_word' id='word_1_567' title='bbox 416 2018 435 2043; x_wconf 76' lang='grc' dir='ltr'><strong>Α</strong></span> <span class='ocrx_word' id='word_1_568' title='bbox 452 2015 520 2042; x_wconf 82' lang='lat' dir='ltr'><strong>etB.</strong></span> 
     </span>
    </p>
   </div>
   <div class='ocr_carea' id='block_1_44' title="bbox 276 2050 841 2085">
    <p class='ocr_par' dir='ltr' id='par_1_44' title="bbox 276 2050 841 2085">
     <span class='ocr_line' id='line_1_44' title="bbox 276 2050 841 2085; baseline 0.002 -8"><span class='ocrx_word' id='word_1_569' title='bbox 276 2050 365 2085; x_wconf 56' lang='lat'><strong>(3)01}</strong></span> <span class='ocrx_word' id='word_1_570' title='bbox 381 2051 500 2078; x_wconf 64' lang='lat' dir='ltr'><strong>(irctser.</strong></span> <span class='ocrx_word' id='word_1_571' title='bbox 521 2057 698 2078; x_wconf 83' lang='lat' dir='ltr'><strong>commcnlar.</strong></span> <span class='ocrx_word' id='word_1_572' title='bbox 719 2053 729 2079; x_wconf 71' lang='grc' dir='ltr'>ί</span> <span class='ocrx_word' id='word_1_573' title='bbox 749 2052 757 2078; x_wconf 86' lang='lat' dir='ltr'><strong>l</strong></span> <span class='ocrx_word' id='word_1_574' title='bbox 773 2057 841 2079; x_wconf 76' lang='lat' dir='ltr'><strong>cur.</strong></span> 
     </span>
    </p>
   </div>
  </div>
