  <div class='ocr_page' id='page_1' title='image "/cluster/home/n/w/nwhite01/storage/ocr_20150623/157/njp.32101077773222/028.png"; bbox 0 0 2039 3148; ppageno 0'>
   <div class='ocr_carea' id='block_1_1' title="bbox 138 147 1761 187">
    <p class='ocr_par' dir='ltr' id='par_1_1' title="bbox 138 147 1761 187">
     <span class='ocr_line' id='line_1_1' title="bbox 138 147 1761 187; baseline -0.003 1"><span class='ocrx_word' id='word_1_1' title='bbox 138 152 168 184; x_wconf 70' lang='grc'><strong>41</strong></span> <span class='ocrx_word' id='word_1_2' title='bbox 350 150 353 153; x_wconf 83' lang='grc'><em>’</em></span> <span class='ocrx_word' id='word_1_3' title='bbox 385 147 387 150; x_wconf 60' lang='grc'><em>⁴</em></span> <span class='ocrx_word' id='word_1_4' title='bbox 625 156 675 187; x_wconf 89' lang='lat' dir='ltr'><strong>DE</strong></span> <span class='ocrx_word' id='word_1_5' title='bbox 692 155 856 186; x_wconf 73' lang='lat' dir='ltr'><strong>oramus</strong></span> <span class='ocrx_word' id='word_1_6' title='bbox 872 154 1104 187; x_wconf 67' lang='lat' dir='ltr'><strong>epourams.</strong></span> <span class='ocrx_word' id='word_1_7' title='bbox 1121 153 1200 184; x_wconf 85' lang='lat' dir='ltr'><strong>CAP.</strong></span> <span class='ocrx_word' id='word_1_8' title='bbox 1220 154 1268 185; x_wconf 88' lang='lat' dir='ltr'><strong>IV.</strong></span> <span class='ocrx_word' id='word_1_9' title='bbox 1491 159 1498 166; x_wconf 89' lang='lat'><strong><em>-</em></strong></span> <span class='ocrx_word' id='word_1_10' title='bbox 1725 147 1761 179; x_wconf 68' lang='lat'><strong>42</strong></span> 
     </span>
    </p>
   </div>
   <div class='ocr_carea' id='block_1_2' title="bbox 173 204 933 245">
    <p class='ocr_par' dir='ltr' id='par_1_2' title="bbox 173 208 923 245">
     <span class='ocr_line' id='line_1_2' title="bbox 173 208 923 245; baseline 0 -10"><span class='ocrx_word' id='word_1_11' title='bbox 173 208 229 236; x_wconf 73' lang='grc' dir='ltr'><strong>Καὶ</strong></span> <span class='ocrx_word' id='word_1_12' title='bbox 248 209 282 236; x_wconf 77' lang='grc' dir='ltr'><strong>τὰ</strong></span> <span class='ocrx_word' id='word_1_13' title='bbox 296 209 342 235; x_wconf 86' lang='grc' dir='ltr'>τοῦ</span> <span class='ocrx_word' id='word_1_14' title='bbox 357 209 604 245; x_wconf 77' lang='grc' dir='ltr'>παρακοιμωμένου</span> <span class='ocrx_word' id='word_1_15' title='bbox 620 209 667 235; x_wconf 84' lang='grc' dir='ltr'>τοῦ</span> <span class='ocrx_word' id='word_1_16' title='bbox 683 209 811 241; x_wconf 74' lang='grc' dir='ltr'><strong>κοιτῶνος</strong></span> <span class='ocrx_word' id='word_1_17' title='bbox 835 209 923 235; x_wconf 85' lang='grc' dir='ltr'>πάντα</span> 
     </span>
    </p>
   </div>
   <div class='ocr_carea' id='block_1_3' title="bbox 982 204 1758 245">
    <p class='ocr_par' dir='ltr' id='par_1_3' title="bbox 1010 204 1758 241">
     <span class='ocr_line' id='line_1_3' title="bbox 1010 204 1758 241; baseline -0.001 -7"><span class='ocrx_word' id='word_1_18' title='bbox 1010 207 1182 235; x_wconf 84' lang='lat' dir='ltr'><strong>Accnbitoris</strong></span> <span class='ocrx_word' id='word_1_19' title='bbox 1210 206 1329 234; x_wconf 85' lang='lat' dir='ltr'><strong>cubiculi</strong></span> <span class='ocrx_word' id='word_1_20' title='bbox 1349 205 1465 241; x_wconf 81' lang='lat' dir='ltr'><strong>insignia</strong></span> <span class='ocrx_word' id='word_1_21' title='bbox 1483 205 1574 232; x_wconf 83' lang='lat' dir='ltr'><strong>omnia</strong></span> <span class='ocrx_word' id='word_1_22' title='bbox 1591 204 1758 233; x_wconf 86' lang='lat' dir='ltr'><strong>conveniunt</strong></span> 
     </span>
    </p>
   </div>
   <div class='ocr_carea' id='block_1_4' title="bbox 137 251 926 290">
    <p class='ocr_par' dir='ltr' id='par_1_4' title="bbox 137 251 926 290">
     <span class='ocr_line' id='line_1_4' title="bbox 137 251 926 290; baseline -0.001 -8"><span class='ocrx_word' id='word_1_23' title='bbox 137 251 182 282; x_wconf 75' lang='grc' dir='ltr'>οἵα</span> <span class='ocrx_word' id='word_1_24' title='bbox 199 255 232 282; x_wconf 74' lang='grc' dir='ltr'><strong>τὰ</strong></span> <span class='ocrx_word' id='word_1_25' title='bbox 245 255 290 282; x_wconf 86' lang='grc' dir='ltr'>τοῦ</span> <span class='ocrx_word' id='word_1_26' title='bbox 311 256 559 290; x_wconf 80' lang='grc' dir='ltr'>παρακοιμωμένου</span> <span class='ocrx_word' id='word_1_27' title='bbox 574 255 623 290; x_wconf 82' lang='grc' dir='ltr'><strong>τῆς</strong></span> <span class='ocrx_word' id='word_1_28' title='bbox 641 255 796 290; x_wconf 75' lang='grc' dir='ltr'>σφενδόνης,</span> <span class='ocrx_word' id='word_1_29' title='bbox 825 254 894 290; x_wconf 84' lang='grc' dir='ltr'><strong>Πλὴν</strong></span> <span class='ocrx_word' id='word_1_30' title='bbox 912 255 926 281; x_wconf 86' lang='grc' dir='ltr'><strong>ό</strong></span> 
     </span>
    </p>
   </div>
   <div class='ocr_carea' id='block_1_5' title="bbox 141 300 926 336">
    <p class='ocr_par' dir='ltr' id='par_1_5' title="bbox 141 300 926 336">
     <span class='ocr_line' id='line_1_5' title="bbox 141 300 926 336; baseline 0.003 -10"><span class='ocrx_word' id='word_1_31' title='bbox 141 301 189 336; x_wconf 74' lang='grc' dir='ltr'>μὲν</span> <span class='ocrx_word' id='word_1_32' title='bbox 204 301 311 336; x_wconf 73' lang='grc' dir='ltr'>πρῶτος</span> <span class='ocrx_word' id='word_1_33' title='bbox 328 300 454 332; x_wconf 76' lang='grc' dir='ltr'><strong>κόνδυλος</strong></span> <span class='ocrx_word' id='word_1_34' title='bbox 467 300 515 326; x_wconf 80' lang='grc' dir='ltr'>τοῦ</span> <span class='ocrx_word' id='word_1_35' title='bbox 532 301 681 328; x_wconf 76' lang='grc' dir='ltr'>δικανικίου</span> <span class='ocrx_word' id='word_1_36' title='bbox 695 300 812 335; x_wconf 80' lang='grc' dir='ltr'><strong>χρυσοῦς</strong></span> <span class='ocrx_word' id='word_1_37' title='bbox 826 301 864 332; x_wconf 84' lang='grc' dir='ltr'><strong>ὡς</strong></span> <span class='ocrx_word' id='word_1_38' title='bbox 879 301 926 328; x_wconf 72' lang='grc' dir='ltr'>καὶ</span> 
     </span>
    </p>
   </div>
   <div class='ocr_carea' id='block_1_6' title="bbox 139 345 925 382">
    <p class='ocr_par' dir='ltr' id='par_1_6' title="bbox 139 345 925 382">
     <span class='ocr_line' id='line_1_6' title="bbox 139 345 925 382; baseline 0 -10"><span class='ocrx_word' id='word_1_39' title='bbox 139 347 163 372; x_wconf 80' lang='grc' dir='ltr'><strong>οι</strong></span> <span class='ocrx_word' id='word_1_40' title='bbox 178 347 233 372; x_wconf 85' lang='grc' dir='ltr'><strong>τῶν</strong></span> <span class='ocrx_word' id='word_1_41' title='bbox 248 346 347 378; x_wconf 70' lang='grc' dir='ltr'>ἄλλων,</span> <span class='ocrx_word' id='word_1_42' title='bbox 365 346 396 372; x_wconf 81' lang='grc' dir='ltr'><strong>τὸ</strong></span> <span class='ocrx_word' id='word_1_43' title='bbox 408 346 436 372; x_wconf 75' lang='grc' dir='ltr'>δὲ</span> <span class='ocrx_word' id='word_1_44' title='bbox 452 345 550 381; x_wconf 76' lang='grc' dir='ltr'>ἑφεξῆς</span> <span class='ocrx_word' id='word_1_45' title='bbox 576 346 627 378; x_wconf 78' lang='grc' dir='ltr'><strong>ἕως</strong></span> <span class='ocrx_word' id='word_1_46' title='bbox 652 345 726 373; x_wconf 81' lang='grc' dir='ltr'>κάτω</span> <span class='ocrx_word' id='word_1_47' title='bbox 750 345 925 382; x_wconf 80' lang='grc' dir='ltr'>χρυσάσπρον</span> 
     </span>
    </p>
   </div>
   <div class='ocr_carea' id='block_1_7' title="bbox 140 391 342 426">
    <p class='ocr_par' dir='ltr' id='par_1_7' title="bbox 140 391 342 426">
     <span class='ocr_line' id='line_1_7' title="bbox 140 391 342 426; baseline 0 -8"><span class='ocrx_word' id='word_1_48' title='bbox 140 391 342 426; x_wconf 86' lang='grc' dir='ltr'>κεκλωσμένον.</span> 
     </span>
    </p>
   </div>
   <div class='ocr_carea' id='block_1_8' title="bbox 175 435 926 470">
    <p class='ocr_par' dir='ltr' id='par_1_8' title="bbox 175 435 926 470">
     <span class='ocr_line' id='line_1_8' title="bbox 175 435 926 470; baseline 0.001 -7"><span class='ocrx_word' id='word_1_49' title='bbox 175 437 212 462; x_wconf 84' lang='grc' dir='ltr'><strong>Τὸ</strong></span> <span class='ocrx_word' id='word_1_50' title='bbox 239 436 287 463; x_wconf 88' lang='grc' dir='ltr'>τοῦ</span> <span class='ocrx_word' id='word_1_51' title='bbox 315 435 454 470; x_wconf 78' lang='grc' dir='ltr'>λογοθέτου</span> <span class='ocrx_word' id='word_1_52' title='bbox 477 437 524 463; x_wconf 80' lang='grc' dir='ltr'>τοῦ</span> <span class='ocrx_word' id='word_1_53' title='bbox 551 437 660 470; x_wconf 87' lang='grc' dir='ltr'>γενικοῦ</span> <span class='ocrx_word' id='word_1_54' title='bbox 690 437 808 464; x_wconf 83' lang='grc' dir='ltr'><strong>σκιάδιον</strong></span> <span class='ocrx_word' id='word_1_55' title='bbox 831 437 926 464; x_wconf 69' lang='grc' dir='ltr'>λευκὸν</span> 
     </span>
    </p>
   </div>
   <div class='ocr_carea' id='block_1_9' title="bbox 142 482 926 517">
    <p class='ocr_par' dir='ltr' id='par_1_9' title="bbox 142 482 926 517">
     <span class='ocr_line' id='line_1_9' title="bbox 142 482 926 517; baseline 0.001 -9"><span class='ocrx_word' id='word_1_56' title='bbox 142 483 251 517; x_wconf 77' lang='grc' dir='ltr'>βλάτιον</span> <span class='ocrx_word' id='word_1_57' title='bbox 278 483 345 516; x_wconf 83' lang='grc' dir='ltr'>μετὰ</span> <span class='ocrx_word' id='word_1_58' title='bbox 368 482 548 517; x_wconf 79' lang='grc' dir='ltr'>μαργελλίων.</span> <span class='ocrx_word' id='word_1_59' title='bbox 576 483 613 509; x_wconf 83' lang='grc' dir='ltr'><strong>Τὸ</strong></span> <span class='ocrx_word' id='word_1_60' title='bbox 638 482 782 509; x_wconf 72' lang='grc' dir='ltr'>καϐὄὰδιον</span> <span class='ocrx_word' id='word_1_61' title='bbox 817 484 847 509; x_wconf 78' lang='grc' dir='ltr'>ὲκ</span> <span class='ocrx_word' id='word_1_62' title='bbox 873 483 926 509; x_wconf 84' lang='grc' dir='ltr'><strong>τῶν</strong></span> 
     </span>
    </p>
   </div>
   <div class='ocr_carea' id='block_1_10' title="bbox 141 527 926 563">
    <p class='ocr_par' dir='ltr' id='par_1_10' title="bbox 141 527 926 563">
     <span class='ocr_line' id='line_1_10' title="bbox 141 527 926 563; baseline 0 -10"><span class='ocrx_word' id='word_1_63' title='bbox 141 528 265 563; x_wconf 79' lang='grc' dir='ltr'><strong>συνήθως</strong></span> <span class='ocrx_word' id='word_1_64' title='bbox 278 527 491 561; x_wconf 77' lang='grc' dir='ltr'><strong>πολιτευομένων</strong></span> <span class='ocrx_word' id='word_1_65' title='bbox 505 527 628 562; x_wconf 83' lang='grc' dir='ltr'>βλατιων.</span> <span class='ocrx_word' id='word_1_66' title='bbox 659 527 696 554; x_wconf 82' lang='grc' dir='ltr'>Τὸ</span> <span class='ocrx_word' id='word_1_67' title='bbox 717 527 745 554; x_wconf 81' lang='grc' dir='ltr'>δὲ</span> <span class='ocrx_word' id='word_1_68' title='bbox 764 527 926 561; x_wconf 79' lang='grc' dir='ltr'>σκαρᾱνικον</span> 
     </span>
    </p>
   </div>
   <div class='ocr_carea' id='block_1_11' title="bbox 140 570 926 608">
    <p class='ocr_par' dir='ltr' id='par_1_11' title="bbox 140 570 926 608">
     <span class='ocr_line' id='line_1_11' title="bbox 140 570 926 608; baseline 0.001 -10"><span class='ocrx_word' id='word_1_69' title='bbox 140 574 323 608; x_wconf 79' lang='grc' dir='ltr'>χρυσόλευκον</span> <span class='ocrx_word' id='word_1_70' title='bbox 340 573 462 607; x_wconf 80' lang='grc' dir='ltr'>βλάτινον</span> <span class='ocrx_word' id='word_1_71' title='bbox 476 574 665 607; x_wconf 79' lang='grc' dir='ltr'>συρματέῑνον,</span> <span class='ocrx_word' id='word_1_72' title='bbox 694 570 753 608; x_wconf 77' lang='grc' dir='ltr'>ἔχον</span> <span class='ocrx_word' id='word_1_73' title='bbox 770 573 926 608; x_wconf 71' lang='grc' dir='ltr'>ἔμπροσθέν</span> 
     </span>
    </p>
   </div>
   <div class='ocr_carea' id='block_1_12' title="bbox 140 617 923 653">
    <p class='ocr_par' dir='ltr' id='par_1_12' title="bbox 140 617 923 653">
     <span class='ocr_line' id='line_1_12' title="bbox 140 617 923 653; baseline 0.001 -11"><span class='ocrx_word' id='word_1_74' title='bbox 140 626 169 643; x_wconf 83' lang='grc' dir='ltr'>τε</span> <span class='ocrx_word' id='word_1_75' title='bbox 181 618 228 644; x_wconf 75' lang='grc' dir='ltr'>καὶ</span> <span class='ocrx_word' id='word_1_76' title='bbox 244 618 356 644; x_wconf 73' lang='grc' dir='ltr'>ὄπισθεν</span> <span class='ocrx_word' id='word_1_77' title='bbox 367 618 416 653; x_wconf 81' lang='grc' dir='ltr'><strong>τὴν</strong></span> <span class='ocrx_word' id='word_1_78' title='bbox 429 617 476 644; x_wconf 78' lang='grc' dir='ltr'>τοῦ</span> <span class='ocrx_word' id='word_1_79' title='bbox 490 617 620 652; x_wconf 80' lang='grc' dir='ltr'>βασιλέως</span> <span class='ocrx_word' id='word_1_80' title='bbox 632 618 722 644; x_wconf 67' lang='grc' dir='ltr'>εἰκόνα</span> <span class='ocrx_word' id='word_1_81' title='bbox 737 618 923 652; x_wconf 78' lang='grc' dir='ltr'>διαγέλαστον,</span> 
     </span>
    </p>
   </div>
   <div class='ocr_carea' id='block_1_13' title="bbox 142 662 924 699">
    <p class='ocr_par' dir='ltr' id='par_1_13' title="bbox 142 662 924 699">
     <span class='ocr_line' id='line_1_13' title="bbox 142 662 924 699; baseline 0.003 -10"><span class='ocrx_word' id='word_1_82' title='bbox 142 663 237 698; x_wconf 76' lang='grc' dir='ltr'>ὥσπερ</span> <span class='ocrx_word' id='word_1_83' title='bbox 249 663 296 690; x_wconf 76' lang='grc' dir='ltr'>καὶ</span> <span class='ocrx_word' id='word_1_84' title='bbox 313 663 359 690; x_wconf 80' lang='grc' dir='ltr'>τοῦ</span> <span class='ocrx_word' id='word_1_85' title='bbox 382 662 594 699; x_wconf 78' lang='grc' dir='ltr'>πριμμικηριου,</span> <span class='ocrx_word' id='word_1_86' title='bbox 615 663 662 689; x_wconf 78' lang='grc' dir='ltr'>καὶ</span> <span class='ocrx_word' id='word_1_87' title='bbox 681 662 745 690; x_wconf 79' lang='grc' dir='ltr'>ἄνευ</span> <span class='ocrx_word' id='word_1_88' title='bbox 766 663 924 691; x_wconf 81' lang='grc' dir='ltr'>δικανικίου.</span> 
     </span>
    </p>
   </div>
   <div class='ocr_carea' id='block_1_14' title="bbox 177 797 927 833">
    <p class='ocr_par' dir='ltr' id='par_1_14' title="bbox 177 797 927 833">
     <span class='ocr_line' id='line_1_14' title="bbox 177 797 927 833; baseline 0.001 -9"><span class='ocrx_word' id='word_1_89' title='bbox 177 797 214 823; x_wconf 80' lang='grc' dir='ltr'><strong>Τὸ</strong></span> <span class='ocrx_word' id='word_1_90' title='bbox 233 797 280 824; x_wconf 79' lang='grc' dir='ltr'>τοῦ</span> <span class='ocrx_word' id='word_1_91' title='bbox 305 797 551 833; x_wconf 76' lang='grc' dir='ltr'>πρωτοϐεστιαριου</span> <span class='ocrx_word' id='word_1_92' title='bbox 575 798 693 825; x_wconf 83' lang='grc' dir='ltr'><strong>σκιάδιον</strong></span> <span class='ocrx_word' id='word_1_93' title='bbox 719 798 870 825; x_wconf 81' lang='grc' dir='ltr'>κλαπωτόν.</span> <span class='ocrx_word' id='word_1_94' title='bbox 890 799 927 825; x_wconf 72' lang='grc' dir='ltr'><strong>Τὸ</strong></span> 
     </span>
    </p>
   </div>
   <div class='ocr_carea' id='block_1_15' title="bbox 142 841 927 877">
    <p class='ocr_par' dir='ltr' id='par_1_15' title="bbox 142 841 927 877">
     <span class='ocr_line' id='line_1_15' title="bbox 142 841 927 877; baseline 0.001 -8"><span class='ocrx_word' id='word_1_95' title='bbox 142 843 288 871; x_wconf 76' lang='grc' dir='ltr'>καὸεάδιον</span> <span class='ocrx_word' id='word_1_96' title='bbox 301 844 348 870; x_wconf 74' lang='grc' dir='ltr'>καὶ</span> <span class='ocrx_word' id='word_1_97' title='bbox 361 843 391 869; x_wconf 86' lang='grc' dir='ltr'>τδ</span> <span class='ocrx_word' id='word_1_98' title='bbox 407 843 571 877; x_wconf 83' lang='grc' dir='ltr'>σκαράνικον</span> <span class='ocrx_word' id='word_1_99' title='bbox 587 843 669 870; x_wconf 85' lang='grc' dir='ltr'>αὑτοῦ</span> <span class='ocrx_word' id='word_1_100' title='bbox 681 841 727 870; x_wconf 75' lang='grc' dir='ltr'>οἷοι</span> <span class='ocrx_word' id='word_1_101' title='bbox 739 843 772 869; x_wconf 81' lang='grc' dir='ltr'><strong>τὰ</strong></span> <span class='ocrx_word' id='word_1_102' title='bbox 788 843 835 869; x_wconf 74' lang='grc' dir='ltr'>τοῦ</span> <span class='ocrx_word' id='word_1_103' title='bbox 852 843 927 877; x_wconf 83' lang='grc' dir='ltr'>λογο-</span> 
     </span>
    </p>
   </div>
   <div class='ocr_carea' id='block_1_16' title="bbox 142 889 926 925">
    <p class='ocr_par' dir='ltr' id='par_1_16' title="bbox 142 889 926 925">
     <span class='ocr_line' id='line_1_16' title="bbox 142 889 926 925; baseline 0 -8"><span class='ocrx_word' id='word_1_104' title='bbox 142 891 220 917; x_wconf 76' lang='grc' dir='ltr'>θέτου</span> <span class='ocrx_word' id='word_1_105' title='bbox 238 889 284 916; x_wconf 75' lang='grc' dir='ltr'>τοῦ</span> <span class='ocrx_word' id='word_1_106' title='bbox 299 889 417 923; x_wconf 82' lang='grc' dir='ltr'>γενικοῦ.</span> <span class='ocrx_word' id='word_1_107' title='bbox 431 889 484 916; x_wconf 87' lang='grc' dir='ltr'>Τοῦ</span> <span class='ocrx_word' id='word_1_108' title='bbox 508 889 535 916; x_wconf 82' lang='grc' dir='ltr'>δὲ</span> <span class='ocrx_word' id='word_1_109' title='bbox 556 889 706 916; x_wconf 79' lang='grc' dir='ltr'>δικανικίου</span> <span class='ocrx_word' id='word_1_110' title='bbox 725 889 806 916; x_wconf 85' lang='grc' dir='ltr'><strong>αὐτοῦ</strong></span> <span class='ocrx_word' id='word_1_111' title='bbox 821 890 835 916; x_wconf 86' lang='grc' dir='ltr'>ὁ</span> <span class='ocrx_word' id='word_1_112' title='bbox 850 891 926 925; x_wconf 85' lang='grc' dir='ltr'>πρῶ-</span> 
     </span>
    </p>
   </div>
   <div class='ocr_carea' id='block_1_17' title="bbox 143 936 924 972">
    <p class='ocr_par' dir='ltr' id='par_1_17' title="bbox 143 936 924 972">
     <span class='ocr_line' id='line_1_17' title="bbox 143 936 924 972; baseline 0 -9"><span class='ocrx_word' id='word_1_113' title='bbox 143 945 186 968; x_wconf 80' lang='grc' dir='ltr'>τος</span> <span class='ocrx_word' id='word_1_114' title='bbox 203 937 252 971; x_wconf 88' lang='grc' dir='ltr'>μὲν</span> <span class='ocrx_word' id='word_1_115' title='bbox 263 936 389 967; x_wconf 79' lang='grc' dir='ltr'><strong>κόνδυλος</strong></span> <span class='ocrx_word' id='word_1_116' title='bbox 404 936 533 972; x_wconf 77' lang='grc' dir='ltr'>χρυσοῦς,</span> <span class='ocrx_word' id='word_1_117' title='bbox 551 937 581 963; x_wconf 81' lang='grc' dir='ltr'><strong>τὸ</strong></span> <span class='ocrx_word' id='word_1_118' title='bbox 591 936 618 963; x_wconf 85' lang='grc' dir='ltr'>δὲ</span> <span class='ocrx_word' id='word_1_119' title='bbox 631 937 729 972; x_wconf 75' lang='grc' dir='ltr'>ἑφεξῆς</span> <span class='ocrx_word' id='word_1_120' title='bbox 743 937 924 971; x_wconf 78' lang='grc' dir='ltr'>συδαλταρέα,</span> 
     </span>
    </p>
   </div>
   <div class='ocr_carea' id='block_1_18' title="bbox 143 984 352 1018">
    <p class='ocr_par' dir='ltr' id='par_1_18' title="bbox 143 984 352 1018">
     <span class='ocr_line' id='line_1_18' title="bbox 143 984 352 1018; baseline 0.005 -9"><span class='ocrx_word' id='word_1_121' title='bbox 143 992 191 1018; x_wconf 85' lang='grc' dir='ltr'><strong>χρυ</strong></span> <span class='ocrx_word' id='word_1_122' title='bbox 196 984 352 1011; x_wconf 85' lang='grc' dir='ltr'>σοκόκκινα.</span> 
     </span>
    </p>
   </div>
   <div class='ocr_carea' id='block_1_19' title="bbox 177 1028 927 1064">
    <p class='ocr_par' dir='ltr' id='par_1_19' title="bbox 177 1028 927 1064">
     <span class='ocr_line' id='line_1_19' title="bbox 177 1028 927 1064; baseline 0.001 -10"><span class='ocrx_word' id='word_1_123' title='bbox 177 1029 218 1055; x_wconf 76' lang='grc' dir='ltr'>Τά</span> <span class='ocrx_word' id='word_1_124' title='bbox 226 1028 273 1055; x_wconf 82' lang='grc' dir='ltr'>τοῦ</span> <span class='ocrx_word' id='word_1_125' title='bbox 282 1028 442 1063; x_wconf 73' lang='grc' dir='ltr'>δομεστικου</span> <span class='ocrx_word' id='word_1_126' title='bbox 461 1029 510 1064; x_wconf 87' lang='grc' dir='ltr'><strong>τῆς</strong></span> <span class='ocrx_word' id='word_1_127' title='bbox 525 1028 662 1064; x_wconf 72' lang='grc' dir='ltr'><strong>τραπέζης</strong></span> <span class='ocrx_word' id='word_1_128' title='bbox 687 1029 828 1064; x_wconf 73' lang='grc' dir='ltr'>φορὲματα</span> <span class='ocrx_word' id='word_1_129' title='bbox 848 1029 927 1064; x_wconf 84' lang='grc' dir='ltr'>ὃμοια</span> 
     </span>
    </p>
   </div>
   <div class='ocr_carea' id='block_1_20' title="bbox 142 1075 803 1110">
    <p class='ocr_par' dir='ltr' id='par_1_20' title="bbox 142 1075 803 1110">
     <span class='ocr_line' id='line_1_20' title="bbox 142 1075 803 1110; baseline 0.002 -9"><span class='ocrx_word' id='word_1_130' title='bbox 142 1076 197 1106; x_wconf 74' lang='grc' dir='ltr'>τοῖς</span> <span class='ocrx_word' id='word_1_131' title='bbox 214 1075 261 1101; x_wconf 76' lang='grc' dir='ltr'>τοῦ</span> <span class='ocrx_word' id='word_1_132' title='bbox 278 1075 552 1110; x_wconf 76' lang='grc' dir='ltr'>πρωτοῆεστιαρίτου,</span> <span class='ocrx_word' id='word_1_133' title='bbox 566 1075 629 1102; x_wconf 78' lang='grc' dir='ltr'>ἄνευ</span> <span class='ocrx_word' id='word_1_134' title='bbox 644 1075 803 1102; x_wconf 83' lang='grc' dir='ltr'>δικανικιου.</span> 
     </span>
    </p>
   </div>
   <div class='ocr_carea' id='block_1_21' title="bbox 176 1119 927 1155">
    <p class='ocr_par' dir='ltr' id='par_1_21' title="bbox 176 1119 927 1155">
     <span class='ocr_line' id='line_1_21' title="bbox 176 1119 927 1155; baseline 0.001 -9"><span class='ocrx_word' id='word_1_135' title='bbox 176 1120 216 1146; x_wconf 82' lang='grc' dir='ltr'><strong>Τὰ</strong></span> <span class='ocrx_word' id='word_1_136' title='bbox 230 1120 278 1147; x_wconf 88' lang='grc' dir='ltr'>τοῦ</span> <span class='ocrx_word' id='word_1_137' title='bbox 291 1121 337 1145; x_wconf 79' lang='grc' dir='ltr'><strong>ἐπὶ</strong></span> <span class='ocrx_word' id='word_1_138' title='bbox 352 1119 401 1154; x_wconf 82' lang='grc' dir='ltr'><strong>τῆς</strong></span> <span class='ocrx_word' id='word_1_139' title='bbox 420 1119 558 1155; x_wconf 81' lang='grc' dir='ltr'><strong>τραπέζης</strong></span> <span class='ocrx_word' id='word_1_140' title='bbox 570 1119 614 1146; x_wconf 76' lang='grc' dir='ltr'>οἷα</span> <span class='ocrx_word' id='word_1_141' title='bbox 634 1121 667 1146; x_wconf 70' lang='grc' dir='ltr'><strong>τὰ</strong></span> <span class='ocrx_word' id='word_1_142' title='bbox 692 1121 790 1154; x_wconf 84' lang='grc' dir='ltr'>αὐτῶν,</span> <span class='ocrx_word' id='word_1_143' title='bbox 822 1122 868 1147; x_wconf 87' lang='grc' dir='ltr'>τοῦ</span> <span class='ocrx_word' id='word_1_144' title='bbox 899 1130 927 1147; x_wconf 89' lang='grc' dir='ltr'>τε</span> 
     </span>
    </p>
   </div>
   <div class='ocr_carea' id='block_1_22' title="bbox 145 1165 926 1202">
    <p class='ocr_par' dir='ltr' id='par_1_22' title="bbox 145 1165 926 1202">
     <span class='ocr_line' id='line_1_22' title="bbox 145 1165 926 1202; baseline 0.003 -10"><span class='ocrx_word' id='word_1_145' title='bbox 145 1165 408 1200; x_wconf 78' lang='grc' dir='ltr'>πρωτοὸεστιαρίτου</span> <span class='ocrx_word' id='word_1_146' title='bbox 422 1165 470 1191; x_wconf 78' lang='grc' dir='ltr'>καὶ</span> <span class='ocrx_word' id='word_1_147' title='bbox 485 1165 532 1191; x_wconf 82' lang='grc' dir='ltr'>τοῦ</span> <span class='ocrx_word' id='word_1_148' title='bbox 547 1166 706 1200; x_wconf 80' lang='grc' dir='ltr'>δομεστίκου</span> <span class='ocrx_word' id='word_1_149' title='bbox 718 1166 766 1201; x_wconf 84' lang='grc' dir='ltr'><strong>τῆς</strong></span> <span class='ocrx_word' id='word_1_150' title='bbox 777 1167 926 1202; x_wconf 71' lang='grc' dir='ltr'>τραπέζης.</span> 
     </span>
    </p>
   </div>
   <div class='ocr_carea' id='block_1_23' title="bbox 145 1210 929 1246">
    <p class='ocr_par' dir='ltr' id='par_1_23' title="bbox 145 1210 929 1246">
     <span class='ocr_line' id='line_1_23' title="bbox 145 1210 929 1246; baseline 0.004 -10"><span class='ocrx_word' id='word_1_151' title='bbox 145 1211 196 1236; x_wconf 79' lang='grc' dir='ltr'>Τοῦ</span> <span class='ocrx_word' id='word_1_152' title='bbox 225 1210 254 1236; x_wconf 78' lang='grc' dir='ltr'>δὲ</span> <span class='ocrx_word' id='word_1_153' title='bbox 281 1210 429 1237; x_wconf 81' lang='grc' dir='ltr'>δικανικὶου</span> <span class='ocrx_word' id='word_1_154' title='bbox 449 1210 530 1236; x_wconf 84' lang='grc' dir='ltr'>αὑτοῦ</span> <span class='ocrx_word' id='word_1_155' title='bbox 555 1210 568 1236; x_wconf 86' lang='grc' dir='ltr'>ὁ</span> <span class='ocrx_word' id='word_1_156' title='bbox 592 1211 641 1244; x_wconf 77' lang='grc' dir='ltr'>μὲν</span> <span class='ocrx_word' id='word_1_157' title='bbox 669 1211 776 1246; x_wconf 77' lang='grc' dir='ltr'>πρῶτος</span> <span class='ocrx_word' id='word_1_158' title='bbox 805 1212 929 1244; x_wconf 82' lang='grc' dir='ltr'><strong>κόνδυλος</strong></span> 
     </span>
    </p>
   </div>
   <div class='ocr_carea' id='block_1_24' title="bbox 145 1255 928 1292">
    <p class='ocr_par' dir='ltr' id='par_1_24' title="bbox 145 1255 928 1292">
     <span class='ocr_line' id='line_1_24' title="bbox 145 1255 928 1292; baseline 0.005 -10"><span class='ocrx_word' id='word_1_159' title='bbox 145 1257 272 1291; x_wconf 76' lang='grc' dir='ltr'>χρυσοῦς,</span> <span class='ocrx_word' id='word_1_160' title='bbox 290 1257 304 1283; x_wconf 81' lang='grc' dir='ltr'>ὁ</span> <span class='ocrx_word' id='word_1_161' title='bbox 318 1257 346 1284; x_wconf 82' lang='grc' dir='ltr'>δὲ</span> <span class='ocrx_word' id='word_1_162' title='bbox 361 1256 486 1291; x_wconf 85' lang='grc' dir='ltr'>δεύτερος</span> <span class='ocrx_word' id='word_1_163' title='bbox 506 1257 600 1292; x_wconf 76' lang='grc' dir='ltr'>μέλας,</span> <span class='ocrx_word' id='word_1_164' title='bbox 615 1255 673 1283; x_wconf 75' lang='grc' dir='ltr'>εἶτα</span> <span class='ocrx_word' id='word_1_165' title='bbox 685 1258 802 1292; x_wconf 78' lang='grc' dir='ltr'>χρυσοῦς</span> <span class='ocrx_word' id='word_1_166' title='bbox 813 1259 859 1285; x_wconf 79' lang='grc' dir='ltr'>καὶ</span> <span class='ocrx_word' id='word_1_167' title='bbox 875 1259 928 1286; x_wconf 82' lang='grc' dir='ltr'>πά-</span> 
     </span>
    </p>
   </div>
   <div class='ocr_carea' id='block_1_25' title="bbox 145 1302 628 1337">
    <p class='ocr_par' dir='ltr' id='par_1_25' title="bbox 145 1302 628 1337">
     <span class='ocr_line' id='line_1_25' title="bbox 145 1302 628 1337; baseline 0.004 -9"><span class='ocrx_word' id='word_1_168' title='bbox 145 1303 186 1328; x_wconf 86' lang='grc' dir='ltr'><strong>λιν</strong></span> <span class='ocrx_word' id='word_1_169' title='bbox 203 1303 302 1336; x_wconf 81' lang='grc' dir='ltr'>μέλας,</span> <span class='ocrx_word' id='word_1_170' title='bbox 320 1302 368 1329; x_wconf 68' lang='grc' dir='ltr'>καὶ</span> <span class='ocrx_word' id='word_1_171' title='bbox 385 1303 501 1336; x_wconf 80' lang='grc' dir='ltr'>καθεξῆς</span> <span class='ocrx_word' id='word_1_172' title='bbox 516 1303 628 1337; x_wconf 72' lang='grc' dir='ltr'>ὁμοίως.</span> 
     </span>
    </p>
   </div>
   <div class='ocr_carea' id='block_1_26' title="bbox 178 1347 929 1384">
    <p class='ocr_par' dir='ltr' id='par_1_26' title="bbox 178 1347 929 1384">
     <span class='ocr_line' id='line_1_26' title="bbox 178 1347 929 1384; baseline 0.005 -11"><span class='ocrx_word' id='word_1_173' title='bbox 178 1348 219 1374; x_wconf 80' lang='grc' dir='ltr'><strong>Τὰ</strong></span> <span class='ocrx_word' id='word_1_174' title='bbox 241 1347 288 1374; x_wconf 69' lang='grc' dir='ltr'><strong>¹τοῦ</strong></span> <span class='ocrx_word' id='word_1_175' title='bbox 302 1347 422 1382; x_wconf 80' lang='grc' dir='ltr'>μεγάλου</span> <span class='ocrx_word' id='word_1_176' title='bbox 437 1348 540 1374; x_wconf 83' lang='grc' dir='ltr'>παπῑου</span> <span class='ocrx_word' id='word_1_177' title='bbox 557 1349 698 1383; x_wconf 84' lang='grc' dir='ltr'>φορέματα</span> <span class='ocrx_word' id='word_1_178' title='bbox 713 1349 793 1384; x_wconf 85' lang='grc' dir='ltr'>ὃμοια</span> <span class='ocrx_word' id='word_1_179' title='bbox 810 1350 864 1382; x_wconf 83' lang='grc' dir='ltr'>τοῖς</span> <span class='ocrx_word' id='word_1_180' title='bbox 883 1350 929 1377; x_wconf 82' lang='grc' dir='ltr'>τοῦ</span> 
     </span>
    </p>
   </div>
   <div class='ocr_carea' id='block_1_27' title="bbox 147 1393 930 1428">
    <p class='ocr_par' dir='ltr' id='par_1_27' title="bbox 147 1393 930 1428">
     <span class='ocr_line' id='line_1_27' title="bbox 147 1393 930 1428; baseline 0.005 -9"><span class='ocrx_word' id='word_1_181' title='bbox 147 1393 305 1428; x_wconf 52' lang='lat' dir='ltr'><strong>Sortes-rixata</strong></span> <span class='ocrx_word' id='word_1_182' title='bbox 334 1394 383 1428; x_wconf 80' lang='grc' dir='ltr'><strong>τῆς</strong></span> <span class='ocrx_word' id='word_1_183' title='bbox 407 1393 554 1428; x_wconf 76' lang='grc' dir='ltr'>τραπέζης.</span> <span class='ocrx_word' id='word_1_184' title='bbox 581 1394 618 1420; x_wconf 86' lang='grc' dir='ltr'>Τὸ</span> <span class='ocrx_word' id='word_1_185' title='bbox 633 1395 661 1420; x_wconf 81' lang='grc' dir='ltr'>δὲ</span> <span class='ocrx_word' id='word_1_186' title='bbox 685 1396 833 1423; x_wconf 84' lang='grc' dir='ltr'>δικανίκιον</span> <span class='ocrx_word' id='word_1_187' title='bbox 849 1396 930 1422; x_wconf 83' lang='grc' dir='ltr'><strong>αὑτοῦ</strong></span> 
     </span>
    </p>
   </div>
   <div class='ocr_carea' id='block_1_28' title="bbox 150 1438 931 1477">
    <p class='ocr_par' dir='ltr' id='par_1_28' title="bbox 150 1438 931 1477">
     <span class='ocr_line' id='line_1_28' title="bbox 150 1438 931 1477; baseline 0.004 -12"><span class='ocrx_word' id='word_1_188' title='bbox 150 1439 242 1474; x_wconf 84' lang='grc' dir='ltr'>ὥσπερ</span> <span class='ocrx_word' id='word_1_189' title='bbox 271 1438 317 1465; x_wconf 80' lang='grc' dir='ltr'>τοῦ</span> <span class='ocrx_word' id='word_1_190' title='bbox 349 1440 596 1474; x_wconf 78' lang='grc' dir='ltr'>παρακοιμωμένου</span> <span class='ocrx_word' id='word_1_191' title='bbox 625 1440 675 1475; x_wconf 78' lang='grc' dir='ltr'><strong>τῆς</strong></span> <span class='ocrx_word' id='word_1_192' title='bbox 701 1441 845 1476; x_wconf 80' lang='grc' dir='ltr'>σφενδόνης</span> <span class='ocrx_word' id='word_1_193' title='bbox 874 1442 931 1477; x_wconf 80' lang='grc' dir='ltr'>ἔχει</span> 
     </span>
    </p>
   </div>
   <div class='ocr_carea' id='block_1_29' title="bbox 151 1484 931 1520">
    <p class='ocr_par' dir='ltr' id='par_1_29' title="bbox 151 1484 931 1520">
     <span class='ocr_line' id='line_1_29' title="bbox 151 1484 931 1520; baseline 0.003 -9"><span class='ocrx_word' id='word_1_194' title='bbox 151 1485 276 1512; x_wconf 86' lang='grc' dir='ltr'>κόνδυλον</span> <span class='ocrx_word' id='word_1_195' title='bbox 305 1484 423 1520; x_wconf 82' lang='grc' dir='ltr'>χρυσοῦν</span> <span class='ocrx_word' id='word_1_196' title='bbox 444 1485 491 1511; x_wconf 79' lang='grc' dir='ltr'>καὶ</span> <span class='ocrx_word' id='word_1_197' title='bbox 514 1486 639 1512; x_wconf 83' lang='grc' dir='ltr'>κόνδυλον</span> <span class='ocrx_word' id='word_1_198' title='bbox 656 1486 848 1520; x_wconf 84' lang='grc' dir='ltr'>χρυσόλευκον,</span> <span class='ocrx_word' id='word_1_199' title='bbox 861 1487 931 1513; x_wconf 80' lang='grc' dir='ltr'><strong>οὕτω</strong></span> 
     </span>
    </p>
   </div>
   <div class='ocr_carea' id='block_1_30' title="bbox 150 1530 966 1576">
    <p class='ocr_par' dir='ltr' id='par_1_30' title="bbox 150 1530 966 1576">
     <span class='ocr_line' id='line_1_30' title="bbox 150 1530 966 1576; baseline 0.004 -20"><span class='ocrx_word' id='word_1_200' title='bbox 150 1531 229 1557; x_wconf 82' lang='grc' dir='ltr'>τοῦτο</span> <span class='ocrx_word' id='word_1_201' title='bbox 254 1530 377 1557; x_wconf 85' lang='grc' dir='ltr'>κόνδυλον</span> <span class='ocrx_word' id='word_1_202' title='bbox 405 1530 523 1566; x_wconf 76' lang='grc' dir='ltr'>χρυσοῦν</span> <span class='ocrx_word' id='word_1_203' title='bbox 556 1531 602 1558; x_wconf 69' lang='grc' dir='ltr'><strong>καὶ</strong></span> <span class='ocrx_word' id='word_1_204' title='bbox 627 1532 752 1558; x_wconf 85' lang='grc' dir='ltr'>κόνδυλον</span> <span class='ocrx_word' id='word_1_205' title='bbox 780 1533 931 1567; x_wconf 67' lang='grc' dir='ltr'>χρυσοχόκο</span> <span class='ocrx_word' id='word_1_206' title='bbox 945 1547 966 1576; x_wconf 77' lang='lat' dir='ltr'><strong>c</strong></span> 
     </span>
    </p>
   </div>
   <div class='ocr_carea' id='block_1_31' title="bbox 151 1584 235 1604">
    <p class='ocr_par' dir='ltr' id='par_1_31' title="bbox 151 1584 235 1604">
     <span class='ocr_line' id='line_1_31' title="bbox 151 1584 235 1604; baseline 0.024 -2"><span class='ocrx_word' id='word_1_207' title='bbox 151 1584 235 1604; x_wconf 84' lang='grc' dir='ltr'>κινον.</span> 
     </span>
    </p>
   </div>
   <div class='ocr_carea' id='block_1_32' title="bbox 184 1620 930 1658">
    <p class='ocr_par' dir='ltr' id='par_1_32' title="bbox 184 1620 930 1658">
     <span class='ocr_line' id='line_1_32' title="bbox 184 1620 930 1658; baseline 0.004 -10"><span class='ocrx_word' id='word_1_208' title='bbox 184 1622 239 1648; x_wconf 82' lang='grc' dir='ltr'><strong>Καὶ</strong></span> <span class='ocrx_word' id='word_1_209' title='bbox 250 1621 284 1648; x_wconf 82' lang='grc' dir='ltr'><strong>τὰ</strong></span> <span class='ocrx_word' id='word_1_210' title='bbox 298 1621 345 1648; x_wconf 86' lang='grc' dir='ltr'>τοῦ</span> <span class='ocrx_word' id='word_1_211' title='bbox 358 1621 477 1657; x_wconf 73' lang='grc' dir='ltr'>ἐπάρχου</span> <span class='ocrx_word' id='word_1_212' title='bbox 497 1620 542 1649; x_wconf 76' lang='grc' dir='ltr'>οἷα</span> <span class='ocrx_word' id='word_1_213' title='bbox 566 1623 599 1650; x_wconf 84' lang='grc' dir='ltr'><strong>τὰ</strong></span> <span class='ocrx_word' id='word_1_214' title='bbox 612 1623 659 1650; x_wconf 80' lang='grc' dir='ltr'>τοῦ</span> <span class='ocrx_word' id='word_1_215' title='bbox 677 1623 795 1658; x_wconf 83' lang='grc' dir='ltr'>μεγάλου</span> <span class='ocrx_word' id='word_1_216' title='bbox 818 1624 930 1657; x_wconf 79' lang='grc' dir='ltr'>παπιου,</span> 
     </span>
    </p>
   </div>
   <div class='ocr_carea' id='block_1_33' title="bbox 151 1667 429 1696">
    <p class='ocr_par' dir='ltr' id='par_1_33' title="bbox 151 1667 429 1696">
     <span class='ocr_line' id='line_1_33' title="bbox 151 1667 429 1696; baseline 0.007 -3"><span class='ocrx_word' id='word_1_217' title='bbox 151 1667 213 1694; x_wconf 78' lang='grc' dir='ltr'>ἄνευ</span> <span class='ocrx_word' id='word_1_218' title='bbox 224 1667 253 1693; x_wconf 84' lang='grc' dir='ltr'>δὲ</span> <span class='ocrx_word' id='word_1_219' title='bbox 269 1667 429 1696; x_wconf 81' lang='grc' dir='ltr'>δικανικίου.</span> 
     </span>
    </p>
   </div>
   <div class='ocr_carea' id='block_1_34' title="bbox 183 1712 932 1751">
    <p class='ocr_par' dir='ltr' id='par_1_34' title="bbox 183 1712 932 1751">
     <span class='ocr_line' id='line_1_34' title="bbox 183 1712 932 1751; baseline 0.005 -13"><span class='ocrx_word' id='word_1_220' title='bbox 183 1713 224 1739; x_wconf 83' lang='grc' dir='ltr'><strong>Τὰ</strong></span> <span class='ocrx_word' id='word_1_221' title='bbox 246 1712 292 1739; x_wconf 82' lang='grc' dir='ltr'>τοῦ</span> <span class='ocrx_word' id='word_1_222' title='bbox 309 1713 428 1748; x_wconf 83' lang='grc' dir='ltr'>μεγάλου</span> <span class='ocrx_word' id='word_1_223' title='bbox 453 1713 632 1749; x_wconf 79' lang='grc' dir='ltr'>δρουγγαρίου</span> <span class='ocrx_word' id='word_1_224' title='bbox 658 1715 706 1750; x_wconf 84' lang='grc' dir='ltr'><strong>τῆς</strong></span> <span class='ocrx_word' id='word_1_225' title='bbox 734 1715 826 1751; x_wconf 83' lang='grc' dir='ltr'>βιγλης</span> <span class='ocrx_word' id='word_1_226' title='bbox 851 1716 932 1751; x_wconf 78' lang='grc' dir='ltr'>φορέ-</span> 
     </span>
    </p>
   </div>
   <div class='ocr_carea' id='block_1_35' title="bbox 153 1758 933 1796">
    <p class='ocr_par' dir='ltr' id='par_1_35' title="bbox 153 1758 933 1796">
     <span class='ocr_line' id='line_1_35' title="bbox 153 1758 933 1796; baseline 0.006 -13"><span class='ocrx_word' id='word_1_227' title='bbox 153 1766 235 1791; x_wconf 77' lang='grc' dir='ltr'>μιιτα,</span> <span class='ocrx_word' id='word_1_228' title='bbox 251 1758 335 1792; x_wconf 77' lang='grc' dir='ltr'>ἡγουν</span> <span class='ocrx_word' id='word_1_229' title='bbox 353 1758 384 1784; x_wconf 85' lang='grc' dir='ltr'>τό</span> <span class='ocrx_word' id='word_1_230' title='bbox 393 1766 422 1784; x_wconf 83' lang='grc' dir='ltr'>τε</span> <span class='ocrx_word' id='word_1_231' title='bbox 437 1759 555 1786; x_wconf 81' lang='grc' dir='ltr'>σκιάδιον</span> <span class='ocrx_word' id='word_1_232' title='bbox 571 1760 617 1786; x_wconf 78' lang='grc' dir='ltr'>καὶ</span> <span class='ocrx_word' id='word_1_233' title='bbox 633 1761 663 1786; x_wconf 84' lang='grc' dir='ltr'>τὸ</span> <span class='ocrx_word' id='word_1_234' title='bbox 685 1761 841 1794; x_wconf 80' lang='grc' dir='ltr'>καὸὗάδιον,</span> <span class='ocrx_word' id='word_1_235' title='bbox 855 1763 933 1796; x_wconf 73' lang='grc' dir='ltr'>ὃμοια</span> 
     </span>
    </p>
   </div>
   <div class='ocr_carea' id='block_1_36' title="bbox 152 1803 934 1842">
    <p class='ocr_par' dir='ltr' id='par_1_36' title="bbox 152 1803 934 1842">
     <span class='ocr_line' id='line_1_36' title="bbox 152 1803 934 1842; baseline 0.006 -13"><span class='ocrx_word' id='word_1_236' title='bbox 152 1804 209 1835; x_wconf 79' lang='grc' dir='ltr'>τοϊς</span> <span class='ocrx_word' id='word_1_237' title='bbox 221 1803 268 1829; x_wconf 83' lang='grc' dir='ltr'>τοῦ</span> <span class='ocrx_word' id='word_1_238' title='bbox 284 1803 416 1839; x_wconf 80' lang='grc' dir='ltr'>ἐπάρχου.</span> <span class='ocrx_word' id='word_1_239' title='bbox 430 1804 467 1831; x_wconf 69' lang='lat' dir='ltr'><strong>To</strong></span> <span class='ocrx_word' id='word_1_240' title='bbox 483 1805 511 1831; x_wconf 82' lang='grc' dir='ltr'>δὲ</span> <span class='ocrx_word' id='word_1_241' title='bbox 529 1804 575 1831; x_wconf 82' lang='grc' dir='ltr'>τοῦ</span> <span class='ocrx_word' id='word_1_242' title='bbox 596 1807 761 1841; x_wconf 83' lang='grc' dir='ltr'>σκαρανίκου</span> <span class='ocrx_word' id='word_1_243' title='bbox 773 1807 854 1833; x_wconf 85' lang='grc' dir='ltr'>αὐτοῦ</span> <span class='ocrx_word' id='word_1_244' title='bbox 869 1808 934 1842; x_wconf 78' lang='grc' dir='ltr'>βλά-</span> 
     </span>
    </p>
   </div>
   <div class='ocr_carea' id='block_1_37' title="bbox 155 1849 933 1887">
    <p class='ocr_par' dir='ltr' id='par_1_37' title="bbox 155 1849 933 1887">
     <span class='ocr_line' id='line_1_37' title="bbox 155 1849 933 1887; baseline 0.005 -13"><span class='ocrx_word' id='word_1_245' title='bbox 155 1856 210 1875; x_wconf 83' lang='grc' dir='ltr'>τιον</span> <span class='ocrx_word' id='word_1_246' title='bbox 219 1849 437 1884; x_wconf 78' lang='grc' dir='ltr'>χρυσοκίτρινον,</span> <span class='ocrx_word' id='word_1_247' title='bbox 453 1850 715 1886; x_wconf 82' lang='grc' dir='ltr'>χρυσοκλαϐαρικὸν,</span> <span class='ocrx_word' id='word_1_248' title='bbox 746 1853 933 1887; x_wconf 79' lang='grc' dir='ltr'>συρματέῖνον,</span> 
     </span>
    </p>
   </div>
   <div class='ocr_carea' id='block_1_38' title="bbox 155 1890 935 1931">
    <p class='ocr_par' dir='ltr' id='par_1_38' title="bbox 155 1890 935 1931">
     <span class='ocr_line' id='line_1_38' title="bbox 155 1890 935 1931; baseline 0.009 -15"><span class='ocrx_word' id='word_1_249' title='bbox 155 1890 211 1925; x_wconf 70' lang='grc' dir='ltr'>ἔχει</span> <span class='ocrx_word' id='word_1_250' title='bbox 227 1892 382 1926; x_wconf 72' lang='grc' dir='ltr'>ἔμπροσθεν</span> <span class='ocrx_word' id='word_1_251' title='bbox 400 1893 449 1927; x_wconf 80' lang='grc' dir='ltr'>μὲν</span> <span class='ocrx_word' id='word_1_252' title='bbox 471 1893 516 1920; x_wconf 80' lang='grc' dir='ltr'><strong>τὸν</strong></span> <span class='ocrx_word' id='word_1_253' title='bbox 529 1893 639 1928; x_wconf 77' lang='grc' dir='ltr'>βασιλέα</span> <span class='ocrx_word' id='word_1_254' title='bbox 658 1896 797 1928; x_wconf 79' lang='grc' dir='ltr'>εικονικῶς</span> <span class='ocrx_word' id='word_1_255' title='bbox 812 1896 935 1931; x_wconf 84' lang='grc' dir='ltr'>καθήμε-</span> 
     </span>
    </p>
   </div>
   <div class='ocr_carea' id='block_1_39' title="bbox 155 1937 937 1977">
    <p class='ocr_par' dir='ltr' id='par_1_39' title="bbox 155 1937 937 1977">
     <span class='ocr_line' id='line_1_39' title="bbox 155 1937 937 1977; baseline 0.009 -15"><span class='ocrx_word' id='word_1_256' title='bbox 155 1945 199 1963; x_wconf 85' lang='grc' dir='ltr'><strong>νον</strong></span> <span class='ocrx_word' id='word_1_257' title='bbox 208 1937 254 1963; x_wconf 78' lang='grc' dir='ltr'><strong>ἐπὶ</strong></span> <span class='ocrx_word' id='word_1_258' title='bbox 269 1937 364 1972; x_wconf 82' lang='grc' dir='ltr'>θρόνου</span> <span class='ocrx_word' id='word_1_259' title='bbox 377 1939 476 1974; x_wconf 83' lang='grc' dir='ltr'>χρυσοῦ</span> <span class='ocrx_word' id='word_1_260' title='bbox 490 1939 638 1973; x_wconf 76' lang='grc' dir='ltr'>ἀναὸατοῦ,</span> <span class='ocrx_word' id='word_1_261' title='bbox 655 1941 766 1970; x_wconf 74' lang='grc' dir='ltr'>ὄπισθεν</span> <span class='ocrx_word' id='word_1_262' title='bbox 782 1943 809 1969; x_wconf 79' lang='grc' dir='ltr'>δὲ</span> <span class='ocrx_word' id='word_1_263' title='bbox 836 1943 877 1977; x_wconf 75' lang='grc' dir='ltr'><strong>ἐφ’</strong></span> <span class='ocrx_word' id='word_1_264' title='bbox 893 1943 937 1969; x_wconf 80' lang='grc' dir='ltr'><strong>ἴπ-</strong></span> 
     </span>
    </p>
   </div>
   <div class='ocr_carea' id='block_1_40' title="bbox 156 1985 936 2022">
    <p class='ocr_par' dir='ltr' id='par_1_40' title="bbox 156 1985 936 2022">
     <span class='ocr_line' id='line_1_40' title="bbox 156 1985 936 2022; baseline 0.008 -12"><span class='ocrx_word' id='word_1_265' title='bbox 156 1992 217 2011; x_wconf 74' lang='grc' dir='ltr'>που.</span> <span class='ocrx_word' id='word_1_266' title='bbox 233 1985 269 2011; x_wconf 83' lang='grc' dir='ltr'><strong>Τὸ</strong></span> <span class='ocrx_word' id='word_1_267' title='bbox 280 1985 428 2013; x_wconf 82' lang='grc' dir='ltr'>δικανικιον</span> <span class='ocrx_word' id='word_1_268' title='bbox 443 1987 525 2014; x_wconf 83' lang='grc' dir='ltr'>αὑτοῦ</span> <span class='ocrx_word' id='word_1_269' title='bbox 551 1989 618 2022; x_wconf 85' lang='grc' dir='ltr'>μετὰ</span> <span class='ocrx_word' id='word_1_270' title='bbox 638 1989 682 2015; x_wconf 81' lang='grc' dir='ltr'><strong>τὸν</strong></span> <span class='ocrx_word' id='word_1_271' title='bbox 701 1990 792 2016; x_wconf 70' lang='grc' dir='ltr'>ἐπάνω</span> <span class='ocrx_word' id='word_1_272' title='bbox 811 1989 936 2016; x_wconf 85' lang='grc' dir='ltr'>κόνδυλον</span> 
     </span>
    </p>
   </div>
   <div class='ocr_carea' id='block_1_41' title="bbox 157 2030 935 2069">
    <p class='ocr_par' dir='ltr' id='par_1_41' title="bbox 157 2030 935 2069">
     <span class='ocr_line' id='line_1_41' title="bbox 157 2030 935 2069; baseline 0.009 -13"><span class='ocrx_word' id='word_1_273' title='bbox 157 2030 364 2066; x_wconf 68' lang='grc' dir='ltr'>κεχρυσωμένον</span> <span class='ocrx_word' id='word_1_274' title='bbox 383 2032 458 2065; x_wconf 69' lang='grc' dir='ltr'>ὄντα,</span> <span class='ocrx_word' id='word_1_275' title='bbox 488 2034 526 2065; x_wconf 85' lang='grc' dir='ltr'>ὼς</span> <span class='ocrx_word' id='word_1_276' title='bbox 554 2035 602 2061; x_wconf 86' lang='grc' dir='ltr'>καὶ</span> <span class='ocrx_word' id='word_1_277' title='bbox 624 2035 652 2060; x_wconf 81' lang='grc' dir='ltr'>ὲν</span> <span class='ocrx_word' id='word_1_278' title='bbox 668 2036 723 2066; x_wconf 80' lang='grc' dir='ltr'>τοῖς</span> <span class='ocrx_word' id='word_1_279' title='bbox 749 2035 803 2062; x_wconf 83' lang='grc' dir='ltr'><strong>τῶν</strong></span> <span class='ocrx_word' id='word_1_280' title='bbox 819 2036 935 2069; x_wconf 78' lang='grc' dir='ltr'>πάντων,</span> 
     </span>
    </p>
   </div>
   <div class='ocr_carea' id='block_1_42' title="bbox 158 2076 812 2114">
    <p class='ocr_par' dir='ltr' id='par_1_42' title="bbox 158 2076 812 2114">
     <span class='ocr_line' id='line_1_42' title="bbox 158 2076 812 2114; baseline 0.009 -12"><span class='ocrx_word' id='word_1_281' title='bbox 158 2076 378 2110; x_wconf 83' lang='grc' dir='ltr'>χρυσοκόκκινον,</span> <span class='ocrx_word' id='word_1_282' title='bbox 393 2078 646 2114; x_wconf 77' lang='grc' dir='ltr'>κεκαλλωπισμένον</span> <span class='ocrx_word' id='word_1_283' title='bbox 662 2080 713 2112; x_wconf 75' lang='grc' dir='ltr'><strong>ἓως</strong></span> <span class='ocrx_word' id='word_1_284' title='bbox 729 2081 812 2109; x_wconf 78' lang='grc' dir='ltr'>κάτω;</span> 
     </span>
    </p>
   </div>
   <div class='ocr_carea' id='block_1_43' title="bbox 191 2166 938 2205">
    <p class='ocr_par' dir='ltr' id='par_1_43' title="bbox 191 2166 938 2205">
     <span class='ocr_line' id='line_1_43' title="bbox 191 2166 938 2205; baseline 0.007 -12"><span class='ocrx_word' id='word_1_285' title='bbox 191 2166 346 2202; x_wconf 77' lang='grc' dir='ltr'>Σημείωσαι</span> <span class='ocrx_word' id='word_1_286' title='bbox 359 2168 399 2194; x_wconf 83' lang='grc' dir='ltr'><strong>ὅτι</strong></span> <span class='ocrx_word' id='word_1_287' title='bbox 424 2167 477 2195; x_wconf 80' lang='grc' dir='ltr'>ἀπὸ</span> <span class='ocrx_word' id='word_1_288' title='bbox 493 2167 540 2195; x_wconf 79' lang='grc' dir='ltr'>τοῦ</span> <span class='ocrx_word' id='word_1_289' title='bbox 552 2168 670 2203; x_wconf 82' lang='grc' dir='ltr'>μεγάλου</span> <span class='ocrx_word' id='word_1_290' title='bbox 686 2167 844 2204; x_wconf 79' lang='grc' dir='ltr'>δομεστίκου</span> <span class='ocrx_word' id='word_1_291' title='bbox 859 2171 938 2205; x_wconf 86' lang='grc' dir='ltr'>μέχρι</span> 
     </span>
    </p>
   </div>
   <div class='ocr_carea' id='block_1_44' title="bbox 158 2212 975 2256">
    <p class='ocr_par' dir='ltr' id='par_1_44' title="bbox 158 2212 975 2256">
     <span class='ocr_line' id='line_1_44' title="bbox 158 2212 975 2256; baseline 0.006 -19"><span class='ocrx_word' id='word_1_292' title='bbox 158 2213 202 2238; x_wconf 66' lang='grc' dir='ltr'>καὶ</span> <span class='ocrx_word' id='word_1_293' title='bbox 230 2212 278 2239; x_wconf 82' lang='grc' dir='ltr'>τοῦ</span> <span class='ocrx_word' id='word_1_294' title='bbox 310 2213 392 2239; x_wconf 80' lang='grc' dir='ltr'>αὑτοῦ</span> <span class='ocrx_word' id='word_1_295' title='bbox 413 2213 530 2248; x_wconf 76' lang='grc' dir='ltr'>μεγάλου</span> <span class='ocrx_word' id='word_1_296' title='bbox 554 2215 734 2250; x_wconf 85' lang='grc' dir='ltr'>δρουγγαρίου</span> <span class='ocrx_word' id='word_1_297' title='bbox 759 2215 808 2249; x_wconf 81' lang='grc' dir='ltr'><strong>τῆς</strong></span> <span class='ocrx_word' id='word_1_298' title='bbox 841 2215 936 2250; x_wconf 82' lang='grc' dir='ltr'>βίγλης</span> <span class='ocrx_word' id='word_1_299' title='bbox 950 2226 975 2256; x_wconf 80' lang='lat' dir='ltr'><strong>D</strong></span> 
     </span>
    </p>
   </div>
   <div class='ocr_carea' id='block_1_45' title="bbox 157 2256 937 2295">
    <p class='ocr_par' dir='ltr' id='par_1_45' title="bbox 157 2256 937 2295">
     <span class='ocr_line' id='line_1_45' title="bbox 157 2256 937 2295; baseline 0.006 -13"><span class='ocrx_word' id='word_1_300' title='bbox 157 2256 255 2289; x_wconf 78' lang='grc' dir='ltr'>πάντες</span> <span class='ocrx_word' id='word_1_301' title='bbox 272 2257 409 2293; x_wconf 81' lang='grc' dir='ltr'>ἄρχοντες,</span> <span class='ocrx_word' id='word_1_302' title='bbox 422 2259 464 2286; x_wconf 82' lang='grc' dir='ltr'><strong>ὅτε</strong></span> <span class='ocrx_word' id='word_1_303' title='bbox 481 2260 531 2295; x_wconf 71' lang='grc' dir='ltr'>μὲν</span> <span class='ocrx_word' id='word_1_304' title='bbox 545 2259 698 2295; x_wconf 79' lang='grc' dir='ltr'>βούλονται,</span> <span class='ocrx_word' id='word_1_305' title='bbox 718 2260 844 2294; x_wconf 83' lang='grc' dir='ltr'>φοροῦσιν</span> <span class='ocrx_word' id='word_1_306' title='bbox 868 2262 937 2288; x_wconf 76' lang='grc' dir='ltr'>καδ-</span> 
     </span>
    </p>
   </div>
   <div class='ocr_carea' id='block_1_46' title="bbox 157 2301 938 2341">
    <p class='ocr_par' dir='ltr' id='par_1_46' title="bbox 157 2301 938 2341">
     <span class='ocr_line' id='line_1_46' title="bbox 157 2301 938 2341; baseline 0.006 -12"><span class='ocrx_word' id='word_1_307' title='bbox 157 2301 244 2336; x_wconf 75' lang='grc' dir='ltr'>δὰδια,</span> <span class='ocrx_word' id='word_1_308' title='bbox 271 2303 317 2330; x_wconf 81' lang='grc' dir='ltr'><strong>ὅτε</strong></span> <span class='ocrx_word' id='word_1_309' title='bbox 339 2303 377 2336; x_wconf 81' lang='grc' dir='ltr'><strong>δὲ,</strong></span> <span class='ocrx_word' id='word_1_310' title='bbox 401 2305 560 2341; x_wconf 80' lang='grc' dir='ltr'>ἐπιλούρικσ.</span> <span class='ocrx_word' id='word_1_311' title='bbox 575 2314 582 2321; x_wconf 92' lang='grc'><strong>·</strong></span> <span class='ocrx_word' id='word_1_312' title='bbox 611 2306 666 2332; x_wconf 74' lang='grc' dir='ltr'><strong>ἀπὸ</strong></span> <span class='ocrx_word' id='word_1_313' title='bbox 691 2306 718 2332; x_wconf 76' lang='grc' dir='ltr'>δὲ</span> <span class='ocrx_word' id='word_1_314' title='bbox 735 2305 781 2332; x_wconf 81' lang='grc' dir='ltr'>τοῦ</span> <span class='ocrx_word' id='word_1_315' title='bbox 794 2307 874 2334; x_wconf 80' lang='grc' dir='ltr'>αὑτοῦ</span> <span class='ocrx_word' id='word_1_316' title='bbox 892 2309 938 2335; x_wconf 71' lang='grc' dir='ltr'><strong>καὶ</strong></span> 
     </span>
    </p>
   </div>
   <div class='ocr_carea' id='block_1_47' title="bbox 159 2347 404 2382">
    <p class='ocr_par' dir='ltr' id='par_1_47' title="bbox 159 2347 404 2382">
     <span class='ocr_line' id='line_1_47' title="bbox 159 2347 404 2382; baseline 0.008 -9"><span class='ocrx_word' id='word_1_317' title='bbox 159 2348 232 2374; x_wconf 81' lang='grc' dir='ltr'>κάτω</span> <span class='ocrx_word' id='word_1_318' title='bbox 247 2347 296 2382; x_wconf 83' lang='grc' dir='ltr'>οὐχ</span> <span class='ocrx_word' id='word_1_319' title='bbox 309 2347 404 2379; x_wconf 78' lang='grc' dir='ltr'>οὕτως.</span> 
     </span>
    </p>
   </div>
   <div class='ocr_carea' id='block_1_48' title="bbox 193 2394 936 2431">
    <p class='ocr_par' dir='ltr' id='par_1_48' title="bbox 193 2394 936 2431">
     <span class='ocr_line' id='line_1_48' title="bbox 193 2394 936 2431; baseline 0.005 -11"><span class='ocrx_word' id='word_1_320' title='bbox 193 2394 232 2420; x_wconf 83' lang='grc' dir='ltr'>Τὰ</span> <span class='ocrx_word' id='word_1_321' title='bbox 245 2394 292 2420; x_wconf 82' lang='grc' dir='ltr'>τοῦ</span> <span class='ocrx_word' id='word_1_322' title='bbox 309 2394 425 2428; x_wconf 76' lang='grc' dir='ltr'>μεγάλου</span> <span class='ocrx_word' id='word_1_323' title='bbox 442 2395 613 2431; x_wconf 77' lang='grc' dir='ltr'>ἐταιριάρχου</span> <span class='ocrx_word' id='word_1_324' title='bbox 631 2396 771 2431; x_wconf 79' lang='grc' dir='ltr'>φορέματα</span> <span class='ocrx_word' id='word_1_325' title='bbox 787 2395 831 2424; x_wconf 77' lang='grc' dir='ltr'><strong>οἷα</strong></span> <span class='ocrx_word' id='word_1_326' title='bbox 847 2398 880 2424; x_wconf 84' lang='grc' dir='ltr'><strong>τὰ</strong></span> <span class='ocrx_word' id='word_1_327' title='bbox 891 2398 936 2424; x_wconf 82' lang='grc' dir='ltr'>τοῦ</span> 
     </span>
    </p>
   </div>
   <div class='ocr_carea' id='block_1_49' title="bbox 164 2439 938 2480">
    <p class='ocr_par' dir='ltr' id='par_1_49' title="bbox 164 2439 938 2480">
     <span class='ocr_line' id='line_1_49' title="bbox 164 2439 938 2480; baseline 0.005 -16"><span class='ocrx_word' id='word_1_328' title='bbox 164 2439 279 2472; x_wconf 79' lang='grc' dir='ltr'>μεγάλου</span> <span class='ocrx_word' id='word_1_329' title='bbox 293 2439 482 2476; x_wconf 83' lang='grc' dir='ltr'>δρουγγαρίου.</span> <span class='ocrx_word' id='word_1_330' title='bbox 499 2441 536 2468; x_wconf 71' lang='lat' dir='ltr'><strong>Th</strong></span> <span class='ocrx_word' id='word_1_331' title='bbox 557 2442 706 2469; x_wconf 80' lang='grc' dir='ltr'>δικανικιον</span> <span class='ocrx_word' id='word_1_332' title='bbox 729 2443 822 2476; x_wconf 84' lang='grc' dir='ltr'>αὑτοῦ,</span> <span class='ocrx_word' id='word_1_333' title='bbox 845 2443 938 2480; x_wconf 73' lang='grc' dir='ltr'>ὥσπερ</span> 
     </span>
    </p>
   </div>
   <div class='ocr_carea' id='block_1_50' title="bbox 162 2482 940 2523">
    <p class='ocr_par' dir='ltr' id='par_1_50' title="bbox 162 2482 940 2523">
     <span class='ocr_line' id='line_1_50' title="bbox 162 2482 940 2523; baseline 0.005 -12"><span class='ocrx_word' id='word_1_334' title='bbox 162 2485 250 2512; x_wconf 76' lang='grc' dir='ltr'>τὸτοῦ</span> <span class='ocrx_word' id='word_1_335' title='bbox 271 2485 390 2521; x_wconf 82' lang='grc' dir='ltr'>μεγάλου</span> <span class='ocrx_word' id='word_1_336' title='bbox 417 2487 596 2522; x_wconf 73' lang='grc' dir='ltr'>δρουγγαρίου</span> <span class='ocrx_word' id='word_1_337' title='bbox 622 2482 842 2523; x_wconf 73' lang='grc' dir='ltr'>χρυσοκόκκινον,</span> <span class='ocrx_word' id='word_1_338' title='bbox 869 2488 940 2516; x_wconf 75' lang='grc' dir='ltr'><strong>οὕτω</strong></span> 
     </span>
    </p>
   </div>
   <div class='ocr_carea' id='block_1_51' title="bbox 165 2531 654 2568">
    <p class='ocr_par' dir='ltr' id='par_1_51' title="bbox 165 2531 654 2568">
     <span class='ocr_line' id='line_1_51' title="bbox 165 2531 654 2568; baseline 0.006 -11"><span class='ocrx_word' id='word_1_339' title='bbox 165 2531 239 2558; x_wconf 80' lang='grc' dir='ltr'>τοῦτο</span> <span class='ocrx_word' id='word_1_340' title='bbox 250 2533 449 2568; x_wconf 80' lang='grc' dir='ltr'>χρυσοηέρανον</span> <span class='ocrx_word' id='word_1_341' title='bbox 459 2533 654 2568; x_wconf 79' lang='grc' dir='ltr'>κεκλωσμένον.</span> 
     </span>
    </p>
   </div>
   <div class='ocr_carea' id='block_1_52' title="bbox 197 2577 939 2617">
    <p class='ocr_par' dir='ltr' id='par_1_52' title="bbox 197 2577 939 2617">
     <span class='ocr_line' id='line_1_52' title="bbox 197 2577 939 2617; baseline 0.008 -14"><span class='ocrx_word' id='word_1_342' title='bbox 197 2577 238 2603; x_wconf 78' lang='grc' dir='ltr'><strong>Τὰ</strong></span> <span class='ocrx_word' id='word_1_343' title='bbox 247 2578 293 2604; x_wconf 86' lang='grc' dir='ltr'>τοῦ</span> <span class='ocrx_word' id='word_1_344' title='bbox 310 2579 427 2612; x_wconf 83' lang='grc' dir='ltr'>μεγάλου</span> <span class='ocrx_word' id='word_1_345' title='bbox 440 2580 636 2616; x_wconf 82' lang='grc' dir='ltr'>χαρτου).αρίου</span> <span class='ocrx_word' id='word_1_346' title='bbox 652 2577 696 2607; x_wconf 76' lang='grc' dir='ltr'>οἶα</span> <span class='ocrx_word' id='word_1_347' title='bbox 714 2581 748 2608; x_wconf 85' lang='grc' dir='ltr'><strong>τὰ</strong></span> <span class='ocrx_word' id='word_1_348' title='bbox 762 2581 808 2608; x_wconf 81' lang='grc' dir='ltr'>τοῦ</span> <span class='ocrx_word' id='word_1_349' title='bbox 824 2581 939 2617; x_wconf 80' lang='grc' dir='ltr'>μεγάλου</span> 
     </span>
    </p>
   </div>
   <div class='ocr_carea' id='block_1_53' title="bbox 166 2624 645 2659">
    <p class='ocr_par' dir='ltr' id='par_1_53' title="bbox 166 2624 645 2659">
     <span class='ocr_line' id='line_1_53' title="bbox 166 2624 645 2659; baseline 0.01 -11"><span class='ocrx_word' id='word_1_350' title='bbox 166 2624 347 2659; x_wconf 73' lang='grc' dir='ltr'>ἐταιριάρχου,</span> <span class='ocrx_word' id='word_1_351' title='bbox 369 2625 432 2651; x_wconf 82' lang='grc' dir='ltr'>ἄνευ</span> <span class='ocrx_word' id='word_1_352' title='bbox 447 2625 475 2652; x_wconf 77' lang='grc' dir='ltr'>δὲ</span> <span class='ocrx_word' id='word_1_353' title='bbox 485 2625 645 2653; x_wconf 79' lang='grc' dir='ltr'>δικανικιου.</span> 
     </span>
    </p>
   </div>
   <div class='ocr_carea' id='block_1_54' title="bbox 202 2669 941 2708">
    <p class='ocr_par' dir='ltr' id='par_1_54' title="bbox 202 2669 941 2708">
     <span class='ocr_line' id='line_1_54' title="bbox 202 2669 941 2708; baseline 0.008 -13"><span class='ocrx_word' id='word_1_354' title='bbox 202 2670 237 2696; x_wconf 76' lang='grc' dir='ltr'>Τὸ</span> <span class='ocrx_word' id='word_1_355' title='bbox 246 2670 292 2696; x_wconf 80' lang='grc' dir='ltr'><strong>τοῦ</strong></span> <span class='ocrx_word' id='word_1_356' title='bbox 309 2669 450 2703; x_wconf 76' lang='grc' dir='ltr'>λογοθέτου</span> <span class='ocrx_word' id='word_1_357' title='bbox 468 2670 515 2697; x_wconf 77' lang='grc' dir='ltr'>τοῦ</span> <span class='ocrx_word' id='word_1_358' title='bbox 539 2671 638 2708; x_wconf 72' lang='grc' dir='ltr'>δρόμου</span> <span class='ocrx_word' id='word_1_359' title='bbox 653 2673 772 2699; x_wconf 87' lang='grc' dir='ltr'>σκιάδιον</span> <span class='ocrx_word' id='word_1_360' title='bbox 785 2671 839 2700; x_wconf 70' lang='grc' dir='ltr'>οἷον</span> <span class='ocrx_word' id='word_1_361' title='bbox 851 2675 881 2700; x_wconf 77' lang='grc' dir='ltr'><strong>τὸ</strong></span> <span class='ocrx_word' id='word_1_362' title='bbox 894 2674 941 2701; x_wconf 73' lang='grc' dir='ltr'>τοῦ</span> 
     </span>
    </p>
   </div>
   <div class='ocr_carea' id='block_1_55' title="bbox 170 2715 942 2753">
    <p class='ocr_par' dir='ltr' id='par_1_55' title="bbox 170 2715 942 2753">
     <span class='ocr_line' id='line_1_55' title="bbox 170 2715 942 2753; baseline 0.008 -13"><span class='ocrx_word' id='word_1_363' title='bbox 170 2716 284 2749; x_wconf 82' lang='grc' dir='ltr'>μεγάλου</span> <span class='ocrx_word' id='word_1_364' title='bbox 302 2715 508 2750; x_wconf 82' lang='grc' dir='ltr'>χαρτουλαριου.</span> <span class='ocrx_word' id='word_1_365' title='bbox 531 2717 688 2744; x_wconf 75' lang='grc' dir='ltr'>Φακεωλιδα</span> <span class='ocrx_word' id='word_1_366' title='bbox 711 2718 739 2744; x_wconf 86' lang='grc' dir='ltr'>δὲ</span> <span class='ocrx_word' id='word_1_367' title='bbox 765 2719 843 2753; x_wconf 85' lang='grc' dir='ltr'>φορεῖ</span> <span class='ocrx_word' id='word_1_368' title='bbox 865 2717 942 2752; x_wconf 75' lang='grc' dir='ltr'>οὗτος</span> 
     </span>
    </p>
   </div>
   <div class='ocr_carea' id='block_1_56' title="bbox 171 2761 710 2798">
    <p class='ocr_par' dir='ltr' id='par_1_56' title="bbox 171 2761 710 2798">
     <span class='ocr_line' id='line_1_56' title="bbox 171 2761 710 2798; baseline 0.007 -12"><span class='ocrx_word' id='word_1_369' title='bbox 171 2761 215 2786; x_wconf 78' lang='grc' dir='ltr'>καὶ</span> <span class='ocrx_word' id='word_1_370' title='bbox 231 2761 408 2796; x_wconf 79' lang='grc' dir='ltr'>ἐπιλούρικον,</span> <span class='ocrx_word' id='word_1_371' title='bbox 420 2762 450 2788; x_wconf 90' lang='grc' dir='ltr'>οὐ</span> <span class='ocrx_word' id='word_1_372' title='bbox 465 2764 518 2797; x_wconf 86' lang='grc' dir='ltr'>μὴν</span> <span class='ocrx_word' id='word_1_373' title='bbox 536 2764 710 2798; x_wconf 82' lang='grc' dir='ltr'>σκαράνικον.</span> 
     </span>
    </p>
   </div>
   <div class='ocr_carea' id='block_1_57' title="bbox 207 2805 942 2844">
    <p class='ocr_par' dir='ltr' id='par_1_57' title="bbox 207 2805 942 2844">
     <span class='ocr_line' id='line_1_57' title="bbox 207 2805 942 2844; baseline 0.007 -12"><span class='ocrx_word' id='word_1_374' title='bbox 207 2805 242 2832; x_wconf 75' lang='grc' dir='ltr'><strong>Τὸ</strong></span> <span class='ocrx_word' id='word_1_375' title='bbox 255 2806 302 2832; x_wconf 84' lang='grc' dir='ltr'>τοῦ</span> <span class='ocrx_word' id='word_1_376' title='bbox 322 2808 562 2843; x_wconf 74' lang='grc' dir='ltr'>πρωτοασηκρῆτις</span> <span class='ocrx_word' id='word_1_377' title='bbox 591 2809 710 2836; x_wconf 80' lang='grc' dir='ltr'>σκιάδιον</span> <span class='ocrx_word' id='word_1_378' title='bbox 734 2808 850 2844; x_wconf 84' lang='grc' dir='ltr'>βλάτιον,</span> <span class='ocrx_word' id='word_1_379' title='bbox 873 2810 942 2836; x_wconf 66' lang='lat'><strong>5:60-</strong></span> 
     </span>
    </p>
   </div>
   <div class='ocr_carea' id='block_1_58' title="bbox 172 2850 941 2896">
    <p class='ocr_par' dir='ltr' id='par_1_58' title="bbox 172 2850 941 2896">
     <span class='ocr_line' id='line_1_58' title="bbox 172 2850 941 2896; baseline 0.01 -21"><span class='ocrx_word' id='word_1_380' title='bbox 172 2850 238 2883; x_wconf 71' lang='grc' dir='ltr'>λέον,</span> <span class='ocrx_word' id='word_1_381' title='bbox 251 2851 391 2885; x_wconf 80' lang='grc' dir='ltr'>χρώματος</span> <span class='ocrx_word' id='word_1_382' title='bbox 414 2852 487 2886; x_wconf 77' lang='grc' dir='ltr'>ὀξέος</span> <span class='ocrx_word' id='word_1_383' title='bbox 507 2853 552 2880; x_wconf 79' lang='grc' dir='ltr'>καὶ</span> <span class='ocrx_word' id='word_1_384' title='bbox 575 2854 684 2886; x_wconf 76' lang='grc' dir='ltr'>λευκοῦ,</span> <span class='ocrx_word' id='word_1_385' title='bbox 703 2855 763 2889; x_wconf 79' lang='grc' dir='ltr'>ἔχον</span> <span class='ocrx_word' id='word_1_386' title='bbox 792 2856 941 2896; x_wconf 62' lang='grc' dir='ltr'>μαργέλλια</span> 
     </span>
    </p>
   </div>
   <div class='ocr_carea' id='block_1_59' title="bbox 274 2899 608 2931">
    <p class='ocr_par' dir='ltr' id='par_1_59' title="bbox 274 2899 608 2931">
     <span class='ocr_line' id='line_1_59' title="bbox 274 2899 608 2931; baseline 0.009 -4"><span class='ocrx_word' id='word_1_387' title='bbox 274 2900 405 2928; x_wconf 72' lang='grc' dir='ltr'>ι’Δτιιοι.</span> <span class='ocrx_word' id='word_1_388' title='bbox 420 2899 477 2930; x_wconf 74' lang='lat' dir='ltr'><strong>Gn.</strong></span> <span class='ocrx_word' id='word_1_389' title='bbox 494 2899 608 2931; x_wconf 82' lang='lat' dir='ltr'><strong>CLVII.</strong></span> 
     </span>
    </p>
   </div>
   <div class='ocr_carea' id='block_1_60' title="bbox 976 251 1758 288">
    <p class='ocr_par' dir='ltr' id='par_1_60' title="bbox 976 251 1758 288">
     <span class='ocr_line' id='line_1_60' title="bbox 976 251 1758 288; baseline -0.004 -8"><span class='ocrx_word' id='word_1_390' title='bbox 976 261 1038 281; x_wconf 91' lang='lat' dir='ltr'><strong>cum</strong></span> <span class='ocrx_word' id='word_1_391' title='bbox 1057 253 1212 288; x_wconf 76' lang='lat' dir='ltr'><strong>insignibus</strong></span> <span class='ocrx_word' id='word_1_392' title='bbox 1240 252 1407 280; x_wconf 86' lang='lat' dir='ltr'><strong>accubitoris</strong></span> <span class='ocrx_word' id='word_1_393' title='bbox 1433 251 1512 286; x_wconf 82' lang='lat' dir='ltr'><strong>sigilli</strong></span> <span class='ocrx_word' id='word_1_394' title='bbox 1540 258 1587 278; x_wconf 90' lang='lat' dir='ltr'><strong>seu</strong></span> <span class='ocrx_word' id='word_1_395' title='bbox 1613 251 1758 284; x_wconf 78' lang='lat' dir='ltr'><strong>sigilliferi.</strong></span> 
     </span>
    </p>
   </div>
   <div class='ocr_carea' id='block_1_61' title="bbox 977 295 1760 332">
    <p class='ocr_par' dir='ltr' id='par_1_61' title="bbox 977 295 1760 332">
     <span class='ocr_line' id='line_1_61' title="bbox 977 295 1760 332; baseline -0.005 -7"><span class='ocrx_word' id='word_1_396' title='bbox 977 302 1092 332; x_wconf 84' lang='lat' dir='ltr'><strong>excepto</strong></span> <span class='ocrx_word' id='word_1_397' title='bbox 1107 297 1178 332; x_wconf 90' lang='lat' dir='ltr'><strong>quod</strong></span> <span class='ocrx_word' id='word_1_398' title='bbox 1196 297 1300 332; x_wconf 83' lang='lat' dir='ltr'><strong>primus</strong></span> <span class='ocrx_word' id='word_1_399' title='bbox 1315 297 1437 324; x_wconf 81' lang='lat' dir='ltr'><strong>calamus</strong></span> <span class='ocrx_word' id='word_1_400' title='bbox 1450 295 1539 323; x_wconf 82' lang='lat' dir='ltr'><strong>baculi</strong></span> <span class='ocrx_word' id='word_1_401' title='bbox 1554 302 1595 323; x_wconf 85' lang='lat' dir='ltr'><strong>est</strong></span> <span class='ocrx_word' id='word_1_402' title='bbox 1605 303 1714 326; x_wconf 82' lang='lat' dir='ltr'><strong>aureus.</strong></span> <span class='ocrx_word' id='word_1_403' title='bbox 1732 300 1760 322; x_wconf 92' lang='lat' dir='ltr'><strong>ut</strong></span> 
     </span>
    </p>
   </div>
   <div class='ocr_carea' id='block_1_62' title="bbox 974 342 1761 378">
    <p class='ocr_par' dir='ltr' id='par_1_62' title="bbox 974 342 1761 378">
     <span class='ocr_line' id='line_1_62' title="bbox 974 342 1761 378; baseline -0.005 -7"><span class='ocrx_word' id='word_1_404' title='bbox 974 349 1003 371; x_wconf 89' lang='lat' dir='ltr'><strong>et</strong></span> <span class='ocrx_word' id='word_1_405' title='bbox 1017 344 1144 376; x_wconf 82' lang='lat' dir='ltr'><strong>aliorum,</strong></span> <span class='ocrx_word' id='word_1_406' title='bbox 1163 347 1308 378; x_wconf 73' lang='lat' dir='ltr'><strong>sequentes</strong></span> <span class='ocrx_word' id='word_1_407' title='bbox 1325 349 1390 370; x_wconf 89' lang='lat' dir='ltr'><strong>vero</strong></span> <span class='ocrx_word' id='word_1_408' title='bbox 1408 342 1440 369; x_wconf 88' lang='lat' dir='ltr'><strong>ad</strong></span> <span class='ocrx_word' id='word_1_409' title='bbox 1462 343 1542 369; x_wconf 85' lang='lat' dir='ltr'><strong>linem</strong></span> <span class='ocrx_word' id='word_1_410' title='bbox 1556 348 1643 376; x_wconf 86' lang='lat' dir='ltr'><strong>usque</strong></span> <span class='ocrx_word' id='word_1_411' title='bbox 1658 349 1691 368; x_wconf 82' lang='lat' dir='ltr'><strong>ex</strong></span> <span class='ocrx_word' id='word_1_412' title='bbox 1711 349 1761 368; x_wconf 81' lang='lat' dir='ltr'><strong>au-</strong></span> 
     </span>
    </p>
   </div>
   <div class='ocr_carea' id='block_1_63' title="bbox 975 386 1336 418">
    <p class='ocr_par' dir='ltr' id='par_1_63' title="bbox 975 386 1336 418">
     <span class='ocr_line' id='line_1_63' title="bbox 975 386 1336 418; baseline -0.003 -1"><span class='ocrx_word' id='word_1_413' title='bbox 975 397 1023 418; x_wconf 89' lang='lat' dir='ltr'><strong>reo</strong></span> <span class='ocrx_word' id='word_1_414' title='bbox 1035 395 1061 416; x_wconf 88' lang='lat' dir='ltr'><strong>et</strong></span> <span class='ocrx_word' id='word_1_415' title='bbox 1077 390 1138 417; x_wconf 86' lang='lat' dir='ltr'><strong>albo</strong></span> <span class='ocrx_word' id='word_1_416' title='bbox 1153 386 1245 417; x_wconf 77' lang='lat' dir='ltr'><strong>colore</strong></span> <span class='ocrx_word' id='word_1_417' title='bbox 1263 389 1336 416; x_wconf 82' lang='lat' dir='ltr'><strong>nexi.</strong></span> 
     </span>
    </p>
   </div>
   <div class='ocr_carea' id='block_1_64' title="bbox 1011 434 1760 471">
    <p class='ocr_par' dir='ltr' id='par_1_64' title="bbox 1011 434 1760 471">
     <span class='ocr_line' id='line_1_64' title="bbox 1011 434 1760 471; baseline -0.005 -8"><span class='ocrx_word' id='word_1_418' title='bbox 1011 436 1165 471; x_wconf 62' lang='lat' dir='ltr'><strong>Logothetie</strong></span> <span class='ocrx_word' id='word_1_419' title='bbox 1178 435 1313 471; x_wconf 73' lang='lat' dir='ltr'><strong>generalis</strong></span> <span class='ocrx_word' id='word_1_420' title='bbox 1329 435 1417 462; x_wconf 72' lang='lat' dir='ltr'><strong>aerarii</strong></span> <span class='ocrx_word' id='word_1_421' title='bbox 1430 436 1518 470; x_wconf 87' lang='lat' dir='ltr'><strong>pileus</strong></span> <span class='ocrx_word' id='word_1_422' title='bbox 1538 438 1580 462; x_wconf 81' lang='lat' dir='ltr'><strong>est</strong></span> <span class='ocrx_word' id='word_1_423' title='bbox 1598 434 1675 461; x_wconf 83' lang='lat' dir='ltr'><strong>albus</strong></span> <span class='ocrx_word' id='word_1_424' title='bbox 1691 440 1760 468; x_wconf 76' lang='lat' dir='ltr'><strong>pan~</strong></span> 
     </span>
    </p>
   </div>
   <div class='ocr_carea' id='block_1_65' title="bbox 976 481 1760 516">
    <p class='ocr_par' dir='ltr' id='par_1_65' title="bbox 976 481 1760 516">
     <span class='ocr_line' id='line_1_65' title="bbox 976 481 1760 516; baseline -0.004 -7"><span class='ocrx_word' id='word_1_425' title='bbox 976 490 1026 509; x_wconf 82' lang='lat' dir='ltr'><strong>nus</strong></span> <span class='ocrx_word' id='word_1_426' title='bbox 1053 489 1114 508; x_wconf 87' lang='lat' dir='ltr'><strong>cum</strong></span> <span class='ocrx_word' id='word_1_427' title='bbox 1145 482 1292 516; x_wconf 85' lang='lat' dir='ltr'><strong>margellis.</strong></span> <span class='ocrx_word' id='word_1_428' title='bbox 1319 481 1488 509; x_wconf 83' lang='lat' dir='ltr'><strong>Cahbadium</strong></span> <span class='ocrx_word' id='word_1_429' title='bbox 1505 490 1536 508; x_wconf 87' lang='lat' dir='ltr'><strong>ex</strong></span> <span class='ocrx_word' id='word_1_430' title='bbox 1554 481 1588 508; x_wconf 88' lang='lat' dir='ltr'><strong>iis</strong></span> <span class='ocrx_word' id='word_1_431' title='bbox 1607 487 1667 515; x_wconf 66' lang='lat' dir='ltr'><strong>qua:</strong></span> <span class='ocrx_word' id='word_1_432' title='bbox 1683 487 1760 507; x_wconf 86' lang='lat' dir='ltr'><strong>com-</strong></span> 
     </span>
    </p>
   </div>
   <div class='ocr_carea' id='block_1_66' title="bbox 979 521 1758 563">
    <p class='ocr_par' dir='ltr' id='par_1_66' title="bbox 979 521 1758 563">
     <span class='ocr_line' id='line_1_66' title="bbox 979 521 1758 563; baseline -0.004 -8"><span class='ocrx_word' id='word_1_433' title='bbox 979 528 1055 555; x_wconf 91' lang='lat' dir='ltr'><strong>muni</strong></span> <span class='ocrx_word' id='word_1_434' title='bbox 1073 535 1150 555; x_wconf 91' lang='lat' dir='ltr'><strong>more</strong></span> <span class='ocrx_word' id='word_1_435' title='bbox 1162 528 1261 563; x_wconf 84' lang='lat' dir='ltr'><strong>gestari</strong></span> <span class='ocrx_word' id='word_1_436' title='bbox 1275 529 1363 555; x_wconf 85' lang='lat' dir='ltr'><strong>solent</strong></span> <span class='ocrx_word' id='word_1_437' title='bbox 1376 527 1474 562; x_wconf 71' lang='lat' dir='ltr'><strong>pannis</strong></span> <span class='ocrx_word' id='word_1_438' title='bbox 1491 521 1599 556; x_wconf 76' lang='lat' dir='ltr'><strong>sericis.</strong></span> <span class='ocrx_word' id='word_1_439' title='bbox 1627 526 1758 554; x_wconf 87' lang='lat' dir='ltr'><strong>Scarani-</strong></span> 
     </span>
    </p>
   </div>
   <div class='ocr_carea' id='block_1_67' title="bbox 977 573 1760 609">
    <p class='ocr_par' dir='ltr' id='par_1_67' title="bbox 977 573 1760 609">
     <span class='ocr_line' id='line_1_67' title="bbox 977 573 1760 609; baseline -0.004 -8"><span class='ocrx_word' id='word_1_440' title='bbox 977 583 1037 602; x_wconf 89' lang='lat' dir='ltr'><strong>cum</strong></span> <span class='ocrx_word' id='word_1_441' title='bbox 1058 575 1134 601; x_wconf 89' lang='lat' dir='ltr'><strong>aurei</strong></span> <span class='ocrx_word' id='word_1_442' title='bbox 1149 579 1176 601; x_wconf 86' lang='lat' dir='ltr'><strong>et</strong></span> <span class='ocrx_word' id='word_1_443' title='bbox 1191 575 1245 601; x_wconf 85' lang='lat' dir='ltr'><strong>albi</strong></span> <span class='ocrx_word' id='word_1_444' title='bbox 1257 575 1358 601; x_wconf 87' lang='lat' dir='ltr'><strong>coloris</strong></span> <span class='ocrx_word' id='word_1_445' title='bbox 1376 579 1426 606; x_wconf 85' lang='lat' dir='ltr'><strong>est,</strong></span> <span class='ocrx_word' id='word_1_446' title='bbox 1455 582 1544 609; x_wconf 88' lang='lat' dir='ltr'><strong>panno</strong></span> <span class='ocrx_word' id='word_1_447' title='bbox 1560 574 1648 601; x_wconf 89' lang='lat' dir='ltr'><strong>serico</strong></span> <span class='ocrx_word' id='word_1_448' title='bbox 1665 573 1760 600; x_wconf 88' lang='lat' dir='ltr'><strong>dnctili</strong></span> 
     </span>
    </p>
   </div>
   <div class='ocr_carea' id='block_1_68' title="bbox 977 619 1761 652">
    <p class='ocr_par' dir='ltr' id='par_1_68' title="bbox 977 619 1761 652">
     <span class='ocr_line' id='line_1_68' title="bbox 977 619 1761 652; baseline -0.003 -5"><span class='ocrx_word' id='word_1_449' title='bbox 977 627 1045 647; x_wconf 89' lang='lat' dir='ltr'><strong>auro</strong></span> <span class='ocrx_word' id='word_1_450' title='bbox 1066 624 1140 647; x_wconf 87' lang='lat' dir='ltr'><strong>texto</strong></span> <span class='ocrx_word' id='word_1_451' title='bbox 1156 619 1323 650; x_wconf 80' lang='lat' dir='ltr'><strong>coniectum,</strong></span> <span class='ocrx_word' id='word_1_452' title='bbox 1343 620 1446 647; x_wconf 80' lang='lat' dir='ltr'><strong>habens</strong></span> <span class='ocrx_word' id='word_1_453' title='bbox 1463 624 1524 646; x_wconf 87' lang='lat' dir='ltr'><strong>ante</strong></span> <span class='ocrx_word' id='word_1_454' title='bbox 1536 623 1562 646; x_wconf 82' lang='lat' dir='ltr'><strong>et</strong></span> <span class='ocrx_word' id='word_1_455' title='bbox 1583 623 1656 646; x_wconf 87' lang='lat' dir='ltr'><strong>retro</strong></span> <span class='ocrx_word' id='word_1_456' title='bbox 1675 619 1761 652; x_wconf 87' lang='lat' dir='ltr'><strong>impe-</strong></span> 
     </span>
    </p>
   </div>
   <div class='ocr_carea' id='block_1_69' title="bbox 977 665 1759 701">
    <p class='ocr_par' dir='ltr' id='par_1_69' title="bbox 977 665 1759 701">
     <span class='ocr_line' id='line_1_69' title="bbox 977 665 1759 701; baseline -0.005 -7"><span class='ocrx_word' id='word_1_457' title='bbox 977 667 1076 694; x_wconf 80' lang='lat' dir='ltr'><strong>ratoris</strong></span> <span class='ocrx_word' id='word_1_458' title='bbox 1091 666 1235 701; x_wconf 81' lang='lat' dir='ltr'><strong>imaginem</strong></span> <span class='ocrx_word' id='word_1_459' title='bbox 1246 674 1278 693; x_wconf 87' lang='lat' dir='ltr'><strong>ex</strong></span> <span class='ocrx_word' id='word_1_460' title='bbox 1293 666 1401 700; x_wconf 85' lang='lat' dir='ltr'><strong>liquato</strong></span> <span class='ocrx_word' id='word_1_461' title='bbox 1412 666 1444 693; x_wconf 88' lang='lat' dir='ltr'><strong>ad</strong></span> <span class='ocrx_word' id='word_1_462' title='bbox 1459 666 1626 700; x_wconf 86' lang='lat' dir='ltr'><strong>pigmentum</strong></span> <span class='ocrx_word' id='word_1_463' title='bbox 1639 665 1759 695; x_wconf 80' lang='lat' dir='ltr'><strong>metallo,</strong></span> 
     </span>
    </p>
   </div>
   <div class='ocr_carea' id='block_1_70' title="bbox 977 710 1762 746">
    <p class='ocr_par' dir='ltr' id='par_1_70' title="bbox 977 710 1762 746">
     <span class='ocr_line' id='line_1_70' title="bbox 977 710 1762 746; baseline -0.005 -6"><span class='ocrx_word' id='word_1_464' title='bbox 977 712 1133 746; x_wconf 74' lang='lat' dir='ltr'><strong>cuiusmodi</strong></span> <span class='ocrx_word' id='word_1_465' title='bbox 1148 711 1230 739; x_wconf 86' lang='lat' dir='ltr'><strong>etiam</strong></span> <span class='ocrx_word' id='word_1_466' title='bbox 1247 715 1288 740; x_wconf 77' lang='lat' dir='ltr'><strong>est</strong></span> <span class='ocrx_word' id='word_1_467' title='bbox 1315 711 1489 739; x_wconf 87' lang='lat' dir='ltr'><strong>scaranicum</strong></span> <span class='ocrx_word' id='word_1_468' title='bbox 1505 711 1663 745; x_wconf 84' lang='lat' dir='ltr'><strong>primicerii.</strong></span> <span class='ocrx_word' id='word_1_469' title='bbox 1680 710 1762 738; x_wconf 89' lang='lat' dir='ltr'><strong>Caret</strong></span> 
     </span>
    </p>
   </div>
   <div class='ocr_carea' id='block_1_71' title="bbox 977 758 1084 786">
    <p class='ocr_par' dir='ltr' id='par_1_71' title="bbox 977 758 1084 786">
     <span class='ocr_line' id='line_1_71' title="bbox 977 758 1084 786; baseline 0 -1"><span class='ocrx_word' id='word_1_470' title='bbox 977 758 1084 786; x_wconf 86' lang='lat' dir='ltr'><strong>baculo.</strong></span> 
     </span>
    </p>
   </div>
   <div class='ocr_carea' id='block_1_72' title="bbox 1013 801 1762 839">
    <p class='ocr_par' dir='ltr' id='par_1_72' title="bbox 1013 801 1762 839">
     <span class='ocr_line' id='line_1_72' title="bbox 1013 801 1762 839; baseline -0.003 -9"><span class='ocrx_word' id='word_1_471' title='bbox 1013 804 1243 832; x_wconf 72' lang='lat' dir='ltr'><strong>Protovesdaritae</strong></span> <span class='ocrx_word' id='word_1_472' title='bbox 1261 803 1348 839; x_wconf 86' lang='lat' dir='ltr'><strong>pileus</strong></span> <span class='ocrx_word' id='word_1_473' title='bbox 1378 811 1444 830; x_wconf 88' lang='lat' dir='ltr'><strong>auro</strong></span> <span class='ocrx_word' id='word_1_474' title='bbox 1469 807 1558 832; x_wconf 75' lang='lat' dir='ltr'><strong>textus</strong></span> <span class='ocrx_word' id='word_1_475' title='bbox 1575 806 1626 829; x_wconf 76' lang='lat' dir='ltr'><strong>est.</strong></span> <span class='ocrx_word' id='word_1_476' title='bbox 1656 801 1762 829; x_wconf 85' lang='lat' dir='ltr'><strong>Cabba-</strong></span> 
     </span>
    </p>
   </div>
   <div class='ocr_carea' id='block_1_73' title="bbox 979 849 1762 884">
    <p class='ocr_par' dir='ltr' id='par_1_73' title="bbox 979 849 1762 884">
     <span class='ocr_line' id='line_1_73' title="bbox 979 849 1762 884; baseline -0.001 -8"><span class='ocrx_word' id='word_1_477' title='bbox 979 850 1054 877; x_wconf 87' lang='lat' dir='ltr'><strong>dium</strong></span> <span class='ocrx_word' id='word_1_478' title='bbox 1069 854 1097 878; x_wconf 87' lang='lat' dir='ltr'><strong>et</strong></span> <span class='ocrx_word' id='word_1_479' title='bbox 1121 851 1289 878; x_wconf 85' lang='lat' dir='ltr'><strong>scaranicum</strong></span> <span class='ocrx_word' id='word_1_480' title='bbox 1318 850 1368 884; x_wconf 81' lang='lat'><strong>21</strong></span> <span class='ocrx_word' id='word_1_481' title='bbox 1388 850 1448 884; x_wconf 85' lang='lat' dir='ltr'><strong>ejus</strong></span> <span class='ocrx_word' id='word_1_482' title='bbox 1474 853 1503 876; x_wconf 91' lang='lat' dir='ltr'><strong>ut</strong></span> <span class='ocrx_word' id='word_1_483' title='bbox 1518 849 1662 884; x_wconf 68' lang='lat' dir='ltr'><strong>logothetae</strong></span> <span class='ocrx_word' id='word_1_484' title='bbox 1677 855 1762 883; x_wconf 85' lang='lat' dir='ltr'><strong>gene-</strong></span> 
     </span>
    </p>
   </div>
   <div class='ocr_carea' id='block_1_74' title="bbox 979 896 1760 930">
    <p class='ocr_par' dir='ltr' id='par_1_74' title="bbox 979 896 1760 930">
     <span class='ocr_line' id='line_1_74' title="bbox 979 896 1760 930; baseline -0.004 -7"><span class='ocrx_word' id='word_1_485' title='bbox 979 896 1044 923; x_wconf 86' lang='lat' dir='ltr'><strong>ralis</strong></span> <span class='ocrx_word' id='word_1_486' title='bbox 1061 896 1161 923; x_wconf 67' lang='lat' dir='ltr'><strong>aerarii.</strong></span> <span class='ocrx_word' id='word_1_487' title='bbox 1191 896 1282 923; x_wconf 86' lang='lat' dir='ltr'><strong>Baculi</strong></span> <span class='ocrx_word' id='word_1_488' title='bbox 1311 896 1415 930; x_wconf 89' lang='lat' dir='ltr'><strong>primus</strong></span> <span class='ocrx_word' id='word_1_489' title='bbox 1429 896 1554 922; x_wconf 83' lang='lat' dir='ltr'><strong>calamus</strong></span> <span class='ocrx_word' id='word_1_490' title='bbox 1577 899 1620 924; x_wconf 86' lang='lat' dir='ltr'><strong>est</strong></span> <span class='ocrx_word' id='word_1_491' title='bbox 1648 901 1760 925; x_wconf 80' lang='lat' dir='ltr'><strong>aureus,</strong></span> 
     </span>
    </p>
   </div>
   <div class='ocr_carea' id='block_1_75' title="bbox 977 939 1757 976">
    <p class='ocr_par' dir='ltr' id='par_1_75' title="bbox 977 939 1757 976">
     <span class='ocr_line' id='line_1_75' title="bbox 977 939 1757 976; baseline -0.004 -7"><span class='ocrx_word' id='word_1_492' title='bbox 977 947 1124 976; x_wconf 88' lang='lat' dir='ltr'><strong>sequentes</strong></span> <span class='ocrx_word' id='word_1_493' title='bbox 1136 942 1276 969; x_wconf 87' lang='lat' dir='ltr'><strong>storeatim</strong></span> <span class='ocrx_word' id='word_1_494' title='bbox 1293 941 1367 976; x_wconf 73' lang='lat' dir='ltr'><strong>plexi</strong></span> <span class='ocrx_word' id='word_1_495' title='bbox 1381 941 1457 968; x_wconf 85' lang='lat' dir='ltr'><strong>aurei</strong></span> <span class='ocrx_word' id='word_1_496' title='bbox 1469 945 1495 968; x_wconf 86' lang='lat' dir='ltr'><strong>et</strong></span> <span class='ocrx_word' id='word_1_497' title='bbox 1511 940 1631 968; x_wconf 86' lang='lat' dir='ltr'><strong>coccinei</strong></span> <span class='ocrx_word' id='word_1_498' title='bbox 1647 939 1757 968; x_wconf 89' lang='lat' dir='ltr'><strong>coloris.</strong></span> 
     </span>
    </p>
   </div>
   <div class='ocr_carea' id='block_1_76' title="bbox 1012 1028 1762 1063">
    <p class='ocr_par' dir='ltr' id='par_1_76' title="bbox 1012 1028 1762 1063">
     <span class='ocr_line' id='line_1_76' title="bbox 1012 1028 1762 1063; baseline -0.004 -5"><span class='ocrx_word' id='word_1_499' title='bbox 1012 1030 1169 1058; x_wconf 86' lang='lat' dir='ltr'><strong>Gcstamina</strong></span> <span class='ocrx_word' id='word_1_500' title='bbox 1199 1029 1340 1057; x_wconf 89' lang='lat' dir='ltr'><strong>domestici</strong></span> <span class='ocrx_word' id='word_1_501' title='bbox 1357 1037 1458 1057; x_wconf 69' lang='lat' dir='ltr'><strong>mensae</strong></span> <span class='ocrx_word' id='word_1_502' title='bbox 1484 1028 1548 1056; x_wconf 81' lang='lat' dir='ltr'><strong>talia</strong></span> <span class='ocrx_word' id='word_1_503' title='bbox 1569 1033 1642 1056; x_wconf 87' lang='lat' dir='ltr'><strong>.sunt</strong></span> <span class='ocrx_word' id='word_1_504' title='bbox 1671 1028 1762 1063; x_wconf 85' lang='lat' dir='ltr'><strong>qualia</strong></span> 
     </span>
    </p>
   </div>
   <div class='ocr_carea' id='block_1_77' title="bbox 978 1075 1545 1110">
    <p class='ocr_par' dir='ltr' id='par_1_77' title="bbox 978 1075 1545 1110">
     <span class='ocr_line' id='line_1_77' title="bbox 978 1075 1545 1110; baseline -0.002 -8"><span class='ocrx_word' id='word_1_505' title='bbox 978 1075 1216 1110; x_wconf 63' lang='lat' dir='ltr'><strong>protovestiaritm.</strong></span> <span class='ocrx_word' id='word_1_506' title='bbox 1237 1075 1319 1102; x_wconf 87' lang='lat' dir='ltr'><strong>Caret</strong></span> <span class='ocrx_word' id='word_1_507' title='bbox 1332 1080 1420 1102; x_wconf 84' lang='lat' dir='ltr'><strong>tamen</strong></span> <span class='ocrx_word' id='word_1_508' title='bbox 1436 1075 1545 1102; x_wconf 90' lang='lat' dir='ltr'><strong>baculo.</strong></span> 
     </span>
    </p>
   </div>
   <div class='ocr_carea' id='block_1_78' title="bbox 1014 1119 1764 1154">
    <p class='ocr_par' dir='ltr' id='par_1_78' title="bbox 1014 1119 1764 1154">
     <span class='ocr_line' id='line_1_78' title="bbox 1014 1119 1764 1154; baseline -0.001 -7"><span class='ocrx_word' id='word_1_509' title='bbox 1014 1120 1137 1148; x_wconf 66' lang='lat' dir='ltr'><strong>Prml’ecti</strong></span> <span class='ocrx_word' id='word_1_510' title='bbox 1152 1127 1253 1147; x_wconf 57' lang='lat' dir='ltr'><strong>mensa;</strong></span> <span class='ocrx_word' id='word_1_511' title='bbox 1268 1120 1357 1154; x_wconf 83' lang='lat' dir='ltr'><strong>qualia</strong></span> <span class='ocrx_word' id='word_1_512' title='bbox 1370 1119 1594 1154; x_wconf 76' lang='lat' dir='ltr'><strong>protovestiaritze</strong></span> <span class='ocrx_word' id='word_1_513' title='bbox 1610 1123 1638 1147; x_wconf 89' lang='lat' dir='ltr'><strong>et</strong></span> <span class='ocrx_word' id='word_1_514' title='bbox 1671 1119 1764 1146; x_wconf 80' lang='lat' dir='ltr'><strong>dome-</strong></span> 
     </span>
    </p>
   </div>
   <div class='ocr_carea' id='block_1_79' title="bbox 979 1165 1763 1200">
    <p class='ocr_par' dir='ltr' id='par_1_79' title="bbox 979 1165 1763 1200">
     <span class='ocr_line' id='line_1_79' title="bbox 979 1165 1763 1200; baseline -0.003 -7"><span class='ocrx_word' id='word_1_515' title='bbox 979 1166 1041 1194; x_wconf 92' lang='lat' dir='ltr'><strong>stici</strong></span> <span class='ocrx_word' id='word_1_516' title='bbox 1059 1173 1171 1193; x_wconf 68' lang='lat' dir='ltr'><strong>mensm.</strong></span> <span class='ocrx_word' id='word_1_517' title='bbox 1208 1166 1299 1192; x_wconf 84' lang='lat' dir='ltr'><strong>Baculi</strong></span> <span class='ocrx_word' id='word_1_518' title='bbox 1311 1166 1376 1200; x_wconf 75' lang='lat' dir='ltr'><strong>ejus</strong></span> <span class='ocrx_word' id='word_1_519' title='bbox 1393 1165 1497 1200; x_wconf 90' lang='lat' dir='ltr'><strong>primus</strong></span> <span class='ocrx_word' id='word_1_520' title='bbox 1513 1165 1634 1192; x_wconf 87' lang='lat' dir='ltr'><strong>calamus</strong></span> <span class='ocrx_word' id='word_1_521' title='bbox 1663 1172 1763 1192; x_wconf 79' lang='lat' dir='ltr'><strong>aureus</strong></span> 
     </span>
    </p>
   </div>
   <div class='ocr_carea' id='block_1_80' title="bbox 980 1210 1762 1246">
    <p class='ocr_par' dir='ltr' id='par_1_80' title="bbox 980 1210 1762 1246">
     <span class='ocr_line' id='line_1_80' title="bbox 980 1210 1762 1246; baseline -0.004 -7"><span class='ocrx_word' id='word_1_522' title='bbox 980 1215 1032 1243; x_wconf 83' lang='lat' dir='ltr'><strong>est,</strong></span> <span class='ocrx_word' id='word_1_523' title='bbox 1050 1211 1187 1239; x_wconf 86' lang='lat' dir='ltr'><strong>secundus</strong></span> <span class='ocrx_word' id='word_1_524' title='bbox 1201 1212 1290 1246; x_wconf 88' lang='lat' dir='ltr'><strong>niger,</strong></span> <span class='ocrx_word' id='word_1_525' title='bbox 1309 1216 1404 1246; x_wconf 85' lang='lat' dir='ltr'><strong>postea</strong></span> <span class='ocrx_word' id='word_1_526' title='bbox 1418 1218 1530 1243; x_wconf 83' lang='lat' dir='ltr'><strong>aureus,</strong></span> <span class='ocrx_word' id='word_1_527' title='bbox 1548 1211 1646 1238; x_wconf 89' lang='lat' dir='ltr'><strong>iterum</strong></span> <span class='ocrx_word' id='word_1_528' title='bbox 1675 1210 1762 1244; x_wconf 85' lang='lat' dir='ltr'><strong>niger,</strong></span> 
     </span>
    </p>
   </div>
   <div class='ocr_carea' id='block_1_81' title="bbox 980 1256 1217 1291">
    <p class='ocr_par' dir='ltr' id='par_1_81' title="bbox 980 1256 1217 1291">
     <span class='ocr_line' id='line_1_81' title="bbox 980 1256 1217 1291; baseline -0.004 -7"><span class='ocrx_word' id='word_1_529' title='bbox 980 1261 1006 1284; x_wconf 88' lang='lat' dir='ltr'><strong>et</strong></span> <span class='ocrx_word' id='word_1_530' title='bbox 1023 1257 1062 1284; x_wconf 88' lang='lat' dir='ltr'><strong>sic</strong></span> <span class='ocrx_word' id='word_1_531' title='bbox 1079 1256 1217 1291; x_wconf 74' lang='lat' dir='ltr'><strong>deinceps.</strong></span> 
     </span>
    </p>
   </div>
   <div class='ocr_carea' id='block_1_82' title="bbox 1017 1345 1763 1380">
    <p class='ocr_par' dir='ltr' id='par_1_82' title="bbox 1017 1345 1763 1380">
     <span class='ocr_line' id='line_1_82' title="bbox 1017 1345 1763 1380; baseline 0.001 -8"><span class='ocrx_word' id='word_1_532' title='bbox 1017 1345 1105 1380; x_wconf 82' lang='lat' dir='ltr'><strong>Magni</strong></span> <span class='ocrx_word' id='word_1_533' title='bbox 1123 1346 1228 1380; x_wconf 62' lang='lat' dir='ltr'><strong>pappie</strong></span> <span class='ocrx_word' id='word_1_534' title='bbox 1244 1346 1396 1380; x_wconf 75' lang='lat' dir='ltr'><strong>gestamina</strong></span> <span class='ocrx_word' id='word_1_535' title='bbox 1423 1345 1523 1373; x_wconf 76' lang='lat' dir='ltr'><strong>similia</strong></span> <span class='ocrx_word' id='word_1_536' title='bbox 1539 1350 1603 1373; x_wconf 83' lang='lat' dir='ltr'><strong>sunt</strong></span> <span class='ocrx_word' id='word_1_537' title='bbox 1621 1346 1763 1373; x_wconf 85' lang='lat' dir='ltr'><strong>domestici</strong></span> 
     </span>
    </p>
   </div>
   <div class='ocr_carea' id='block_1_83' title="bbox 982 1391 1763 1426">
    <p class='ocr_par' dir='ltr' id='par_1_83' title="bbox 982 1391 1763 1426">
     <span class='ocr_line' id='line_1_83' title="bbox 982 1391 1763 1426; baseline 0 -8"><span class='ocrx_word' id='word_1_538' title='bbox 982 1399 1092 1419; x_wconf 69' lang='lat' dir='ltr'><strong>mensae.</strong></span> <span class='ocrx_word' id='word_1_539' title='bbox 1109 1391 1141 1418; x_wconf 81' lang='lat' dir='ltr'><strong>Et</strong></span> <span class='ocrx_word' id='word_1_540' title='bbox 1166 1396 1195 1418; x_wconf 94' lang='lat' dir='ltr'><strong>ut</strong></span> <span class='ocrx_word' id='word_1_541' title='bbox 1222 1391 1334 1418; x_wconf 85' lang='lat' dir='ltr'><strong>baculus</strong></span> <span class='ocrx_word' id='word_1_542' title='bbox 1361 1391 1495 1426; x_wconf 82' lang='lat' dir='ltr'><strong>sigilliferi</strong></span> <span class='ocrx_word' id='word_1_543' title='bbox 1515 1391 1596 1418; x_wconf 82' lang='lat' dir='ltr'><strong>habet</strong></span> <span class='ocrx_word' id='word_1_544' title='bbox 1627 1392 1763 1419; x_wconf 86' lang='lat' dir='ltr'><strong>calamum</strong></span> 
     </span>
    </p>
   </div>
   <div class='ocr_carea' id='block_1_84' title="bbox 982 1437 1764 1472">
    <p class='ocr_par' dir='ltr' id='par_1_84' title="bbox 982 1437 1764 1472">
     <span class='ocr_line' id='line_1_84' title="bbox 982 1437 1764 1472; baseline 0.001 -8"><span class='ocrx_word' id='word_1_545' title='bbox 982 1437 1057 1464; x_wconf 83' lang='lat' dir='ltr'><strong>aurei</strong></span> <span class='ocrx_word' id='word_1_546' title='bbox 1081 1442 1108 1464; x_wconf 87' lang='lat' dir='ltr'><strong>et</strong></span> <span class='ocrx_word' id='word_1_547' title='bbox 1125 1437 1177 1464; x_wconf 83' lang='lat' dir='ltr'><strong>albi</strong></span> <span class='ocrx_word' id='word_1_548' title='bbox 1205 1437 1315 1467; x_wconf 85' lang='lat' dir='ltr'><strong>coloris.</strong></span> <span class='ocrx_word' id='word_1_549' title='bbox 1336 1437 1377 1464; x_wconf 88' lang='lat' dir='ltr'><strong>sic</strong></span> <span class='ocrx_word' id='word_1_550' title='bbox 1406 1437 1520 1464; x_wconf 84' lang='lat' dir='ltr'><strong>baculus</strong></span> <span class='ocrx_word' id='word_1_551' title='bbox 1548 1438 1652 1472; x_wconf 62' lang='lat' dir='ltr'><strong>pappia:</strong></span> <span class='ocrx_word' id='word_1_552' title='bbox 1683 1438 1764 1465; x_wconf 87' lang='lat' dir='ltr'><strong>habet</strong></span> 
     </span>
    </p>
   </div>
   <div class='ocr_carea' id='block_1_85' title="bbox 982 1483 1763 1515">
    <p class='ocr_par' dir='ltr' id='par_1_85' title="bbox 982 1483 1763 1515">
     <span class='ocr_line' id='line_1_85' title="bbox 982 1483 1763 1515; baseline 0.003 -6"><span class='ocrx_word' id='word_1_553' title='bbox 982 1483 1115 1510; x_wconf 84' lang='lat' dir='ltr'><strong>calamum</strong></span> <span class='ocrx_word' id='word_1_554' title='bbox 1143 1490 1267 1515; x_wconf 88' lang='lat' dir='ltr'><strong>aureum,</strong></span> <span class='ocrx_word' id='word_1_555' title='bbox 1290 1487 1316 1510; x_wconf 89' lang='lat' dir='ltr'><strong>et</strong></span> <span class='ocrx_word' id='word_1_556' title='bbox 1336 1483 1470 1510; x_wconf 88' lang='lat' dir='ltr'><strong>calamum</strong></span> <span class='ocrx_word' id='word_1_557' title='bbox 1493 1483 1568 1510; x_wconf 85' lang='lat' dir='ltr'><strong>aurei</strong></span> <span class='ocrx_word' id='word_1_558' title='bbox 1591 1487 1618 1511; x_wconf 85' lang='lat' dir='ltr'><strong>et</strong></span> <span class='ocrx_word' id='word_1_559' title='bbox 1641 1484 1763 1512; x_wconf 84' lang='lat' dir='ltr'><strong>coccinei</strong></span> 
     </span>
    </p>
   </div>
   <div class='ocr_carea' id='block_1_86' title="bbox 983 1529 1091 1556">
    <p class='ocr_par' dir='ltr' id='par_1_86' title="bbox 983 1529 1091 1556">
     <span class='ocr_line' id='line_1_86' title="bbox 983 1529 1091 1556; baseline 0 0"><span class='ocrx_word' id='word_1_560' title='bbox 983 1529 1091 1556; x_wconf 87' lang='lat' dir='ltr'><strong>coloris.</strong></span> 
     </span>
    </p>
   </div>
   <div class='ocr_carea' id='block_1_87' title="bbox 1020 1620 1764 1658">
    <p class='ocr_par' dir='ltr' id='par_1_87' title="bbox 1020 1620 1764 1658">
     <span class='ocr_line' id='line_1_87' title="bbox 1020 1620 1764 1658; baseline 0.004 -11"><span class='ocrx_word' id='word_1_561' title='bbox 1020 1620 1135 1654; x_wconf 80' lang='lat' dir='ltr'><strong>Eparchi</strong></span> <span class='ocrx_word' id='word_1_562' title='bbox 1163 1620 1254 1648; x_wconf 88' lang='lat' dir='ltr'><strong>omnia</strong></span> <span class='ocrx_word' id='word_1_563' title='bbox 1272 1625 1376 1649; x_wconf 79' lang='lat' dir='ltr'><strong>suntut</strong></span> <span class='ocrx_word' id='word_1_564' title='bbox 1400 1622 1492 1657; x_wconf 79' lang='lat' dir='ltr'><strong>magni</strong></span> <span class='ocrx_word' id='word_1_565' title='bbox 1515 1623 1634 1658; x_wconf 76' lang='lat' dir='ltr'><strong>pappiae;</strong></span> <span class='ocrx_word' id='word_1_566' title='bbox 1651 1623 1698 1651; x_wconf 85' lang='lat' dir='ltr'><strong>sed</strong></span> <span class='ocrx_word' id='word_1_567' title='bbox 1711 1631 1764 1651; x_wconf 90' lang='lat' dir='ltr'><strong>non</strong></span> 
     </span>
    </p>
   </div>
   <div class='ocr_carea' id='block_1_88' title="bbox 983 1665 1224 1699">
    <p class='ocr_par' dir='ltr' id='par_1_88' title="bbox 983 1665 1224 1699">
     <span class='ocr_line' id='line_1_88' title="bbox 983 1665 1224 1699; baseline 0.004 -7"><span class='ocrx_word' id='word_1_568' title='bbox 983 1670 1071 1699; x_wconf 80' lang='lat' dir='ltr'><strong>gestat</strong></span> <span class='ocrx_word' id='word_1_569' title='bbox 1087 1665 1224 1693; x_wconf 87' lang='lat' dir='ltr'><strong>baculum.</strong></span> 
     </span>
    </p>
   </div>
   <div class='ocr_carea' id='block_1_89' title="bbox 1023 1710 1767 1749">
    <p class='ocr_par' dir='ltr' id='par_1_89' title="bbox 1023 1710 1767 1749">
     <span class='ocr_line' id='line_1_89' title="bbox 1023 1710 1767 1749; baseline 0.005 -12"><span class='ocrx_word' id='word_1_570' title='bbox 1023 1710 1112 1746; x_wconf 91' lang='lat' dir='ltr'><strong>Magni</strong></span> <span class='ocrx_word' id='word_1_571' title='bbox 1131 1711 1271 1745; x_wconf 69' lang='lat' dir='ltr'><strong>drungarii</strong></span> <span class='ocrx_word' id='word_1_572' title='bbox 1296 1712 1449 1747; x_wconf 79' lang='lat' dir='ltr'><strong>vigiliarum</strong></span> <span class='ocrx_word' id='word_1_573' title='bbox 1480 1714 1640 1748; x_wconf 78' lang='lat' dir='ltr'><strong>gestamina,</strong></span> <span class='ocrx_word' id='word_1_574' title='bbox 1669 1722 1767 1749; x_wconf 84' lang='lat' dir='ltr'><strong>nempe</strong></span> 
     </span>
    </p>
   </div>
   <div class='ocr_carea' id='block_1_90' title="bbox 985 1757 1764 1794">
    <p class='ocr_par' dir='ltr' id='par_1_90' title="bbox 985 1757 1764 1794">
     <span class='ocr_line' id='line_1_90' title="bbox 985 1757 1764 1794; baseline 0.004 -11"><span class='ocrx_word' id='word_1_575' title='bbox 985 1757 1072 1791; x_wconf 88' lang='lat' dir='ltr'><strong>pileus</strong></span> <span class='ocrx_word' id='word_1_576' title='bbox 1097 1761 1123 1784; x_wconf 89' lang='lat' dir='ltr'><strong>et</strong></span> <span class='ocrx_word' id='word_1_577' title='bbox 1139 1758 1313 1790; x_wconf 81' lang='lat' dir='ltr'><strong>cabbadium.</strong></span> <span class='ocrx_word' id='word_1_578' title='bbox 1331 1759 1494 1786; x_wconf 87' lang='lat' dir='ltr'><strong>conveniunt</strong></span> <span class='ocrx_word' id='word_1_579' title='bbox 1513 1767 1574 1786; x_wconf 92' lang='lat' dir='ltr'><strong>cum</strong></span> <span class='ocrx_word' id='word_1_580' title='bbox 1603 1760 1764 1794; x_wconf 84' lang='lat' dir='ltr'><strong>gestamini-</strong></span> 
     </span>
    </p>
   </div>
   <div class='ocr_carea' id='block_1_91' title="bbox 984 1801 1765 1839">
    <p class='ocr_par' dir='ltr' id='par_1_91' title="bbox 984 1801 1765 1839">
     <span class='ocr_line' id='line_1_91' title="bbox 984 1801 1765 1839; baseline 0.006 -11"><span class='ocrx_word' id='word_1_581' title='bbox 984 1801 1036 1829; x_wconf 79' lang='lat' dir='ltr'><strong>Lus</strong></span> <span class='ocrx_word' id='word_1_582' title='bbox 1066 1803 1186 1836; x_wconf 82' lang='lat' dir='ltr'><strong>eparchi.</strong></span> <span class='ocrx_word' id='word_1_583' title='bbox 1207 1802 1354 1830; x_wconf 84' lang='lat' dir='ltr'><strong>Scaranici‘</strong></span> <span class='ocrx_word' id='word_1_584' title='bbox 1378 1804 1464 1838; x_wconf 84' lang='lat' dir='ltr'><strong>ipsius</strong></span> <span class='ocrx_word' id='word_1_585' title='bbox 1480 1812 1589 1839; x_wconf 87' lang='lat' dir='ltr'><strong>pannus</strong></span> <span class='ocrx_word' id='word_1_586' title='bbox 1620 1812 1706 1832; x_wconf 88' lang='lat' dir='ltr'><strong>aureo</strong></span> <span class='ocrx_word' id='word_1_587' title='bbox 1726 1805 1765 1832; x_wconf 85' lang='lat' dir='ltr'><strong>ci-</strong></span> 
     </span>
    </p>
   </div>
   <div class='ocr_carea' id='block_1_92' title="bbox 985 1846 1768 1885">
    <p class='ocr_par' dir='ltr' id='par_1_92' title="bbox 985 1846 1768 1885">
     <span class='ocr_line' id='line_1_92' title="bbox 985 1846 1768 1885; baseline 0.006 -12"><span class='ocrx_word' id='word_1_588' title='bbox 985 1846 1111 1882; x_wconf 90' lang='lat' dir='ltr'><strong>trinoque</strong></span> <span class='ocrx_word' id='word_1_589' title='bbox 1139 1848 1229 1875; x_wconf 89' lang='lat' dir='ltr'><strong>colore</strong></span> <span class='ocrx_word' id='word_1_590' title='bbox 1254 1849 1332 1882; x_wconf 87' lang='lat' dir='ltr'><strong>nitet,</strong></span> <span class='ocrx_word' id='word_1_591' title='bbox 1357 1856 1441 1884; x_wconf 88' lang='lat' dir='ltr'><strong>opere</strong></span> <span class='ocrx_word' id='word_1_592' title='bbox 1472 1849 1591 1885; x_wconf 84' lang='lat' dir='ltr'><strong>Phrygio</strong></span> <span class='ocrx_word' id='word_1_593' title='bbox 1611 1855 1724 1878; x_wconf 88' lang='lat' dir='ltr'><strong>ornatur</strong></span> <span class='ocrx_word' id='word_1_594' title='bbox 1741 1857 1768 1878; x_wconf 90' lang='lat' dir='ltr'><strong>ct</strong></span> 
     </span>
    </p>
   </div>
   <div class='ocr_carea' id='block_1_93' title="bbox 986 1893 1765 1931">
    <p class='ocr_par' dir='ltr' id='par_1_93' title="bbox 986 1893 1765 1931">
     <span class='ocr_line' id='line_1_93' title="bbox 986 1893 1765 1931; baseline 0.006 -13"><span class='ocrx_word' id='word_1_595' title='bbox 986 1899 1052 1919; x_wconf 86' lang='lat' dir='ltr'><strong>auro</strong></span> <span class='ocrx_word' id='word_1_596' title='bbox 1069 1893 1164 1920; x_wconf 88' lang='lat' dir='ltr'><strong>ductili</strong></span> <span class='ocrx_word' id='word_1_597' title='bbox 1179 1902 1186 1920; x_wconf 92' lang='lat'><strong>:</strong></span> <span class='ocrx_word' id='word_1_598' title='bbox 1205 1894 1286 1921; x_wconf 90' lang='lat' dir='ltr'><strong>habet</strong></span> <span class='ocrx_word' id='word_1_599' title='bbox 1302 1896 1439 1922; x_wconf 87' lang='lat' dir='ltr'><strong>anteriore</strong></span> <span class='ocrx_word' id='word_1_600' title='bbox 1456 1896 1565 1929; x_wconf 86' lang='lat' dir='ltr'><strong>quidem</strong></span> <span class='ocrx_word' id='word_1_601' title='bbox 1585 1901 1662 1930; x_wconf 87' lang='lat' dir='ltr'><strong>parte</strong></span> <span class='ocrx_word' id='word_1_602' title='bbox 1678 1897 1765 1931; x_wconf 87' lang='lat' dir='ltr'><strong>impe-</strong></span> 
     </span>
    </p>
   </div>
   <div class='ocr_carea' id='block_1_94' title="bbox 987 1939 1767 1973">
    <p class='ocr_par' dir='ltr' id='par_1_94' title="bbox 987 1939 1767 1973">
     <span class='ocr_line' id='line_1_94' title="bbox 987 1939 1767 1973; baseline 0.006 -9"><span class='ocrx_word' id='word_1_603' title='bbox 987 1943 1103 1966; x_wconf 87' lang='lat' dir='ltr'><strong>ratorem</strong></span> <span class='ocrx_word' id='word_1_604' title='bbox 1121 1939 1268 1973; x_wconf 80' lang='lat' dir='ltr'><strong>eﬂigiatum</strong></span> <span class='ocrx_word' id='word_1_605' title='bbox 1285 1940 1424 1968; x_wconf 87' lang='lat' dir='ltr'><strong>sedentem</strong></span> <span class='ocrx_word' id='word_1_606' title='bbox 1442 1941 1468 1967; x_wconf 93' lang='lat' dir='ltr'><strong>in</strong></span> <span class='ocrx_word' id='word_1_607' title='bbox 1485 1942 1593 1968; x_wconf 89' lang='lat' dir='ltr'><strong>sublimi</strong></span> <span class='ocrx_word' id='word_1_608' title='bbox 1609 1942 1705 1970; x_wconf 87' lang='lat' dir='ltr'><strong>throno</strong></span> <span class='ocrx_word' id='word_1_609' title='bbox 1717 1951 1750 1970; x_wconf 84' lang='lat' dir='ltr'><strong>au</strong></span> <span class='ocrx_word' id='word_1_610' title='bbox 1761 1957 1767 1964; x_wconf 93' lang='lat'><em>-</em></span> 
     </span>
    </p>
   </div>
   <div class='ocr_carea' id='block_1_95' title="bbox 987 1986 1769 2022">
    <p class='ocr_par' dir='ltr' id='par_1_95' title="bbox 987 1986 1769 2022">
     <span class='ocr_line' id='line_1_95' title="bbox 987 1986 1769 2022; baseline 0.006 -12"><span class='ocrx_word' id='word_1_611' title='bbox 987 1991 1044 2016; x_wconf 91' lang='lat' dir='ltr'><strong>reo,</strong></span> <span class='ocrx_word' id='word_1_612' title='bbox 1063 1991 1132 2018; x_wconf 89' lang='lat' dir='ltr'><strong>pone</strong></span> <span class='ocrx_word' id='word_1_613' title='bbox 1146 1992 1207 2011; x_wconf 83' lang='lat' dir='ltr'><strong>vero</strong></span> <span class='ocrx_word' id='word_1_614' title='bbox 1227 1990 1394 2019; x_wconf 78' lang='lat' dir='ltr'><strong>equestrem.</strong></span> <span class='ocrx_word' id='word_1_615' title='bbox 1425 1986 1542 2014; x_wconf 85' lang='lat' dir='ltr'><strong>Baculus</strong></span> <span class='ocrx_word' id='word_1_616' title='bbox 1557 1987 1616 2021; x_wconf 85' lang='lat' dir='ltr'><strong>ejus</strong></span> <span class='ocrx_word' id='word_1_617' title='bbox 1633 1993 1694 2022; x_wconf 83' lang='lat' dir='ltr'><strong>post</strong></span> <span class='ocrx_word' id='word_1_618' title='bbox 1722 1995 1769 2015; x_wconf 82' lang='lat' dir='ltr'><strong>su-</strong></span> 
     </span>
    </p>
   </div>
   <div class='ocr_carea' id='block_1_96' title="bbox 987 2030 1769 2067">
    <p class='ocr_par' dir='ltr' id='par_1_96' title="bbox 987 2030 1769 2067">
     <span class='ocr_line' id='line_1_96' title="bbox 987 2030 1769 2067; baseline 0.009 -12"><span class='ocrx_word' id='word_1_619' title='bbox 987 2037 1109 2064; x_wconf 89' lang='lat' dir='ltr'><strong>premum</strong></span> <span class='ocrx_word' id='word_1_620' title='bbox 1123 2030 1255 2057; x_wconf 84' lang='lat' dir='ltr'><strong>calamum</strong></span> <span class='ocrx_word' id='word_1_621' title='bbox 1275 2031 1442 2063; x_wconf 85' lang='lat' dir='ltr'><strong>inauratum,</strong></span> <span class='ocrx_word' id='word_1_622' title='bbox 1456 2032 1509 2067; x_wconf 73' lang='grc'>22</span> <span class='ocrx_word' id='word_1_623' title='bbox 1533 2037 1562 2060; x_wconf 84' lang='grc' dir='ltr'><strong>ιιι</strong></span> <span class='ocrx_word' id='word_1_624' title='bbox 1576 2033 1692 2060; x_wconf 90' lang='lat' dir='ltr'><strong>aliorum</strong></span> <span class='ocrx_word' id='word_1_625' title='bbox 1710 2042 1769 2062; x_wconf 89' lang='lat' dir='ltr'><strong>om-</strong></span> 
     </span>
    </p>
   </div>
   <div class='ocr_carea' id='block_1_97' title="bbox 989 2076 1768 2109">
    <p class='ocr_par' dir='ltr' id='par_1_97' title="bbox 989 2076 1768 2109">
     <span class='ocr_line' id='line_1_97' title="bbox 989 2076 1768 2109; baseline 0.009 -7"><span class='ocrx_word' id='word_1_626' title='bbox 989 2076 1074 2107; x_wconf 88' lang='lat' dir='ltr'><strong>nium,</strong></span> <span class='ocrx_word' id='word_1_627' title='bbox 1098 2083 1181 2102; x_wconf 85' lang='lat' dir='ltr'><strong>aureo</strong></span> <span class='ocrx_word' id='word_1_628' title='bbox 1195 2082 1221 2106; x_wconf 86' lang='lat' dir='ltr'><strong>et</strong></span> <span class='ocrx_word' id='word_1_629' title='bbox 1236 2077 1365 2104; x_wconf 88' lang='lat' dir='ltr'><strong>coccineo</strong></span> <span class='ocrx_word' id='word_1_630' title='bbox 1390 2077 1480 2105; x_wconf 86' lang='lat' dir='ltr'><strong>colore</strong></span> <span class='ocrx_word' id='word_1_631' title='bbox 1507 2083 1623 2106; x_wconf 86' lang='lat' dir='ltr'><strong>constat.</strong></span> <span class='ocrx_word' id='word_1_632' title='bbox 1654 2087 1768 2109; x_wconf 79' lang='lat' dir='ltr'><strong>ornatus</strong></span> 
     </span>
    </p>
   </div>
   <div class='ocr_carea' id='block_1_98' title="bbox 989 2121 1237 2156">
    <p class='ocr_par' dir='ltr' id='par_1_98' title="bbox 989 2121 1237 2156">
     <span class='ocr_line' id='line_1_98' title="bbox 989 2121 1237 2156; baseline 0.004 -8"><span class='ocrx_word' id='word_1_633' title='bbox 989 2129 1075 2156; x_wconf 85' lang='lat' dir='ltr'><strong>usque</strong></span> <span class='ocrx_word' id='word_1_634' title='bbox 1092 2121 1124 2149; x_wconf 92' lang='lat' dir='ltr'><strong>ad</strong></span> <span class='ocrx_word' id='word_1_635' title='bbox 1143 2122 1237 2149; x_wconf 90' lang='lat' dir='ltr'><strong>imum.</strong></span> 
     </span>
    </p>
   </div>
   <div class='ocr_carea' id='block_1_99' title="bbox 1024 2167 1768 2206">
    <p class='ocr_par' dir='ltr' id='par_1_99' title="bbox 1024 2167 1768 2206">
     <span class='ocr_line' id='line_1_99' title="bbox 1024 2167 1768 2206; baseline 0.007 -11"><span class='ocrx_word' id='word_1_636' title='bbox 1024 2167 1144 2195; x_wconf 83' lang='lat' dir='ltr'><strong>Observa</strong></span> <span class='ocrx_word' id='word_1_637' title='bbox 1164 2175 1179 2195; x_wconf 88' lang='lat' dir='ltr'><strong>a</strong></span> <span class='ocrx_word' id='word_1_638' title='bbox 1196 2176 1294 2203; x_wconf 81' lang='lat' dir='ltr'><strong>magno</strong></span> <span class='ocrx_word' id='word_1_639' title='bbox 1307 2169 1458 2198; x_wconf 87' lang='lat' dir='ltr'><strong>domestico</strong></span> <span class='ocrx_word' id='word_1_640' title='bbox 1485 2178 1570 2206; x_wconf 87' lang='lat' dir='ltr'><strong>usque</strong></span> <span class='ocrx_word' id='word_1_641' title='bbox 1586 2171 1619 2198; x_wconf 85' lang='lat' dir='ltr'><strong>ad</strong></span> <span class='ocrx_word' id='word_1_642' title='bbox 1639 2180 1768 2206; x_wconf 83' lang='lat' dir='ltr'><strong>magnum</strong></span> 
     </span>
    </p>
   </div>
   <div class='ocr_carea' id='block_1_100' title="bbox 988 2213 1770 2252">
    <p class='ocr_par' dir='ltr' id='par_1_100' title="bbox 988 2213 1770 2252">
     <span class='ocr_line' id='line_1_100' title="bbox 988 2213 1770 2252; baseline 0.006 -13"><span class='ocrx_word' id='word_1_643' title='bbox 988 2213 1164 2240; x_wconf 77' lang='lat' dir='ltr'><strong>excubiarum</strong></span> <span class='ocrx_word' id='word_1_644' title='bbox 1179 2214 1358 2249; x_wconf 82' lang='lat' dir='ltr'><strong>drungarium</strong></span> <span class='ocrx_word' id='word_1_645' title='bbox 1374 2223 1469 2243; x_wconf 86' lang='lat' dir='ltr'><strong>Omnes</strong></span> <span class='ocrx_word' id='word_1_646' title='bbox 1493 2224 1631 2250; x_wconf 80' lang='lat' dir='ltr'><strong>proceres.</strong></span> <span class='ocrx_word' id='word_1_647' title='bbox 1660 2221 1770 2252; x_wconf 74' lang='lat' dir='ltr'><strong>quando</strong></span> 
     </span>
    </p>
   </div>
   <div class='ocr_carea' id='block_1_101' title="bbox 989 2258 1772 2297">
    <p class='ocr_par' dir='ltr' id='par_1_101' title="bbox 989 2258 1772 2297">
     <span class='ocr_line' id='line_1_101' title="bbox 989 2258 1772 2297; baseline 0.009 -14"><span class='ocrx_word' id='word_1_648' title='bbox 989 2258 1092 2291; x_wconf 86' lang='lat' dir='ltr'><strong>volunt,</strong></span> <span class='ocrx_word' id='word_1_649' title='bbox 1112 2258 1182 2285; x_wconf 82' lang='lat' dir='ltr'><strong>ferre</strong></span> <span class='ocrx_word' id='word_1_650' title='bbox 1196 2259 1327 2286; x_wconf 85' lang='lat' dir='ltr'><strong>cabbadia</strong></span> <span class='ocrx_word' id='word_1_651' title='bbox 1341 2268 1348 2293; x_wconf 89' lang='lat'>;</span> <span class='ocrx_word' id='word_1_652' title='bbox 1364 2265 1389 2287; x_wconf 90' lang='lat' dir='ltr'><strong>et</strong></span> <span class='ocrx_word' id='word_1_653' title='bbox 1401 2261 1507 2295; x_wconf 86' lang='lat' dir='ltr'><strong>quando</strong></span> <span class='ocrx_word' id='word_1_654' title='bbox 1522 2261 1608 2295; x_wconf 85' lang='lat' dir='ltr'><strong>lubet,</strong></span> <span class='ocrx_word' id='word_1_655' title='bbox 1623 2262 1695 2290; x_wconf 78' lang='lat' dir='ltr'><strong>ferre</strong></span> <span class='ocrx_word' id='word_1_656' title='bbox 1714 2264 1772 2297; x_wconf 85' lang='lat' dir='ltr'><strong>epi-</strong></span> 
     </span>
    </p>
   </div>
   <div class='ocr_carea' id='block_1_102' title="bbox 988 2303 1770 2340">
    <p class='ocr_par' dir='ltr' id='par_1_102' title="bbox 988 2303 1770 2340">
     <span class='ocr_line' id='line_1_102' title="bbox 988 2303 1770 2340; baseline 0.006 -11"><span class='ocrx_word' id='word_1_657' title='bbox 988 2303 1084 2336; x_wconf 82' lang='lat' dir='ltr'><strong>lorica.</strong></span> <span class='ocrx_word' id='word_1_658' title='bbox 1115 2303 1165 2331; x_wconf 93' lang='lat' dir='ltr'><strong>hoc</strong></span> <span class='ocrx_word' id='word_1_659' title='bbox 1182 2310 1224 2332; x_wconf 81' lang='lat' dir='ltr'><strong>est</strong></span> <span class='ocrx_word' id='word_1_660' title='bbox 1242 2307 1395 2340; x_wconf 87' lang='lat' dir='ltr'><strong>superulas.</strong></span> <span class='ocrx_word' id='word_1_661' title='bbox 1421 2306 1462 2334; x_wconf 87' lang='lat' dir='ltr'><strong>Ab</strong></span> <span class='ocrx_word' id='word_1_662' title='bbox 1482 2307 1534 2334; x_wconf 87' lang='lat' dir='ltr'><strong>hoc</strong></span> <span class='ocrx_word' id='word_1_663' title='bbox 1562 2315 1626 2335; x_wconf 86' lang='lat' dir='ltr'><strong>vero</strong></span> <span class='ocrx_word' id='word_1_664' title='bbox 1641 2307 1770 2336; x_wconf 87' lang='lat' dir='ltr'><strong>deorsum</strong></span> 
     </span>
    </p>
   </div>
   <div class='ocr_carea' id='block_1_103' title="bbox 989 2352 1395 2380">
    <p class='ocr_par' dir='ltr' id='par_1_103' title="bbox 989 2352 1395 2380">
     <span class='ocr_line' id='line_1_103' title="bbox 989 2352 1395 2380; baseline 0.007 -3"><span class='ocrx_word' id='word_1_665' title='bbox 989 2359 1086 2378; x_wconf 77' lang='lat' dir='ltr'><strong>versus</strong></span> <span class='ocrx_word' id='word_1_666' title='bbox 1103 2359 1146 2379; x_wconf 91' lang='lat' dir='ltr'><strong>res</strong></span> <span class='ocrx_word' id='word_1_667' title='bbox 1164 2352 1242 2379; x_wconf 83' lang='lat' dir='ltr'><strong>aliter</strong></span> <span class='ocrx_word' id='word_1_668' title='bbox 1257 2360 1286 2380; x_wconf 86' lang='lat' dir='ltr'><strong>se</strong></span> <span class='ocrx_word' id='word_1_669' title='bbox 1305 2353 1395 2380; x_wconf 83' lang='lat' dir='ltr'><strong>habet.</strong></span> 
     </span>
    </p>
   </div>
   <div class='ocr_carea' id='block_1_104' title="bbox 1026 2398 1771 2436">
    <p class='ocr_par' dir='ltr' id='par_1_104' title="bbox 1026 2398 1771 2436">
     <span class='ocr_line' id='line_1_104' title="bbox 1026 2398 1771 2436; baseline 0.005 -11"><span class='ocrx_word' id='word_1_670' title='bbox 1026 2398 1114 2434; x_wconf 82' lang='lat' dir='ltr'><strong>Magni</strong></span> <span class='ocrx_word' id='word_1_671' title='bbox 1132 2399 1318 2427; x_wconf 65' lang='lat' dir='ltr'><strong>hetaeriarchae</strong></span> <span class='ocrx_word' id='word_1_672' title='bbox 1335 2401 1486 2434; x_wconf 80' lang='lat' dir='ltr'><strong>gestamina</strong></span> <span class='ocrx_word' id='word_1_673' title='bbox 1503 2405 1568 2428; x_wconf 77' lang='lat' dir='ltr'><strong>sunt</strong></span> <span class='ocrx_word' id='word_1_674' title='bbox 1594 2402 1685 2436; x_wconf 85' lang='lat' dir='ltr'><strong>qualia</strong></span> <span class='ocrx_word' id='word_1_675' title='bbox 1712 2409 1771 2429; x_wconf 85' lang='lat' dir='ltr'><strong>ma-</strong></span> 
     </span>
    </p>
   </div>
   <div class='ocr_carea' id='block_1_105' title="bbox 990 2443 1770 2482">
    <p class='ocr_par' dir='ltr' id='par_1_105' title="bbox 990 2443 1770 2482">
     <span class='ocr_line' id='line_1_105' title="bbox 990 2443 1770 2482; baseline 0.005 -13"><span class='ocrx_word' id='word_1_676' title='bbox 990 2444 1036 2478; x_wconf 84' lang='lat' dir='ltr'><strong>gni</strong></span> <span class='ocrx_word' id='word_1_677' title='bbox 1051 2443 1202 2479; x_wconf 84' lang='lat' dir='ltr'><strong>drungarii.</strong></span> <span class='ocrx_word' id='word_1_678' title='bbox 1217 2444 1249 2471; x_wconf 89' lang='lat' dir='ltr'><strong>Et</strong></span> <span class='ocrx_word' id='word_1_679' title='bbox 1263 2446 1492 2480; x_wconf 85' lang='lat' dir='ltr'><strong>quemadmodum</strong></span> <span class='ocrx_word' id='word_1_680' title='bbox 1511 2447 1602 2482; x_wconf 80' lang='lat' dir='ltr'><strong>magni</strong></span> <span class='ocrx_word' id='word_1_681' title='bbox 1629 2447 1770 2481; x_wconf 68' lang='lat' dir='ltr'><strong>drungarii</strong></span> 
     </span>
    </p>
   </div>
   <div class='ocr_carea' id='block_1_106' title="bbox 991 2489 1773 2526">
    <p class='ocr_par' dir='ltr' id='par_1_106' title="bbox 991 2489 1773 2526">
     <span class='ocr_line' id='line_1_106' title="bbox 991 2489 1773 2526; baseline 0.004 -10"><span class='ocrx_word' id='word_1_682' title='bbox 991 2489 1104 2516; x_wconf 82' lang='lat' dir='ltr'><strong>baculus</strong></span> <span class='ocrx_word' id='word_1_683' title='bbox 1119 2494 1160 2516; x_wconf 88' lang='lat' dir='ltr'><strong>est</strong></span> <span class='ocrx_word' id='word_1_684' title='bbox 1172 2490 1247 2516; x_wconf 87' lang='lat' dir='ltr'><strong>aurei</strong></span> <span class='ocrx_word' id='word_1_685' title='bbox 1264 2495 1291 2517; x_wconf 90' lang='lat' dir='ltr'><strong>et</strong></span> <span class='ocrx_word' id='word_1_686' title='bbox 1305 2491 1426 2518; x_wconf 87' lang='lat' dir='ltr'><strong>coccinei</strong></span> <span class='ocrx_word' id='word_1_687' title='bbox 1439 2491 1550 2524; x_wconf 85' lang='lat' dir='ltr'><strong>coloris,</strong></span> <span class='ocrx_word' id='word_1_688' title='bbox 1569 2491 1607 2518; x_wconf 87' lang='lat' dir='ltr'><strong>ila</strong></span> <span class='ocrx_word' id='word_1_689' title='bbox 1623 2491 1705 2526; x_wconf 82' lang='lat' dir='ltr'><strong>hujus</strong></span> <span class='ocrx_word' id='word_1_690' title='bbox 1730 2498 1773 2519; x_wconf 87' lang='lat' dir='ltr'><strong>est</strong></span> 
     </span>
    </p>
   </div>
   <div class='ocr_carea' id='block_1_107' title="bbox 991 2535 1315 2563">
    <p class='ocr_par' dir='ltr' id='par_1_107' title="bbox 991 2535 1315 2563">
     <span class='ocr_line' id='line_1_107' title="bbox 991 2535 1315 2563; baseline 0.003 -2"><span class='ocrx_word' id='word_1_691' title='bbox 991 2535 1066 2562; x_wconf 86' lang='lat' dir='ltr'><strong>aurei</strong></span> <span class='ocrx_word' id='word_1_692' title='bbox 1083 2540 1110 2562; x_wconf 90' lang='lat' dir='ltr'><strong>ct</strong></span> <span class='ocrx_word' id='word_1_693' title='bbox 1127 2536 1198 2563; x_wconf 65' lang='lat' dir='ltr'><strong>caesii</strong></span> <span class='ocrx_word' id='word_1_694' title='bbox 1212 2536 1315 2563; x_wconf 86' lang='lat' dir='ltr'><strong>intorti.</strong></span> 
     </span>
    </p>
   </div>
   <div class='ocr_carea' id='block_1_108' title="bbox 1029 2582 1772 2618">
    <p class='ocr_par' dir='ltr' id='par_1_108' title="bbox 1029 2582 1772 2618">
     <span class='ocr_line' id='line_1_108' title="bbox 1029 2582 1772 2618; baseline -0.001 -9"><span class='ocrx_word' id='word_1_695' title='bbox 1029 2582 1117 2616; x_wconf 80' lang='lat' dir='ltr'><strong>Magni</strong></span> <span class='ocrx_word' id='word_1_696' title='bbox 1133 2583 1292 2610; x_wconf 81' lang='lat' dir='ltr'><strong>chartularii</strong></span> <span class='ocrx_word' id='word_1_697' title='bbox 1306 2583 1456 2618; x_wconf 82' lang='lat' dir='ltr'><strong>gestamina</strong></span> <span class='ocrx_word' id='word_1_698' title='bbox 1472 2583 1562 2618; x_wconf 89' lang='lat' dir='ltr'><strong>qualia</strong></span> <span class='ocrx_word' id='word_1_699' title='bbox 1578 2583 1670 2617; x_wconf 82' lang='lat' dir='ltr'><strong>magni</strong></span> <span class='ocrx_word' id='word_1_700' title='bbox 1691 2583 1772 2610; x_wconf 50' lang='lat' dir='ltr'><strong>beta»</strong></span> 
     </span>
    </p>
   </div>
   <div class='ocr_carea' id='block_1_109' title="bbox 992 2627 1403 2657">
    <p class='ocr_par' dir='ltr' id='par_1_109' title="bbox 992 2627 1403 2657">
     <span class='ocr_line' id='line_1_109' title="bbox 992 2627 1403 2657; baseline 0.002 -2"><span class='ocrx_word' id='word_1_701' title='bbox 992 2629 1058 2657; x_wconf 64' lang='lat' dir='ltr'><strong>riari</strong></span> <span class='ocrx_word' id='word_1_702' title='bbox 1069 2629 1119 2656; x_wconf 63' lang='lat' dir='ltr'><strong>hx.</strong></span> <span class='ocrx_word' id='word_1_703' title='bbox 1138 2627 1190 2655; x_wconf 83' lang='lat' dir='ltr'><strong>Sed</strong></span> <span class='ocrx_word' id='word_1_704' title='bbox 1205 2633 1280 2655; x_wconf 85' lang='lat' dir='ltr'><strong>caret</strong></span> <span class='ocrx_word' id='word_1_705' title='bbox 1297 2629 1403 2656; x_wconf 72' lang='lat' dir='ltr'><strong>baculo.</strong></span> 
     </span>
    </p>
   </div>
   <div class='ocr_carea' id='block_1_110' title="bbox 1029 2669 1771 2710">
    <p class='ocr_par' dir='ltr' id='par_1_110' title="bbox 1029 2669 1771 2710">
     <span class='ocr_line' id='line_1_110' title="bbox 1029 2669 1771 2710; baseline -0.003 -11"><span class='ocrx_word' id='word_1_706' title='bbox 1029 2673 1184 2708; x_wconf 71' lang='lat' dir='ltr'><strong>Logothctae</strong></span> <span class='ocrx_word' id='word_1_707' title='bbox 1200 2682 1297 2701; x_wconf 82' lang='lat' dir='ltr'><strong>cursus</strong></span> <span class='ocrx_word' id='word_1_708' title='bbox 1314 2675 1400 2709; x_wconf 82' lang='lat' dir='ltr'><strong>pileus</strong></span> <span class='ocrx_word' id='word_1_709' title='bbox 1418 2680 1460 2703; x_wconf 89' lang='lat' dir='ltr'><strong>cst</strong></span> <span class='ocrx_word' id='word_1_710' title='bbox 1475 2674 1563 2710; x_wconf 79' lang='lat' dir='ltr'><strong>qualis</strong></span> <span class='ocrx_word' id='word_1_711' title='bbox 1577 2669 1668 2707; x_wconf 79' lang='lat' dir='ltr'><strong>magni</strong></span> <span class='ocrx_word' id='word_1_712' title='bbox 1692 2671 1771 2698; x_wconf 88' lang='lat' dir='ltr'><strong>char-</strong></span> 
     </span>
    </p>
   </div>
   <div class='ocr_carea' id='block_1_111' title="bbox 993 2719 1771 2754">
    <p class='ocr_par' dir='ltr' id='par_1_111' title="bbox 993 2719 1771 2754">
     <span class='ocr_line' id='line_1_111' title="bbox 993 2719 1771 2754; baseline -0.004 -9"><span class='ocrx_word' id='word_1_713' title='bbox 993 2719 1102 2745; x_wconf 88' lang='lat' dir='ltr'><strong>tularii:</strong></span> <span class='ocrx_word' id='word_1_714' title='bbox 1118 2719 1170 2746; x_wconf 81' lang='lat' dir='ltr'><strong>fert</strong></span> <span class='ocrx_word' id='word_1_715' title='bbox 1185 2719 1234 2747; x_wconf 79' lang='lat' dir='ltr'><strong>iste</strong></span> <span class='ocrx_word' id='word_1_716' title='bbox 1255 2719 1423 2754; x_wconf 86' lang='lat' dir='ltr'><strong>phaceolium</strong></span> <span class='ocrx_word' id='word_1_717' title='bbox 1442 2724 1469 2747; x_wconf 88' lang='lat' dir='ltr'><strong>ct</strong></span> <span class='ocrx_word' id='word_1_718' title='bbox 1495 2719 1662 2754; x_wconf 85' lang='lat' dir='ltr'><strong>epiloricum.</strong></span> <span class='ocrx_word' id='word_1_719' title='bbox 1677 2721 1706 2744; x_wconf 87' lang='lat' dir='ltr'><strong>at</strong></span> <span class='ocrx_word' id='word_1_720' title='bbox 1718 2724 1771 2743; x_wconf 93' lang='lat' dir='ltr'><strong>non</strong></span> 
     </span>
    </p>
   </div>
   <div class='ocr_carea' id='block_1_112' title="bbox 992 2765 1174 2792">
    <p class='ocr_par' dir='ltr' id='par_1_112' title="bbox 992 2765 1174 2792">
     <span class='ocr_line' id='line_1_112' title="bbox 992 2765 1174 2792; baseline 0 -1"><span class='ocrx_word' id='word_1_721' title='bbox 992 2765 1174 2792; x_wconf 76' lang='lat' dir='ltr'><strong>scaranicum.</strong></span> 
     </span>
    </p>
   </div>
   <div class='ocr_carea' id='block_1_113' title="bbox 1027 2808 1773 2846">
    <p class='ocr_par' dir='ltr' id='par_1_113' title="bbox 1027 2808 1773 2846">
     <span class='ocr_line' id='line_1_113' title="bbox 1027 2808 1773 2846; baseline -0.003 -9"><span class='ocrx_word' id='word_1_722' title='bbox 1027 2810 1110 2838; x_wconf 83' lang='lat' dir='ltr'><strong>Primi</strong></span> <span class='ocrx_word' id='word_1_723' title='bbox 1129 2812 1267 2839; x_wconf 83' lang='lat' dir='ltr'><strong>sccrctarii</strong></span> <span class='ocrx_word' id='word_1_724' title='bbox 1293 2811 1377 2846; x_wconf 84' lang='lat' dir='ltr'><strong>pilens</strong></span> <span class='ocrx_word' id='word_1_725' title='bbox 1402 2816 1488 2839; x_wconf 79' lang='lat' dir='ltr'><strong>estex</strong></span> <span class='ocrx_word' id='word_1_726' title='bbox 1507 2818 1597 2846; x_wconf 81' lang='lat' dir='ltr'><strong>panno</strong></span> <span class='ocrx_word' id='word_1_727' title='bbox 1613 2809 1713 2842; x_wconf 85' lang='lat' dir='ltr'><strong>serico,</strong></span> <span class='ocrx_word' id='word_1_728' title='bbox 1726 2808 1773 2835; x_wconf 87' lang='lat' dir='ltr'><strong>du-</strong></span> 
     </span>
    </p>
   </div>
   <div class='ocr_carea' id='block_1_114' title="bbox 994 2856 1773 2891">
    <p class='ocr_par' dir='ltr' id='par_1_114' title="bbox 994 2856 1773 2891">
     <span class='ocr_line' id='line_1_114' title="bbox 994 2856 1773 2891; baseline -0.004 -7"><span class='ocrx_word' id='word_1_729' title='bbox 994 2857 1070 2891; x_wconf 83' lang='lat' dir='ltr'><strong>plicis</strong></span> <span class='ocrx_word' id='word_1_730' title='bbox 1103 2858 1213 2891; x_wconf 79' lang='lat' dir='ltr'><strong>coloris,</strong></span> <span class='ocrx_word' id='word_1_731' title='bbox 1230 2858 1344 2886; x_wconf 85' lang='lat' dir='ltr'><strong>violacci</strong></span> <span class='ocrx_word' id='word_1_732' title='bbox 1361 2863 1388 2884; x_wconf 89' lang='lat' dir='ltr'><strong>ct</strong></span> <span class='ocrx_word' id='word_1_733' title='bbox 1415 2857 1488 2889; x_wconf 84' lang='lat' dir='ltr'><strong>albi;</strong></span> <span class='ocrx_word' id='word_1_734' title='bbox 1515 2857 1616 2883; x_wconf 83' lang='lat' dir='ltr'><strong>habens</strong></span> <span class='ocrx_word' id='word_1_735' title='bbox 1635 2856 1773 2889; x_wconf 80' lang='lat' dir='ltr'><strong>margelha</strong></span> 
     </span>
    </p>
   </div>
   <div class='ocr_carea' id='block_1_115' title="bbox 1571 2903 1586 2922">
    <p class='ocr_par' dir='ltr' id='par_1_115' title="bbox 1571 2903 1586 2922">
     <span class='ocr_line' id='line_1_115' title="bbox 1571 2903 1586 2922; baseline 0 0"><span class='ocrx_word' id='word_1_736' title='bbox 1571 2903 1586 2922; x_wconf 71' lang='grc' dir='ltr'><strong>ὖ)</strong></span> 
     </span>
    </p>
   </div>
  </div>
