  <div class='ocr_page' id='page_1' title='image "/cluster/home/n/w/nwhite01/storage/ocr_20150623/157/njp.32101077773222/032.png"; bbox 0 0 2039 3148; ppageno 0'>
   <div class='ocr_carea' id='block_1_1' title="bbox 154 177 1290 216">
    <p class='ocr_par' dir='ltr' id='par_1_1' title="bbox 154 177 1290 216">
     <span class='ocr_line' id='line_1_1' title="bbox 154 177 1290 216; baseline 0.007 -8"><span class='ocrx_word' id='word_1_1' title='bbox 154 177 188 208; x_wconf 62' lang='grc' dir='ltr'><strong>4η</strong></span> <span class='ocrx_word' id='word_1_2' title='bbox 646 182 694 211; x_wconf 82' lang='lat' dir='ltr'><strong>DE</strong></span> <span class='ocrx_word' id='word_1_3' title='bbox 721 184 884 214; x_wconf 87' lang='lat' dir='ltr'><strong>OFFlClIS</strong></span> <span class='ocrx_word' id='word_1_4' title='bbox 905 183 1141 215; x_wconf 75' lang='lat' dir='ltr'><strong>CPOLITANIS.</strong></span> <span class='ocrx_word' id='word_1_5' title='bbox 1158 184 1238 215; x_wconf 66' lang='lat' dir='ltr'><strong>CAP.</strong></span> <span class='ocrx_word' id='word_1_6' title='bbox 1260 186 1290 216; x_wconf 74' lang='grc' dir='ltr'>ν.</span> 
     </span>
    </p>
   </div>
   <div class='ocr_carea' id='block_1_2' title="bbox 1741 185 1799 216">
    <p class='ocr_par' dir='ltr' id='par_1_2' title="bbox 1741 185 1799 216">
     <span class='ocr_line' id='line_1_2' title="bbox 1741 185 1799 216; baseline 0 0"><span class='ocrx_word' id='word_1_7' title='bbox 1741 185 1799 216; x_wconf 52' lang='lat'><strong>509&#39;</strong></span> 
     </span>
    </p>
   </div>
   <div class='ocr_carea' id='block_1_3' title="bbox 155 235 952 274">
    <p class='ocr_par' dir='ltr' id='par_1_3' title="bbox 155 235 941 274">
     <span class='ocr_line' id='line_1_3' title="bbox 155 235 941 274; baseline 0.008 -13"><span class='ocrx_word' id='word_1_8' title='bbox 155 235 388 270; x_wconf 68' lang='grc' dir='ltr'>πρωτοστρπὶτορα</span> <span class='ocrx_word' id='word_1_9' title='bbox 403 235 566 271; x_wconf 70' lang='grc' dir='ltr'>ἀποδημεῖν,</span> <span class='ocrx_word' id='word_1_10' title='bbox 581 239 656 264; x_wconf 76' lang='grc' dir='ltr'>ποιεῖ</span> <span class='ocrx_word' id='word_1_11' title='bbox 677 239 758 265; x_wconf 82' lang='grc' dir='ltr'>τοῦτο</span> <span class='ocrx_word' id='word_1_12' title='bbox 779 239 826 267; x_wconf 84' lang='grc' dir='ltr'><strong>ἀπ’</strong></span> <span class='ocrx_word' id='word_1_13' title='bbox 851 239 941 274; x_wconf 84' lang='grc' dir='ltr'>ἀρχῆς</span> 
     </span>
    </p>
   </div>
   <div class='ocr_carea' id='block_1_4' title="bbox 1004 235 1784 274">
    <p class='ocr_par' dir='ltr' id='par_1_4' title="bbox 1004 238 1784 274">
     <span class='ocr_line' id='line_1_4' title="bbox 1004 238 1784 274; baseline 0.005 -10"><span class='ocrx_word' id='word_1_14' title='bbox 1004 238 1073 265; x_wconf 77' lang='lat' dir='ltr'><strong>luem</strong></span> <span class='ocrx_word' id='word_1_15' title='bbox 1091 246 1205 273; x_wconf 78' lang='lat' dir='ltr'><strong>magnus</strong></span> <span class='ocrx_word' id='word_1_16' title='bbox 1222 238 1419 266; x_wconf 80' lang='lat' dir='ltr'><strong>chartularius.</strong></span> <span class='ocrx_word' id='word_1_17' title='bbox 1439 239 1467 266; x_wconf 88' lang='lat' dir='ltr'><strong>Si</strong></span> <span class='ocrx_word' id='word_1_18' title='bbox 1484 241 1511 266; x_wconf 83' lang='lat' dir='ltr'><strong>et</strong></span> <span class='ocrx_word' id='word_1_19' title='bbox 1526 238 1584 274; x_wconf 90' lang='lat' dir='ltr'><strong>ipse</strong></span> <span class='ocrx_word' id='word_1_20' title='bbox 1598 238 1679 271; x_wconf 82' lang='lat' dir='ltr'><strong>absit,</strong></span> <span class='ocrx_word' id='word_1_21' title='bbox 1710 245 1784 268; x_wconf 86' lang='lat' dir='ltr'><strong>tunc-</strong></span> 
     </span>
    </p>
   </div>
   <div class='ocr_carea' id='block_1_5' title="bbox 156 280 940 318">
    <p class='ocr_par' dir='ltr' id='par_1_5' title="bbox 156 280 940 318">
     <span class='ocr_line' id='line_1_5' title="bbox 156 280 940 318; baseline 0.009 -13"><span class='ocrx_word' id='word_1_22' title='bbox 156 280 238 315; x_wconf 77' lang='grc' dir='ltr'>μέχρι</span> <span class='ocrx_word' id='word_1_23' title='bbox 260 280 356 312; x_wconf 79' lang='grc' dir='ltr'><strong>τέλους</strong></span> <span class='ocrx_word' id='word_1_24' title='bbox 371 282 384 308; x_wconf 99' lang='lat'><strong>6</strong></span> <span class='ocrx_word' id='word_1_25' title='bbox 399 282 486 316; x_wconf 82' lang='grc' dir='ltr'><strong>μέγας</strong></span> <span class='ocrx_word' id='word_1_26' title='bbox 505 283 712 318; x_wconf 85' lang='grc' dir='ltr'>χαρτουλάριος.</span> <span class='ocrx_word' id='word_1_27' title='bbox 734 285 797 311; x_wconf 78' lang='grc' dir='ltr'><strong>Ἐὰν</strong></span> <span class='ocrx_word' id='word_1_28' title='bbox 819 285 847 311; x_wconf 86' lang='grc' dir='ltr'><strong>δὲ</strong></span> <span class='ocrx_word' id='word_1_29' title='bbox 864 282 940 316; x_wconf 75' lang='grc' dir='ltr'>οὗτος</span> 
     </span>
    </p>
   </div>
   <div class='ocr_carea' id='block_1_6' title="bbox 156 327 940 366">
    <p class='ocr_par' dir='ltr' id='par_1_6' title="bbox 156 327 940 366">
     <span class='ocr_line' id='line_1_6' title="bbox 156 327 940 366; baseline 0.008 -14"><span class='ocrx_word' id='word_1_30' title='bbox 156 327 303 361; x_wconf 80' lang='grc' dir='ltr'>ἀποδημεῖ,</span> <span class='ocrx_word' id='word_1_31' title='bbox 320 328 398 362; x_wconf 80' lang='grc' dir='ltr'>φέρει</span> <span class='ocrx_word' id='word_1_32' title='bbox 423 328 466 354; x_wconf 75' lang='grc' dir='ltr'>τὸν</span> <span class='ocrx_word' id='word_1_33' title='bbox 480 328 564 356; x_wconf 82' lang='grc' dir='ltr'>ἵππον</span> <span class='ocrx_word' id='word_1_34' title='bbox 579 329 633 356; x_wconf 77' lang='grc' dir='ltr'><strong>ἀπὸ</strong></span> <span class='ocrx_word' id='word_1_35' title='bbox 649 330 703 356; x_wconf 85' lang='grc' dir='ltr'>τῶν</span> <span class='ocrx_word' id='word_1_36' title='bbox 718 330 940 366; x_wconf 76' lang='grc' dir='ltr'>καθευρεοέντων</span> 
     </span>
    </p>
   </div>
   <div class='ocr_carea' id='block_1_7' title="bbox 156 374 522 409">
    <p class='ocr_par' dir='ltr' id='par_1_7' title="bbox 156 374 522 409">
     <span class='ocr_line' id='line_1_7' title="bbox 156 374 522 409; baseline 0.005 -10"><span class='ocrx_word' id='word_1_37' title='bbox 156 374 296 409; x_wconf 75' lang='grc' dir='ltr'><strong>ἀρχόντων</strong></span> <span class='ocrx_word' id='word_1_38' title='bbox 310 375 324 400; x_wconf 85' lang='grc' dir='ltr'><strong><em>ὁ</em></strong></span> <span class='ocrx_word' id='word_1_39' title='bbox 339 374 522 409; x_wconf 77' lang='grc' dir='ltr'>ἐντιμότερος.</span> 
     </span>
    </p>
   </div>
   <div class='ocr_carea' id='block_1_8' title="bbox 190 419 942 458">
    <p class='ocr_par' dir='ltr' id='par_1_8' title="bbox 190 419 942 458">
     <span class='ocr_line' id='line_1_8' title="bbox 190 419 942 458; baseline 0.005 -14"><span class='ocrx_word' id='word_1_40' title='bbox 190 420 238 445; x_wconf 86' lang='grc' dir='ltr'><strong>Δεῖ</strong></span> <span class='ocrx_word' id='word_1_41' title='bbox 252 419 281 445; x_wconf 84' lang='grc' dir='ltr'><strong>δὲ</strong></span> <span class='ocrx_word' id='word_1_42' title='bbox 296 419 443 452; x_wconf 78' lang='grc' dir='ltr'><strong>γινώσκειν</strong></span> <span class='ocrx_word' id='word_1_43' title='bbox 457 421 497 446; x_wconf 82' lang='grc' dir='ltr'>ὅτι</span> <span class='ocrx_word' id='word_1_44' title='bbox 510 420 570 452; x_wconf 73' lang='grc' dir='ltr'>ἔθος</span> <span class='ocrx_word' id='word_1_45' title='bbox 586 421 643 448; x_wconf 69' lang='grc' dir='ltr'>ἐστὶ</span> <span class='ocrx_word' id='word_1_46' title='bbox 663 423 724 449; x_wconf 80' lang='grc' dir='ltr'>καθ’</span> <span class='ocrx_word' id='word_1_47' title='bbox 739 422 858 458; x_wconf 76' lang='grc' dir='ltr'>ἑκάστην</span> <span class='ocrx_word' id='word_1_48' title='bbox 873 423 942 450; x_wconf 80' lang='grc' dir='ltr'>ἑτοί-</span> 
     </span>
    </p>
   </div>
   <div class='ocr_carea' id='block_1_9' title="bbox 156 464 942 503">
    <p class='ocr_par' dir='ltr' id='par_1_9' title="bbox 156 464 942 503">
     <span class='ocr_line' id='line_1_9' title="bbox 156 464 942 503; baseline 0.006 -12"><span class='ocrx_word' id='word_1_49' title='bbox 156 474 224 500; x_wconf 85' lang='grc' dir='ltr'>μους</span> <span class='ocrx_word' id='word_1_50' title='bbox 237 464 306 492; x_wconf 75' lang='grc' dir='ltr'>εἶναι</span> <span class='ocrx_word' id='word_1_51' title='bbox 328 466 427 497; x_wconf 81' lang='grc' dir='ltr'>ἵππους</span> <span class='ocrx_word' id='word_1_52' title='bbox 450 467 531 498; x_wconf 80' lang='grc' dir='ltr'>ἑπτὰ,</span> <span class='ocrx_word' id='word_1_53' title='bbox 545 468 570 494; x_wconf 79' lang='grc' dir='ltr'><strong>οἵ</strong></span> <span class='ocrx_word' id='word_1_54' title='bbox 583 468 630 494; x_wconf 80' lang='grc' dir='ltr'><strong>καὶ</strong></span> <span class='ocrx_word' id='word_1_55' title='bbox 651 469 796 496; x_wconf 73' lang='grc' dir='ltr'>καλοῦνται</span> <span class='ocrx_word' id='word_1_56' title='bbox 809 469 942 503; x_wconf 78' lang='grc' dir='ltr'>στρὼσια,</span> 
     </span>
    </p>
   </div>
   <div class='ocr_carea' id='block_1_10' title="bbox 155 511 943 547">
    <p class='ocr_par' dir='ltr' id='par_1_10' title="bbox 155 511 943 547">
     <span class='ocr_line' id='line_1_10' title="bbox 155 511 943 547; baseline 0.009 -11"><span class='ocrx_word' id='word_1_57' title='bbox 155 511 353 545; x_wconf 78' lang='grc' dir='ltr'><strong>ἐκδεχομένους</strong></span> <span class='ocrx_word' id='word_1_58' title='bbox 376 513 570 547; x_wconf 74' lang='grc' dir='ltr'>τὸνβασιλέα,</span> <span class='ocrx_word' id='word_1_59' title='bbox 595 514 809 542; x_wconf 77' lang='grc' dir='ltr'>καὸαλλικεῦσαι</span> <span class='ocrx_word' id='word_1_60' title='bbox 834 513 889 542; x_wconf 75' lang='grc' dir='ltr'>οἷον</span> <span class='ocrx_word' id='word_1_61' title='bbox 910 515 943 543; x_wconf 77' lang='grc' dir='ltr'>ἂν</span> 
     </span>
    </p>
   </div>
   <div class='ocr_carea' id='block_1_11' title="bbox 155 556 944 592">
    <p class='ocr_par' dir='ltr' id='par_1_11' title="bbox 155 556 944 592">
     <span class='ocr_line' id='line_1_11' title="bbox 155 556 944 592; baseline 0.009 -11"><span class='ocrx_word' id='word_1_62' title='bbox 155 556 188 582; x_wconf 81' lang='grc' dir='ltr'>ἐκ</span> <span class='ocrx_word' id='word_1_63' title='bbox 201 556 305 583; x_wconf 79' lang='grc' dir='ltr'>τούτων</span> <span class='ocrx_word' id='word_1_64' title='bbox 321 557 457 592; x_wconf 77' lang='grc' dir='ltr'>βούλοιτο.</span> <span class='ocrx_word' id='word_1_65' title='bbox 475 560 506 584; x_wconf 82' lang='grc' dir='ltr'><strong>Οἱ</strong></span> <span class='ocrx_word' id='word_1_66' title='bbox 525 559 553 586; x_wconf 81' lang='grc' dir='ltr'>δὲ</span> <span class='ocrx_word' id='word_1_67' title='bbox 570 560 658 586; x_wconf 67' lang='grc' dir='ltr'>λοιποὶ</span> <span class='ocrx_word' id='word_1_68' title='bbox 681 560 760 587; x_wconf 80' lang='grc' dir='ltr'>ἵπποι</span> <span class='ocrx_word' id='word_1_69' title='bbox 781 561 944 587; x_wconf 72' lang='grc' dir='ltr'>ἀκολουθοῦ-</span> 
     </span>
    </p>
   </div>
   <div class='ocr_carea' id='block_1_12' title="bbox 156 602 944 641">
    <p class='ocr_par' dir='ltr' id='par_1_12' title="bbox 156 602 944 641">
     <span class='ocr_line' id='line_1_12' title="bbox 156 602 944 641; baseline 0.009 -14"><span class='ocrx_word' id='word_1_70' title='bbox 156 609 209 631; x_wconf 87' lang='grc' dir='ltr'>σιν,</span> <span class='ocrx_word' id='word_1_71' title='bbox 231 602 255 629; x_wconf 74' lang='grc' dir='ltr'><strong>οἵ</strong></span> <span class='ocrx_word' id='word_1_72' title='bbox 280 603 326 630; x_wconf 83' lang='grc' dir='ltr'>καὶ</span> <span class='ocrx_word' id='word_1_73' title='bbox 349 603 495 631; x_wconf 81' lang='grc' dir='ltr'>καλοῦνται</span> <span class='ocrx_word' id='word_1_74' title='bbox 525 606 623 641; x_wconf 84' lang='grc' dir='ltr'>συρτά.</span> <span class='ocrx_word' id='word_1_75' title='bbox 649 606 678 633; x_wconf 94' lang='grc' dir='ltr'>Ὀ</span> <span class='ocrx_word' id='word_1_76' title='bbox 696 607 789 641; x_wconf 79' lang='grc' dir='ltr'>μέντοι</span> <span class='ocrx_word' id='word_1_77' title='bbox 813 607 944 641; x_wconf 76' lang='grc' dir='ltr'>δηλωθεὶς</span> 
     </span>
    </p>
   </div>
   <div class='ocr_carea' id='block_1_13' title="bbox 156 649 944 688">
    <p class='ocr_par' dir='ltr' id='par_1_13' title="bbox 156 649 944 688">
     <span class='ocr_line' id='line_1_13' title="bbox 156 649 944 688; baseline 0.008 -14"><span class='ocrx_word' id='word_1_78' title='bbox 156 649 246 683; x_wconf 80' lang='grc' dir='ltr'>κόμης</span> <span class='ocrx_word' id='word_1_79' title='bbox 269 649 313 675; x_wconf 78' lang='grc' dir='ltr'><strong>ἐπ’</strong></span> <span class='ocrx_word' id='word_1_80' title='bbox 335 650 427 681; x_wconf 78' lang='grc' dir='ltr'>ἀδείας</span> <span class='ocrx_word' id='word_1_81' title='bbox 452 651 519 685; x_wconf 78' lang='grc' dir='ltr'>ἔχει,</span> <span class='ocrx_word' id='word_1_82' title='bbox 541 649 598 678; x_wconf 67' lang='grc' dir='ltr'>οἷον</span> <span class='ocrx_word' id='word_1_83' title='bbox 619 652 652 679; x_wconf 77' lang='grc' dir='ltr'>ἂν</span> <span class='ocrx_word' id='word_1_84' title='bbox 666 653 697 679; x_wconf 85' lang='grc' dir='ltr'>ὲκ</span> <span class='ocrx_word' id='word_1_85' title='bbox 720 654 775 680; x_wconf 84' lang='grc' dir='ltr'>τῶν</span> <span class='ocrx_word' id='word_1_86' title='bbox 796 654 944 688; x_wconf 81' lang='grc' dir='ltr'>βασιλικῶν</span> 
     </span>
    </p>
   </div>
   <div class='ocr_carea' id='block_1_14' title="bbox 157 693 945 733">
    <p class='ocr_par' dir='ltr' id='par_1_14' title="bbox 157 693 945 733">
     <span class='ocr_line' id='line_1_14' title="bbox 157 693 945 733; baseline 0.008 -14"><span class='ocrx_word' id='word_1_87' title='bbox 157 693 250 720; x_wconf 78' lang='grc' dir='ltr'>ἵππων</span> <span class='ocrx_word' id='word_1_88' title='bbox 265 694 398 727; x_wconf 79' lang='grc' dir='ltr'>βούλοιτο,</span> <span class='ocrx_word' id='word_1_89' title='bbox 408 696 616 723; x_wconf 79' lang='grc' dir='ltr'>καὸαλλικεύειν</span> <span class='ocrx_word' id='word_1_90' title='bbox 631 698 672 728; x_wconf 82' lang='grc' dir='ltr'><strong>είς</strong></span> <span class='ocrx_word' id='word_1_91' title='bbox 687 698 716 724; x_wconf 76' lang='grc' dir='ltr'>τὸ</span> <span class='ocrx_word' id='word_1_92' title='bbox 731 699 945 733; x_wconf 71' lang='grc' dir='ltr'>καῆαλλαρίκιον</span> 
     </span>
    </p>
   </div>
   <div class='ocr_carea' id='block_1_15' title="bbox 156 740 946 780">
    <p class='ocr_par' dir='ltr' id='par_1_15' title="bbox 156 740 946 780">
     <span class='ocr_line' id='line_1_15' title="bbox 156 740 946 780; baseline 0.009 -15"><span class='ocrx_word' id='word_1_93' title='bbox 156 740 204 766; x_wconf 72' lang='grc' dir='ltr'>τοῦ</span> <span class='ocrx_word' id='word_1_94' title='bbox 224 740 367 774; x_wconf 79' lang='grc' dir='ltr'>βασιλέως,</span> <span class='ocrx_word' id='word_1_95' title='bbox 388 742 465 775; x_wconf 75' lang='grc' dir='ltr'>ἄγειν</span> <span class='ocrx_word' id='word_1_96' title='bbox 478 751 509 768; x_wconf 85' lang='grc' dir='ltr'><strong>τε</strong></span> <span class='ocrx_word' id='word_1_97' title='bbox 525 743 573 769; x_wconf 78' lang='grc' dir='ltr'>καὶ</span> <span class='ocrx_word' id='word_1_98' title='bbox 590 745 683 778; x_wconf 79' lang='grc' dir='ltr'>φέρειν</span> <span class='ocrx_word' id='word_1_99' title='bbox 708 745 737 770; x_wconf 87' lang='grc' dir='ltr'>ὲν</span> <span class='ocrx_word' id='word_1_100' title='bbox 759 746 791 780; x_wconf 84' lang='grc' dir='ltr'>τῇ</span> <span class='ocrx_word' id='word_1_101' title='bbox 815 745 882 780; x_wconf 81' lang='grc' dir='ltr'>αὐλῇ</span> <span class='ocrx_word' id='word_1_102' title='bbox 899 747 946 772; x_wconf 81' lang='grc' dir='ltr'>καὶ</span> 
     </span>
    </p>
   </div>
   <div class='ocr_carea' id='block_1_16' title="bbox 158 784 946 825">
    <p class='ocr_par' dir='ltr' id='par_1_16' title="bbox 158 784 946 825">
     <span class='ocr_line' id='line_1_16' title="bbox 158 784 946 825; baseline 0.01 -15"><span class='ocrx_word' id='word_1_103' title='bbox 158 784 269 816; x_wconf 76' lang='grc' dir='ltr'><strong>ἐθίζειν,</strong></span> <span class='ocrx_word' id='word_1_104' title='bbox 288 786 414 818; x_wconf 76' lang='grc' dir='ltr'><strong>πεζεύειν</strong></span> <span class='ocrx_word' id='word_1_105' title='bbox 439 787 472 814; x_wconf 80' lang='grc' dir='ltr'>αὖ</span> <span class='ocrx_word' id='word_1_106' title='bbox 499 789 539 820; x_wconf 82' lang='grc' dir='ltr'>εἰς</span> <span class='ocrx_word' id='word_1_107' title='bbox 564 789 595 816; x_wconf 69' lang='grc' dir='ltr'>τὸ</span> <span class='ocrx_word' id='word_1_108' title='bbox 620 789 846 825; x_wconf 79' lang='grc' dir='ltr'>καΰαλλαρίκιον,</span> <span class='ocrx_word' id='word_1_109' title='bbox 872 792 946 824; x_wconf 79' lang='grc' dir='ltr'>ἐντὸς</span> 
     </span>
    </p>
   </div>
   <div class='ocr_carea' id='block_1_17' title="bbox 160 830 946 871">
    <p class='ocr_par' dir='ltr' id='par_1_17' title="bbox 160 830 946 871">
     <span class='ocr_line' id='line_1_17' title="bbox 160 830 946 871; baseline 0.011 -16"><span class='ocrx_word' id='word_1_110' title='bbox 160 830 264 864; x_wconf 79' lang='grc' dir='ltr'>μέντοι,</span> <span class='ocrx_word' id='word_1_111' title='bbox 281 831 318 862; x_wconf 88' lang='grc' dir='ltr'><strong>ὡς</strong></span> <span class='ocrx_word' id='word_1_112' title='bbox 336 832 455 867; x_wconf 74' lang='grc' dir='ltr'>εἴρηται,</span> <span class='ocrx_word' id='word_1_113' title='bbox 478 833 528 868; x_wconf 78' lang='grc' dir='ltr'>τῆς</span> <span class='ocrx_word' id='word_1_114' title='bbox 552 834 637 868; x_wconf 73' lang='grc' dir='ltr'>αὐλῆς</span> <span class='ocrx_word' id='word_1_115' title='bbox 660 836 739 867; x_wconf 83' lang='grc' dir='ltr'>μόνον</span> <span class='ocrx_word' id='word_1_116' title='bbox 752 844 759 851; x_wconf 75' lang='grc' dir='ltr'><strong>ο</strong></span> <span class='ocrx_word' id='word_1_117' title='bbox 787 837 900 871; x_wconf 71' lang='grc' dir='ltr'>ὲκῦἧναι</span> <span class='ocrx_word' id='word_1_118' title='bbox 917 838 946 865; x_wconf 81' lang='grc' dir='ltr'><strong>δὲ</strong></span> 
     </span>
    </p>
   </div>
   <div class='ocr_carea' id='block_1_18' title="bbox 159 875 947 915">
    <p class='ocr_par' dir='ltr' id='par_1_18' title="bbox 159 875 947 915">
     <span class='ocr_line' id='line_1_18' title="bbox 159 875 947 915; baseline 0.011 -14"><span class='ocrx_word' id='word_1_119' title='bbox 159 875 262 911; x_wconf 68' lang='grc' dir='ltr'>ταύτης</span> <span class='ocrx_word' id='word_1_120' title='bbox 283 877 398 913; x_wconf 73' lang='grc' dir='ltr'>ἱππότης</span> <span class='ocrx_word' id='word_1_121' title='bbox 411 878 426 914; x_wconf 77' lang='grc' dir='ltr'><strong>ἢ</strong></span> <span class='ocrx_word' id='word_1_122' title='bbox 443 880 573 906; x_wconf 77' lang='grc' dir='ltr'><strong>εἰσελθεῖν</strong></span> <span class='ocrx_word' id='word_1_123' title='bbox 591 880 648 907; x_wconf 76' lang='grc' dir='ltr'>οὔθ’</span> <span class='ocrx_word' id='word_1_124' title='bbox 663 878 739 911; x_wconf 69' lang='grc' dir='ltr'>οὗτος</span> <span class='ocrx_word' id='word_1_125' title='bbox 754 882 815 908; x_wconf 76' lang='grc' dir='ltr'>οὔτε</span> <span class='ocrx_word' id='word_1_126' title='bbox 832 892 873 915; x_wconf 86' lang='grc' dir='ltr'><strong>τις</strong></span> <span class='ocrx_word' id='word_1_127' title='bbox 887 884 947 910; x_wconf 78' lang='grc' dir='ltr'>ἓτε-</span> 
     </span>
    </p>
   </div>
   <div class='ocr_carea' id='block_1_19' title="bbox 992 284 1777 320">
    <p class='ocr_par' dir='ltr' id='par_1_19' title="bbox 992 284 1777 320">
     <span class='ocr_line' id='line_1_19' title="bbox 992 284 1777 320; baseline 0.003 -9"><span class='ocrx_word' id='word_1_128' title='bbox 992 284 1090 318; x_wconf 78' lang='lat' dir='ltr'><strong>aliquis</strong></span> <span class='ocrx_word' id='word_1_129' title='bbox 1106 292 1137 311; x_wconf 82' lang='lat' dir='ltr'><strong>ex</strong></span> <span class='ocrx_word' id='word_1_130' title='bbox 1170 285 1402 317; x_wconf 85' lang='lat' dir='ltr'><strong>ltonoratioribus,</strong></span> <span class='ocrx_word' id='word_1_131' title='bbox 1431 285 1478 320; x_wconf 87' lang='lat' dir='ltr'><strong>qui</strong></span> <span class='ocrx_word' id='word_1_132' title='bbox 1498 291 1645 319; x_wconf 64' lang='lat' dir='ltr'><strong>praesentes</strong></span> <span class='ocrx_word' id='word_1_133' title='bbox 1660 290 1723 313; x_wconf 89' lang='lat' dir='ltr'><strong>sunt</strong></span> <span class='ocrx_word' id='word_1_134' title='bbox 1743 293 1777 313; x_wconf 80' lang='lat' dir='ltr'><strong>ex</strong></span> 
     </span>
    </p>
   </div>
   <div class='ocr_carea' id='block_1_20' title="bbox 990 330 1715 366">
    <p class='ocr_par' dir='ltr' id='par_1_20' title="bbox 990 330 1715 366">
     <span class='ocr_line' id='line_1_20' title="bbox 990 330 1715 366; baseline 0.004 -10"><span class='ocrx_word' id='word_1_135' title='bbox 990 330 1157 365; x_wconf 81' lang='lat' dir='ltr'><strong>proceribus.</strong></span> <span class='ocrx_word' id='word_1_136' title='bbox 1165 338 1262 366; x_wconf 88' lang='lat' dir='ltr'><strong>equum</strong></span> <span class='ocrx_word' id='word_1_137' title='bbox 1274 331 1357 359; x_wconf 85' lang='lat' dir='ltr'><strong>ducit.</strong></span> <span class='ocrx_word' id='word_1_138' title='bbox 1711 335 1715 339; x_wconf 96' lang='lat'>&#39;</span> 
     </span>
    </p>
   </div>
   <div class='ocr_carea' id='block_1_21' title="bbox 1027 418 1776 455">
    <p class='ocr_par' dir='ltr' id='par_1_21' title="bbox 1027 418 1776 455">
     <span class='ocr_line' id='line_1_21' title="bbox 1027 418 1776 455; baseline -0.001 -8"><span class='ocrx_word' id='word_1_139' title='bbox 1027 418 1232 447; x_wconf 82' lang='lat' dir='ltr'><strong>Observandum</strong></span> <span class='ocrx_word' id='word_1_140' title='bbox 1247 425 1288 448; x_wconf 91' lang='lat' dir='ltr'><strong>est</strong></span> <span class='ocrx_word' id='word_1_141' title='bbox 1301 420 1385 448; x_wconf 93' lang='lat' dir='ltr'><strong>moris</strong></span> <span class='ocrx_word' id='word_1_142' title='bbox 1401 426 1461 448; x_wconf 89' lang='lat' dir='ltr'><strong>esse</strong></span> <span class='ocrx_word' id='word_1_143' title='bbox 1486 424 1515 447; x_wconf 90' lang='lat' dir='ltr'><strong>ut</strong></span> <span class='ocrx_word' id='word_1_144' title='bbox 1536 419 1658 455; x_wconf 87' lang='lat' dir='ltr'><strong>quotidie</strong></span> <span class='ocrx_word' id='word_1_145' title='bbox 1685 420 1776 454; x_wconf 88' lang='lat' dir='ltr'><strong>parati</strong></span> 
     </span>
    </p>
   </div>
   <div class='ocr_carea' id='block_1_22' title="bbox 993 465 1778 501">
    <p class='ocr_par' dir='ltr' id='par_1_22' title="bbox 993 465 1778 501">
     <span class='ocr_line' id='line_1_22' title="bbox 993 465 1778 501; baseline 0 -9"><span class='ocrx_word' id='word_1_146' title='bbox 993 465 1048 492; x_wconf 87' lang='lat' dir='ltr'><strong>sint</strong></span> <span class='ocrx_word' id='word_1_147' title='bbox 1063 470 1165 500; x_wconf 88' lang='lat' dir='ltr'><strong>septem</strong></span> <span class='ocrx_word' id='word_1_148' title='bbox 1182 467 1255 500; x_wconf 81' lang='lat' dir='ltr'><strong>equi,</strong></span> <span class='ocrx_word' id='word_1_149' title='bbox 1269 474 1342 501; x_wconf 91' lang='lat' dir='ltr'><strong>quos</strong></span> <span class='ocrx_word' id='word_1_150' title='bbox 1372 471 1474 494; x_wconf 84' lang='lat' dir='ltr'><strong>stratos</strong></span> <span class='ocrx_word' id='word_1_151' title='bbox 1502 471 1611 497; x_wconf 82' lang='lat' dir='ltr'><strong>vocant.</strong></span> <span class='ocrx_word' id='word_1_152' title='bbox 1639 466 1778 500; x_wconf 78' lang='lat' dir='ltr'><strong>excepturi</strong></span> 
     </span>
    </p>
   </div>
   <div class='ocr_carea' id='block_1_23' title="bbox 994 510 1780 546">
    <p class='ocr_par' dir='ltr' id='par_1_23' title="bbox 994 510 1780 546">
     <span class='ocr_line' id='line_1_23' title="bbox 994 510 1780 546; baseline -0.001 -9"><span class='ocrx_word' id='word_1_153' title='bbox 994 511 1198 545; x_wconf 76' lang='lat' dir='ltr'><strong>imperatorem.</strong></span> <span class='ocrx_word' id='word_1_154' title='bbox 1231 515 1260 538; x_wconf 89' lang='lat' dir='ltr'><strong>ut</strong></span> <span class='ocrx_word' id='word_1_155' title='bbox 1294 519 1485 546; x_wconf 87' lang='lat' dir='ltr'><strong>quemcunque</strong></span> <span class='ocrx_word' id='word_1_156' title='bbox 1523 519 1557 538; x_wconf 84' lang='lat' dir='ltr'><strong>ex</strong></span> <span class='ocrx_word' id='word_1_157' title='bbox 1582 510 1637 538; x_wconf 91' lang='lat' dir='ltr'><strong>illis</strong></span> <span class='ocrx_word' id='word_1_158' title='bbox 1664 510 1780 537; x_wconf 83' lang='lat' dir='ltr'><strong>voluerit</strong></span> 
     </span>
    </p>
   </div>
   <div class='ocr_carea' id='block_1_24' title="bbox 994 555 1780 591">
    <p class='ocr_par' dir='ltr' id='par_1_24' title="bbox 994 555 1780 591">
     <span class='ocr_line' id='line_1_24' title="bbox 994 555 1780 591; baseline -0.001 -8"><span class='ocrx_word' id='word_1_159' title='bbox 994 557 1108 591; x_wconf 91' lang='lat' dir='ltr'><strong>equitet.</strong></span> <span class='ocrx_word' id='word_1_160' title='bbox 1125 555 1233 591; x_wconf 83' lang='lat' dir='ltr'><strong>Reliqui</strong></span> <span class='ocrx_word' id='word_1_161' title='bbox 1246 557 1309 591; x_wconf 87' lang='lat' dir='ltr'><strong>equi</strong></span> <span class='ocrx_word' id='word_1_162' title='bbox 1328 562 1490 591; x_wconf 86' lang='lat' dir='ltr'><strong>sequuntur,</strong></span> <span class='ocrx_word' id='word_1_163' title='bbox 1516 564 1585 591; x_wconf 83' lang='lat' dir='ltr'><strong>quos</strong></span> <span class='ocrx_word' id='word_1_164' title='bbox 1597 555 1780 583; x_wconf 85' lang='lat' dir='ltr'><strong>manuduetos</strong></span> 
     </span>
    </p>
   </div>
   <div class='ocr_carea' id='block_1_25' title="bbox 996 601 1783 637">
    <p class='ocr_par' dir='ltr' id='par_1_25' title="bbox 996 601 1783 637">
     <span class='ocr_line' id='line_1_25' title="bbox 996 601 1783 637; baseline -0.003 -9"><span class='ocrx_word' id='word_1_165' title='bbox 996 602 1145 636; x_wconf 82' lang='lat' dir='ltr'><strong>appellant.</strong></span> <span class='ocrx_word' id='word_1_166' title='bbox 1175 601 1339 629; x_wconf 83' lang='lat' dir='ltr'><strong>Memoratus</strong></span> <span class='ocrx_word' id='word_1_167' title='bbox 1385 602 1467 637; x_wconf 71' lang='lat' dir='ltr'><strong>igitur</strong></span> <span class='ocrx_word' id='word_1_168' title='bbox 1494 609 1587 629; x_wconf 85' lang='lat' dir='ltr'><strong>comes</strong></span> <span class='ocrx_word' id='word_1_169' title='bbox 1615 605 1783 636; x_wconf 30' lang='lat' dir='ltr'><strong>potestatem,</strong></span> 
     </span>
    </p>
   </div>
   <div class='ocr_carea' id='block_1_26' title="bbox 995 646 1783 683">
    <p class='ocr_par' dir='ltr' id='par_1_26' title="bbox 995 646 1783 683">
     <span class='ocr_line' id='line_1_26' title="bbox 995 646 1783 683; baseline -0.004 -8"><span class='ocrx_word' id='word_1_170' title='bbox 995 648 1078 675; x_wconf 88' lang='lat' dir='ltr'><strong>habet</strong></span> <span class='ocrx_word' id='word_1_171' title='bbox 1093 648 1234 683; x_wconf 90' lang='lat' dir='ltr'><strong>equitandi</strong></span> <span class='ocrx_word' id='word_1_172' title='bbox 1249 655 1439 682; x_wconf 84' lang='lat' dir='ltr'><strong>quemcunque</strong></span> <span class='ocrx_word' id='word_1_173' title='bbox 1449 656 1482 675; x_wconf 83' lang='lat' dir='ltr'><strong>ex</strong></span> <span class='ocrx_word' id='word_1_174' title='bbox 1499 647 1685 682; x_wconf 84' lang='lat' dir='ltr'><strong>imperatoriis</strong></span> <span class='ocrx_word' id='word_1_175' title='bbox 1699 646 1783 681; x_wconf 79' lang='lat' dir='ltr'><strong>equis</strong></span> 
     </span>
    </p>
   </div>
   <div class='ocr_carea' id='block_1_27' title="bbox 996 692 1781 728">
    <p class='ocr_par' dir='ltr' id='par_1_27' title="bbox 996 692 1781 728">
     <span class='ocr_line' id='line_1_27' title="bbox 996 692 1781 728; baseline -0.003 -8"><span class='ocrx_word' id='word_1_176' title='bbox 996 692 1110 720; x_wconf 83' lang='lat' dir='ltr'><strong>voluerit</strong></span> <span class='ocrx_word' id='word_1_177' title='bbox 1125 694 1152 721; x_wconf 94' lang='lat' dir='ltr'><strong>in</strong></span> <span class='ocrx_word' id='word_1_178' title='bbox 1165 694 1256 728; x_wconf 86' lang='lat' dir='ltr'><strong>equile</strong></span> <span class='ocrx_word' id='word_1_179' title='bbox 1269 694 1451 728; x_wconf 79' lang='lat' dir='ltr'><strong>imperatoris,</strong></span> <span class='ocrx_word' id='word_1_180' title='bbox 1470 694 1533 720; x_wconf 84' lang='lat' dir='ltr'><strong>item</strong></span> <span class='ocrx_word' id='word_1_181' title='bbox 1548 693 1688 725; x_wconf 77' lang='lat' dir='ltr'><strong>domandi,</strong></span> <span class='ocrx_word' id='word_1_182' title='bbox 1701 700 1781 719; x_wconf 59' lang='lat' dir='ltr'><strong>exerc</strong></span> 
     </span>
    </p>
   </div>
   <div class='ocr_carea' id='block_1_28' title="bbox 997 737 1779 773">
    <p class='ocr_par' dir='ltr' id='par_1_28' title="bbox 997 737 1779 773">
     <span class='ocr_line' id='line_1_28' title="bbox 997 737 1779 773; baseline -0.006 -5"><span class='ocrx_word' id='word_1_183' title='bbox 997 741 1075 768; x_wconf 88' lang='lat' dir='ltr'><strong>cendi</strong></span> <span class='ocrx_word' id='word_1_184' title='bbox 1091 745 1117 768; x_wconf 90' lang='lat' dir='ltr'><strong>et</strong></span> <span class='ocrx_word' id='word_1_185' title='bbox 1130 741 1288 768; x_wconf 85' lang='lat' dir='ltr'><strong>instituendi</strong></span> <span class='ocrx_word' id='word_1_186' title='bbox 1305 741 1331 767; x_wconf 93' lang='lat' dir='ltr'><strong>in</strong></span> <span class='ocrx_word' id='word_1_187' title='bbox 1344 740 1405 768; x_wconf 88' lang='lat' dir='ltr'><strong>aula</strong></span> <span class='ocrx_word' id='word_1_188' title='bbox 1421 745 1449 767; x_wconf 84' lang='lat' dir='ltr'><strong>et</strong></span> <span class='ocrx_word' id='word_1_189' title='bbox 1463 747 1494 766; x_wconf 85' lang='lat' dir='ltr'><strong>ex</strong></span> <span class='ocrx_word' id='word_1_190' title='bbox 1510 746 1583 773; x_wconf 86' lang='lat' dir='ltr'><strong>equo</strong></span> <span class='ocrx_word' id='word_1_191' title='bbox 1594 738 1737 765; x_wconf 85' lang='lat' dir='ltr'><strong>desiliendi</strong></span> <span class='ocrx_word' id='word_1_192' title='bbox 1752 737 1779 763; x_wconf 92' lang='lat' dir='ltr'><strong>in</strong></span> 
     </span>
    </p>
   </div>
   <div class='ocr_carea' id='block_1_29' title="bbox 998 783 1782 821">
    <p class='ocr_par' dir='ltr' id='par_1_29' title="bbox 998 783 1782 821">
     <span class='ocr_line' id='line_1_29' title="bbox 998 783 1782 821; baseline -0.009 -6"><span class='ocrx_word' id='word_1_193' title='bbox 998 787 1156 815; x_wconf 84' lang='lat' dir='ltr'><strong>catadromo</strong></span> <span class='ocrx_word' id='word_1_194' title='bbox 1175 795 1183 814; x_wconf 91' lang='lat'><strong>:</strong></span> <span class='ocrx_word' id='word_1_195' title='bbox 1204 792 1336 817; x_wconf 88' lang='lat' dir='ltr'><strong>attamen.</strong></span> <span class='ocrx_word' id='word_1_196' title='bbox 1351 790 1381 812; x_wconf 90' lang='lat' dir='ltr'><strong>ut</strong></span> <span class='ocrx_word' id='word_1_197' title='bbox 1395 786 1449 821; x_wconf 86' lang='lat'><strong>30</strong></span> <span class='ocrx_word' id='word_1_198' title='bbox 1467 785 1568 812; x_wconf 80' lang='lat' dir='ltr'><strong>dictant</strong></span> <span class='ocrx_word' id='word_1_199' title='bbox 1596 788 1649 812; x_wconf 78' lang='lat' dir='ltr'><strong>est.</strong></span> <span class='ocrx_word' id='word_1_200' title='bbox 1679 783 1782 810; x_wconf 85' lang='lat' dir='ltr'><strong>solum-</strong></span> 
     </span>
    </p>
   </div>
   <div class='ocr_carea' id='block_1_30' title="bbox 999 829 1782 866">
    <p class='ocr_par' dir='ltr' id='par_1_30' title="bbox 999 829 1782 866">
     <span class='ocr_line' id='line_1_30' title="bbox 999 829 1782 866; baseline -0.008 -5"><span class='ocrx_word' id='word_1_201' title='bbox 999 833 1080 861; x_wconf 91' lang='lat' dir='ltr'><strong>modo</strong></span> <span class='ocrx_word' id='word_1_202' title='bbox 1098 834 1167 861; x_wconf 82' lang='lat' dir='ltr'><strong>intra</strong></span> <span class='ocrx_word' id='word_1_203' title='bbox 1181 834 1288 866; x_wconf 86' lang='lat' dir='ltr'><strong>aulam;</strong></span> <span class='ocrx_word' id='word_1_204' title='bbox 1304 840 1338 860; x_wconf 84' lang='lat' dir='ltr'><strong>ex</strong></span> <span class='ocrx_word' id='word_1_205' title='bbox 1354 833 1407 859; x_wconf 82' lang='lat' dir='ltr'><strong>hac</strong></span> <span class='ocrx_word' id='word_1_206' title='bbox 1417 839 1482 859; x_wconf 86' lang='lat' dir='ltr'><strong>vero</strong></span> <span class='ocrx_word' id='word_1_207' title='bbox 1508 831 1629 865; x_wconf 81' lang='lat' dir='ltr'><strong>equitem</strong></span> <span class='ocrx_word' id='word_1_208' title='bbox 1642 829 1716 857; x_wconf 76' lang='lat' dir='ltr'><strong>exire</strong></span> <span class='ocrx_word' id='word_1_209' title='bbox 1740 829 1782 856; x_wconf 85' lang='lat' dir='ltr'><strong>vel</strong></span> 
     </span>
    </p>
   </div>
   <div class='ocr_carea' id='block_1_31' title="bbox 999 877 1782 914">
    <p class='ocr_par' dir='ltr' id='par_1_31' title="bbox 999 877 1782 914">
     <span class='ocr_line' id='line_1_31' title="bbox 999 877 1782 914; baseline -0.006 -8"><span class='ocrx_word' id='word_1_210' title='bbox 999 879 1111 907; x_wconf 84' lang='lat' dir='ltr'><strong>introire</strong></span> <span class='ocrx_word' id='word_1_211' title='bbox 1125 887 1211 914; x_wconf 81' lang='lat' dir='ltr'><strong>neque</strong></span> <span class='ocrx_word' id='word_1_212' title='bbox 1226 880 1289 906; x_wconf 84' lang='lat' dir='ltr'><strong>huic</strong></span> <span class='ocrx_word' id='word_1_213' title='bbox 1301 886 1390 913; x_wconf 89' lang='lat' dir='ltr'><strong>neque</strong></span> <span class='ocrx_word' id='word_1_214' title='bbox 1416 878 1497 905; x_wconf 83' lang='lat' dir='ltr'><strong>alteri</strong></span> <span class='ocrx_word' id='word_1_215' title='bbox 1522 877 1643 910; x_wconf 73' lang='lat' dir='ltr'><strong>arripiant</strong></span> <span class='ocrx_word' id='word_1_216' title='bbox 1668 882 1782 902; x_wconf 84' lang='lat' dir='ltr'><strong>conces-</strong></span> 
     </span>
    </p>
   </div>
   <div class='ocr_carea' id='block_1_32' title="bbox 160 921 952 959">
    <p class='ocr_par' dir='ltr' id='par_1_32' title="bbox 160 921 943 959">
     <span class='ocr_line' id='line_1_32' title="bbox 160 921 943 959; baseline 0.01 -13"><span class='ocrx_word' id='word_1_217' title='bbox 160 929 217 954; x_wconf 77' lang='grc' dir='ltr'>ρος.</span> <span class='ocrx_word' id='word_1_218' title='bbox 232 921 263 947; x_wconf 77' lang='grc' dir='ltr'><strong>Εἰ</strong></span> <span class='ocrx_word' id='word_1_219' title='bbox 277 921 305 948; x_wconf 79' lang='grc' dir='ltr'><strong>δὲ</strong></span> <span class='ocrx_word' id='word_1_220' title='bbox 319 922 404 959; x_wconf 85' lang='grc' dir='ltr'>δεήσῃ</span> <span class='ocrx_word' id='word_1_221' title='bbox 425 924 561 958; x_wconf 76' lang='grc' dir='ltr'>ἄρχοντάς</span> <span class='ocrx_word' id='word_1_222' title='bbox 587 934 664 956; x_wconf 86' lang='grc' dir='ltr'>τινας</span> <span class='ocrx_word' id='word_1_223' title='bbox 683 926 898 954; x_wconf 78' lang='grc' dir='ltr'>καὸαλλικεῠσαι</span> <span class='ocrx_word' id='word_1_224' title='bbox 915 928 943 953; x_wconf 85' lang='grc' dir='ltr'>ὲν</span> 
     </span>
    </p>
   </div>
   <div class='ocr_carea' id='block_1_33' title="bbox 1004 921 1783 959">
    <p class='ocr_par' dir='ltr' id='par_1_33' title="bbox 1004 921 1783 959">
     <span class='ocr_line' id='line_1_33' title="bbox 1004 921 1783 959; baseline -0.009 -5"><span class='ocrx_word' id='word_1_225' title='bbox 1004 933 1057 954; x_wconf 78' lang='lat' dir='ltr'><strong>mm</strong></span> <span class='ocrx_word' id='word_1_226' title='bbox 1088 930 1139 953; x_wconf 88' lang='lat' dir='ltr'><strong>est.</strong></span> <span class='ocrx_word' id='word_1_227' title='bbox 1177 926 1224 953; x_wconf 86' lang='lat' dir='ltr'><strong>Sin</strong></span> <span class='ocrx_word' id='word_1_228' title='bbox 1252 930 1341 952; x_wconf 86' lang='lat' dir='ltr'><strong>autem</strong></span> <span class='ocrx_word' id='word_1_229' title='bbox 1370 929 1495 959; x_wconf 83' lang='lat' dir='ltr'><strong>oporteat</strong></span> <span class='ocrx_word' id='word_1_230' title='bbox 1523 929 1652 957; x_wconf 86' lang='lat' dir='ltr'><strong>proceres</strong></span> <span class='ocrx_word' id='word_1_231' title='bbox 1675 921 1783 956; x_wconf 79' lang='lat' dir='ltr'><strong>aliquos</strong></span> 
     </span>
    </p>
   </div>
   <div class='ocr_carea' id='block_1_34' title="bbox 159 967 946 1005">
    <p class='ocr_par' dir='ltr' id='par_1_34' title="bbox 159 967 946 1005">
     <span class='ocr_line' id='line_1_34' title="bbox 159 967 946 1005; baseline 0.01 -14"><span class='ocrx_word' id='word_1_232' title='bbox 159 967 192 1001; x_wconf 84' lang='grc' dir='ltr'>τῇ</span> <span class='ocrx_word' id='word_1_233' title='bbox 214 967 294 1002; x_wconf 81' lang='grc' dir='ltr'>αὐλῇ,</span> <span class='ocrx_word' id='word_1_234' title='bbox 312 968 382 1003; x_wconf 84' lang='grc' dir='ltr'>πεζῇ</span> <span class='ocrx_word' id='word_1_235' title='bbox 399 969 448 1003; x_wconf 78' lang='grc' dir='ltr'>μὲν</span> <span class='ocrx_word' id='word_1_236' title='bbox 459 970 643 1005; x_wconf 71' lang='grc' dir='ltr'>εἰσέρχονται,</span> <span class='ocrx_word' id='word_1_237' title='bbox 660 968 720 997; x_wconf 73' lang='grc' dir='ltr'>εἶτα</span> <span class='ocrx_word' id='word_1_238' title='bbox 736 972 946 999; x_wconf 66' lang='grc' dir='ltr'>καὸαλλικεύου-</span> 
     </span>
    </p>
   </div>
   <div class='ocr_carea' id='block_1_35' title="bbox 162 1012 946 1052">
    <p class='ocr_par' dir='ltr' id='par_1_35' title="bbox 162 1012 946 1052">
     <span class='ocr_line' id='line_1_35' title="bbox 162 1012 946 1052; baseline 0.01 -15"><span class='ocrx_word' id='word_1_239' title='bbox 162 1020 213 1040; x_wconf 88' lang='grc' dir='ltr'>σιν.</span> <span class='ocrx_word' id='word_1_240' title='bbox 233 1012 318 1041; x_wconf 80' lang='grc' dir='ltr'>Πάλιν</span> <span class='ocrx_word' id='word_1_241' title='bbox 344 1014 372 1040; x_wconf 83' lang='grc' dir='ltr'><strong>δὲ</strong></span> <span class='ocrx_word' id='word_1_242' title='bbox 400 1016 440 1046; x_wconf 85' lang='grc' dir='ltr'><strong>είς</strong></span> <span class='ocrx_word' id='word_1_243' title='bbox 465 1015 513 1050; x_wconf 87' lang='grc' dir='ltr'>τὴν</span> <span class='ocrx_word' id='word_1_244' title='bbox 535 1016 649 1052; x_wconf 81' lang='grc' dir='ltr'>ὲκόολὴν</span> <span class='ocrx_word' id='word_1_245' title='bbox 673 1017 761 1044; x_wconf 80' lang='grc' dir='ltr'>αὐτῶν</span> <span class='ocrx_word' id='word_1_246' title='bbox 783 1018 946 1050; x_wconf 78' lang='grc' dir='ltr'>πεζεύοντες</span> 
     </span>
    </p>
   </div>
   <div class='ocr_carea' id='block_1_36' title="bbox 160 1058 946 1099">
    <p class='ocr_par' dir='ltr' id='par_1_36' title="bbox 160 1058 946 1099">
     <span class='ocr_line' id='line_1_36' title="bbox 160 1058 946 1099; baseline 0.009 -15"><span class='ocrx_word' id='word_1_247' title='bbox 160 1058 317 1094; x_wconf 75' lang='grc' dir='ltr'><strong>ἐξέρχονται</strong></span> <span class='ocrx_word' id='word_1_248' title='bbox 330 1061 410 1094; x_wconf 85' lang='grc' dir='ltr'>πεςῇ-</span> <span class='ocrx_word' id='word_1_249' title='bbox 432 1062 509 1096; x_wconf 85' lang='grc' dir='ltr'>Ἐχει</span> <span class='ocrx_word' id='word_1_250' title='bbox 525 1071 555 1088; x_wconf 90' lang='grc' dir='ltr'><strong>τε</strong></span> <span class='ocrx_word' id='word_1_251' title='bbox 572 1063 664 1090; x_wconf 79' lang='grc' dir='ltr'>ἄδειαν</span> <span class='ocrx_word' id='word_1_252' title='bbox 677 1064 690 1090; x_wconf 88' lang='lat'><strong>6</strong></span> <span class='ocrx_word' id='word_1_253' title='bbox 706 1064 793 1099; x_wconf 81' lang='grc' dir='ltr'>κόμης</span> <span class='ocrx_word' id='word_1_254' title='bbox 810 1064 946 1098; x_wconf 82' lang='grc' dir='ltr'>βασιλέως</span> 
     </span>
    </p>
   </div>
   <div class='ocr_carea' id='block_1_37' title="bbox 161 1106 947 1144">
    <p class='ocr_par' dir='ltr' id='par_1_37' title="bbox 161 1106 947 1144">
     <span class='ocr_line' id='line_1_37' title="bbox 161 1106 947 1144; baseline 0.01 -14"><span class='ocrx_word' id='word_1_255' title='bbox 161 1106 292 1140; x_wconf 81' lang='grc' dir='ltr'>παρόντος</span> <span class='ocrx_word' id='word_1_256' title='bbox 312 1107 453 1141; x_wconf 78' lang='grc' dir='ltr'>βασιλικὸν</span> <span class='ocrx_word' id='word_1_257' title='bbox 477 1108 690 1136; x_wconf 78' lang='grc' dir='ltr'>καὸαλλικεύειν</span> <span class='ocrx_word' id='word_1_258' title='bbox 713 1111 824 1144; x_wconf 83' lang='grc' dir='ltr'>συρτδν,</span> <span class='ocrx_word' id='word_1_259' title='bbox 840 1108 896 1138; x_wconf 74' lang='grc' dir='ltr'>οἷον</span> <span class='ocrx_word' id='word_1_260' title='bbox 913 1111 947 1138; x_wconf 83' lang='grc' dir='ltr'>ἂν</span> 
     </span>
    </p>
   </div>
   <div class='ocr_carea' id='block_1_38' title="bbox 163 1150 947 1193">
    <p class='ocr_par' dir='ltr' id='par_1_38' title="bbox 163 1150 947 1193">
     <span class='ocr_line' id='line_1_38' title="bbox 163 1150 947 1193; baseline 0.009 -15"><span class='ocrx_word' id='word_1_261' title='bbox 163 1153 281 1186; x_wconf 78' lang='grc' dir='ltr'>βούλοιτο</span> <span class='ocrx_word' id='word_1_262' title='bbox 293 1162 301 1170; x_wconf 87' lang='grc'><strong>”</strong></span> <span class='ocrx_word' id='word_1_263' title='bbox 318 1155 435 1186; x_wconf 77' lang='grc' dir='ltr'><strong>ἀπόντος</strong></span> <span class='ocrx_word' id='word_1_264' title='bbox 450 1155 473 1182; x_wconf 74' lang='grc' dir='ltr'><strong>δ’</strong></span> <span class='ocrx_word' id='word_1_265' title='bbox 496 1156 545 1191; x_wconf 77' lang='grc' dir='ltr'>οὐχ</span> <span class='ocrx_word' id='word_1_266' title='bbox 560 1156 658 1189; x_wconf 76' lang='grc' dir='ltr'>οὕτως.</span> <span class='ocrx_word' id='word_1_267' title='bbox 676 1157 759 1184; x_wconf 80' lang='grc' dir='ltr'>’Δλλὰ</span> <span class='ocrx_word' id='word_1_268' title='bbox 777 1150 947 1193; x_wconf 79' lang='grc' dir='ltr'>σαγισματος</span> 
     </span>
    </p>
   </div>
   <div class='ocr_carea' id='block_1_39' title="bbox 161 1200 948 1240">
    <p class='ocr_par' dir='ltr' id='par_1_39' title="bbox 161 1200 948 1240">
     <span class='ocr_line' id='line_1_39' title="bbox 161 1200 948 1240; baseline 0.006 -14"><span class='ocrx_word' id='word_1_269' title='bbox 161 1200 214 1226; x_wconf 83' lang='grc' dir='ltr'><strong>τῶν</strong></span> <span class='ocrx_word' id='word_1_270' title='bbox 236 1200 283 1227; x_wconf 85' lang='grc' dir='ltr'><strong>τοῦ</strong></span> <span class='ocrx_word' id='word_1_271' title='bbox 305 1201 390 1228; x_wconf 83' lang='grc' dir='ltr'>ἵππου</span> <span class='ocrx_word' id='word_1_272' title='bbox 414 1202 587 1229; x_wconf 81' lang='grc' dir='ltr'>σκαπουλίων</span> <span class='ocrx_word' id='word_1_273' title='bbox 604 1203 780 1238; x_wconf 76' lang='grc' dir='ltr'>ἐπικειμένου</span> <span class='ocrx_word' id='word_1_274' title='bbox 798 1205 878 1240; x_wconf 84' lang='grc' dir='ltr'>μέχρι</span> <span class='ocrx_word' id='word_1_275' title='bbox 901 1204 948 1231; x_wconf 76' lang='grc' dir='ltr'>καὶ</span> 
     </span>
    </p>
   </div>
   <div class='ocr_carea' id='block_1_40' title="bbox 161 1247 948 1282">
    <p class='ocr_par' dir='ltr' id='par_1_40' title="bbox 161 1247 948 1282">
     <span class='ocr_line' id='line_1_40' title="bbox 161 1247 948 1282; baseline 0.004 -9"><span class='ocrx_word' id='word_1_276' title='bbox 161 1247 210 1280; x_wconf 75' lang='grc' dir='ltr'>τῆς</span> <span class='ocrx_word' id='word_1_277' title='bbox 225 1248 355 1282; x_wconf 80' lang='grc' dir='ltr'>ἡμισείας</span> <span class='ocrx_word' id='word_1_278' title='bbox 383 1249 529 1280; x_wconf 80' lang='grc' dir='ltr'>σκέποντος</span> <span class='ocrx_word' id='word_1_279' title='bbox 545 1249 635 1282; x_wconf 77' lang='grc' dir='ltr'>σὲλας,</span> <span class='ocrx_word' id='word_1_280' title='bbox 652 1249 724 1276; x_wconf 76' lang='grc' dir='ltr'>οὕτω</span> <span class='ocrx_word' id='word_1_281' title='bbox 746 1249 948 1282; x_wconf 76' lang='grc' dir='ltr'>καϐαλλικεύει,</span> 
     </span>
    </p>
   </div>
   <div class='ocr_carea' id='block_1_41' title="bbox 163 1292 950 1330">
    <p class='ocr_par' dir='ltr' id='par_1_41' title="bbox 163 1292 950 1330">
     <span class='ocr_line' id='line_1_41' title="bbox 163 1292 950 1330; baseline 0.004 -12"><span class='ocrx_word' id='word_1_282' title='bbox 163 1292 350 1327; x_wconf 70' lang='grc' dir='ltr'>ἀπερχόμενος</span> <span class='ocrx_word' id='word_1_283' title='bbox 366 1293 484 1328; x_wconf 85' lang='grc' dir='ltr'>ἀλλαχοῦ</span> <span class='ocrx_word' id='word_1_284' title='bbox 500 1294 550 1329; x_wconf 80' lang='grc' dir='ltr'>μὲν</span> <span class='ocrx_word' id='word_1_285' title='bbox 568 1294 705 1330; x_wconf 81' lang='grc' dir='ltr'>οὐδαμῶς,</span> <span class='ocrx_word' id='word_1_286' title='bbox 722 1294 774 1327; x_wconf 79' lang='grc' dir='ltr'><strong>ἕως</strong></span> <span class='ocrx_word' id='word_1_287' title='bbox 789 1295 818 1322; x_wconf 79' lang='grc' dir='ltr'><strong>δὲ</strong></span> <span class='ocrx_word' id='word_1_288' title='bbox 839 1295 886 1322; x_wconf 86' lang='grc' dir='ltr'>καὶ</span> <span class='ocrx_word' id='word_1_289' title='bbox 902 1295 950 1330; x_wconf 89' lang='grc' dir='ltr'>μό-</span> 
     </span>
    </p>
   </div>
   <div class='ocr_carea' id='block_1_42' title="bbox 163 1340 488 1377">
    <p class='ocr_par' dir='ltr' id='par_1_42' title="bbox 163 1340 488 1377">
     <span class='ocr_line' id='line_1_42' title="bbox 163 1340 488 1377; baseline 0.012 -12"><span class='ocrx_word' id='word_1_290' title='bbox 163 1347 208 1366; x_wconf 75' lang='grc' dir='ltr'><strong>νον</strong></span> <span class='ocrx_word' id='word_1_291' title='bbox 222 1340 268 1367; x_wconf 82' lang='grc' dir='ltr'>τοῦ</span> <span class='ocrx_word' id='word_1_292' title='bbox 286 1342 488 1377; x_wconf 80' lang='grc' dir='ltr'>στρατορικίου.</span> 
     </span>
    </p>
   </div>
   <div class='ocr_carea' id='block_1_43' title="bbox 199 1430 951 1465">
    <p class='ocr_par' dir='ltr' id='par_1_43' title="bbox 199 1430 951 1465">
     <span class='ocr_line' id='line_1_43' title="bbox 199 1430 951 1465; baseline 0.007 -8"><span class='ocrx_word' id='word_1_293' title='bbox 199 1430 280 1462; x_wconf 80' lang='grc' dir='ltr'>Ἐθος</span> <span class='ocrx_word' id='word_1_294' title='bbox 295 1431 323 1458; x_wconf 83' lang='grc' dir='ltr'><strong>δέ</strong></span> <span class='ocrx_word' id='word_1_295' title='bbox 349 1440 375 1458; x_wconf 87' lang='grc' dir='ltr'><strong>τι</strong></span> <span class='ocrx_word' id='word_1_296' title='bbox 400 1432 541 1460; x_wconf 71' lang='grc' dir='ltr'>καὶτοῦτο</span> <span class='ocrx_word' id='word_1_297' title='bbox 564 1433 626 1460; x_wconf 86' lang='grc' dir='ltr'>κατ’</span> <span class='ocrx_word' id='word_1_298' title='bbox 641 1433 701 1465; x_wconf 73' lang='grc' dir='ltr'>ἔτος</span> <span class='ocrx_word' id='word_1_299' title='bbox 728 1434 816 1465; x_wconf 63' lang='grc' dir='ltr'>ἐστὶν.</span> <span class='ocrx_word' id='word_1_300' title='bbox 831 1435 861 1460; x_wconf 75' lang='grc' dir='ltr'>τὸ</span> <span class='ocrx_word' id='word_1_301' title='bbox 879 1435 951 1462; x_wconf 77' lang='grc' dir='ltr'>κατὰ</span> 
     </span>
    </p>
   </div>
   <div class='ocr_carea' id='block_1_44' title="bbox 165 1477 949 1515">
    <p class='ocr_par' dir='ltr' id='par_1_44' title="bbox 165 1477 949 1515">
     <span class='ocr_line' id='line_1_44' title="bbox 165 1477 949 1515; baseline 0.006 -12"><span class='ocrx_word' id='word_1_302' title='bbox 165 1477 209 1504; x_wconf 73' lang='grc' dir='ltr'><strong>τὸν</strong></span> <span class='ocrx_word' id='word_1_303' title='bbox 223 1477 270 1504; x_wconf 82' lang='grc' dir='ltr'>τοῦ</span> <span class='ocrx_word' id='word_1_304' title='bbox 288 1478 408 1512; x_wconf 72' lang='grc' dir='ltr'>μεγάλου</span> <span class='ocrx_word' id='word_1_305' title='bbox 425 1479 522 1514; x_wconf 79' lang='grc' dir='ltr'>Πάσχα</span> <span class='ocrx_word' id='word_1_306' title='bbox 538 1481 632 1515; x_wconf 80' lang='grc' dir='ltr'>καιρὸν</span> <span class='ocrx_word' id='word_1_307' title='bbox 645 1480 770 1514; x_wconf 74' lang='grc' dir='ltr'>γενεσθαι</span> <span class='ocrx_word' id='word_1_308' title='bbox 783 1481 880 1512; x_wconf 78' lang='grc' dir='ltr'>σέλλας</span> <span class='ocrx_word' id='word_1_309' title='bbox 899 1481 949 1515; x_wconf 81' lang='grc' dir='ltr'>βα-</span> 
     </span>
    </p>
   </div>
   <div class='ocr_carea' id='block_1_45' title="bbox 167 1524 950 1560">
    <p class='ocr_par' dir='ltr' id='par_1_45' title="bbox 167 1524 950 1560">
     <span class='ocr_line' id='line_1_45' title="bbox 167 1524 950 1560; baseline 0.008 -11"><span class='ocrx_word' id='word_1_310' title='bbox 167 1524 273 1555; x_wconf 70' lang='grc' dir='ltr'>σιλικὰς</span> <span class='ocrx_word' id='word_1_311' title='bbox 299 1525 347 1552; x_wconf 78' lang='grc' dir='ltr'>καὶ</span> <span class='ocrx_word' id='word_1_312' title='bbox 380 1525 506 1560; x_wconf 73' lang='grc' dir='ltr'>χαλινοὺς</span> <span class='ocrx_word' id='word_1_313' title='bbox 531 1527 578 1553; x_wconf 85' lang='grc' dir='ltr'>καὶ</span> <span class='ocrx_word' id='word_1_314' title='bbox 609 1527 702 1554; x_wconf 74' lang='grc' dir='ltr'>ἐπάνω</span> <span class='ocrx_word' id='word_1_315' title='bbox 732 1528 833 1554; x_wconf 80' lang='grc' dir='ltr'>σκέπια</span> <span class='ocrx_word' id='word_1_316' title='bbox 861 1528 950 1555; x_wconf 76' lang='grc' dir='ltr'>πάντα</span> 
     </span>
    </p>
   </div>
   <div class='ocr_carea' id='block_1_46' title="bbox 165 1570 949 1607">
    <p class='ocr_par' dir='ltr' id='par_1_46' title="bbox 165 1570 949 1607">
     <span class='ocr_line' id='line_1_46' title="bbox 165 1570 949 1607; baseline 0.004 -12"><span class='ocrx_word' id='word_1_317' title='bbox 165 1570 257 1599; x_wconf 71' lang='grc' dir='ltr'>καινὰ.</span> <span class='ocrx_word' id='word_1_318' title='bbox 274 1570 322 1596; x_wconf 70' lang='grc' dir='ltr'>καὶ</span> <span class='ocrx_word' id='word_1_319' title='bbox 335 1571 369 1596; x_wconf 82' lang='grc' dir='ltr'>τὰ</span> <span class='ocrx_word' id='word_1_320' title='bbox 384 1570 490 1598; x_wconf 74' lang='grc' dir='ltr'>παλαια</span> <span class='ocrx_word' id='word_1_321' title='bbox 503 1570 652 1605; x_wconf 75' lang='grc' dir='ltr'>λαμϐάνειν</span> <span class='ocrx_word' id='word_1_322' title='bbox 666 1572 754 1599; x_wconf 84' lang='grc' dir='ltr'>πάντα</span> <span class='ocrx_word' id='word_1_323' title='bbox 769 1571 815 1598; x_wconf 69' lang='grc' dir='ltr'>τὸν</span> <span class='ocrx_word' id='word_1_324' title='bbox 830 1572 949 1607; x_wconf 81' lang='grc' dir='ltr'>κόμητα,</span> 
     </span>
    </p>
   </div>
   <div class='ocr_carea' id='block_1_47' title="bbox 165 1615 952 1653">
    <p class='ocr_par' dir='ltr' id='par_1_47' title="bbox 165 1615 952 1653">
     <span class='ocr_line' id='line_1_47' title="bbox 165 1615 952 1653; baseline 0.005 -12"><span class='ocrx_word' id='word_1_325' title='bbox 165 1615 224 1649; x_wconf 72' lang='grc' dir='ltr'>ἦτοι</span> <span class='ocrx_word' id='word_1_326' title='bbox 237 1616 287 1645; x_wconf 63' lang='grc' dir='ltr'><strong>τὰς</strong></span> <span class='ocrx_word' id='word_1_327' title='bbox 303 1616 398 1648; x_wconf 80' lang='grc' dir='ltr'>σέλλας</span> <span class='ocrx_word' id='word_1_328' title='bbox 410 1618 478 1651; x_wconf 85' lang='grc' dir='ltr'>μετὰ</span> <span class='ocrx_word' id='word_1_329' title='bbox 489 1618 543 1643; x_wconf 88' lang='grc' dir='ltr'>τῶν</span> <span class='ocrx_word' id='word_1_330' title='bbox 557 1617 725 1652; x_wconf 78' lang='grc' dir='ltr'>κομπωσίων</span> <span class='ocrx_word' id='word_1_331' title='bbox 739 1618 786 1644; x_wconf 74' lang='grc' dir='ltr'><strong>καὶ</strong></span> <span class='ocrx_word' id='word_1_332' title='bbox 798 1618 861 1649; x_wconf 74' lang='grc' dir='ltr'>τοὺς</span> <span class='ocrx_word' id='word_1_333' title='bbox 876 1618 952 1653; x_wconf 79' lang='grc' dir='ltr'>χαλι-</span> 
     </span>
    </p>
   </div>
   <div class='ocr_carea' id='block_1_48' title="bbox 166 1662 599 1696">
    <p class='ocr_par' dir='ltr' id='par_1_48' title="bbox 166 1662 599 1696">
     <span class='ocr_line' id='line_1_48' title="bbox 166 1662 599 1696; baseline 0.007 -9"><span class='ocrx_word' id='word_1_334' title='bbox 166 1663 227 1692; x_wconf 64' lang='grc' dir='ltr'>νοὺς</span> <span class='ocrx_word' id='word_1_335' title='bbox 243 1663 314 1688; x_wconf 65' lang='grc' dir='ltr'>οὕτω</span> <span class='ocrx_word' id='word_1_336' title='bbox 330 1662 399 1696; x_wconf 83' lang='grc' dir='ltr'>μετὰ</span> <span class='ocrx_word' id='word_1_337' title='bbox 414 1662 467 1688; x_wconf 87' lang='grc' dir='ltr'><strong>τῶν</strong></span> <span class='ocrx_word' id='word_1_338' title='bbox 482 1663 599 1696; x_wconf 83' lang='grc' dir='ltr'>τουφῶν.</span> 
     </span>
    </p>
   </div>
   <div class='ocr_carea' id='block_1_49' title="bbox 210 1707 954 1744">
    <p class='ocr_par' dir='ltr' id='par_1_49' title="bbox 210 1707 954 1744">
     <span class='ocr_line' id='line_1_49' title="bbox 210 1707 954 1744; baseline 0.005 -12"><span class='ocrx_word' id='word_1_339' title='bbox 210 1707 242 1732; x_wconf 87' lang='grc' dir='ltr'><em>Ἡ</em></span> <span class='ocrx_word' id='word_1_340' title='bbox 259 1707 287 1733; x_wconf 83' lang='grc' dir='ltr'><strong>δὲ</strong></span> <span class='ocrx_word' id='word_1_341' title='bbox 302 1707 357 1733; x_wconf 84' lang='grc' dir='ltr'><strong>τῶν</strong></span> <span class='ocrx_word' id='word_1_342' title='bbox 375 1707 531 1741; x_wconf 73' lang='grc' dir='ltr'>λεγομένοιν</span> <span class='ocrx_word' id='word_1_343' title='bbox 561 1708 667 1744; x_wconf 86' lang='grc' dir='ltr'>συρτῶν</span> <span class='ocrx_word' id='word_1_344' title='bbox 690 1708 840 1743; x_wconf 80' lang='grc' dir='ltr'>βασιλικῶν</span> <span class='ocrx_word' id='word_1_345' title='bbox 861 1709 954 1736; x_wconf 83' lang='grc' dir='ltr'>ἵππων</span> 
     </span>
    </p>
   </div>
   <div class='ocr_carea' id='block_1_50' title="bbox 169 1752 954 1790">
    <p class='ocr_par' dir='ltr' id='par_1_50' title="bbox 169 1752 954 1790">
     <span class='ocr_line' id='line_1_50' title="bbox 169 1752 954 1790; baseline 0.005 -12"><span class='ocrx_word' id='word_1_346' title='bbox 169 1752 358 1788; x_wconf 77' lang='grc' dir='ltr'>ἀκολούθησις,</span> <span class='ocrx_word' id='word_1_347' title='bbox 371 1753 488 1788; x_wconf 71' lang='grc' dir='ltr'>ὁπηνίκα</span> <span class='ocrx_word' id='word_1_348' title='bbox 503 1754 687 1789; x_wconf 78' lang='grc' dir='ltr'>καὸαλλικεύῃ</span> <span class='ocrx_word' id='word_1_349' title='bbox 699 1756 713 1781; x_wconf 82' lang='grc' dir='ltr'>ὁ</span> <span class='ocrx_word' id='word_1_350' title='bbox 724 1754 863 1790; x_wconf 74' lang='grc' dir='ltr'>βασιλεὺς,</span> <span class='ocrx_word' id='word_1_351' title='bbox 877 1755 954 1789; x_wconf 76' lang='grc' dir='ltr'>λέγε-</span> 
     </span>
    </p>
   </div>
   <div class='ocr_carea' id='block_1_51' title="bbox 167 1799 954 1836">
    <p class='ocr_par' dir='ltr' id='par_1_51' title="bbox 167 1799 954 1836">
     <span class='ocr_line' id='line_1_51' title="bbox 167 1799 954 1836; baseline 0.004 -11"><span class='ocrx_word' id='word_1_352' title='bbox 167 1807 213 1825; x_wconf 87' lang='grc' dir='ltr'><strong>ται</strong></span> <span class='ocrx_word' id='word_1_353' title='bbox 227 1799 354 1833; x_wconf 84' lang='grc' dir='ltr'>γενέσθαι</span> <span class='ocrx_word' id='word_1_354' title='bbox 366 1799 395 1832; x_wconf 79' lang='grc' dir='ltr'>ἐξ</span> <span class='ocrx_word' id='word_1_355' title='bbox 405 1799 496 1831; x_wconf 73' lang='grc' dir='ltr'>αἰτίας</span> <span class='ocrx_word' id='word_1_356' title='bbox 506 1800 625 1829; x_wconf 81' lang='grc' dir='ltr'>τοιᾶσδε.</span> <span class='ocrx_word' id='word_1_357' title='bbox 635 1801 687 1827; x_wconf 78' lang='grc' dir='ltr'>Τὸν</span> <span class='ocrx_word' id='word_1_358' title='bbox 699 1801 812 1836; x_wconf 77' lang='grc' dir='ltr'>βασιλέα</span> <span class='ocrx_word' id='word_1_359' title='bbox 825 1801 954 1836; x_wconf 84' lang='grc' dir='ltr'>Θεόφιλόν</span> 
     </span>
    </p>
   </div>
   <div class='ocr_carea' id='block_1_52' title="bbox 170 1844 955 1882">
    <p class='ocr_par' dir='ltr' id='par_1_52' title="bbox 170 1844 955 1882">
     <span class='ocr_line' id='line_1_52' title="bbox 170 1844 955 1882; baseline 0.005 -12"><span class='ocrx_word' id='word_1_360' title='bbox 170 1852 234 1877; x_wconf 74' lang='grc' dir='ltr'>φασι</span> <span class='ocrx_word' id='word_1_361' title='bbox 249 1844 378 1878; x_wconf 76' lang='grc' dir='ltr'>γενέσθαι</span> <span class='ocrx_word' id='word_1_362' title='bbox 395 1845 573 1879; x_wconf 84' lang='grc' dir='ltr'>φιλοδίκαιον.</span> <span class='ocrx_word' id='word_1_363' title='bbox 593 1845 724 1881; x_wconf 78' lang='grc' dir='ltr'>Ἱππότην</span> <span class='ocrx_word' id='word_1_364' title='bbox 742 1844 787 1873; x_wconf 77' lang='grc' dir='ltr'>οὖν</span> <span class='ocrx_word' id='word_1_365' title='bbox 802 1847 955 1882; x_wconf 82' lang='grc' dir='ltr'>φερόμενόν</span> 
     </span>
    </p>
   </div>
   <div class='ocr_carea' id='block_1_53' title="bbox 170 1890 955 1928">
    <p class='ocr_par' dir='ltr' id='par_1_53' title="bbox 170 1890 955 1928">
     <span class='ocr_line' id='line_1_53' title="bbox 170 1890 955 1928; baseline 0.005 -13"><span class='ocrx_word' id='word_1_366' title='bbox 170 1897 244 1922; x_wconf 76' lang='grc' dir='ltr'>ποτε,</span> <span class='ocrx_word' id='word_1_367' title='bbox 259 1890 416 1925; x_wconf 75' lang='grc' dir='ltr'>ὑπαντῆσαι</span> <span class='ocrx_word' id='word_1_368' title='bbox 438 1899 504 1924; x_wconf 86' lang='grc' dir='ltr'>φασι</span> <span class='ocrx_word' id='word_1_369' title='bbox 526 1892 656 1924; x_wconf 83' lang='grc' dir='ltr'>γυναῖκα,</span> <span class='ocrx_word' id='word_1_370' title='bbox 674 1892 828 1926; x_wconf 81' lang='grc' dir='ltr'>κράζουσαν</span> <span class='ocrx_word' id='word_1_371' title='bbox 854 1893 955 1928; x_wconf 78' lang='grc' dir='ltr'>ἑαυτῆς</span> 
     </span>
    </p>
   </div>
   <div class='ocr_carea' id='block_1_54' title="bbox 170 1933 954 1972">
    <p class='ocr_par' dir='ltr' id='par_1_54' title="bbox 170 1933 954 1972">
     <span class='ocr_line' id='line_1_54' title="bbox 170 1933 954 1972; baseline 0.006 -11"><span class='ocrx_word' id='word_1_372' title='bbox 170 1933 239 1962; x_wconf 67' lang='grc' dir='ltr'>εἶναι</span> <span class='ocrx_word' id='word_1_373' title='bbox 252 1936 299 1962; x_wconf 68' lang='grc' dir='ltr'><strong>τὸν</strong></span> <span class='ocrx_word' id='word_1_374' title='bbox 316 1936 400 1962; x_wconf 82' lang='grc' dir='ltr'>ἵππον</span> <span class='ocrx_word' id='word_1_375' title='bbox 416 1933 438 1970; x_wconf 82' lang='grc' dir='ltr'>ᾧ</span> <span class='ocrx_word' id='word_1_376' title='bbox 455 1938 593 1971; x_wconf 73' lang='grc' dir='ltr'>ἐποχεῖται</span> <span class='ocrx_word' id='word_1_377' title='bbox 609 1938 622 1963; x_wconf 87' lang='lat'><strong>6</strong></span> <span class='ocrx_word' id='word_1_378' title='bbox 639 1937 780 1972; x_wconf 77' lang='grc' dir='ltr'>βασιλεύς.</span> <span class='ocrx_word' id='word_1_379' title='bbox 797 1938 851 1965; x_wconf 79' lang='grc' dir='ltr'>Τοῦ</span> <span class='ocrx_word' id='word_1_380' title='bbox 865 1940 954 1966; x_wconf 85' lang='grc' dir='ltr'>τοιού-</span> 
     </span>
    </p>
   </div>
   <div class='ocr_carea' id='block_1_55' title="bbox 170 1982 955 2019">
    <p class='ocr_par' dir='ltr' id='par_1_55' title="bbox 170 1982 955 2019">
     <span class='ocr_line' id='line_1_55' title="bbox 170 1982 955 2019; baseline 0.006 -12"><span class='ocrx_word' id='word_1_381' title='bbox 170 1990 216 2008; x_wconf 76' lang='grc' dir='ltr'><strong>του</strong></span> <span class='ocrx_word' id='word_1_382' title='bbox 243 1982 335 2008; x_wconf 87' lang='grc' dir='ltr'>τοίνυν</span> <span class='ocrx_word' id='word_1_383' title='bbox 362 1982 553 2014; x_wconf 78' lang='grc' dir='ltr'>ὲξετασθὲντος</span> <span class='ocrx_word' id='word_1_384' title='bbox 587 1983 734 2018; x_wconf 84' lang='grc' dir='ltr'>εὑρεθῆναι</span> <span class='ocrx_word' id='word_1_385' title='bbox 768 1984 955 2019; x_wconf 86' lang='grc' dir='ltr'>ἁληθεύουσαν</span> 
     </span>
    </p>
   </div>
   <div class='ocr_carea' id='block_1_56' title="bbox 173 2027 956 2064">
    <p class='ocr_par' dir='ltr' id='par_1_56' title="bbox 173 2027 956 2064">
     <span class='ocr_line' id='line_1_56' title="bbox 173 2027 956 2064; baseline 0.006 -11"><span class='ocrx_word' id='word_1_386' title='bbox 173 2028 221 2061; x_wconf 56' lang='grc' dir='ltr'>τὴν</span> <span class='ocrx_word' id='word_1_387' title='bbox 235 2029 354 2061; x_wconf 78' lang='grc' dir='ltr'>γυναῖκα</span> <span class='ocrx_word' id='word_1_388' title='bbox 367 2035 375 2042; x_wconf 90' lang='grc'><strong>·</strong></span> <span class='ocrx_word' id='word_1_389' title='bbox 393 2027 461 2054; x_wconf 74' lang='grc' dir='ltr'>εἶναι</span> <span class='ocrx_word' id='word_1_390' title='bbox 481 2028 529 2063; x_wconf 84' lang='grc' dir='ltr'>μὲν</span> <span class='ocrx_word' id='word_1_391' title='bbox 554 2029 607 2063; x_wconf 81' lang='grc' dir='ltr'><strong>γὰρ</strong></span> <span class='ocrx_word' id='word_1_392' title='bbox 630 2028 677 2055; x_wconf 73' lang='grc' dir='ltr'>τὸν</span> <span class='ocrx_word' id='word_1_393' title='bbox 694 2028 777 2056; x_wconf 81' lang='grc' dir='ltr'>ἵππον</span> <span class='ocrx_word' id='word_1_394' title='bbox 801 2029 894 2064; x_wconf 82' lang='grc' dir='ltr'>αὐτῆς,</span> <span class='ocrx_word' id='word_1_395' title='bbox 911 2031 956 2058; x_wconf 75' lang='grc' dir='ltr'>τὸν</span> 
     </span>
    </p>
   </div>
   <div class='ocr_carea' id='block_1_57' title="bbox 175 2073 956 2108">
    <p class='ocr_par' dir='ltr' id='par_1_57' title="bbox 175 2073 956 2108">
     <span class='ocr_line' id='line_1_57' title="bbox 175 2073 956 2108; baseline 0.006 -10"><span class='ocrx_word' id='word_1_396' title='bbox 175 2073 201 2099; x_wconf 72' lang='grc' dir='ltr'><strong>δὲ</strong></span> <span class='ocrx_word' id='word_1_397' title='bbox 221 2073 340 2108; x_wconf 76' lang='grc' dir='ltr'>ἔπαρχον</span> <span class='ocrx_word' id='word_1_398' title='bbox 362 2073 528 2108; x_wconf 74' lang='grc' dir='ltr'>ἀφελόμενον</span> <span class='ocrx_word' id='word_1_399' title='bbox 549 2074 645 2108; x_wconf 82' lang='grc' dir='ltr'>δῶρον,</span> <span class='ocrx_word' id='word_1_400' title='bbox 669 2074 706 2106; x_wconf 84' lang='grc' dir='ltr'><strong>ὡς</strong></span> <span class='ocrx_word' id='word_1_401' title='bbox 736 2075 834 2102; x_wconf 77' lang='grc' dir='ltr'>ἑαυτοῦ</span> <span class='ocrx_word' id='word_1_402' title='bbox 862 2076 956 2103; x_wconf 81' lang='grc' dir='ltr'>τοῦτον</span> 
     </span>
    </p>
   </div>
   <div class='ocr_carea' id='block_1_58' title="bbox 175 2119 957 2158">
    <p class='ocr_par' dir='ltr' id='par_1_58' title="bbox 175 2119 957 2158">
     <span class='ocr_line' id='line_1_58' title="bbox 175 2119 957 2158; baseline 0.005 -12"><span class='ocrx_word' id='word_1_403' title='bbox 175 2120 245 2152; x_wconf 67' lang='grc' dir='ltr'>ὅντα,</span> <span class='ocrx_word' id='word_1_404' title='bbox 261 2121 456 2154; x_wconf 76' lang='grc' dir='ltr'>προσενεγκεῖν</span> <span class='ocrx_word' id='word_1_405' title='bbox 469 2121 507 2154; x_wconf 87' lang='grc' dir='ltr'>τῷ</span> <span class='ocrx_word' id='word_1_406' title='bbox 520 2119 634 2154; x_wconf 83' lang='grc' dir='ltr'>βασιλεῖ.</span> <span class='ocrx_word' id='word_1_407' title='bbox 655 2121 757 2148; x_wconf 75' lang='grc' dir='ltr'>Τούτου</span> <span class='ocrx_word' id='word_1_408' title='bbox 771 2122 862 2149; x_wconf 85' lang='grc' dir='ltr'>τοίνυν</span> <span class='ocrx_word' id='word_1_409' title='bbox 877 2122 957 2158; x_wconf 82' lang='grc' dir='ltr'>δήλου</span> 
     </span>
    </p>
   </div>
   <div class='ocr_carea' id='block_1_59' title="bbox 174 2167 960 2204">
    <p class='ocr_par' dir='ltr' id='par_1_59' title="bbox 174 2167 960 2204">
     <span class='ocr_line' id='line_1_59' title="bbox 174 2167 960 2204; baseline 0.005 -11"><span class='ocrx_word' id='word_1_410' title='bbox 174 2167 316 2201; x_wconf 81' lang='grc' dir='ltr'>γεγονότος</span> <span class='ocrx_word' id='word_1_411' title='bbox 341 2167 387 2193; x_wconf 70' lang='grc' dir='ltr'><strong>τὸν</strong></span> <span class='ocrx_word' id='word_1_412' title='bbox 414 2168 463 2201; x_wconf 84' lang='grc' dir='ltr'>μὲν</span> <span class='ocrx_word' id='word_1_413' title='bbox 486 2167 600 2202; x_wconf 68' lang='grc' dir='ltr'>βασιλέα</span> <span class='ocrx_word' id='word_1_414' title='bbox 622 2167 713 2200; x_wconf 73' lang='grc' dir='ltr'>εὐθὺς,</span> <span class='ocrx_word' id='word_1_415' title='bbox 727 2168 765 2200; x_wconf 84' lang='grc' dir='ltr'>ὡς</span> <span class='ocrx_word' id='word_1_416' title='bbox 791 2167 858 2204; x_wconf 78' lang='grc' dir='ltr'>εῐχε,</span> <span class='ocrx_word' id='word_1_417' title='bbox 876 2178 960 2197; x_wconf 81' lang='grc' dir='ltr'>κατα-</span> 
     </span>
    </p>
   </div>
   <div class='ocr_carea' id='block_1_60' title="bbox 176 2210 956 2251">
    <p class='ocr_par' dir='ltr' id='par_1_60' title="bbox 176 2210 956 2251">
     <span class='ocr_line' id='line_1_60' title="bbox 176 2210 956 2251; baseline 0.005 -13"><span class='ocrx_word' id='word_1_418' title='bbox 176 2213 255 2246; x_wconf 73' lang='grc' dir='ltr'>ϐῆναι</span> <span class='ocrx_word' id='word_1_419' title='bbox 278 2212 326 2239; x_wconf 80' lang='grc' dir='ltr'><strong>τοῦ</strong></span> <span class='ocrx_word' id='word_1_420' title='bbox 342 2212 438 2244; x_wconf 84' lang='grc' dir='ltr'>ἵππου,</span> <span class='ocrx_word' id='word_1_421' title='bbox 456 2210 504 2239; x_wconf 77' lang='grc' dir='ltr'>καὶ</span> <span class='ocrx_word' id='word_1_422' title='bbox 519 2213 611 2240; x_wconf 82' lang='grc' dir='ltr'>δοῦναι</span> <span class='ocrx_word' id='word_1_423' title='bbox 627 2213 722 2240; x_wconf 83' lang='grc' dir='ltr'>τοῦτον</span> <span class='ocrx_word' id='word_1_424' title='bbox 738 2215 771 2249; x_wconf 81' lang='grc' dir='ltr'>τῇ</span> <span class='ocrx_word' id='word_1_425' title='bbox 787 2215 956 2251; x_wconf 80' lang='grc' dir='ltr'>κεκτημένῃ.</span> 
     </span>
    </p>
   </div>
   <div class='ocr_carea' id='block_1_61' title="bbox 996 965 1782 1007">
    <p class='ocr_par' dir='ltr' id='par_1_61' title="bbox 996 965 1782 1007">
     <span class='ocr_line' id='line_1_61' title="bbox 996 965 1782 1007; baseline -0.009 -9"><span class='ocrx_word' id='word_1_426' title='bbox 996 972 1121 1007; x_wconf 87' lang='lat' dir='ltr'><strong>equitare</strong></span> <span class='ocrx_word' id='word_1_427' title='bbox 1134 972 1160 998; x_wconf 93' lang='lat' dir='ltr'><strong>in</strong></span> <span class='ocrx_word' id='word_1_428' title='bbox 1190 971 1263 1002; x_wconf 91' lang='lat' dir='ltr'><strong>aula,</strong></span> <span class='ocrx_word' id='word_1_429' title='bbox 1294 970 1400 1005; x_wconf 81' lang='lat' dir='ltr'><strong>pedites</strong></span> <span class='ocrx_word' id='word_1_430' title='bbox 1437 968 1638 1003; x_wconf 76' lang='lat' dir='ltr'><strong>ingrediuntur,</strong></span> <span class='ocrx_word' id='word_1_431' title='bbox 1685 965 1782 992; x_wconf 85' lang='lat' dir='ltr'><strong>deinde</strong></span> 
     </span>
    </p>
   </div>
   <div class='ocr_carea' id='block_1_62' title="bbox 992 1010 1783 1051">
    <p class='ocr_par' dir='ltr' id='par_1_62' title="bbox 992 1010 1783 1051">
     <span class='ocr_line' id='line_1_62' title="bbox 992 1010 1783 1051; baseline -0.008 -9"><span class='ocrx_word' id='word_1_432' title='bbox 992 1016 1127 1051; x_wconf 84' lang='lat' dir='ltr'><strong>equitant.</strong></span> <span class='ocrx_word' id='word_1_433' title='bbox 1141 1016 1248 1043; x_wconf 75' lang='lat' dir='ltr'><strong>Rursus</strong></span> <span class='ocrx_word' id='word_1_434' title='bbox 1268 1022 1329 1041; x_wconf 93' lang='lat' dir='ltr'><strong>cum</strong></span> <span class='ocrx_word' id='word_1_435' title='bbox 1346 1014 1504 1041; x_wconf 87' lang='lat' dir='ltr'><strong>abeundum</strong></span> <span class='ocrx_word' id='word_1_436' title='bbox 1530 1017 1584 1044; x_wconf 86' lang='lat' dir='ltr'><strong>est,</strong></span> <span class='ocrx_word' id='word_1_437' title='bbox 1613 1010 1783 1039; x_wconf 85' lang='lat' dir='ltr'><strong>descendunt</strong></span> 
     </span>
    </p>
   </div>
   <div class='ocr_carea' id='block_1_63' title="bbox 993 1057 1783 1095">
    <p class='ocr_par' dir='ltr' id='par_1_63' title="bbox 993 1057 1783 1095">
     <span class='ocr_line' id='line_1_63' title="bbox 993 1057 1783 1095; baseline -0.008 -7"><span class='ocrx_word' id='word_1_438' title='bbox 993 1067 1026 1088; x_wconf 77' lang='lat' dir='ltr'><strong>ex</strong></span> <span class='ocrx_word' id='word_1_439' title='bbox 1041 1068 1123 1095; x_wconf 86' lang='lat' dir='ltr'><strong>equo,</strong></span> <span class='ocrx_word' id='word_1_440' title='bbox 1139 1064 1165 1087; x_wconf 90' lang='lat' dir='ltr'><strong>et</strong></span> <span class='ocrx_word' id='word_1_441' title='bbox 1176 1059 1353 1095; x_wconf 74' lang='lat' dir='ltr'><strong>egrediuntur</strong></span> <span class='ocrx_word' id='word_1_442' title='bbox 1367 1059 1482 1094; x_wconf 81' lang='lat' dir='ltr'><strong>pedites.</strong></span> <span class='ocrx_word' id='word_1_443' title='bbox 1503 1057 1590 1085; x_wconf 81' lang='lat' dir='ltr'><strong>liabet</strong></span> <span class='ocrx_word' id='word_1_444' title='bbox 1614 1063 1707 1084; x_wconf 88' lang='lat' dir='ltr'><strong>comes</strong></span> <span class='ocrx_word' id='word_1_445' title='bbox 1735 1062 1783 1090; x_wconf 87' lang='lat' dir='ltr'><strong>po-</strong></span> 
     </span>
    </p>
   </div>
   <div class='ocr_carea' id='block_1_64' title="bbox 998 1103 1784 1140">
    <p class='ocr_par' dir='ltr' id='par_1_64' title="bbox 998 1103 1784 1140">
     <span class='ocr_line' id='line_1_64' title="bbox 998 1103 1784 1140; baseline -0.008 -7"><span class='ocrx_word' id='word_1_446' title='bbox 998 1110 1123 1133; x_wconf 83' lang='lat' dir='ltr'><strong>testatem</strong></span> <span class='ocrx_word' id='word_1_447' title='bbox 1140 1109 1273 1140; x_wconf 68' lang='lat' dir='ltr'><strong>praesente</strong></span> <span class='ocrx_word' id='word_1_448' title='bbox 1289 1106 1456 1140; x_wconf 86' lang='lat' dir='ltr'><strong>imperatore</strong></span> <span class='ocrx_word' id='word_1_449' title='bbox 1473 1103 1610 1139; x_wconf 83' lang='lat' dir='ltr'><strong>equitandi</strong></span> <span class='ocrx_word' id='word_1_450' title='bbox 1630 1109 1784 1137; x_wconf 84' lang='lat' dir='ltr'><strong>quemcun-</strong></span> 
     </span>
    </p>
   </div>
   <div class='ocr_carea' id='block_1_65' title="bbox 995 1146 1784 1186">
    <p class='ocr_par' dir='ltr' id='par_1_65' title="bbox 995 1146 1784 1186">
     <span class='ocr_line' id='line_1_65' title="bbox 995 1146 1784 1186; baseline -0.009 -8"><span class='ocrx_word' id='word_1_451' title='bbox 995 1159 1048 1186; x_wconf 90' lang='lat' dir='ltr'><strong>qne</strong></span> <span class='ocrx_word' id='word_1_452' title='bbox 1065 1150 1489 1185; x_wconf 44' lang='lat' dir='ltr'><strong>volueritimperatoris‘equum</strong></span> <span class='ocrx_word' id='word_1_453' title='bbox 1507 1155 1540 1175; x_wconf 83' lang='lat' dir='ltr'><strong>ex</strong></span> <span class='ocrx_word' id='word_1_454' title='bbox 1552 1147 1594 1175; x_wconf 90' lang='lat' dir='ltr'><strong>his</strong></span> <span class='ocrx_word' id='word_1_455' title='bbox 1605 1147 1652 1181; x_wconf 90' lang='lat' dir='ltr'><strong>qui</strong></span> <span class='ocrx_word' id='word_1_456' title='bbox 1676 1146 1784 1173; x_wconf 93' lang='lat' dir='ltr'><strong>ducun—</strong></span> 
     </span>
    </p>
   </div>
   <div class='ocr_carea' id='block_1_66' title="bbox 997 1191 1785 1229">
    <p class='ocr_par' dir='ltr' id='par_1_66' title="bbox 997 1191 1785 1229">
     <span class='ocr_line' id='line_1_66' title="bbox 997 1191 1785 1229; baseline -0.008 -5"><span class='ocrx_word' id='word_1_457' title='bbox 997 1202 1041 1225; x_wconf 89' lang='lat' dir='ltr'><strong>tur</strong></span> <span class='ocrx_word' id='word_1_458' title='bbox 1060 1204 1152 1223; x_wconf 89' lang='lat' dir='ltr'><strong>manu.</strong></span> <span class='ocrx_word' id='word_1_459' title='bbox 1177 1196 1296 1223; x_wconf 79' lang='lat' dir='ltr'><strong>Absente</strong></span> <span class='ocrx_word' id='word_1_460' title='bbox 1314 1195 1478 1229; x_wconf 82' lang='lat' dir='ltr'><strong>imperatore</strong></span> <span class='ocrx_word' id='word_1_461' title='bbox 1498 1202 1553 1221; x_wconf 90' lang='lat' dir='ltr'><strong>non</strong></span> <span class='ocrx_word' id='word_1_462' title='bbox 1568 1192 1645 1221; x_wconf 87' lang='lat' dir='ltr'><strong>item.</strong></span> <span class='ocrx_word' id='word_1_463' title='bbox 1675 1191 1728 1219; x_wconf 81' lang='lat' dir='ltr'><strong>Sed</strong></span> <span class='ocrx_word' id='word_1_464' title='bbox 1745 1196 1785 1218; x_wconf 91' lang='lat' dir='ltr'><strong>te-</strong></span> 
     </span>
    </p>
   </div>
   <div class='ocr_carea' id='block_1_67' title="bbox 996 1236 1785 1277">
    <p class='ocr_par' dir='ltr' id='par_1_67' title="bbox 996 1236 1785 1277">
     <span class='ocr_line' id='line_1_67' title="bbox 996 1236 1785 1277; baseline -0.01 -7"><span class='ocrx_word' id='word_1_465' title='bbox 996 1247 1126 1277; x_wconf 81' lang='lat' dir='ltr'><strong>gnmento</strong></span> <span class='ocrx_word' id='word_1_466' title='bbox 1141 1243 1204 1277; x_wconf 89' lang='lat' dir='ltr'><strong>equi</strong></span> <span class='ocrx_word' id='word_1_467' title='bbox 1222 1241 1344 1276; x_wconf 87' lang='lat' dir='ltr'><strong>scapulis</strong></span> <span class='ocrx_word' id='word_1_468' title='bbox 1361 1240 1538 1268; x_wconf 84' lang='lat' dir='ltr'><strong>incumbente</strong></span> <span class='ocrx_word' id='word_1_469' title='bbox 1551 1243 1578 1266; x_wconf 89' lang='lat' dir='ltr'><strong>et</strong></span> <span class='ocrx_word' id='word_1_470' title='bbox 1591 1238 1709 1265; x_wconf 89' lang='lat' dir='ltr'><strong>mediam</strong></span> <span class='ocrx_word' id='word_1_471' title='bbox 1732 1236 1785 1264; x_wconf 86' lang='lat' dir='ltr'><strong>scl-</strong></span> 
     </span>
    </p>
   </div>
   <div class='ocr_carea' id='block_1_68' title="bbox 997 1281 1787 1323">
    <p class='ocr_par' dir='ltr' id='par_1_68' title="bbox 997 1281 1787 1323">
     <span class='ocr_line' id='line_1_68' title="bbox 997 1281 1787 1323; baseline -0.009 -6"><span class='ocrx_word' id='word_1_472' title='bbox 997 1290 1051 1317; x_wconf 91' lang='lat' dir='ltr'><strong>Iam</strong></span> <span class='ocrx_word' id='word_1_473' title='bbox 1068 1281 1209 1323; x_wconf 72' lang='lat' dir='ltr'><strong>aperiente</strong></span> <span class='ocrx_word' id='word_1_474' title='bbox 1222 1288 1344 1323; x_wconf 86' lang='lat' dir='ltr'><strong>equitat;</strong></span> <span class='ocrx_word' id='word_1_475' title='bbox 1366 1294 1456 1321; x_wconf 87' lang='lat' dir='ltr'><strong>neqtte</strong></span> <span class='ocrx_word' id='word_1_476' title='bbox 1473 1292 1611 1320; x_wconf 90' lang='lat' dir='ltr'><strong>quoquam</strong></span> <span class='ocrx_word' id='word_1_477' title='bbox 1632 1291 1662 1311; x_wconf 90' lang='lat' dir='ltr'><strong>se</strong></span> <span class='ocrx_word' id='word_1_478' title='bbox 1679 1283 1787 1311; x_wconf 82' lang='lat' dir='ltr'><strong>confert</strong></span> 
     </span>
    </p>
   </div>
   <div class='ocr_carea' id='block_1_69' title="bbox 1000 1331 1788 1368">
    <p class='ocr_par' dir='ltr' id='par_1_69' title="bbox 1000 1331 1788 1368">
     <span class='ocr_line' id='line_1_69' title="bbox 1000 1331 1788 1368; baseline -0.01 -5"><span class='ocrx_word' id='word_1_479' title='bbox 1000 1335 1051 1363; x_wconf 88' lang='lat' dir='ltr'><strong>nisi</strong></span> <span class='ocrx_word' id='word_1_480' title='bbox 1065 1337 1099 1363; x_wconf 88' lang='lat' dir='ltr'><strong>ad</strong></span> <span class='ocrx_word' id='word_1_481' title='bbox 1112 1336 1202 1363; x_wconf 90' lang='lat' dir='ltr'><strong>locum</strong></span> <span class='ocrx_word' id='word_1_482' title='bbox 1220 1334 1266 1362; x_wconf 85' lang='lat' dir='ltr'><strong>ubi</strong></span> <span class='ocrx_word' id='word_1_483' title='bbox 1291 1338 1394 1362; x_wconf 83' lang='lat' dir='ltr'><strong>strator</strong></span> <span class='ocrx_word' id='word_1_484' title='bbox 1416 1333 1611 1368; x_wconf 85' lang='lat' dir='ltr'><strong>imperatorem</strong></span> <span class='ocrx_word' id='word_1_485' title='bbox 1633 1331 1661 1358; x_wconf 91' lang='lat' dir='ltr'><strong>in</strong></span> <span class='ocrx_word' id='word_1_486' title='bbox 1683 1336 1788 1364; x_wconf 90' lang='lat' dir='ltr'><strong>equum.</strong></span> 
     </span>
    </p>
   </div>
   <div class='ocr_carea' id='block_1_70' title="bbox 1002 1381 1142 1408">
    <p class='ocr_par' dir='ltr' id='par_1_70' title="bbox 1002 1381 1142 1408">
     <span class='ocr_line' id='line_1_70' title="bbox 1002 1381 1142 1408; baseline -0.007 0"><span class='ocrx_word' id='word_1_487' title='bbox 1002 1381 1142 1408; x_wconf 86' lang='lat' dir='ltr'><strong>sublevat.</strong></span> 
     </span>
    </p>
   </div>
   <div class='ocr_carea' id='block_1_71' title="bbox 1036 1421 1791 1461">
    <p class='ocr_par' dir='ltr' id='par_1_71' title="bbox 1036 1421 1791 1461">
     <span class='ocr_line' id='line_1_71' title="bbox 1036 1421 1791 1461; baseline -0.012 -6"><span class='ocrx_word' id='word_1_488' title='bbox 1036 1426 1241 1455; x_wconf 87' lang='lat' dir='ltr'><strong>Consuetudine</strong></span> <span class='ocrx_word' id='word_1_489' title='bbox 1253 1430 1391 1461; x_wconf 82' lang='lat' dir='ltr'><strong>receptum</strong></span> <span class='ocrx_word' id='word_1_490' title='bbox 1407 1429 1448 1453; x_wconf 88' lang='lat' dir='ltr'><strong>est</strong></span> <span class='ocrx_word' id='word_1_491' title='bbox 1468 1429 1498 1452; x_wconf 87' lang='lat' dir='ltr'><strong>ut</strong></span> <span class='ocrx_word' id='word_1_492' title='bbox 1524 1421 1675 1459; x_wconf 85' lang='lat' dir='ltr'><strong>quotannis</strong></span> <span class='ocrx_word' id='word_1_493' title='bbox 1710 1421 1791 1448; x_wconf 72' lang='lat' dir='ltr'><strong>circa</strong></span> 
     </span>
    </p>
   </div>
   <div class='ocr_carea' id='block_1_72' title="bbox 1004 1466 1783 1508">
    <p class='ocr_par' dir='ltr' id='par_1_72' title="bbox 1004 1466 1783 1508">
     <span class='ocr_line' id='line_1_72' title="bbox 1004 1466 1783 1508; baseline -0.012 -7"><span class='ocrx_word' id='word_1_494' title='bbox 1004 1481 1130 1507; x_wconf 72' lang='lat' dir='ltr'><strong>magnum</strong></span> <span class='ocrx_word' id='word_1_495' title='bbox 1157 1473 1259 1508; x_wconf 85' lang='lat' dir='ltr'><strong>pascha</strong></span> <span class='ocrx_word' id='word_1_496' title='bbox 1286 1475 1452 1499; x_wconf 79' lang='lat' dir='ltr'><strong>renoventur</strong></span> <span class='ocrx_word' id='word_1_497' title='bbox 1484 1477 1578 1498; x_wconf 84' lang='lat' dir='ltr'><strong>omnes</strong></span> <span class='ocrx_word' id='word_1_498' title='bbox 1605 1466 1783 1504; x_wconf 79' lang='lat' dir='ltr'><strong>imperatoris</strong></span> 
     </span>
    </p>
   </div>
   <div class='ocr_carea' id='block_1_73' title="bbox 1001 1515 1783 1553">
    <p class='ocr_par' dir='ltr' id='par_1_73' title="bbox 1001 1515 1783 1553">
     <span class='ocr_line' id='line_1_73' title="bbox 1001 1515 1783 1553; baseline -0.012 -6"><span class='ocrx_word' id='word_1_499' title='bbox 1001 1520 1086 1551; x_wconf 71' lang='lat' dir='ltr'><strong>sellat,</strong></span> <span class='ocrx_word' id='word_1_500' title='bbox 1098 1519 1167 1547; x_wconf 78' lang='lat' dir='ltr'><strong>freni</strong></span> <span class='ocrx_word' id='word_1_501' title='bbox 1177 1523 1205 1547; x_wconf 89' lang='lat' dir='ltr'><strong>et</strong></span> <span class='ocrx_word' id='word_1_502' title='bbox 1215 1518 1306 1546; x_wconf 83' lang='lat' dir='ltr'><strong>omnia</strong></span> <span class='ocrx_word' id='word_1_503' title='bbox 1320 1518 1374 1545; x_wconf 87' lang='lat' dir='ltr'><strong>alia</strong></span> <span class='ocrx_word' id='word_1_504' title='bbox 1389 1517 1519 1553; x_wconf 80' lang='lat' dir='ltr'><strong>tegmina,</strong></span> <span class='ocrx_word' id='word_1_505' title='bbox 1532 1515 1678 1550; x_wconf 88' lang='lat' dir='ltr'><strong>omniaque</strong></span> <span class='ocrx_word' id='word_1_506' title='bbox 1691 1517 1783 1540; x_wconf 82' lang='lat' dir='ltr'><strong>vetera</strong></span> 
     </span>
    </p>
   </div>
   <div class='ocr_carea' id='block_1_74' title="bbox 1000 1558 1785 1598">
    <p class='ocr_par' dir='ltr' id='par_1_74' title="bbox 1000 1558 1785 1598">
     <span class='ocr_line' id='line_1_74' title="bbox 1000 1558 1785 1598; baseline -0.01 -6"><span class='ocrx_word' id='word_1_507' title='bbox 1000 1565 1118 1598; x_wconf 86' lang='lat' dir='ltr'><strong>accipiat</strong></span> <span class='ocrx_word' id='word_1_508' title='bbox 1142 1571 1244 1597; x_wconf 87' lang='lat' dir='ltr'><strong>eomes,</strong></span> <span class='ocrx_word' id='word_1_509' title='bbox 1277 1563 1359 1591; x_wconf 84' lang='lat' dir='ltr'><strong>sellas</strong></span> <span class='ocrx_word' id='word_1_510' title='bbox 1387 1563 1518 1590; x_wconf 88' lang='lat' dir='ltr'><strong>nimirum</strong></span> <span class='ocrx_word' id='word_1_511' title='bbox 1548 1568 1612 1588; x_wconf 90' lang='lat' dir='ltr'><strong>cum</strong></span> <span class='ocrx_word' id='word_1_512' title='bbox 1656 1558 1785 1593; x_wconf 81' lang='lat' dir='ltr'><strong>apicibus</strong></span> 
     </span>
    </p>
   </div>
   <div class='ocr_carea' id='block_1_75' title="bbox 1005 1606 1751 1643">
    <p class='ocr_par' dir='ltr' id='par_1_75' title="bbox 1005 1606 1751 1643">
     <span class='ocr_line' id='line_1_75' title="bbox 1005 1606 1751 1643; baseline -0.011 -4"><span class='ocrx_word' id='word_1_513' title='bbox 1005 1611 1151 1640; x_wconf 88' lang='lat' dir='ltr'><strong>muscariis</strong></span> <span class='ocrx_word' id='word_1_514' title='bbox 1165 1615 1193 1638; x_wconf 89' lang='lat' dir='ltr'><strong>et</strong></span> <span class='ocrx_word' id='word_1_515' title='bbox 1207 1611 1285 1638; x_wconf 86' lang='lat' dir='ltr'><strong>l&#39;rena</strong></span> <span class='ocrx_word' id='word_1_516' title='bbox 1299 1609 1382 1638; x_wconf 87' lang='lat' dir='ltr'><strong>simul</strong></span> <span class='ocrx_word' id='word_1_517' title='bbox 1395 1617 1459 1637; x_wconf 89' lang='lat' dir='ltr'><strong>cum</strong></span> <span class='ocrx_word' id='word_1_518' title='bbox 1474 1608 1591 1643; x_wconf 88' lang='lat' dir='ltr'><strong>phaleris</strong></span> <span class='ocrx_word' id='word_1_519' title='bbox 1603 1615 1634 1633; x_wconf 86' lang='lat' dir='ltr'><strong>ac</strong></span> <span class='ocrx_word' id='word_1_520' title='bbox 1649 1606 1751 1633; x_wconf 86' lang='lat' dir='ltr'><strong>ﬂoccis.</strong></span> 
     </span>
    </p>
   </div>
   <div class='ocr_carea' id='block_1_76' title="bbox 1041 1695 1783 1734">
    <p class='ocr_par' dir='ltr' id='par_1_76' title="bbox 1041 1695 1783 1734">
     <span class='ocr_line' id='line_1_76' title="bbox 1041 1695 1783 1734; baseline -0.011 -5"><span class='ocrx_word' id='word_1_521' title='bbox 1041 1700 1175 1728; x_wconf 71' lang='lat' dir='ltr'><strong>Creterum</strong></span> <span class='ocrx_word' id='word_1_522' title='bbox 1193 1701 1341 1728; x_wconf 89' lang='lat' dir='ltr'><strong>comitatus</strong></span> <span class='ocrx_word' id='word_1_523' title='bbox 1354 1705 1487 1734; x_wconf 86' lang='lat' dir='ltr'><strong>equorum</strong></span> <span class='ocrx_word' id='word_1_524' title='bbox 1499 1698 1546 1730; x_wconf 89' lang='lat' dir='ltr'><strong>qui</strong></span> <span class='ocrx_word' id='word_1_525' title='bbox 1568 1704 1650 1724; x_wconf 88' lang='lat' dir='ltr'><strong>manu</strong></span> <span class='ocrx_word' id='word_1_526' title='bbox 1677 1695 1783 1722; x_wconf 86' lang='lat' dir='ltr'><strong>ducun-</strong></span> 
     </span>
    </p>
   </div>
   <div class='ocr_carea' id='block_1_77' title="bbox 1006 1740 1790 1782">
    <p class='ocr_par' dir='ltr' id='par_1_77' title="bbox 1006 1740 1790 1782">
     <span class='ocr_line' id='line_1_77' title="bbox 1006 1740 1790 1782; baseline -0.01 -8"><span class='ocrx_word' id='word_1_527' title='bbox 1006 1751 1060 1780; x_wconf 90' lang='lat' dir='ltr'><strong>tur,</strong></span> <span class='ocrx_word' id='word_1_528' title='bbox 1076 1747 1186 1782; x_wconf 81' lang='lat' dir='ltr'><strong>quando</strong></span> <span class='ocrx_word' id='word_1_529' title='bbox 1202 1746 1350 1782; x_wconf 91' lang='lat' dir='ltr'><strong>imperator</strong></span> <span class='ocrx_word' id='word_1_530' title='bbox 1364 1745 1478 1780; x_wconf 88' lang='lat' dir='ltr'><strong>equitat,</strong></span> <span class='ocrx_word' id='word_1_531' title='bbox 1505 1743 1551 1770; x_wconf 90' lang='lat' dir='ltr'><strong>tali</strong></span> <span class='ocrx_word' id='word_1_532' title='bbox 1582 1750 1614 1769; x_wconf 75' lang='lat' dir='ltr'><strong>ex</strong></span> <span class='ocrx_word' id='word_1_533' title='bbox 1643 1740 1790 1768; x_wconf 82' lang='lat' dir='ltr'><strong>occasione</strong></span> 
     </span>
    </p>
   </div>
   <div class='ocr_carea' id='block_1_78' title="bbox 1005 1786 1788 1824">
    <p class='ocr_par' dir='ltr' id='par_1_78' title="bbox 1005 1786 1788 1824">
     <span class='ocr_line' id='line_1_78' title="bbox 1005 1786 1788 1824; baseline -0.01 -4"><span class='ocrx_word' id='word_1_534' title='bbox 1005 1793 1142 1820; x_wconf 84' lang='lat' dir='ltr'><strong>exstitisse</strong></span> <span class='ocrx_word' id='word_1_535' title='bbox 1156 1792 1251 1820; x_wconf 79' lang='lat' dir='ltr'><strong>fertur.</strong></span> <span class='ocrx_word' id='word_1_536' title='bbox 1266 1791 1351 1818; x_wconf 84' lang='lat' dir='ltr'><strong>Fama</strong></span> <span class='ocrx_word' id='word_1_537' title='bbox 1371 1795 1414 1818; x_wconf 84' lang='lat' dir='ltr'><strong>est</strong></span> <span class='ocrx_word' id='word_1_538' title='bbox 1437 1790 1630 1824; x_wconf 86' lang='lat' dir='ltr'><strong>imperatorem</strong></span> <span class='ocrx_word' id='word_1_539' title='bbox 1648 1786 1788 1821; x_wconf 82' lang='lat' dir='ltr'><strong>Theophi-</strong></span> 
     </span>
    </p>
   </div>
   <div class='ocr_carea' id='block_1_79' title="bbox 1007 1832 1791 1872">
    <p class='ocr_par' dir='ltr' id='par_1_79' title="bbox 1007 1832 1791 1872">
     <span class='ocr_line' id='line_1_79' title="bbox 1007 1832 1791 1872; baseline -0.01 -6"><span class='ocrx_word' id='word_1_540' title='bbox 1007 1839 1062 1866; x_wconf 88' lang='lat' dir='ltr'><strong>lum</strong></span> <span class='ocrx_word' id='word_1_541' title='bbox 1080 1838 1164 1866; x_wconf 85' lang='lat' dir='ltr'><strong>l‘uisse</strong></span> <span class='ocrx_word' id='word_1_542' title='bbox 1176 1838 1289 1872; x_wconf 69' lang='lat' dir='ltr'><strong>jllSlllitﬁ</strong></span> <span class='ocrx_word' id='word_1_543' title='bbox 1302 1841 1451 1864; x_wconf 82' lang='lat' dir='ltr'><strong>amantem.</strong></span> <span class='ocrx_word' id='word_1_544' title='bbox 1465 1836 1531 1863; x_wconf 82' lang='lat' dir='ltr'><strong>Cum</strong></span> <span class='ocrx_word' id='word_1_545' title='bbox 1555 1835 1639 1870; x_wconf 77' lang='lat' dir='ltr'><strong>igitur</strong></span> <span class='ocrx_word' id='word_1_546' title='bbox 1669 1832 1791 1868; x_wconf 88' lang='lat' dir='ltr'><strong>quodam</strong></span> 
     </span>
    </p>
   </div>
   <div class='ocr_carea' id='block_1_80' title="bbox 1007 1878 1788 1920">
    <p class='ocr_par' dir='ltr' id='par_1_80' title="bbox 1007 1878 1788 1920">
     <span class='ocr_line' id='line_1_80' title="bbox 1007 1878 1788 1920; baseline -0.012 -8"><span class='ocrx_word' id='word_1_547' title='bbox 1007 1890 1127 1920; x_wconf 88' lang='lat' dir='ltr'><strong>tempore</strong></span> <span class='ocrx_word' id='word_1_548' title='bbox 1143 1892 1212 1920; x_wconf 91' lang='lat' dir='ltr'><strong>equo</strong></span> <span class='ocrx_word' id='word_1_549' title='bbox 1223 1884 1364 1916; x_wconf 77' lang='lat' dir='ltr'><strong>insideret,</strong></span> <span class='ocrx_word' id='word_1_550' title='bbox 1383 1882 1536 1910; x_wconf 88' lang='lat' dir='ltr'><strong>occurrisse</strong></span> <span class='ocrx_word' id='word_1_551' title='bbox 1550 1881 1627 1908; x_wconf 88' lang='lat' dir='ltr'><strong>aiunt</strong></span> <span class='ocrx_word' id='word_1_552' title='bbox 1642 1878 1788 1914; x_wconf 80' lang='lat' dir='ltr'><strong>quamdam</strong></span> 
     </span>
    </p>
   </div>
   <div class='ocr_carea' id='block_1_81' title="bbox 1006 1925 1789 1963">
    <p class='ocr_par' dir='ltr' id='par_1_81' title="bbox 1006 1925 1789 1963">
     <span class='ocr_line' id='line_1_81' title="bbox 1006 1925 1789 1963; baseline -0.013 -4"><span class='ocrx_word' id='word_1_553' title='bbox 1006 1931 1208 1962; x_wconf 82' lang='lat' dir='ltr'><strong>mulierculam,</strong></span> <span class='ocrx_word' id='word_1_554' title='bbox 1227 1934 1255 1957; x_wconf 91' lang='lat' dir='ltr'><strong>et</strong></span> <span class='ocrx_word' id='word_1_555' title='bbox 1266 1930 1402 1957; x_wconf 86' lang='lat' dir='ltr'><strong>clamasse</strong></span> <span class='ocrx_word' id='word_1_556' title='bbox 1415 1935 1515 1963; x_wconf 89' lang='lat' dir='ltr'><strong>equum</strong></span> <span class='ocrx_word' id='word_1_557' title='bbox 1538 1927 1626 1957; x_wconf 83' lang='lat' dir='ltr'><strong>illum,</strong></span> <span class='ocrx_word' id='word_1_558' title='bbox 1640 1933 1695 1959; x_wconf 81' lang='lat' dir='ltr'><strong>quo</strong></span> <span class='ocrx_word' id='word_1_559' title='bbox 1709 1925 1789 1950; x_wconf 74' lang='lat' dir='ltr'><strong>vehe-</strong></span> 
     </span>
    </p>
   </div>
   <div class='ocr_carea' id='block_1_82' title="bbox 1007 1971 1790 2012">
    <p class='ocr_par' dir='ltr' id='par_1_82' title="bbox 1007 1971 1790 2012">
     <span class='ocr_line' id='line_1_82' title="bbox 1007 1971 1790 2012; baseline -0.014 -5"><span class='ocrx_word' id='word_1_560' title='bbox 1007 1980 1087 2007; x_wconf 83' lang='lat' dir='ltr'><strong>batur</strong></span> <span class='ocrx_word' id='word_1_561' title='bbox 1104 1979 1262 2012; x_wconf 87' lang='lat' dir='ltr'><strong>imperator,</strong></span> <span class='ocrx_word' id='word_1_562' title='bbox 1291 1984 1372 2004; x_wconf 89' lang='lat' dir='ltr'><strong>suum</strong></span> <span class='ocrx_word' id='word_1_563' title='bbox 1407 1983 1478 2003; x_wconf 86' lang='lat' dir='ltr'><strong>esse.</strong></span> <span class='ocrx_word' id='word_1_564' title='bbox 1505 1973 1688 2009; x_wconf 83' lang='lat' dir='ltr'><strong>lnquisitione</strong></span> <span class='ocrx_word' id='word_1_565' title='bbox 1722 1971 1790 1997; x_wconf 81' lang='lat' dir='ltr'><strong>facta</strong></span> 
     </span>
    </p>
   </div>
   <div class='ocr_carea' id='block_1_83' title="bbox 1008 2017 1789 2059">
    <p class='ocr_par' dir='ltr' id='par_1_83' title="bbox 1008 2017 1789 2059">
     <span class='ocr_line' id='line_1_83' title="bbox 1008 2017 1789 2059; baseline -0.014 -7"><span class='ocrx_word' id='word_1_566' title='bbox 1008 2024 1147 2059; x_wconf 80' lang='lat' dir='ltr'><strong>cognitum</strong></span> <span class='ocrx_word' id='word_1_567' title='bbox 1162 2030 1222 2050; x_wconf 84' lang='lat' dir='ltr'><strong>esse</strong></span> <span class='ocrx_word' id='word_1_568' title='bbox 1239 2022 1380 2050; x_wconf 90' lang='lat' dir='ltr'><strong>mulierem</strong></span> <span class='ocrx_word' id='word_1_569' title='bbox 1398 2029 1462 2048; x_wconf 86' lang='lat' dir='ltr'><strong>vera</strong></span> <span class='ocrx_word' id='word_1_570' title='bbox 1476 2020 1580 2051; x_wconf 84' lang='lat' dir='ltr'><strong>dicere,</strong></span> <span class='ocrx_word' id='word_1_571' title='bbox 1595 2025 1694 2052; x_wconf 90' lang='lat' dir='ltr'><strong>equum</strong></span> <span class='ocrx_word' id='word_1_572' title='bbox 1717 2017 1789 2043; x_wconf 89' lang='lat' dir='ltr'><strong>enim</strong></span> 
     </span>
    </p>
   </div>
   <div class='ocr_carea' id='block_1_84' title="bbox 1009 2063 1792 2105">
    <p class='ocr_par' dir='ltr' id='par_1_84' title="bbox 1009 2063 1792 2105">
     <span class='ocr_line' id='line_1_84' title="bbox 1009 2063 1792 2105; baseline -0.013 -7"><span class='ocrx_word' id='word_1_573' title='bbox 1009 2071 1095 2105; x_wconf 87' lang='lat' dir='ltr'><strong>ipsius</strong></span> <span class='ocrx_word' id='word_1_574' title='bbox 1103 2077 1173 2102; x_wconf 86' lang='lat' dir='ltr'><strong>esse,</strong></span> <span class='ocrx_word' id='word_1_575' title='bbox 1188 2069 1337 2103; x_wconf 87' lang='lat' dir='ltr'><strong>eparchum</strong></span> <span class='ocrx_word' id='word_1_576' title='bbox 1351 2071 1442 2094; x_wconf 86' lang='lat' dir='ltr'><strong>autem</strong></span> <span class='ocrx_word' id='word_1_577' title='bbox 1462 2067 1489 2093; x_wconf 83' lang='lat' dir='ltr'><strong>vi</strong></span> <span class='ocrx_word' id='word_1_578' title='bbox 1509 2065 1634 2099; x_wconf 78' lang='lat' dir='ltr'><strong>rapuisse</strong></span> <span class='ocrx_word' id='word_1_579' title='bbox 1649 2063 1700 2098; x_wconf 82' lang='lat'><strong>31</strong></span> <span class='ocrx_word' id='word_1_580' title='bbox 1717 2068 1743 2089; x_wconf 88' lang='lat' dir='ltr'><strong>et</strong></span> <span class='ocrx_word' id='word_1_581' title='bbox 1757 2067 1792 2088; x_wconf 73' lang='lat' dir='ltr'><strong>ut</strong></span> 
     </span>
    </p>
   </div>
   <div class='ocr_carea' id='block_1_85' title="bbox 1009 2111 1789 2149">
    <p class='ocr_par' dir='ltr' id='par_1_85' title="bbox 1009 2111 1789 2149">
     <span class='ocr_line' id='line_1_85' title="bbox 1009 2111 1789 2149; baseline -0.01 -7"><span class='ocrx_word' id='word_1_582' title='bbox 1009 2123 1100 2147; x_wconf 85' lang='lat' dir='ltr'><strong>suum,</strong></span> <span class='ocrx_word' id='word_1_583' title='bbox 1115 2114 1272 2149; x_wconf 84' lang='lat' dir='ltr'><strong>imperatori</strong></span> <span class='ocrx_word' id='word_1_584' title='bbox 1285 2112 1384 2140; x_wconf 86' lang='lat' dir='ltr'><strong>munus</strong></span> <span class='ocrx_word' id='word_1_585' title='bbox 1412 2111 1555 2139; x_wconf 63' lang='lat' dir='ltr'><strong>obtulisse.</strong></span> <span class='ocrx_word' id='word_1_586' title='bbox 1582 2111 1789 2143; x_wconf 63' lang='lat' dir='ltr'><strong>imperatorem,</strong></span> 
     </span>
    </p>
   </div>
   <div class='ocr_carea' id='block_1_86' title="bbox 1010 2155 1793 2196">
    <p class='ocr_par' dir='ltr' id='par_1_86' title="bbox 1010 2155 1793 2196">
     <span class='ocr_line' id='line_1_86' title="bbox 1010 2155 1793 2196; baseline -0.013 -5"><span class='ocrx_word' id='word_1_587' title='bbox 1010 2161 1349 2196; x_wconf 71' lang='lat' dir='ltr'><strong>cumhaec&#39;comperisset,</strong></span> <span class='ocrx_word' id='word_1_588' title='bbox 1381 2160 1471 2188; x_wconf 85' lang='lat' dir='ltr'><strong>statim</strong></span> <span class='ocrx_word' id='word_1_589' title='bbox 1501 2159 1528 2185; x_wconf 91' lang='lat' dir='ltr'><strong>in</strong></span> <span class='ocrx_word' id='word_1_590' title='bbox 1546 2156 1660 2191; x_wconf 77' lang='lat' dir='ltr'><strong>vestigio</strong></span> <span class='ocrx_word' id='word_1_591' title='bbox 1679 2155 1793 2183; x_wconf 85' lang='lat' dir='ltr'><strong>descen-</strong></span> 
     </span>
    </p>
   </div>
   <div class='ocr_carea' id='block_1_87' title="bbox 1010 2202 1789 2243">
    <p class='ocr_par' dir='ltr' id='par_1_87' title="bbox 1010 2202 1789 2243">
     <span class='ocr_line' id='line_1_87' title="bbox 1010 2202 1789 2243; baseline -0.013 -6"><span class='ocrx_word' id='word_1_592' title='bbox 1010 2209 1084 2236; x_wconf 89' lang='lat' dir='ltr'><strong>disse</strong></span> <span class='ocrx_word' id='word_1_593' title='bbox 1094 2209 1128 2236; x_wconf 91' lang='lat' dir='ltr'><strong>de</strong></span> <span class='ocrx_word' id='word_1_594' title='bbox 1144 2215 1226 2243; x_wconf 85' lang='lat' dir='ltr'><strong>equo,</strong></span> <span class='ocrx_word' id='word_1_595' title='bbox 1240 2215 1360 2242; x_wconf 89' lang='lat' dir='ltr'><strong>eumque</strong></span> <span class='ocrx_word' id='word_1_596' title='bbox 1377 2206 1484 2234; x_wconf 78' lang='lat' dir='ltr'><strong>dedisse</strong></span> <span class='ocrx_word' id='word_1_597' title='bbox 1495 2205 1520 2232; x_wconf 89' lang='lat' dir='ltr'><strong>ei</strong></span> <span class='ocrx_word' id='word_1_598' title='bbox 1537 2204 1615 2239; x_wconf 82' lang='lat' dir='ltr'><strong>cujus</strong></span> <span class='ocrx_word' id='word_1_599' title='bbox 1627 2208 1697 2230; x_wconf 87' lang='lat' dir='ltr'><strong>erat.</strong></span> <span class='ocrx_word' id='word_1_600' title='bbox 1721 2202 1789 2229; x_wconf 78' lang='lat' dir='ltr'><strong>Cum</strong></span> 
     </span>
    </p>
   </div>
   <div class='ocr_carea' id='block_1_88' title="bbox 181 2250 952 2296">
    <p class='ocr_par' dir='ltr' id='par_1_88' title="bbox 181 2250 952 2296">
     <span class='ocr_line' id='line_1_88' title="bbox 181 2250 952 2296; baseline 0.004 -11"><span class='ocrx_word' id='word_1_601' title='bbox 181 2259 257 2285; x_wconf 82' lang='grc' dir='ltr'>Ἐπεὶ</span> <span class='ocrx_word' id='word_1_602' title='bbox 271 2259 292 2285; x_wconf 86' lang='grc' dir='ltr'><strong>δ’</strong></span> <span class='ocrx_word' id='word_1_603' title='bbox 308 2259 358 2285; x_wconf 77' lang='grc' dir='ltr'>οὐκ</span> <span class='ocrx_word' id='word_1_604' title='bbox 371 2256 440 2294; x_wconf 81' lang='grc' dir='ltr'>ἦσαν</span> <span class='ocrx_word' id='word_1_605' title='bbox 464 2259 524 2286; x_wconf 83' lang='grc' dir='ltr'>τότε</span> <span class='ocrx_word' id='word_1_606' title='bbox 541 2259 621 2286; x_wconf 81' lang='grc' dir='ltr'>ἵπποι</span> <span class='ocrx_word' id='word_1_607' title='bbox 645 2259 781 2294; x_wconf 76' lang='grc' dir='ltr'>βασιλικοὶ</span> <span class='ocrx_word' id='word_1_608' title='bbox 797 2250 952 2296; x_wconf 79' lang='grc' dir='ltr'><strong>συρόμενοι¹</strong></span> 
     </span>
    </p>
   </div>
   <div class='ocr_carea' id='block_1_89' title="bbox 1004 2250 1793 2296">
    <p class='ocr_par' dir='ltr' id='par_1_89' title="bbox 1011 2250 1793 2288">
     <span class='ocr_line' id='line_1_89' title="bbox 1011 2250 1793 2288; baseline -0.012 -5"><span class='ocrx_word' id='word_1_609' title='bbox 1011 2260 1101 2283; x_wconf 85' lang='lat' dir='ltr'><strong>autem</strong></span> <span class='ocrx_word' id='word_1_610' title='bbox 1117 2259 1181 2281; x_wconf 89' lang='lat' dir='ltr'><strong>tunc</strong></span> <span class='ocrx_word' id='word_1_611' title='bbox 1193 2261 1259 2282; x_wconf 85' lang='lat' dir='ltr'><strong>usus</strong></span> <span class='ocrx_word' id='word_1_612' title='bbox 1275 2260 1407 2288; x_wconf 90' lang='lat' dir='ltr'><strong>equorum</strong></span> <span class='ocrx_word' id='word_1_613' title='bbox 1432 2252 1479 2287; x_wconf 88' lang='lat' dir='ltr'><strong>qui</strong></span> <span class='ocrx_word' id='word_1_614' title='bbox 1510 2258 1591 2278; x_wconf 82' lang='lat' dir='ltr'><strong>manu</strong></span> <span class='ocrx_word' id='word_1_615' title='bbox 1622 2250 1793 2277; x_wconf 79' lang='lat' dir='ltr'><strong>ducerentur</strong></span> 
     </span>
    </p>
   </div>
   <div class='ocr_carea' id='block_1_90' title="bbox 177 2304 959 2340">
    <p class='ocr_par' dir='ltr' id='par_1_90' title="bbox 177 2304 959 2340">
     <span class='ocr_line' id='line_1_90' title="bbox 177 2304 959 2340; baseline 0.001 -9"><span class='ocrx_word' id='word_1_616' title='bbox 177 2306 284 2338; x_wconf 74' lang='grc' dir='ltr'>ἐγένετο</span> <span class='ocrx_word' id='word_1_617' title='bbox 299 2305 327 2331; x_wconf 74' lang='grc' dir='ltr'><strong>δὲ</strong></span> <span class='ocrx_word' id='word_1_618' title='bbox 352 2305 366 2331; x_wconf 82' lang='grc' dir='ltr'><strong><em>ὁ</em></strong></span> <span class='ocrx_word' id='word_1_619' title='bbox 389 2304 514 2339; x_wconf 78' lang='grc' dir='ltr'>βασιλεὺς</span> <span class='ocrx_word' id='word_1_620' title='bbox 529 2306 557 2332; x_wconf 81' lang='grc' dir='ltr'>ὲν</span> <span class='ocrx_word' id='word_1_621' title='bbox 572 2305 652 2340; x_wconf 79' lang='grc' dir='ltr'>χρείᾳ</span> <span class='ocrx_word' id='word_1_622' title='bbox 670 2305 754 2332; x_wconf 82' lang='grc' dir='ltr'>ἵππου</span> <span class='ocrx_word' id='word_1_623' title='bbox 780 2307 827 2332; x_wconf 69' lang='grc' dir='ltr'>καὶ</span> <span class='ocrx_word' id='word_1_624' title='bbox 841 2307 959 2334; x_wconf 77' lang='grc' dir='ltr'>ὲκαὸαλ-</span> 
     </span>
    </p>
   </div>
   <div class='ocr_carea' id='block_1_91' title="bbox 177 2342 959 2387">
    <p class='ocr_par' dir='ltr' id='par_1_91' title="bbox 177 2342 959 2387">
     <span class='ocr_line' id='line_1_91' title="bbox 177 2342 959 2387; baseline 0.003 -11"><span class='ocrx_word' id='word_1_625' title='bbox 177 2351 298 2377; x_wconf 81' lang='grc' dir='ltr'>λίκευσεν</span> <span class='ocrx_word' id='word_1_626' title='bbox 313 2351 398 2376; x_wconf 80' lang='grc' dir='ltr'>ἵππον</span> <span class='ocrx_word' id='word_1_627' title='bbox 420 2351 465 2376; x_wconf 77' lang='grc' dir='ltr'>τὸν</span> <span class='ocrx_word' id='word_1_628' title='bbox 490 2351 615 2386; x_wconf 67' lang='grc' dir='ltr'>τυχόιῖὶα,</span> <span class='ocrx_word' id='word_1_629' title='bbox 631 2342 730 2386; x_wconf 67' lang='grc' dir='ltr'>ἐτάχθη</span> <span class='ocrx_word' id='word_1_630' title='bbox 747 2352 763 2387; x_wconf 77' lang='grc' dir='ltr'>ἡ</span> <span class='ocrx_word' id='word_1_631' title='bbox 780 2351 834 2378; x_wconf 89' lang='grc' dir='ltr'><strong>τῶν</strong></span> <span class='ocrx_word' id='word_1_632' title='bbox 852 2352 959 2386; x_wconf 79' lang='grc' dir='ltr'>συρτῶν</span> 
     </span>
    </p>
   </div>
   <div class='ocr_carea' id='block_1_92' title="bbox 178 2396 959 2433">
    <p class='ocr_par' dir='ltr' id='par_1_92' title="bbox 178 2396 959 2433">
     <span class='ocr_line' id='line_1_92' title="bbox 178 2396 959 2433; baseline 0.003 -11"><span class='ocrx_word' id='word_1_633' title='bbox 178 2396 365 2430; x_wconf 73' lang='grc' dir='ltr'>ἀκολούθησις,</span> <span class='ocrx_word' id='word_1_634' title='bbox 384 2396 420 2427; x_wconf 85' lang='grc' dir='ltr'>ὠς</span> <span class='ocrx_word' id='word_1_635' title='bbox 436 2396 479 2428; x_wconf 81' lang='grc' dir='ltr'>ἂν,</span> <span class='ocrx_word' id='word_1_636' title='bbox 495 2396 522 2423; x_wconf 77' lang='grc' dir='ltr'>εἴ</span> <span class='ocrx_word' id='word_1_637' title='bbox 535 2405 561 2423; x_wconf 86' lang='grc' dir='ltr'><strong>τι</strong></span> <span class='ocrx_word' id='word_1_638' title='bbox 574 2396 749 2432; x_wconf 74' lang='grc' dir='ltr'>συμϐεϐηκὸς</span> <span class='ocrx_word' id='word_1_639' title='bbox 763 2397 851 2432; x_wconf 82' lang='grc' dir='ltr'>τύχοι,</span> <span class='ocrx_word' id='word_1_640' title='bbox 863 2397 959 2433; x_wconf 76' lang='grc' dir='ltr'>εἴησαν</span> 
     </span>
    </p>
   </div>
   <div class='ocr_carea' id='block_1_93' title="bbox 178 2441 960 2477">
    <p class='ocr_par' dir='ltr' id='par_1_93' title="bbox 178 2441 960 2477">
     <span class='ocr_line' id='line_1_93' title="bbox 178 2441 960 2477; baseline 0.001 -10"><span class='ocrx_word' id='word_1_641' title='bbox 178 2442 279 2477; x_wconf 73' lang='grc' dir='ltr'>ἕτοιμοι</span> <span class='ocrx_word' id='word_1_642' title='bbox 295 2443 375 2468; x_wconf 81' lang='grc' dir='ltr'>ἵπποι</span> <span class='ocrx_word' id='word_1_643' title='bbox 390 2441 526 2477; x_wconf 72' lang='grc' dir='ltr'>βασιλικοὶ</span> <span class='ocrx_word' id='word_1_644' title='bbox 542 2442 612 2476; x_wconf 80' lang='grc' dir='ltr'>πρὸς</span> <span class='ocrx_word' id='word_1_645' title='bbox 635 2443 665 2468; x_wconf 88' lang='grc' dir='ltr'>τδ</span> <span class='ocrx_word' id='word_1_646' title='bbox 681 2441 894 2477; x_wconf 77' lang='grc' dir='ltr'>ἀφιππάσασθαι</span> <span class='ocrx_word' id='word_1_647' title='bbox 914 2442 960 2469; x_wconf 85' lang='grc' dir='ltr'>τὸν</span> 
     </span>
    </p>
   </div>
   <div class='ocr_carea' id='block_1_94' title="bbox 180 2487 301 2522">
    <p class='ocr_par' dir='ltr' id='par_1_94' title="bbox 180 2487 301 2522">
     <span class='ocr_line' id='line_1_94' title="bbox 180 2487 301 2522; baseline 0.017 -8"><span class='ocrx_word' id='word_1_648' title='bbox 180 2487 288 2522; x_wconf 78' lang='grc' dir='ltr'>βασιλέα</span> <span class='ocrx_word' id='word_1_649' title='bbox 293 2507 301 2516; x_wconf 84' lang='grc'>.</span> 
     </span>
    </p>
   </div>
   <div class='ocr_carea' id='block_1_95' title="bbox 219 2579 962 2615">
    <p class='ocr_par' dir='ltr' id='par_1_95' title="bbox 219 2579 962 2615">
     <span class='ocr_line' id='line_1_95' title="bbox 219 2579 962 2615; baseline 0.001 -10"><span class='ocrx_word' id='word_1_650' title='bbox 219 2579 251 2606; x_wconf 82' lang='grc' dir='ltr'><strong>Ἦ</strong></span> <span class='ocrx_word' id='word_1_651' title='bbox 269 2579 363 2615; x_wconf 69' lang='grc' dir='ltr'>μέντοι</span> <span class='ocrx_word' id='word_1_652' title='bbox 378 2579 468 2613; x_wconf 82' lang='grc' dir='ltr'>σπάθη</span> <span class='ocrx_word' id='word_1_653' title='bbox 485 2579 531 2605; x_wconf 79' lang='grc' dir='ltr'><strong>τοῦ</strong></span> <span class='ocrx_word' id='word_1_654' title='bbox 547 2579 680 2615; x_wconf 66' lang='grc' dir='ltr'>βασιλέως</span> <span class='ocrx_word' id='word_1_655' title='bbox 694 2579 737 2606; x_wconf 77' lang='grc' dir='ltr'><strong>ἀεὶ</strong></span> <span class='ocrx_word' id='word_1_656' title='bbox 752 2579 793 2610; x_wconf 67' lang='grc' dir='ltr'>εἰς</span> <span class='ocrx_word' id='word_1_657' title='bbox 810 2579 841 2605; x_wconf 76' lang='grc' dir='ltr'><strong>τὸ</strong></span> <span class='ocrx_word' id='word_1_658' title='bbox 862 2580 962 2614; x_wconf 84' lang='grc' dir='ltr'>ρουχα-</span> 
     </span>
    </p>
   </div>
   <div class='ocr_carea' id='block_1_96' title="bbox 183 2624 964 2660">
    <p class='ocr_par' dir='ltr' id='par_1_96' title="bbox 183 2624 964 2660">
     <span class='ocr_line' id='line_1_96' title="bbox 183 2624 964 2660; baseline 0.001 -9"><span class='ocrx_word' id='word_1_659' title='bbox 183 2626 253 2660; x_wconf 75' lang='grc' dir='ltr'>ρξῐον</span> <span class='ocrx_word' id='word_1_660' title='bbox 266 2626 432 2660; x_wconf 71' lang='grc' dir='ltr'>εὑρίσκεται,</span> <span class='ocrx_word' id='word_1_661' title='bbox 445 2626 480 2652; x_wconf 83' lang='grc' dir='ltr'>τὰ</span> <span class='ocrx_word' id='word_1_662' title='bbox 502 2626 531 2652; x_wconf 78' lang='grc' dir='ltr'><strong>δὲ</strong></span> <span class='ocrx_word' id='word_1_663' title='bbox 556 2626 718 2660; x_wconf 77' lang='grc' dir='ltr'>ὑποδήματα</span> <span class='ocrx_word' id='word_1_664' title='bbox 736 2625 776 2656; x_wconf 80' lang='grc' dir='ltr'><strong>είς</strong></span> <span class='ocrx_word' id='word_1_665' title='bbox 802 2624 833 2651; x_wconf 75' lang='grc' dir='ltr'>τὸ</span> <span class='ocrx_word' id='word_1_666' title='bbox 853 2624 964 2660; x_wconf 84' lang='grc' dir='ltr'>βεστιά-</span> 
     </span>
    </p>
   </div>
   <div class='ocr_carea' id='block_1_97' title="bbox 184 2667 964 2707">
    <p class='ocr_par' dir='ltr' id='par_1_97' title="bbox 184 2667 964 2707">
     <span class='ocr_line' id='line_1_97' title="bbox 184 2667 964 2707; baseline 0 -10"><span class='ocrx_word' id='word_1_667' title='bbox 184 2679 248 2705; x_wconf 79' lang='grc' dir='ltr'>ριον.</span> <span class='ocrx_word' id='word_1_668' title='bbox 265 2671 344 2698; x_wconf 85' lang='grc' dir='ltr'>Ἐστι</span> <span class='ocrx_word' id='word_1_669' title='bbox 369 2670 397 2697; x_wconf 77' lang='grc' dir='ltr'><strong>δὲ</strong></span> <span class='ocrx_word' id='word_1_670' title='bbox 426 2670 473 2697; x_wconf 78' lang='grc' dir='ltr'>καὶ</span> <span class='ocrx_word' id='word_1_671' title='bbox 500 2671 594 2707; x_wconf 71' lang='grc' dir='ltr'>ἕτερον</span> <span class='ocrx_word' id='word_1_672' title='bbox 621 2667 691 2701; x_wconf 85' lang='grc' dir='ltr'>εἶδος</span> <span class='ocrx_word' id='word_1_673' title='bbox 720 2670 919 2704; x_wconf 80' lang='grc' dir='ltr'>ὑποδημάτων,</span> <span class='ocrx_word' id='word_1_674' title='bbox 946 2669 964 2697; x_wconf 77' lang='grc' dir='ltr'>ἃ</span> 
     </span>
    </p>
   </div>
   <div class='ocr_carea' id='block_1_98' title="bbox 184 2715 965 2751">
    <p class='ocr_par' dir='ltr' id='par_1_98' title="bbox 184 2715 965 2751">
     <span class='ocr_line' id='line_1_98' title="bbox 184 2715 965 2751; baseline -0.001 -8"><span class='ocrx_word' id='word_1_675' title='bbox 184 2717 327 2744; x_wconf 76' lang='grc' dir='ltr'>καλοῦνται</span> <span class='ocrx_word' id='word_1_676' title='bbox 351 2716 479 2751; x_wconf 79' lang='grc' dir='ltr'>τζαγγία,</span> <span class='ocrx_word' id='word_1_677' title='bbox 496 2716 592 2751; x_wconf 76' lang='grc' dir='ltr'>ἔχοντα</span> <span class='ocrx_word' id='word_1_678' title='bbox 613 2717 645 2742; x_wconf 80' lang='grc' dir='ltr'>ἐκ</span> <span class='ocrx_word' id='word_1_679' title='bbox 669 2715 794 2750; x_wconf 78' lang='grc' dir='ltr'>πλαγίων</span> <span class='ocrx_word' id='word_1_680' title='bbox 822 2716 893 2743; x_wconf 81' lang='grc' dir='ltr'>κατὰ</span> <span class='ocrx_word' id='word_1_681' title='bbox 915 2716 965 2748; x_wconf 82' lang='grc' dir='ltr'>τὰς</span> 
     </span>
    </p>
   </div>
   <div class='ocr_carea' id='block_1_99' title="bbox 185 2761 967 2798">
    <p class='ocr_par' dir='ltr' id='par_1_99' title="bbox 185 2761 967 2798">
     <span class='ocr_line' id='line_1_99' title="bbox 185 2761 967 2798; baseline -0.001 -9"><span class='ocrx_word' id='word_1_682' title='bbox 185 2764 289 2798; x_wconf 82' lang='grc' dir='ltr'>κνήμας</span> <span class='ocrx_word' id='word_1_683' title='bbox 312 2763 360 2790; x_wconf 81' lang='grc' dir='ltr'>καὶ</span> <span class='ocrx_word' id='word_1_684' title='bbox 380 2763 491 2790; x_wconf 76' lang='grc' dir='ltr'>ἐπὶτῶν</span> <span class='ocrx_word' id='word_1_685' title='bbox 510 2762 620 2798; x_wconf 86' lang='grc' dir='ltr'>ταρσῶν</span> <span class='ocrx_word' id='word_1_686' title='bbox 644 2762 740 2793; x_wconf 79' lang='grc' dir='ltr'>ἀετοὺς</span> <span class='ocrx_word' id='word_1_687' title='bbox 763 2761 807 2788; x_wconf 83' lang='grc' dir='ltr'><strong>διὰ</strong></span> <span class='ocrx_word' id='word_1_688' title='bbox 823 2761 905 2788; x_wconf 77' lang='grc' dir='ltr'>λίθων</span> <span class='ocrx_word' id='word_1_689' title='bbox 919 2762 967 2788; x_wconf 69' lang='grc' dir='ltr'>καὶ</span> 
     </span>
    </p>
   </div>
   <div class='ocr_carea' id='block_1_100' title="bbox 189 2807 966 2844">
    <p class='ocr_par' dir='ltr' id='par_1_100' title="bbox 189 2807 966 2844">
     <span class='ocr_line' id='line_1_100' title="bbox 189 2807 966 2844; baseline -0.003 -9"><span class='ocrx_word' id='word_1_690' title='bbox 189 2809 349 2843; x_wconf 80' lang='grc' dir='ltr'>μαργάρων,</span> <span class='ocrx_word' id='word_1_691' title='bbox 364 2808 442 2835; x_wconf 72' lang='lat' dir='ltr'><strong>ama</strong></span> <span class='ocrx_word' id='word_1_692' title='bbox 458 2809 505 2835; x_wconf 77' lang='grc' dir='ltr'>καὶ</span> <span class='ocrx_word' id='word_1_693' title='bbox 521 2809 600 2844; x_wconf 73' lang='grc' dir='ltr'>φορεῖ</span> <span class='ocrx_word' id='word_1_694' title='bbox 620 2808 635 2834; x_wconf 81' lang='lat'><strong>6</strong></span> <span class='ocrx_word' id='word_1_695' title='bbox 661 2807 788 2843; x_wconf 80' lang='grc' dir='ltr'>βασιλεὺς</span> <span class='ocrx_word' id='word_1_696' title='bbox 801 2807 841 2838; x_wconf 79' lang='grc' dir='ltr'><strong>εἵς</strong></span> <span class='ocrx_word' id='word_1_697' title='bbox 855 2816 884 2834; x_wconf 84' lang='grc' dir='ltr'><strong>τε</strong></span> <span class='ocrx_word' id='word_1_698' title='bbox 901 2808 966 2837; x_wconf 77' lang='grc' dir='ltr'>τοὺς</span> 
     </span>
    </p>
   </div>
   <div class='ocr_carea' id='block_1_101' title="bbox 187 2853 967 2889">
    <p class='ocr_par' dir='ltr' id='par_1_101' title="bbox 187 2853 967 2889">
     <span class='ocr_line' id='line_1_101' title="bbox 187 2853 967 2889; baseline -0.001 -9"><span class='ocrx_word' id='word_1_699' title='bbox 187 2855 353 2889; x_wconf 80' lang='grc' dir='ltr'>περιπάτους</span> <span class='ocrx_word' id='word_1_700' title='bbox 367 2856 414 2882; x_wconf 75' lang='grc' dir='ltr'><strong>καὶ</strong></span> <span class='ocrx_word' id='word_1_701' title='bbox 430 2855 478 2887; x_wconf 84' lang='grc' dir='ltr'>τὰς</span> <span class='ocrx_word' id='word_1_702' title='bbox 493 2855 659 2889; x_wconf 80' lang='grc' dir='ltr'>προκύψεις.</span> <span class='ocrx_word' id='word_1_703' title='bbox 678 2855 734 2880; x_wconf 78' lang='grc' dir='ltr'><strong>Καὶ</strong></span> <span class='ocrx_word' id='word_1_704' title='bbox 748 2853 762 2879; x_wconf 82' lang='grc' dir='ltr'><strong><em>ὁ</em></strong></span> <span class='ocrx_word' id='word_1_705' title='bbox 778 2854 865 2880; x_wconf 78' lang='grc' dir='ltr'>ταῦτα</span> <span class='ocrx_word' id='word_1_706' title='bbox 881 2853 967 2880; x_wconf 81' lang='grc' dir='ltr'>ποιῶν</span> 
     </span>
    </p>
   </div>
   <div class='ocr_carea' id='block_1_102' title="bbox 188 2899 968 2936">
    <p class='ocr_par' dir='ltr' id='par_1_102' title="bbox 188 2899 968 2936">
     <span class='ocr_line' id='line_1_102' title="bbox 188 2899 968 2936; baseline -0.003 -9"><span class='ocrx_word' id='word_1_707' title='bbox 188 2900 218 2926; x_wconf 72' lang='grc' dir='ltr'>οὗ</span> <span class='ocrx_word' id='word_1_708' title='bbox 234 2901 408 2936; x_wconf 76' lang='grc' dir='ltr'>τζαγγάριος,</span> <span class='ocrx_word' id='word_1_709' title='bbox 421 2902 458 2934; x_wconf 84' lang='grc' dir='ltr'>ὡς</span> <span class='ocrx_word' id='word_1_710' title='bbox 475 2901 498 2928; x_wconf 78' lang='grc' dir='ltr'>οἱ</span> <span class='ocrx_word' id='word_1_711' title='bbox 518 2901 618 2936; x_wconf 64' lang='grc' dir='ltr'>ἕτεροι,</span> <span class='ocrx_word' id='word_1_712' title='bbox 636 2899 705 2927; x_wconf 82' lang='grc' dir='ltr'>ἀλλὰ</span> <span class='ocrx_word' id='word_1_713' title='bbox 730 2899 851 2933; x_wconf 73' lang='grc' dir='ltr'>τζαγγὰς</span> <span class='ocrx_word' id='word_1_714' title='bbox 869 2899 968 2934; x_wconf 81' lang='grc' dir='ltr'>ὀνομά-</span> 
     </span>
    </p>
   </div>
   <div class='ocr_carea' id='block_1_103' title="bbox 1010 2294 1793 2331">
    <p class='ocr_par' dir='ltr' id='par_1_103' title="bbox 1010 2294 1793 2331">
     <span class='ocr_line' id='line_1_103' title="bbox 1010 2294 1793 2331; baseline -0.009 -4"><span class='ocrx_word' id='word_1_715' title='bbox 1010 2300 1131 2328; x_wconf 87' lang='lat' dir='ltr'><strong>nondum</strong></span> <span class='ocrx_word' id='word_1_716' title='bbox 1147 2299 1321 2327; x_wconf 86' lang='lat' dir='ltr'><strong>introductus</strong></span> <span class='ocrx_word' id='word_1_717' title='bbox 1337 2302 1422 2330; x_wconf 84' lang='lat' dir='ltr'><strong>esset,</strong></span> <span class='ocrx_word' id='word_1_718' title='bbox 1440 2302 1467 2325; x_wconf 88' lang='lat' dir='ltr'><strong>et</strong></span> <span class='ocrx_word' id='word_1_719' title='bbox 1481 2297 1630 2331; x_wconf 83' lang='lat' dir='ltr'><strong>imperator</strong></span> <span class='ocrx_word' id='word_1_720' title='bbox 1647 2302 1718 2329; x_wconf 88' lang='lat' dir='ltr'><strong>equo</strong></span> <span class='ocrx_word' id='word_1_721' title='bbox 1749 2294 1793 2320; x_wconf 94' lang='lat' dir='ltr'><strong>in-</strong></span> 
     </span>
    </p>
   </div>
   <div class='ocr_carea' id='block_1_104' title="bbox 1011 2339 1794 2380">
    <p class='ocr_par' dir='ltr' id='par_1_104' title="bbox 1011 2339 1794 2380">
     <span class='ocr_line' id='line_1_104' title="bbox 1011 2339 1794 2380; baseline -0.009 -7"><span class='ocrx_word' id='word_1_722' title='bbox 1011 2345 1107 2380; x_wconf 70' lang='lat' dir='ltr'><strong>digens</strong></span> <span class='ocrx_word' id='word_1_723' title='bbox 1124 2345 1234 2372; x_wconf 86' lang='lat' dir='ltr'><strong>obvium</strong></span> <span class='ocrx_word' id='word_1_724' title='bbox 1251 2344 1401 2378; x_wconf 86' lang='lat' dir='ltr'><strong>equitasset</strong></span> <span class='ocrx_word' id='word_1_725' title='bbox 1412 2349 1524 2377; x_wconf 87' lang='lat' dir='ltr'><strong>equum.</strong></span> <span class='ocrx_word' id='word_1_726' title='bbox 1540 2341 1682 2368; x_wconf 87' lang='lat' dir='ltr'><strong>decretum</strong></span> <span class='ocrx_word' id='word_1_727' title='bbox 1709 2339 1794 2366; x_wconf 74' lang='lat' dir='ltr'><strong>fuisse</strong></span> 
     </span>
    </p>
   </div>
   <div class='ocr_carea' id='block_1_105' title="bbox 1011 2386 1793 2424">
    <p class='ocr_par' dir='ltr' id='par_1_105' title="bbox 1011 2386 1793 2424">
     <span class='ocr_line' id='line_1_105' title="bbox 1011 2386 1793 2424; baseline -0.006 -7"><span class='ocrx_word' id='word_1_728' title='bbox 1011 2394 1042 2418; x_wconf 89' lang='lat' dir='ltr'><strong>ut</strong></span> <span class='ocrx_word' id='word_1_729' title='bbox 1059 2398 1120 2417; x_wconf 89' lang='lat' dir='ltr'><strong>eum</strong></span> <span class='ocrx_word' id='word_1_730' title='bbox 1132 2390 1329 2417; x_wconf 85' lang='lat' dir='ltr'><strong>comitarentur</strong></span> <span class='ocrx_word' id='word_1_731' title='bbox 1353 2389 1418 2424; x_wconf 89' lang='lat' dir='ltr'><strong>equi</strong></span> <span class='ocrx_word' id='word_1_732' title='bbox 1430 2388 1585 2416; x_wconf 84' lang='lat' dir='ltr'><strong>sessoribus</strong></span> <span class='ocrx_word' id='word_1_733' title='bbox 1612 2387 1703 2417; x_wconf 83' lang='lat' dir='ltr'><strong>vacui.</strong></span> <span class='ocrx_word' id='word_1_734' title='bbox 1722 2391 1751 2412; x_wconf 91' lang='lat' dir='ltr'><strong>ut</strong></span> <span class='ocrx_word' id='word_1_735' title='bbox 1770 2386 1793 2413; x_wconf 86' lang='lat' dir='ltr'><strong>si</strong></span> 
     </span>
    </p>
   </div>
   <div class='ocr_carea' id='block_1_106' title="bbox 1012 2433 1796 2472">
    <p class='ocr_par' dir='ltr' id='par_1_106' title="bbox 1012 2433 1796 2472">
     <span class='ocr_line' id='line_1_106' title="bbox 1012 2433 1796 2472; baseline -0.008 -8"><span class='ocrx_word' id='word_1_736' title='bbox 1012 2437 1075 2472; x_wconf 88' lang='lat' dir='ltr'><strong>quis</strong></span> <span class='ocrx_word' id='word_1_737' title='bbox 1091 2444 1172 2464; x_wconf 86' lang='lat' dir='ltr'><strong>casus</strong></span> <span class='ocrx_word' id='word_1_738' title='bbox 1187 2437 1342 2468; x_wconf 79' lang='lat' dir='ltr'><strong>exsisteret,</strong></span> <span class='ocrx_word' id='word_1_739' title='bbox 1358 2436 1445 2471; x_wconf 85' lang='lat' dir='ltr'><strong>parati</strong></span> <span class='ocrx_word' id='word_1_740' title='bbox 1462 2438 1639 2470; x_wconf 85' lang='lat' dir='ltr'><strong>suppeterent</strong></span> <span class='ocrx_word' id='word_1_741' title='bbox 1651 2433 1714 2467; x_wconf 88' lang='lat' dir='ltr'><strong>equi</strong></span> <span class='ocrx_word' id='word_1_742' title='bbox 1744 2433 1796 2460; x_wconf 72' lang='lat' dir='ltr'><strong>im-</strong></span> 
     </span>
    </p>
   </div>
   <div class='ocr_carea' id='block_1_107' title="bbox 1013 2479 1798 2518">
    <p class='ocr_par' dir='ltr' id='par_1_107' title="bbox 1013 2479 1798 2518">
     <span class='ocr_line' id='line_1_107' title="bbox 1013 2479 1798 2518; baseline -0.006 -8"><span class='ocrx_word' id='word_1_743' title='bbox 1013 2482 1153 2518; x_wconf 85' lang='lat' dir='ltr'><strong>peratorii,</strong></span> <span class='ocrx_word' id='word_1_744' title='bbox 1169 2482 1215 2517; x_wconf 93' lang='lat' dir='ltr'><strong>qui</strong></span> <span class='ocrx_word' id='word_1_745' title='bbox 1229 2483 1419 2517; x_wconf 85' lang='lat' dir='ltr'><strong>imperatOrem</strong></span> <span class='ocrx_word' id='word_1_746' title='bbox 1435 2488 1521 2516; x_wconf 82' lang='lat' dir='ltr'><strong>equos</strong></span> <span class='ocrx_word' id='word_1_747' title='bbox 1528 2484 1679 2508; x_wconf 86' lang='lat' dir='ltr'><strong>mutantem</strong></span> <span class='ocrx_word' id='word_1_748' title='bbox 1690 2479 1798 2513; x_wconf 73' lang='lat' dir='ltr'><strong>excipe-</strong></span> 
     </span>
    </p>
   </div>
   <div class='ocr_carea' id='block_1_108' title="bbox 1013 2533 1083 2557">
    <p class='ocr_par' dir='ltr' id='par_1_108' title="bbox 1013 2533 1083 2557">
     <span class='ocr_line' id='line_1_108' title="bbox 1013 2533 1083 2557; baseline 0.014 -1"><span class='ocrx_word' id='word_1_749' title='bbox 1013 2533 1083 2557; x_wconf 89' lang='lat' dir='ltr'><strong>rent.</strong></span> 
     </span>
    </p>
   </div>
   <div class='ocr_carea' id='block_1_109' title="bbox 1054 2572 1801 2611">
    <p class='ocr_par' dir='ltr' id='par_1_109' title="bbox 1054 2572 1801 2611">
     <span class='ocr_line' id='line_1_109' title="bbox 1054 2572 1801 2611; baseline -0.007 -8"><span class='ocrx_word' id='word_1_750' title='bbox 1054 2576 1154 2611; x_wconf 88' lang='lat' dir='ltr'><strong>Spatha</strong></span> <span class='ocrx_word' id='word_1_751' title='bbox 1172 2583 1219 2603; x_wconf 88' lang='lat' dir='ltr'><strong>seu</strong></span> <span class='ocrx_word' id='word_1_752' title='bbox 1231 2575 1306 2602; x_wconf 86' lang='lat' dir='ltr'><strong>ensis</strong></span> <span class='ocrx_word' id='word_1_753' title='bbox 1316 2574 1490 2609; x_wconf 87' lang='lat' dir='ltr'><strong>imperatoris</strong></span> <span class='ocrx_word' id='word_1_754' title='bbox 1508 2580 1614 2608; x_wconf 83' lang='lat' dir='ltr'><strong>semper</strong></span> <span class='ocrx_word' id='word_1_755' title='bbox 1629 2577 1671 2600; x_wconf 86' lang='lat' dir='ltr'><strong>est</strong></span> <span class='ocrx_word' id='word_1_756' title='bbox 1695 2572 1722 2599; x_wconf 91' lang='lat' dir='ltr'><strong>in</strong></span> <span class='ocrx_word' id='word_1_757' title='bbox 1752 2580 1801 2598; x_wconf 88' lang='lat' dir='ltr'><strong>ru-</strong></span> 
     </span>
    </p>
   </div>
   <div class='ocr_carea' id='block_1_110' title="bbox 1016 2616 1794 2654">
    <p class='ocr_par' dir='ltr' id='par_1_110' title="bbox 1016 2616 1794 2654">
     <span class='ocr_line' id='line_1_110' title="bbox 1016 2616 1794 2654; baseline -0.009 -4"><span class='ocrx_word' id='word_1_758' title='bbox 1016 2623 1120 2654; x_wconf 86' lang='lat' dir='ltr'><strong>chario,</strong></span> <span class='ocrx_word' id='word_1_759' title='bbox 1133 2620 1216 2648; x_wconf 86' lang='lat' dir='ltr'><strong>calcei</strong></span> <span class='ocrx_word' id='word_1_760' title='bbox 1226 2627 1290 2647; x_wconf 89' lang='lat' dir='ltr'><strong>vero</strong></span> <span class='ocrx_word' id='word_1_761' title='bbox 1303 2619 1330 2646; x_wconf 92' lang='lat' dir='ltr'><strong>in</strong></span> <span class='ocrx_word' id='word_1_762' title='bbox 1343 2619 1481 2646; x_wconf 87' lang='lat' dir='ltr'><strong>vestiario.</strong></span> <span class='ocrx_word' id='word_1_763' title='bbox 1496 2619 1543 2646; x_wconf 84' lang='lat' dir='ltr'><strong>Est</strong></span> <span class='ocrx_word' id='word_1_764' title='bbox 1555 2623 1583 2645; x_wconf 90' lang='lat' dir='ltr'><strong>et</strong></span> <span class='ocrx_word' id='word_1_765' title='bbox 1612 2617 1665 2644; x_wconf 91' lang='lat' dir='ltr'><strong>alia</strong></span> <span class='ocrx_word' id='word_1_766' title='bbox 1686 2616 1794 2650; x_wconf 84' lang='lat' dir='ltr'><strong>species</strong></span> 
     </span>
    </p>
   </div>
   <div class='ocr_carea' id='block_1_111' title="bbox 1016 2662 1801 2701">
    <p class='ocr_par' dir='ltr' id='par_1_111' title="bbox 1016 2662 1801 2701">
     <span class='ocr_line' id='line_1_111' title="bbox 1016 2662 1801 2701; baseline -0.013 -5"><span class='ocrx_word' id='word_1_767' title='bbox 1016 2668 1182 2698; x_wconf 83' lang='lat' dir='ltr'><strong>calceorum,</strong></span> <span class='ocrx_word' id='word_1_768' title='bbox 1207 2666 1252 2701; x_wconf 90' lang='lat' dir='ltr'><strong>qui</strong></span> <span class='ocrx_word' id='word_1_769' title='bbox 1269 2665 1444 2692; x_wconf 87' lang='lat' dir='ltr'><strong>nominantur</strong></span> <span class='ocrx_word' id='word_1_770' title='bbox 1466 2664 1584 2698; x_wconf 76' lang='lat' dir='ltr'><strong>lzangia.</strong></span> <span class='ocrx_word' id='word_1_771' title='bbox 1609 2662 1801 2696; x_wconf 75' lang='lat' dir='ltr'><strong>Insigniuntur</strong></span> 
     </span>
    </p>
   </div>
   <div class='ocr_carea' id='block_1_112' title="bbox 1018 2706 1799 2742">
    <p class='ocr_par' dir='ltr' id='par_1_112' title="bbox 1018 2706 1799 2742">
     <span class='ocr_line' id='line_1_112' title="bbox 1018 2706 1799 2742; baseline -0.012 -1"><span class='ocrx_word' id='word_1_772' title='bbox 1018 2723 1032 2741; x_wconf 76' lang='grc' dir='ltr'><strong>ιι</strong></span> <span class='ocrx_word' id='word_1_773' title='bbox 1048 2713 1181 2742; x_wconf 84' lang='lat' dir='ltr'><strong>lateribus</strong></span> <span class='ocrx_word' id='word_1_774' title='bbox 1196 2712 1346 2740; x_wconf 88' lang='lat' dir='ltr'><strong>secundum</strong></span> <span class='ocrx_word' id='word_1_775' title='bbox 1357 2711 1437 2738; x_wconf 88' lang='lat' dir='ltr'><strong>tibias</strong></span> <span class='ocrx_word' id='word_1_776' title='bbox 1450 2715 1477 2737; x_wconf 89' lang='lat' dir='ltr'><strong>et</strong></span> <span class='ocrx_word' id='word_1_777' title='bbox 1490 2711 1518 2736; x_wconf 89' lang='lat' dir='ltr'><strong>in</strong></span> <span class='ocrx_word' id='word_1_778' title='bbox 1531 2707 1678 2738; x_wconf 85' lang='lat' dir='ltr'><strong>calcaneis,</strong></span> <span class='ocrx_word' id='word_1_779' title='bbox 1698 2706 1799 2741; x_wconf 86' lang='lat' dir='ltr'><strong>aquilis</strong></span> 
     </span>
    </p>
   </div>
   <div class='ocr_carea' id='block_1_113' title="bbox 1018 2752 1800 2795">
    <p class='ocr_par' dir='ltr' id='par_1_113' title="bbox 1018 2752 1800 2795">
     <span class='ocr_line' id='line_1_113' title="bbox 1018 2752 1800 2795; baseline -0.015 -7"><span class='ocrx_word' id='word_1_780' title='bbox 1018 2769 1050 2789; x_wconf 87' lang='lat' dir='ltr'><strong>ex</strong></span> <span class='ocrx_word' id='word_1_781' title='bbox 1063 2760 1160 2795; x_wconf 86' lang='lat' dir='ltr'><strong>lapillis</strong></span> <span class='ocrx_word' id='word_1_782' title='bbox 1179 2763 1205 2786; x_wconf 86' lang='lat' dir='ltr'><strong>et</strong></span> <span class='ocrx_word' id='word_1_783' title='bbox 1220 2757 1385 2793; x_wconf 81' lang='lat' dir='ltr'><strong>margaritis,</strong></span> <span class='ocrx_word' id='word_1_784' title='bbox 1405 2764 1475 2791; x_wconf 86' lang='lat' dir='ltr'><strong>quos</strong></span> <span class='ocrx_word' id='word_1_785' title='bbox 1498 2755 1578 2782; x_wconf 79' lang='lat' dir='ltr'><strong>etiarn</strong></span> <span class='ocrx_word' id='word_1_786' title='bbox 1597 2752 1687 2780; x_wconf 89' lang='lat' dir='ltr'><strong>induit</strong></span> <span class='ocrx_word' id='word_1_787' title='bbox 1715 2753 1800 2786; x_wconf 80' lang='lat' dir='ltr'><strong>impe-</strong></span> 
     </span>
    </p>
   </div>
   <div class='ocr_carea' id='block_1_114' title="bbox 1018 2798 1800 2840">
    <p class='ocr_par' dir='ltr' id='par_1_114' title="bbox 1018 2798 1800 2840">
     <span class='ocr_line' id='line_1_114' title="bbox 1018 2798 1800 2840; baseline -0.015 -5"><span class='ocrx_word' id='word_1_788' title='bbox 1018 2813 1092 2835; x_wconf 82' lang='lat' dir='ltr'><strong>rator</strong></span> <span class='ocrx_word' id='word_1_789' title='bbox 1106 2806 1139 2833; x_wconf 87' lang='lat' dir='ltr'><strong>ad</strong></span> <span class='ocrx_word' id='word_1_790' title='bbox 1153 2805 1343 2840; x_wconf 87' lang='lat' dir='ltr'><strong>processiones</strong></span> <span class='ocrx_word' id='word_1_791' title='bbox 1358 2808 1386 2830; x_wconf 88' lang='lat' dir='ltr'><strong>et</strong></span> <span class='ocrx_word' id='word_1_792' title='bbox 1401 2801 1607 2830; x_wconf 84' lang='lat' dir='ltr'><strong>ostentationes.</strong></span> <span class='ocrx_word' id='word_1_793' title='bbox 1628 2798 1661 2825; x_wconf 90' lang='lat' dir='ltr'><strong>Et</strong></span> <span class='ocrx_word' id='word_1_794' title='bbox 1673 2798 1719 2833; x_wconf 88' lang='lat' dir='ltr'><strong>qui</strong></span> <span class='ocrx_word' id='word_1_795' title='bbox 1751 2799 1800 2824; x_wconf 80' lang='lat' dir='ltr'><strong>hos</strong></span> 
     </span>
    </p>
   </div>
   <div class='ocr_carea' id='block_1_115' title="bbox 1019 2847 1803 2883">
    <p class='ocr_par' dir='ltr' id='par_1_115' title="bbox 1019 2847 1803 2883">
     <span class='ocr_line' id='line_1_115' title="bbox 1019 2847 1803 2883; baseline -0.014 -2"><span class='ocrx_word' id='word_1_796' title='bbox 1019 2854 1125 2881; x_wconf 80' lang='lat' dir='ltr'><strong>calceos</strong></span> <span class='ocrx_word' id='word_1_797' title='bbox 1151 2851 1225 2883; x_wconf 77' lang='lat' dir='ltr'><strong>facit,</strong></span> <span class='ocrx_word' id='word_1_798' title='bbox 1250 2858 1303 2878; x_wconf 92' lang='lat' dir='ltr'><strong>non</strong></span> <span class='ocrx_word' id='word_1_799' title='bbox 1322 2848 1475 2883; x_wconf 79' lang='lat' dir='ltr'><strong>tzangarius</strong></span> <span class='ocrx_word' id='word_1_800' title='bbox 1497 2847 1554 2873; x_wconf 74' lang='lat' dir='ltr'><strong>sive</strong></span> <span class='ocrx_word' id='word_1_801' title='bbox 1577 2849 1672 2877; x_wconf 80' lang='lat' dir='ltr'><strong>sutor,</strong></span> <span class='ocrx_word' id='word_1_802' title='bbox 1691 2848 1721 2871; x_wconf 91' lang='lat' dir='ltr'><strong>ut</strong></span> <span class='ocrx_word' id='word_1_803' title='bbox 1750 2850 1803 2870; x_wconf 67' lang='lat' dir='ltr'><strong>caa-</strong></span> 
     </span>
    </p>
   </div>
   <div class='ocr_carea' id='block_1_116' title="bbox 1022 2889 1803 2933">
    <p class='ocr_par' dir='ltr' id='par_1_116' title="bbox 1022 2889 1803 2933">
     <span class='ocr_line' id='line_1_116' title="bbox 1022 2889 1803 2933; baseline -0.013 -5"><span class='ocrx_word' id='word_1_804' title='bbox 1022 2900 1081 2933; x_wconf 83' lang='lat' dir='ltr'><strong>teri,</strong></span> <span class='ocrx_word' id='word_1_805' title='bbox 1105 2898 1151 2926; x_wconf 85' lang='lat' dir='ltr'><strong>sed</strong></span> <span class='ocrx_word' id='word_1_806' title='bbox 1174 2901 1285 2932; x_wconf 80' lang='lat' dir='ltr'><strong>tzangas</strong></span> <span class='ocrx_word' id='word_1_807' title='bbox 1311 2894 1469 2930; x_wconf 81' lang='lat' dir='ltr'><strong>appellatur.</strong></span> <span class='ocrx_word' id='word_1_808' title='bbox 1479 2890 1701 2926; x_wconf 84' lang='lat' dir='ltr'><strong>Quandoeunque</strong></span> <span class='ocrx_word' id='word_1_809' title='bbox 1721 2889 1803 2926; x_wconf 74' lang='lat' dir='ltr'><strong>igitur</strong></span> 
     </span>
    </p>
   </div>
  </div>
