2039 3148
249 162 279 193 m
311 186 315 191 _
811 182 815 186 .
856 161 989 192 comm
1023 163 1282 195 CUROPALATrE
1838 162 1874 199 5'2

245 218 438 252 imperatorem
447 215 570 251 equitare
583 221 699 252 Oportet,
709 217 766 244 calc
784 223 815 244 os
825 217 913 245 adfert
924 225 989 252 puer
1001 225 1025 245 er

1086 220 1172 252 ζεται.
1195 221 1329 256 Ὀπηνίκα
1353 220 1417 254 γοῦν
1439 222 1531 257 δεήσει
1545 221 1589 249 τὸν
1607 222 1719 257 βασιλέα
1743 223 1874 250 καϐαλλι-

245 263 386 295 vestiario,
406 264 479 298 quod
500 263 580 298 vulgo
595 267 694 290 vocant
709 263 921 290 allaximarium.
935 263 1033 290 Parato

241 310 298 343 jam
311 314 338 336 et
352 310 494 344 equitante
526 310 690 344 imperatore
715 310 883 345 ryml-alista'.
904 309 1032 344 cymbala

188 376 194 379 .
242 356 363 390 pulsant,
375 356 508 383 tubicines
517 356 636 388 tubis,et
651 356 842 383 buccinatorcs
854 355 979 383 huccinis
990 364 1033 382 ar-

243 402 346 436 genteis
355 408 464 430 canunt.
477 401 524 430 Hae
536 410 600 430 vero
610 403 680 430 tubae
690 402 752 430 huic
759 403 821 430 usui
829 402 970 430 destinata
979 410 1031 430 non

245 448 366 475 referunt
377 448 491 476 aliarum
508 449 633 476 tubarum
652 448 779 481 formam,
791 449 838 476 sed
850 448 901 475 alia
915 449 1032 483 quadam

243 493 330 527 flgura
345 494 464 528 prmdita:
477 498 551 521 sunt.
569 494 673 521 indicat
696 494 747 522 hoc
762 495 820 529 ipse
843 495 924 522 etiam
949 503 1033 522 sonus

244 539 338 566 talium
355 540 621 574 instrumentorum;
638 541 685 575 qui
697 545 750 572 est,
766 546 793 568 ut
807 542 830 569 si
844 541 905 576 quis
921 549 955 568 ex
983 549 1032 576 pu-

243 585 306 619 pulo
326 585 429 620 aliquid
443 586 496 620 32
511 591 583 620 petat.
597 587 638 614 vel
655 587 754 621 injuria
773 586 918 619 ameiatur.
934 588 1030 615 audito

244 633 295 657 hoc
325 638 394 658 sono
429 637 555 659 accurrat
593 636 620 659 et
647 632 681 659 ad
712 633 904 667 imperat-irem
944 633 990 660 lib.
1002 640 1031 660 re

244 675 358 703 referat.

278 764 322 791 Fit
337 770 428 792 autem
445 766 508 798 hoc,
527 765 550 793 si
563 766 712 801 imperator
725 774 804 794 mane
822 767 936 801 equitet.
949 768 982 795 At
1005 768 1028 795 si

242 815 300 845 post
318 810 461 844 prandium
481 810 595 845 equitet,
615 810 642 838 id
663 811 738 838 nullo
752 812 833 838 modo
854 812 1027 839 observatur.

242 857 331 883 Causa
349 857 471 884 neseitur
486 866 492 883 :
509 861 536 885 at
556 857 577 884 si
591 858 755 891 conjectura:
767 857 845 885 locus
855 858 947 890 datur,
960 858 1024 886 dico

1084 267 1189 298 κεῦσαι,
1202 269 1280 304 φέρει
1291 268 1324 294 τὰ
1336 268 1495 303 ὑποδήματα
1510 269 1689 296 παιδόπουλον
1700 269 1747 295 τοῦ
1759 270 1867 305 βεστιαν-

1085 314 1142 348 ρίου
1154 314 1320 347 ὲκτδς,οὖτω
1335 315 1431 346 κοινῶς
1444 316 1646 350 ὀνομαζομένου
1659 316 1867 351 ἀλλαξιμαρίου.

1089 360 1315 396 Ἐτοιμασοᾶντος
1331 361 1377 388 οὖν
1393 363 1441 389 καὶ
1463 362 1730 394 κασαλλικεύσαντος
1745 363 1791 389 τοῦ
1819 363 1868 397 βα-

1084 407 1198 439 σιλέως.
1226 408 1250 435 οι
1282 409 1464 444 ἀνακαρισταὶ
1496 408 1627 444 κρούουσι
1658 409 1693 435 τὰ
1722 409 1867 443 ἀνάκαρα,

1083 453 1247 485 σαλπίζουσι
1273 454 1301 480 δὲ
1325 455 1373 481 καὶ
1397 456 1421 481 οἱ
1447 454 1613 488 σαλπιγκταὶ
1637 454 1739 489 ὁμοίως
1764 454 1812 480 καὶ
1843 455 1868 481 οι

1082 498 1295 535 βουκκινάτορες
1309 500 1342 527 δι’
1357 501 1480 536 ὀργάνων
1493 501 1633 536 ἀργυρῶν.
1645 501 1679 527 Al
1692 501 1782 535 μέντοι
1798 501 1869 527 κατὰ

1081 545 1131 580 τὴν
1150 546 1278 581 τοιαύτην
1291 547 1446 582 ὑπηρεσίαν
1462 546 1645 579 σαλπίζουται
1669 547 1820 579 σάλπιγγες
1837 546 1868 572 οὐ

1081 592 1152 618 κατὰ
1182 592 1231 623 τὰς
1258 592 1341 624 ἄλλας
1364 592 1417 619 sla‘.
1448 592 1613 626 σάλπιγγας,
1639 591 1698 618 ἀλλ’
1725 591 1817 626 ἔτερόν
1841 599 1868 617 τι

1081 637 1185 672 σχῆμα.
1214 638 1295 672 Δηλοϊ
1326 638 1354 664 δὲ
1379 638 1427 664 καὶ
1456 638 1472 672 ἡ
1499 638 1554 664 τῶν
1587 635 1719 664 τοιούτὼν
1743 637 1869 671 ὀργάνων

1080 683 1167 718 φωνὴ,
1183 683 1213 708 τὸ
1230 683 1331 717 ἐάνπερ
1355 692 1381 710 τι
1399 684 1460 718 αίτῇ
1474 692 1517 715 τις
1542 683 1590 710 τοῦ
1607 682 1671 710 λαοῦ
1697 683 1713 718 ἢ
1730 683 1867 718 ἀδικῆται,

1080 729 1202 760 ἀκούσας
1213 729 1316 756 τούτων
1329 729 1442 764 δραμὼν
1461 730 1607 765 ἀνενέγκῃ.

1115 773 1242 808 Γίγνεται
1265 775 1357 809 μέντοι
1372 775 1404 801 τὸ
1420 775 1551 806 τοιοῦτον,
1566 776 1591 801 εί
1609 773 1679 801 κατὰ
1694 773 1744 809 τὴν
1761 774 1869 808 πρωῖαν

1079 820 1156 855 τύχοι
1171 820 1377 847 καῦαλλικεύων
1395 822 1408 847 6
1423 820 1551 855 βασιλεὺς
1563 829 1571 837 ·
1593 821 1662 855 μετὰ
1684 820 1712 846 δὲ
1734 821 1765 846 τὺ
1778 819 1868 854 γεῦμα

1080 867 1306 894 καῦαλλικεύσειν
1323 867 1467 902 μέλλοντος
1482 867 1608 902 οὐδαμῶς
1634 867 1757 901 γίγνεται
1774 866 1866 892 τοῦτο.

242 909 302 928 eum
316 901 412 936 p'ebeii
428 909 507 929 tuane
519 903 628 936 quidem
646 903 731 930 sobrii
759 903 826 935 sint,
853 908 915 938 post
943 911 1025 938 pran-

1083 914 1116 940 'H
1138 914 1211 940 αίτία
1235 901 1384 948 ἀγνοεῖται.
1409 901 1601 949 Στοχαστικῶς
1625 922 1656 947 γε
1674 914 1728 948 μὴν
1744 913 1816 946 λέγω
1830 912 1868 942 ὡς

244 948 318 975 dium
333 949 495 983 plerumque
510 949 577 976 ebrii
591 953 618 976 et
635 949 722 984 magis
754 950 903 982 temerarii,
928 950 1027 976 merito

243 1000 323 1020 mane
339 993 411 1020 tubis
426 999 528 1021 canunt
553 1001 586 1022 eo
616 1002 672 1029 quo
701 995 820 1023 diximus
845 995 937 1028 modo,
964 999 1027 1030 post

240 1040 385 1073 prandium
417 1047 482 1067 vero
511 1048 699 1076 nequaquam,
728 1049 763 1069 ne
791 1042 853 1077 quis
879 1042 972 1070 ebrius
985 1043 1028 1069 in-

239 1086 390 1121 composite
427 1091 454 1114 et
491 1090 593 1115 temere
628 1087 663 1114 ad
707 1087 902 1122 imperatorem
950 1095 1028 1116 accc-

239 1133 294 1160 dat.

273 1224 386 1259 insuper
403 1227 585 1258 protostrator
599 1229 641 1252 est
655 1223 784 1252 defensor
795 1231 889 1251 eorum
905 1224 950 1258 qui
980 1232 1026 1251 ex-

237 1271 377 1298 cursiones
395 1270 497 1298 faciunt
508 1275 535 1299 et
554 1271 658 1306 praedas
676 1277 760 1305 agunt
776 1279 782 1297 :
799 1278 860 1297 cum
874 1271 948 1297 enim
980 1270 1027 1297 isti

238 1324 326 1351 neque
341 1321 447 1344 certum
478 1317 603 1344 ordinem
624 1325 711 1352 neque
731 1317 872 1351 proprium
899 1316 1036 1342 llamrnu-'

237 1361 291 1388 lum
303 1362 432 1394 habeant,
447 1363 494 1390 sed
522 1362 635 1390 confuse
648 1368 674 1390 et
685 1363 744 1390 sine
768 1363 864 1390 ordine
891 1363 1025 1395 ferantur,

236 1412 416 1442 protostrator
430 1415 498 1443 pone
516 1409 670 1436 consistens
686 1408 807 1436 defendit
822 1409 895 1441 illos,
922 1409 945 1436 si
970 1409 1028 1436 hel-

236 1454 292 1480 lum
308 1454 426 1488 ingruat.
443 1453 505 1481 Ideo
516 1454 598 1481 etiam
613 1459 795 1489 protostrator
812 1453 975 1488 appellatur,
987 1455 1029 1480 ni-

236 1501 336 1527 mirum
355 1501 426 1535 quod
442 1501 680 1528 antecedattotum
696 1501 822 1536 στρατόν,
833 1501 885 1527 hoc
894 1506 935 1527 est
950 1508 1028 1528 exer-

237 1547 332 1574 citum.
350 1547 389 1574 Ex
404 1547 568 1575 animalibus
582 1555 646 1574 vero
660 1548 748 1581 praeda
766 1548 880 1579 abactis,
896 1555 1028 1581 qurecun-

1053 990 1056 992 η
1078 959 1195 994 ἐπείπερ
1218 960 1243 986 ot
1268 960 1315 986 τοῦ
1331 960 1450 994 πλήθους
1466 959 1605 994 ἄνθρωποι
1628 958 1736 993 πρωτας
1753 958 1803 992 μὲν
1821 958 1868 992 νή-

1079 1011 1187 1038 φουσιν,
1204 1004 1273 1038 μετὰ
1287 1004 1315 1030 δὲ
1328 1004 1357 1030 τὺ
1375 1003 1465 1039 γεῦμα
1482 1004 1627 1038 μεθύουσιν
1638 1003 1676 1035 ὡς
1691 1003 1737 1030 ἐπὶ
1751 1004 1782 1029 τὸ
1795 1003 1868 1030 πλεῖ-

1080 1058 1142 1078 στον
1164 1052 1211 1077 καὶ
1236 1051 1453 1086 προπετέστεροι
1477 1051 1607 1085 γίνονται,
1621 1049 1736 1081 εἰκότως
1760 1050 1867 1085 πρωῖας

1080 1096 1129 1131 μὲν
1148 1096 1310 1128 σαλπίζουσι
1335 1096 1371 1123 δι’
1394 1096 1424 1122 ὃν
1448 1097 1562 1130 εἴπομεν
1578 1097 1689 1131 τρόπον,
1708 1096 1779 1130 μετὰ
1796 1095 1867 1121 δὲτὸ

1079 1143 1170 1177 γεῦμα
1185 1143 1320 1177 οὐδαμῶς,
1337 1142 1382 1169 ἴνα
1409 1143 1445 1177 μή
1475 1151 1517 1173 τις
1545 1141 1653 1177 μεθύων
1669 1141 1795 1173 ἀτάκτως
1819 1141 1869 1168 καὶ

1078 1188 1222 1223 προπετῶς
1239 1189 1376 1225 προσέλθῃ
1396 1189 1435 1224 τῷ
1451 1189 1566 1223 βασιλεῐ,

1116 1233 1176 1260 Ἔτι
1193 1235 1207 1260 ὁ
1225 1235 1449 1270 πρωτοστρὰτωρ
1461 1235 1500 1262 ἔνι
1513 1235 1559 1261 καὶ
1570 1235 1709 1270 δεφένσωρ
1721 1233 1776 1260 τῶν
1788 1241 1868 1268 κουρ-

1080 1281 1223 1308 σευόντων.
1240 1281 1350 1308 Τούτων
1373 1282 1428 1316 γὰρ
1459 1283 1527 1317 μήτε
1557 1282 1634 1312 τάξιν
1656 1282 1773 1316 ἐχόντων
1799 1281 1868 1316 μήτε

1079 1327 1237 1361 φλάμουλον
1255 1327 1330 1361 ἴδιον,
1345 1327 1403 1354 ἀλλ’
1419 1328 1543 1359 ἀτάκτως
1556 1327 1644 1358 οὕτως
1660 1326 1865 1361 ἀπολυομένων,

1078 1373 1092 1399 6
1106 1364 1428 1408 πρωτοστρᾰτωρὸπίσω
1445 1373 1548 1400 τούτων
1561 1374 1756 1408 εὑρισκόμενος
1770 1373 1866 1406 δεφεν-
1897 1393 1899 1396 .

1077 1419 1150 1445 δεύει
1169 1420 1293 1453 τούτους,
1308 1421 1355 1447 ἐὰν
1370 1421 1422 1456 ἄρα
1440 1421 1559 1454 πόλεμον
1575 1420 1693 1454 εὖρωτιν
1704 1428 1712 1436 ·
1725 1420 1770 1446 διὰ
1787 1420 1867 1446 τοῦτο

1078 1467 1125 1493 καὶ
1147 1468 1202 1500 γὰρ
1219 1467 1441 1502 πρωτοπτρὰτωρ
1466 1467 1601 1498 καλεῖται,
1619 1467 1663 1493 διὰ
1678 1466 1708 1492 τὸ
1734 1467 1867 1500 προηγεῖ-

1079 1512 1140 1539 σθαι
1153 1512 1253 1544 παντὸς
1268 1513 1351 1539 αὑτοῦ
1367 1513 1414 1540 τοῦ
1439 1513 1564 1548 στρατοῦ.
1586 1513 1653 1539 Ἀπὸ
1670 1512 1698 1539 δὲ
1712 1512 1770 1538 τῶν
1784 1520 1868 1546 κουρ-

1079 1558 1233 1592 σευομένων
1248 1559 1337 1585 πάντα
1349 1560 1382 1585 τὰ
1395 1559 1540 1592 ποικίλα,ἂ
1550 1558 1729 1593 ὀνομάζονται
1743 1557 1865 1592 φυτίλια,

235 1601 289 1628 que
298 1594 390 1621 colore
399 1598 464 1621 sunt
479 1595 564 1626 varia,
574 1602 634 1628 quae
644 1594 822 1622 nominantur
832 1594 955 1630 phytilia,
969 1603 1025 1623 mos

1079 1603 1138 1636 εοος
1155 1605 1212 1631 ἐστὶ
1227 1605 1376 1639 λαμὸάνειν
1393 1612 1438 1631 τον
1454 1604 1697 1640 πρωτοστράτορα.

236 1646 276 1669 est
286 1645 513 1675 protostratorem
529 1641 662 1675 accipere.

271 1688 388 1722 Magnus
403 1687 539 1722 logotheta
557 1692 635 1714 curat
659 1688 741 1715 missa
759 1689 884 1716 mandata
898 1694 925 1717 et
948 1691 1028 1727 chry-

236 1733 356 1761 sohullas
368 1740 414 1760 seu
429 1740 527 1760 aureas
538 1733 642 1760 litteras
651 1733 683 1760 ad
697 1741 785 1768 reges,
794 1735 927 1767 snltnnos,
937 1741 1028 1769 tortar—

235 1779 312 1807 chas.
345 1778 376 1806 Et
391 1779 444 1806 hoc
477 1786 579 1805 munus
598 1779 740 1813 proprium
757 1784 798 1806 est
824 1782 914 1815 magni
948 1781 1026 1818 logo-

235 1825 327 1853 thetin.

269 1883 321 1918 33
333 1883 476 1911 Domestici
496 1882 615 1910 officium
627 1887 669 1911 est
683 1887 712 1911 ut
727 1883 859 1919 quidquid
876 1885 1025 1920 imperator

234 1930 394 1965 praeceperit
419 1935 595 1965 exsequatur.

269 1987 383 2023 Magnus
401 1988 625 2022 stratopodarcha
645 1992 806 2021 procurator
827 1993 869 2014 est
899 1989 1021 2017 omnium

233 2035 329 2070 quibus
339 2036 474 2063 exercitus
486 2036 598 2070 indiget,
611 2040 638 2062 ut
648 2035 869 2066 sunlesculenta,
878 2037 1022 2069 poculenta

231 2087 257 2108 et
267 2082 358 2109 omnia
372 2081 405 2108 ad
413 2082 495 2109 vitam
509 2082 677 2110 necessaria.

267 2138 381 2172 Magnus
398 2138 582 2172 primicerius,
598 2140 707 2173 quando
720 2140 793 2168 intra
824 2141 957 2175 palatium
981 2141 1021 2167 fa-

231 2183 323 2210 mulus
336 2191 370 2210 ex
389 2183 529 2216 vestiario,
548 2184 744 2212 circumstante
767 2186 919 2212 aulicorum
935 2191 1018 2217 C(Blll.

232 2228 403 2262 imperatoris
422 2233 559 2262 sceptrum
574 2228 656 2255 etiam
670 2237 756 2264 usque
771 2230 804 2257 ad
824 2231 934 2265 duplam
969 2231 1017 2258 tri-

232 2274 304 2301 clinii
323 2279 425 2309 partem
446 2274 532 2305 τίσει-ι,
549 2275 583 2302 ab
601 2277 697 2302 eodem
727 2281 869 2310 acceptum
901 2277 1018 2311 impera-

232 2321 284 2346 tori
301 2320 434 2355 porrigit;
451 2325 476 2348 et
495 2321 606 2356 quando
622 2322 688 2349 illud
706 2322 917 2356 abilnperatore
948 2321 1017 2349 reci-

232 2365 282 2399 pit,
302 2373 373 2400 saepe
392 2370 553 2400 potestatem
574 2367 654 2394 habet
667 2368 805 2395 retinendi
819 2368 886 2396 illud
899 2368 1015 2396 honoris

233 2411 330 2446 gratia.
351 2411 491 2447 Proprium
513 2421 578 2440 vero
607 2414 735 2442 baculum
767 2415 852 2442 tradit
886 2415 1018 2450 praedicto

233 2458 356 2486 vestiarii
366 2457 478 2491 famulo,
498 2458 544 2493 qui
554 2459 620 2486 illud
642 2459 720 2487 elicrt
747 2460 842 2488 eadem
864 2460 1018 2488 ceremonia

233 2511 287 2539 qua
299 2503 484 2538 imperatoris.

267 2560 324 2587 Mos
342 2567 454 2595 quoque
472 2559 577 2587 obtinet
596 2566 625 2587 ut
639 2568 738 2596 magno
751 2560 907 2595 primicerio
923 2561 1019 2595 singu-

233 2608 267 2635 lis
279 2607 376 2634 diebus
385 2606 541 2638 dominicis,
553 2611 666 2642 propter
685 2608 825 2640 baculum,
840 2607 919 2635 detur
934 2616 1018 2635 unum

233 2655 415 2689 hypcrpyrunt
434 2661 441 2680 :
460 2657 576 2681 monetae
605 2654 630 2681 id
644 2662 729 2688 genus
758 2659 810 2682 est.
840 2654 868 2681 Si
893 2654 1020 2683 fortassis

233 2698 286 2726 iste
297 2699 378 2730 absit,
395 2703 452 2725 tum
465 2699 621 2733 imperatori
648 2700 775 2726 baculum
805 2700 920 2734 porrigit
941 2700 1019 2735 quis-

235 2745 298 2779 quis
319 2753 350 2772 cx
369 2745 594 2772 honoratioribus
611 2745 771 2780 proceribus
785 2745 872 2772 adest.
883 2746 933 2773 Est
950 2745 1019 2772 idem

235 2791 262 2817 in
277 2793 398 2818 exercitu
418 2799 526 2827 quoque
556 2791 724 2826 imperatorii
753 2796 897 2819 comitatus
925 2797 1016 2826 caput.

235 2836 321 2864 Ilahct
337 2845 401 2864 vero
412 2838 553 2873 proprium
571 2838 652 2866 etiam
665 2836 834 2865 ﬂammulurn
865 2838 891 2865 in
920 2837 1019 2873 hujus-

233 2884 306 2911 tnodl
324 2888 423 2911 turma.

1121 1692 1149 1719 '0
1165 1692 1251 1726 μέγας
1265 1691 1410 1727 λογοθέτης
1421 1692 1559 1719 διατάττει
1575 1691 1610 1718 τὰ
1626 1690 1703 1726 παρὰ
1719 1690 1767 1717 τοῦ
1785 1690 1862 1725 βασι-

1078 1740 1145 1771 λέως
1160 1740 1380 1774 ἀποστελλόμενα
1400 1740 1599 1779 προστάγματα
1614 1739 1660 1766 καὶ
1676 1738 1864 1774 χρυσόϐουλλα

1078 1787 1146 1822 πρός
1158 1795 1186 1813 τε
1199 1787 1296 1822 ῥῆγας,
1309 1787 1471 1818 σουλτάνους
1487 1787 1536 1813 καὶ
1550 1786 1704 1821 τοπάρχας.
1718 1786 1772 1812 Καὶ
1784 1784 1864 1811 τοῦτο

1078 1832 1129 1867 μὲν
1146 1832 1211 1858 [διον
1226 1831 1273 1858 τοῦ
1290 1833 1409 1868 μεγάλου
1425 1833 1569 1867 λογοθέτου
1588 1832 1767 1866 ὑπηρέτημα.

1112 1888 1148 1915 To
1160 1888 1188 1914 δὲ
1206 1889 1252 1915 τοῦ
1277 1889 1450 1924 δομεστικίου
1476 1889 1597 1924 ἐνεργεῖν
1623 1888 1637 1915 ὖ
1660 1888 1693 1915 ἂν
1711 1887 1834 1920 ἒπιτάξοι
1850 1887 1864 1912 ό

1076 1934 1215 1968 βασιλεύς.

1114 1989 1143 2016 Ὀ
1163 1989 1250 2024 μέγας
1269 1990 1510 2025 στρατοπεδάρχης
1525 1990 1598 2017 ἐστὶν
1617 1990 1788 2025 ἐπιμελητὴς
1807 1991 1862 2017 τῶν

1073 2028 1124 2070 τῆς
1136 2037 1267 2071 στρατιᾶς
1282 2037 1453 2071 ἐπιτηδείων,
1468 2037 1528 2071 ἦτοι
1540 2037 1695 2074 τροφίμων,
1713 2037 1804 2064 ποτῶν
1816 2037 1862 2063 καὶ

1075 2084 1184 2110 πάντων
1200 2083 1254 2109 τῶν
1269 2083 1419 2118 χρειωόὦν.

1112 2141 1142 2168 '0
1161 2141 1247 2176 μέγας
1273 2142 1476 2176 πριμμικήριος
1489 2141 1566 2171 ἐντὸς
1591 2140 1638 2167 τοῦ
1666 2140 1799 2167 παλατίου
1821 2141 1862 2171 εἰς

1072 2186 1121 2221 τὴν
1135 2187 1311 2221 παράστασιν
1327 2186 1510 2212 παιδοπούλου
1535 2185 1582 2212 τοῦ
1599 2185 1755 2221 βεστιαρίου
1781 2185 1862 2219 κομί-

1072 2231 1164 2264 ζοντος
1179 2232 1209 2258 τὺ
1223 2231 1361 2267 βασιλικδν
1382 2231 1545 2263 δικανίκιον,
1564 2232 1646 2266 μέχρι
1669 2231 1716 2257 καὶ
1738 2230 1787 2256 τοῦ
1804 2239 1862 2264 τρι-

1070 2277 1162 2304 κλίνου
1177 2277 1313 2312 διμοίρου,
1330 2273 1408 2307 οὗτος
1423 2275 1506 2302 τοῦτο
1522 2275 1671 2309 λαμϐάνων
1697 2274 1736 2309 τῷ
1754 2274 1862 2310 βασιλεῖ

1072 2323 1163 2358 φέρων
1186 2322 1304 2349 δίδωσιν.
1323 2322 1411 2349 Ὅταν
1429 2322 1451 2347 δ’
1467 2321 1502 2348 αὖ
1521 2321 1601 2347 τοῦτο
1617 2319 1693 2355 παρὰ
1717 2320 1765 2346 τοῦ
1781 2320 1862 2354 βασι-

1071 2369 1142 2401 λέως
1156 2369 1236 2405 λάϐῃ,
1254 2369 1299 2396 ἐπ’
1317 2369 1410 2400 ἀδείας
1423 2369 1482 2403 ἔχει
1499 2367 1632 2399 πολλάκις
1646 2368 1775 2402 κατέχειν
1794 2367 1862 2394 αὐτὸ

1070 2417 1154 2451 τιμῆς
1177 2416 1269 2443 ἕνεκα.
1284 2416 1321 2442 Τὸ
1346 2416 1374 2442 δὲ
1399 2416 1500 2442 οἰκεῖον
1519 2414 1614 2441 δίδωσι
1633 2414 1702 2449 πρὸς
1727 2414 1757 2440 τὸ
1777 2413 1860 2449 ῥηθὲν

1071 2461 1119 2488 τοῦ
1134 2462 1291 2497 βεστιαρίου
1307 2461 1501 2492 παιδόπουλον,
1517 2460 1546 2490 ὃς
1561 2460 1610 2486 καὶ
1624 2458 1717 2493 ἐξάγει
1731 2458 1811 2486 τοῦτο
1831 2460 1860 2486 ὲν

1071 2508 1110 2544 τῷ
1127 2509 1256 2544 σχήματι,
1275 2508 1344 2535 κατὰ
1358 2508 1406 2534 καὶ
1424 2507 1454 2534 τὺ
1471 2506 1622 2549 βασιλικόν.

1109 2566 1168 2593 "Evr
1181 2566 1210 2592 δὲ
1224 2566 1272 2592 καὶ
1295 2564 1462 2599 τεταγμένον
1475 2563 1595 2591 δίδοσθαι
1613 2564 1683 2599 πρὸς
1699 2564 1746 2591 τὸν
1770 2563 1860 2598 μέγαν

1072 2613 1276 2647 πριμμικήριον
1302 2611 1373 2638 κατὰ
1396 2611 1550 2646 κυριακὴν,
1577 2610 1659 2645 χάριν
1683 2608 1858 2642 δικανικίου,

1073 2659 1232 2694 ὑπέρπυρον
1254 2657 1294 2684 ἔν.
1313 2658 1362 2684 Ἂν
1379 2656 1401 2683 δ’
1419 2657 1485 2687 ἴσως
1507 2653 1584 2688 οὗτος
1606 2656 1755 2690 ἀποδημεῖ,
1769 2655 1860 2682 δίδωσι

1073 2705 1104 2731 τὸ
1118 2704 1268 2731 δικανίκιον
1281 2704 1295 2729 ό
1308 2703 1484 2738 ἐντιμότερος
1498 2701 1552 2729 τῶν
1568 2702 1790 2736 καθευρεθέντων
1807 2703 1860 2736 ἀρ-

1073 2751 1185 2786 χόντων.
1199 2750 1363 2784 Εὐρίηκεται
1376 2751 1422 2775 καὶ
1438 2750 1477 2780 εἰς
1490 2749 1520 2775 τὸ
1532 2749 1676 2782 φωσσάτον
1692 2748 1796 2783 κεφαλὴ
1810 2748 1859 2781 τῆς

1074 2795 1216 2830 βασιλικῆς
1241 2795 1404 2827 συντάξεως.
1431 2795 1507 2829 Ἔχει
1536 2794 1564 2820 δὲ
1590 2794 1637 2820 καὶ
1665 2793 1749 2821 ἰδικὸν
1774 2793 1858 2822 αὑτοῦ

1074 2841 1228 2876 φλάμουλον
1246 2841 1275 2868 ὲν
1292 2842 1325 2876 τῇ
1342 2840 1453 2876 τοιαύτῃ
1474 2839 1611 2873 συντάξει.
