2039 3148
166 197 199 228 57
644 201 693 231 DE
718 202 884 232 OFFIClIS
913 203 1139 236 CPOLITANIS
1171 206 1251 238 CAP.
1273 207 1307 238 V.
1758 207 1793 237 58

169 255 257 288 λεται,
272 255 287 281 ὁ
301 255 351 289 τῆς
365 255 604 291 λειτουργίας,καὶ
623 259 637 284 ὁ
653 259 700 285 τοῦ
717 258 874 295 ἑσπερινοῦ,
885 262 956 288 κατὰ

1021 264 1164 292 wimicerio
1180 266 1248 292 aulae
1265 265 1338 300 ipsos
1368 265 1394 292 in
1418 265 1542 293 ordinem
1574 265 1716 292 decentem
1745 273 1794 292 co-

168 302 246 334 τάξιν
268 302 403 335 ἵστανται,
422 303 616 334 εὐτακτοῦντος
640 305 740 338 αὐτοὺς
763 306 811 333 τοῦ
838 315 957 343 πριμμι-

1021 314 1098 344 ;ente,
1116 316 1145 338 ut
1157 311 1260 339 dictum
1282 317 1338 339 est.

169 348 268 383 κηρίου
281 349 330 383 τῆς
347 349 444 384 αὐλῆς,
461 350 533 376 καθὰ
545 350 666 385 εἴρηται.

211 395 395 429 Ύπηρετοῦσι
413 395 439 422 δὲ
455 396 479 422 οἱ
496 397 671 435 Κορτινάριοι
687 391 727 429 et;
744 397 794 434 τὴν
809 399 857 426 τοῦ
879 399 957 434 βασι-

170 441 238 472 λέως
263 441 378 477 σκηνὴν,
393 442 453 477 ἥτις
479 442 563 477 κόρτη
601 443 777 479 ὀνομάζεται.
801 445 831 472 '0
863 446 957 480 μέντοι

173 488 263 521 κόμης
283 487 374 513 αὐτῶν
387 488 433 513 καὶ
447 487 525 514 αὐτοὶ
541 488 564 514 δ’
579 484 652 516 οὗτοι
670 490 754 516 πανία
767 490 881 525 φοροῦσι
895 491 960 517 κόι-

173 541 236 559 κινα
256 533 287 559 ἐκ
310 533 365 559 τῶν
385 533 436 567 τῆς
461 533 564 569 κὸρτης
589 535 716 562 παλαιῶν
739 536 850 568 πανίων,
871 538 900 570 ἐξ
923 536 961 566 ὧν

173 579 222 605 καὶ
237 579 284 605 ἐπὶ
297 579 421 614 κεφαλῆς
436 581 569 614 σκουφίας
586 582 667 616 μόνον
683 582 802 617 ὲρυθρὰς
818 584 892 615 ἐντὸς
910 585 960 619 μὲν

173 625 224 658 τῆς
243 625 337 659 αὐλῆς,
365 625 394 652 οὐ
416 626 470 661 μὴν
498 626 526 652 δὲ
553 627 600 653 καὶ
625 627 769 654 καπάσιαο
792 628 831 655 ἐτι
856 637 886 655 τε
914 631 962 657 aut

176 672 294 704 κάλτζας
329 673 467 705 rotati-mg,
499 673 569 708 μετὰ
610 674 788 707 παπουτζιῶν
827 676 960 710 μελάνων.

183 719 276 749 Ἕκτος
302 719 331 746 δὲ
355 720 469 755 φοροῦσι
495 722 544 752 τὰς
572 721 699 753 τοιαύτας
737 724 869 758 σκουςρίας
893 724 963 758 μετὰ

177 764 329 791 καπασίων.

210 809 331 837 Τοιαῦτα
354 811 491 846 ἐνδύματα
514 814 616 850 ἐρυθρὰ
634 815 772 842 ἐνδύονται
799 816 848 850 μὲν
875 816 923 842 καὶ
940 816 964 841 οἱ

177 856 374 891 Βαρδαριῶται,
390 858 434 884 διὰ
457 860 571 891 πανίων,
589 861 638 887 οὐκ
658 863 688 888 ὲκ
702 862 751 896 τῆς
770 862 885 896 χάρτης,
907 861 964 888 ἀλλ’

176 900 207 932 ἐξ
218 901 337 934 οῐκείων,
357 903 403 928 ἐπὶ
418 905 538 937 κεφαλῆς
551 905 579 932 δὲ
590 906 724 940 Περσικὸν
735 908 853 941 φόρεμα,
866 907 965 939 ἁγγου-

180 950 265 982 ρωτὺν
279 948 491 983 ὀνομαζόμενον,
515 950 574 985 ἔχον
600 951 661 977 ἀντὶ
679 951 853 986 μαργε).ὶίων
870 949 966 976 πάνιον

179 995 310 1028 κίτρινον.
329 996 491 1030 Κρέμανται
511 996 537 1022 δὲ
555 997 602 1023 ἐπὶ
624 997 712 1032 ζώνης
734 997 850 1023 ἑκάστου
864 997 966 1022 τούτων

177 1041 268 1075 λῶροι,
297 1040 343 1072 οὒς
366 1041 479 1068 καλοῦσι
515 1042 691 1076 μαγκλάόια,
725 1042 868 1077 μαστίζειν
900 1041 966 1072 τοὺς

178 1087 271 1119 ἀξίους
297 1088 489 1122 μαστίζεσθαι,
508 1088 637 1123 φέροντες
658 1089 701 1115 ἀεὶ
727 1088 875 1115 δικανικια.
901 1088 966 1114 Ὅτε

179 1134 208 1160 δὲ
231 1133 437 1169 καεαλλικεύσῃ
452 1135 466 1160 ὸ
484 1134 623 1168 βασιλεὺς,
644 1133 841 1170 προηγοῦνται,
854 1134 902 1160 καὶ
917 1134 967 1168 φέ-

181 1188 273 1213 ροντες
290 1180 359 1206 αὐτὰ
385 1180 465 1214 ὄρθια
483 1180 646 1206 εὐτακτοῢσι
661 1179 707 1207 τδν
719 1179 794 1207 λαόν.
809 1180 923 1214 Ἔχουσι
938 1179 967 1206 δὲ

180 1221 253 1251 οὗτοι
266 1225 314 1251 καὶ
328 1225 541 1260 πριμμικήριον.
549 1225 667 1257 Τούτους
680 1226 762 1252 πάλαι
773 1225 883 1260 Πέρσας
898 1224 969 1251 κατὰ

181 1271 259 1304 γένος
282 1270 362 1302 ὄντας
387 1272 400 1297 ὁ
418 1271 545 1306 βασιλεὺς
562 1271 720 1306 μετοικίσας
737 1271 842 1298 ἐκεῖθεν
865 1273 906 1303 εις
922 1271 968 1297 τὸν

182 1316 331 1351 Βαρδάριον
342 1316 455 1344 ἐκάθισε
467 1316 600 1352 ποταμὸν,
611 1317 658 1351 ἀφ’
672 1314 702 1344 οὒ
715 1317 763 1344 καὶ
776 1316 968 1352 Βαρδαριῶται

184 1362 342 1390 καλοῦνται.

225 1409 255 1435 ’0
279 1409 527 1444 πρωτοσπαθάριος
549 1409 660 1443 λέγεται
674 1409 715 1436 ὅτι
730 1405 764 1444 ἦν
777 1408 849 1435 κατὰ
876 1408 971 1443 μὲνντὸ

184 1454 299 1482 παλαιὸν
324 1456 434 1491 πρῶτος
456 1456 511 1482 τῶν
535 1455 697 1491 σπαθαρίων
720 1454 896 1490 παραμονῶν.
913 1454 970 1481 Νῦν

184 1501 210 1527 δὲ
224 1501 355 1535 οὐδεμίαν
369 1501 525 1536 ὑπηρεσίαν
541 1501 609 1535 ἔχει.

224 1547 254 1573 '0
274 1547 360 1582 μέγας
381 1547 473 1582 ἄρχων
494 1547 554 1573 οὐδὲ
580 1547 609 1573 ἓν
635 1546 803 1581 ὑπηρέτημα
827 1546 970 1581 κέκτηται,

186 1594 230 1621 καὶ
247 1595 261 1624 ὁ
272 1594 357 1625 uti;
370 1593 420 1628 τῆς
437 1593 520 1627 αὐλῆς
541 1593 682 1625 ὡσαύτως.

219 1639 252 1668 Οἱ
276 1640 390 1675 μεγάλοι
415 1639 553 1671 τζαούσιοι
579 1639 750 1673 εὑρίσκονται
776 1638 971 1670 εὐτακτοῦντες

185 1686 235 1721 τὴν
249 1685 296 1712 τοῦ
311 1685 442 1720 βασιλέως
458 1685 595 1718 σύνταξιν,
611 1685 663 1711 ὑπὸ
677 1685 722 1712 τὸν
748 1684 835 1720 μέγαν
851 1692 972 1719 πριμμι-

187 1732 282 1767 κήριον
297 1732 384 1762 ὄντες.

226 1777 257 1805 '0
273 1778 398 1813 πραὶτωρ
419 1776 467 1803 τοῦ
482 1777 569 1812 δήμου
583 1776 638 1803 οὐδ’
651 1772 729 1808 οὗτος
746 1776 802 1811 ἔχει
819 1774 974 1811 ὑπηρεσίαν

187 1823 258 1849 τινὰ.

231 1868 259 1895 '0
272 1867 326 1894 τῶν
341 1867 487 1894 οἰκειακῶν
501 1867 648 1902 λογοθέτης
663 1867 807 1897 ὡσαύτως.

226 1915 280 1941 Καὶ
300 1916 315 1940 ὸ
337 1913 522 1949 λογαριαστὴς
543 1913 592 1948 τῆς
609 1913 694 1947 αὐλῆς
717 1912 771 1939 οὐδ’
784 1909 860 1943 οὗτος
877 1911 931 1946 ἔχει
948 1920 976 1938 τι

189 1961 355 1996 ὑπηρέτημα
372 1959 431 1987 νῦν.

228 2020 257 2046 '0
274 2017 488 2054 πρωτοκυνηγὺς
505 2016 560 2051 ἔχει
574 2016 624 2050 μὲν
640 2017 689 2051 τὴν
704 2017 858 2051 ὑπηρεσίαν
872 2014 977 2050 ταύτην

189 2065 229 2091 δτι
254 2064 301 2091 τοῦ
328 2062 459 2098 βασιλέως
486 2062 531 2088 τὸν
558 2062 641 2088 ἵππον
670 2061 860 2091 ἀναϐαίνοντος
886 2061 976 2092 οὐδεὶς

190 2111 279 2146 ἔτερος
307 2110 358 2145 τὴν
386 2109 488 2136 σκάλαν
511 2108 622 2142 κατέχει
643 2108 667 2134 εἰ
689 2108 727 2142 μὴ
749 2107 827 2138 μόνος
849 2103 936 2139 οὗτος,
952 2106 977 2132 ει

191 2157 284 2191 παρὼν
302 2156 470 2191 εὑρίσκεται,
488 2154 565 2189 ἄρχει
587 2154 614 2180 δὲ
632 2153 679 2179 καὶ
697 2153 750 2180 τῶν
771 2153 898 2187 κυνηγῶν
922 2152 977 2178 τῶν

191 2202 345 2236 λεγομένων
369 2201 595 2235 σκυλλομάγγων.
611 2199 642 2225 Ei
665 2199 693 2225 δέ
709 2207 774 2225 ποτε
797 2198 979 2234 κυνηγετοῦν-

1043 401 1099 436 38
1111 401 1259 428 Cortinarii
1273 402 1430 429 ministrant
1457 401 1490 429 ad
1515 401 1688 436 imperatoris
1706 401 1795 427 taber-

1010 448 1150 480 naculum,
1170 449 1242 482 quod
1275 449 1360 475 cortis
1380 447 1557 480 nominatur;
1575 455 1689 482 quorum
1704 455 1795 474 comes

1010 498 1039 521 et
1055 494 1106 527 ipsi
1121 493 1213 521 ferunt
1232 501 1337 528 pannos
1348 494 1493 521 eoceineos
1510 501 1542 520 ex
1557 493 1641 519 cortis
1657 493 1796 520 veteribus

1012 540 1120 574 pannis,
1137 544 1163 566 et
1184 547 1216 566 ex
1237 540 1333 566 iisdem
1359 539 1386 566 in
1408 540 1498 574 capite
1513 538 1677 573 galericulos
1695 537 1797 564 rubros

1013 586 1084 613 intra
1098 587 1188 613 aulam
1208 586 1328 620 quidem,
1347 589 1374 612 at
1390 592 1448 612 non
1459 589 1581 619 petasos.
1595 584 1730 611 Praeterea
1750 590 1797 610 ca-

1013 632 1082 666 ligas
1108 632 1229 666 ejusdcm
1259 632 1367 666 generis
1390 639 1451 658 eum
1475 631 1562 665 nigris
1591 629 1795 657 calceamentis.

1015 677 1095 704 Extra
1111 678 1201 704 aulam
1227 685 1292 704 vero
1310 681 1417 712 gestant
1446 676 1605 710 huiusmodi
1632 675 1797 710 galericulos

1015 732 1076 752 cum
1096 724 1196 759 petasis
1209 731 1257 751 seu
1271 723 1474 751 cuculiom’bus.

1051 814 1212 850 Hnjusmodi
1237 814 1329 841 rubris
1354 813 1525 841 indumentis
1541 812 1695 840 vestiuntur
1714 812 1797 840 etiam

1017 861 1193 892 Bardariotaz,
1217 867 1277 895 qure
1297 860 1421 887 conlecta
1442 863 1508 886 sunt
1527 866 1560 886 ex
1577 858 1685 892 pannis,
1710 865 1763 885 non
1784 866 1799 884 a

1017 910 1090 933 corte
1107 906 1233 939 sumptis,
1253 905 1300 933 sed
1318 913 1351 932 ex
1367 904 1498 940 propriis.
1514 904 1541 931 lu
1553 904 1644 938 capite
1657 902 1799 930 Persicum

1017 957 1156 988 gestamen
1168 956 1285 986 gestant.
1297 952 1341 979 cui
1355 959 1454 978 nomen
1467 955 1645 985 angurotum,
1657 950 1728 984 quod
1739 950 1800 977 loco

1018 999 1210 1033 margellarum
1225 1005 1343 1032 pannum
1358 997 1450 1024 citrini
1466 996 1568 1023 coloris
1586 996 1677 1023 habet.
1694 996 1732 1022 Ex
1749 1003 1799 1022 cu-

1016 1044 1129 1079 juslibet
1147 1044 1245 1070 horum
1266 1051 1335 1070 zOna
1354 1043 1472 1077 pendent
1497 1042 1566 1074 lora,
1586 1049 1647 1076 quae
1667 1046 1802 1068 vocantur

1020 1090 1205 1122 manuclavia,
1227 1089 1278 1116 hoc
1295 1093 1338 1116 est
1355 1088 1446 1115 baculi
1467 1095 1517 1115 seu
1533 1087 1626 1122 virgae,
1645 1091 1676 1113 ut
1689 1086 1803 1120 ﬂagellis

1019 1137 1116 1172 dignos
1137 1135 1285 1170 ﬂagellent.
1308 1135 1423 1169 Semper
1443 1133 1534 1160 ferunt
1555 1132 1676 1160 baculos.
1695 1132 1803 1159 Praece-

1019 1185 1097 1216 dunt,
1115 1184 1224 1218 quando
1239 1183 1388 1216 imperator
1401 1181 1515 1216 equitat,
1528 1184 1556 1206 et
1571 1179 1685 1206 baculos
1697 1183 1804 1205 erectos

1020 1231 1121 1263 terunt,
1146 1235 1175 1256 ut
1192 1228 1361 1256 constituant
1375 1227 1500 1254 ordinem
1517 1226 1543 1252 in
1567 1225 1679 1260 populo.
1698 1223 1805 1251 Habent

1020 1283 1047 1305 et
1062 1277 1107 1304 isti
1123 1275 1310 1311 primicerium
1325 1281 1414 1309 ;quos
1427 1273 1532 1307 origine
1545 1273 1642 1300 Persas
1655 1271 1806 1305 imperator

1021 1323 1084 1351 inde
1104 1322 1244 1350 transtulit
1261 1322 1294 1348 ad
1314 1320 1474 1348 Bardarium
1493 1316 1607 1350 ﬂumen,
1623 1326 1638 1345 a
1651 1325 1707 1352 quo
1722 1317 1804 1344 etiam

1021 1368 1243 1396 Bardariotarum
1264 1374 1366 1394 nomen
1385 1365 1501 1393 inditum
1516 1367 1570 1391 est.

1057 1412 1298 1448 Protospatharius
1323 1412 1375 1439 hoc
1400 1418 1500 1438 nomen
1529 1408 1645 1443 adeptus
1670 1411 1722 1440 est,
1739 1407 1806 1442 quia

1022 1460 1087 1487 olim
1106 1460 1157 1486 fuit
1173 1459 1279 1494 primus
1301 1458 1372 1485 inter
1387 1457 1543 1492 spatbarios
1564 1454 1753 1482 stationarios.
1777 1453 1807 1480 lu

1023 1506 1153 1541 praesenti
1168 1506 1272 1533 nullum
1289 1505 1407 1532 cilicium
1427 1504 1505 1539 gerit.

1058 1551 1113 1587 39
1124 1551 1216 1586 Neque
1230 1559 1344 1586 magnus
1360 1551 1487 1585 princeps
1501 1549 1617 1576 oiIicium
1632 1546 1741 1583 aliquod
1760 1546 1809 1574 ha-

985 1596 1006 1625 C
1023 1598 1078 1631 bet,
1100 1602 1129 1625 ut
1143 1605 1192 1624 nec
1206 1601 1275 1624 tatas
1290 1598 1370 1624 aulae.

1060 1647 1149 1682 Magni
1175 1646 1271 1673 tlausii
1288 1646 1451 1673 comitatum
1470 1643 1646 1680 imperatoris
1668 1642 1809 1674 ordinant,

1024 1695 1052 1718 et
1064 1691 1180 1718 subsunt
1193 1698 1292 1725 magno
1309 1689 1479 1725 primicerio.

1061 1783 1165 1810 Praetor
1180 1782 1272 1817 populi
1290 1785 1365 1809 caret
1379 1780 1529 1809 iunctione.

1063 1873 1194 1901 Similiter
1206 1872 1343 1908 logotheta
1361 1871 1399 1899 rei
1416 1871 1576 1898 familiaris.

1062 1919 1154 1954 Neque
1171 1918 1334 1952 logariastes
1348 1916 1415 1943 aulae
1429 1916 1524 1950 aliquo
1541 1922 1657 1942 munere
1676 1913 1810 1949 fungitur.

1062 2018 1172 2046 Primus
1188 2021 1348 2044 venatorum
1361 2016 1413 2043 hoc
1430 2014 1552 2042 muneris
1570 2014 1653 2041 habet
1669 2022 1675 2040 :
1692 2013 1812 2047 impera-

1029 2070 1087 2092 tore
1101 2071 1201 2098 eqnum
1217 2062 1379 2090 ascendente
1394 2061 1484 2088 nullus
1495 2060 1576 2092 alius,
1586 2061 1633 2087 sed
1648 2059 1706 2093 ipse
1722 2058 1811 2092 solus,

1029 2110 1053 2138 si
1068 2116 1187 2145 praesens
1199 2109 1244 2140 sit,
1258 2107 1397 2143 stapedem
1410 2111 1493 2134 tenet.
1507 2106 1607 2133 Praeest
1622 2105 1813 2137 venatoribus,

1029 2164 1098 2192 quos
1115 2163 1214 2183 canum
1232 2162 1383 2188 mangones
1398 2154 1532 2181 vocitant.
1560 2153 1590 2180 Si
1604 2153 1743 2188 contingat
1759 2153 1813 2179 ali-

1030 2202 1102 2238 quod
1120 2209 1152 2229 ex
1171 2201 1340 2229 vestimentis
1361 2199 1534 2234 imperatoris
1555 2198 1689 2233 sanguine
1704 2197 1813 2233 aspergi

191 2257 234 2279 τος
246 2247 293 2274 τοῦ
310 2246 443 2282 βασιλέως
457 2246 626 2281 αἱμαχθῆναι
646 2245 737 2280 συμϐῇ
752 2253 779 2271 τι
793 2244 847 2270 τῶν
861 2244 969 2279 ίματίωη

1032 2248 1058 2275 ἱιι
1075 2247 1227 2279 venatione,
1250 2246 1349 2281 accipit
1370 2245 1438 2273 illud
1455 2252 1487 2272 ex
1503 2251 1617 2272 munere
1631 2251 1682 2272 suo
1704 2244 1813 2278 primus

192 2294 285 2328 tsi-:06,
300 2293 436 2328 λαμΰάνει
451 2293 530 2320 τοῦτο
547 2292 610 2320 καθ’
634 2291 788 2326 ὑπηρεσίαν
802 2293 816 2318 ὁ
833 2299 978 2326 πρωτοκυ-

193 2341 282 2374 νητὸς.

231 2398 259 2423 '0
275 2397 433 2431 σκουτέριος
449 2384 578 2431 βαστάζξι
602 2396 634 2423 τὺ
654 2395 789 2423 διϐέλλιον
807 2394 853 2422 καὶ
868 2394 914 2421 τοῦ
931 2394 979 2430 βα-

195 2443 284 2474 σιλέως
314 2443 486 2477 σκουτάριον,
503 2442 532 2468 οὗ
559 2442 640 2477 μόνον
669 2443 709 2474 είς
739 2442 787 2473 τὰς
814 2441 976 2477 προκύψεις,

196 2490 257 2516 ἀλλὰ
275 2488 326 2515 κᾶν
347 2489 415 2515 ὅπου
431 2490 445 2514 ὁ
463 2488 591 2523 βασιλεὺς
614 2488 782 2523 ἀπέρχηται.
795 2486 980 2522 Εὐρίσκονται

195 2536 220 2562 δὲ
245 2536 314 2571 μετὰ
337 2535 384 2562 τοῦ
409 2535 544 2562 δισελλίου
567 2535 616 2562 καὶ
648 2535 749 2566 πάντες
775 2535 798 2561 οι
824 2533 976 2568 Βάραγγοι.

197 2581 253 2608 εἴτε
278 2580 325 2608 οὖν
351 2583 391 2612 είς
413 2583 443 2608 το
459 2582 602 2615 φωσσάτον
624 2582 637 2607 ὁ
653 2581 780 2615 βασιλεὺς
804 2579 977 2614 εὑρίσκεται,

197 2626 248 2653 εἴτε
269 2627 315 2653 καὶ
338 2626 469 2662 ἀλλαχοῦ,
490 2627 521 2653 τὸ
541 2626 680 2661 διδὲλλιον,
693 2626 809 2653 πάντοτε
825 2625 979 2660 ἔμπροσθεν

197 2672 275 2698 αὑτοῦ
288 2673 414 2708 φέρεται.

235 2728 264 2754 '0
276 2729 428 2763 ἀμηράλιος
445 2729 497 2755 ὑπὸ
511 2729 557 2756 τὸν
581 2729 668 2764 μέγαν
690 2727 792 2755 δοῦκαν
809 2727 978 2762 εὑρίσκεται,

200 2774 301 2808 ἡγεῖται
314 2775 342 2801 δὲ
355 2775 402 2801 τοῦ
415 2775 509 2802 στόλου
528 2776 641 2807 παντός.

240 2829 268 2855 Ὀ
282 2830 327 2855 tul
341 2830 395 2856 τῶν
409 2830 527 2865 δεήσεων
547 2830 656 2866 δέχεται
681 2829 732 2862 τὰς
757 2829 811 2856 τῶν
833 2828 982 2856 αἰτούντων

201 2875 247 2901 καὶ
260 2875 315 2902 τῶν
327 2875 511 2912 ἀδικουμένων
536 2877 687 2913 ἀναφορὰς,
703 2876 886 2912 καὸαλλαρίου
909 2876 982 2912 διερ-

202 2921 315 2955 χομένου
327 2922 374 2949 τοῦ
391 2922 534 2957 βασιλέως.

1031 2299 1201 2322 venatorum.

1069 2394 1187 2422 Seutifer
1199 2393 1251 2421 l'ert
1261 2393 1391 2420 vexillum
1407 2395 1434 2419 et
1450 2389 1625 2426 imperatoris
1639 2393 1746 2417 scutum
1760 2396 1814 2416 non

1033 2443 1121 2470 solum
1138 2442 1171 2468 ad
1186 2441 1244 2468 loca
1258 2439 1359 2475 quibus
1374 2440 1400 2465 in
1416 2439 1515 2465 throno
1527 2437 1652 2464 sublimis
1667 2435 1753 2468 sedet,
1768 2435 1816 2462 sed

1033 2493 1197 2524 quocunque
1209 2493 1238 2512 se
1251 2485 1359 2512 confert
1374 2484 1534 2518 imperator.
1550 2482 1652 2523 Omnes
1667 2489 1750 2516 porro
1766 2480 1818 2507 Ba-

1032 2533 1109 2568 rangi
1126 2533 1159 2560 ad
1173 2532 1226 2559 hoc
1238 2531 1366 2558 vexillum
1379 2529 1581 2557 defendendum
1595 2533 1658 2556 sunt
1675 2527 1816 2554 destinati.

1033 2579 1095 2606 Sive
1114 2578 1196 2614 igitur
1211 2578 1360 2612 imperator
1374 2577 1409 2604 sit
1426 2576 1454 2602 in
1466 2575 1599 2607 exercitu,
1612 2575 1668 2601 sive
1684 2572 1759 2605 alibi,
1772 2579 1819 2598 ve-

1032 2626 1127 2654 xillum
1147 2633 1254 2660 semper
1268 2625 1306 2652 illi
1322 2627 1510 2659 praeponatur.

1067 2724 1222 2752 Ameralius
1238 2731 1338 2758 magno
1357 2723 1421 2751 duci
1435 2722 1574 2753 subditur,
1590 2719 1714 2755 regitque
1730 2721 1816 2745 totam

1033 2771 1161 2799 classem.

1069 2828 1197 2864 Magister
1211 2827 1365 2863 supplicum
1381 2826 1547 2858 libellorum,
1562 2822 1673 2858 quando
1696 2821 1818 2856 impera-

1034 2879 1078 2902 tor
1087 2874 1205 2908 equitat,
1218 2872 1431 2907 supplicationes
1441 2877 1535 2899 eorum
1548 2868 1594 2904 qui
1606 2871 1702 2904 petunt
1715 2866 1818 2902 quique

1035 2915 1243 2956 injuria'aﬂ‘ecti
1260 2923 1323 2947 sunt
1339 2918 1444 2952 recipit.
