2039 3148
242 202 276 234 ἓθ

276 260 464 297 ωρυωειοι·
473 259 539 288 olim
551 260 669 288 habebat
681 260 810 294 oﬂicium,
820 268 892 288 nunc
909 257 1026 288 nullum.
1042 258 1065 286 Δ

278 350 394 378 Functio
410 343 693 386 magniadnumiastae
709 351 900 387 explicabitur,
915 351 1025 386 quando

241 401 338 432 agetur
354 397 389 425 de
406 397 496 425 oﬂieio
511 398 657 426 domestici
678 398 705 426 in
727 398 863 426 exercitu.

275 487 426 523 Logotlteta
442 489 592 517 castrensis
606 489 710 517 nullum
727 489 912 517 ministerium
928 490 1023 519 habet.

275 575 385 604 Primus
400 576 591 611 accipitrarius
603 581 703 612 prteest
720 576 774 604 illis
785 577 963 606 venatoribus
975 578 1023 612 qui

241 629 305 650 aves
320 623 419 650 rerum.
436 623 531 651 Gestat
554 631 666 658 quoque
687 623 876 651 chirothecam
899 624 925 651 in
942 632 1023 659 tona,

241 672 271 695 ut
287 673 366 696 antea
378 669 494 697 dictum.

276 714 423 749 Logotheta
439 724 549 751 gregum
568 724 615 744 seu
628 719 764 752 pecuariae
783 718 895 747 functus
911 719 1022 754 quidem

239 760 305 787 olim
318 760 408 788 fuerat
420 761 520 795 omcio,
536 770 610 790 nunc
624 771 690 792 vero
704 764 789 792 nullo.

275 806 389 842 Magnus
403 809 539 843 interpres
553 813 595 838 est
616 810 722 848 primus
737 812 929 847 interpretum,
951 819 1022 847 quos

239 853 322 888 vulgo
337 855 480 882 nominant
493 855 688 890 dragomanos.

275 899 429 927 Acolulhus
451 901 632 935 barangorum
654 902 799 938 praefectus
816 908 869 931 est.
889 903 1021 939 Sequitur

238 943 432 979 imperatorem
449 951 511 974 ante
534 947 606 976 illos.
616 947 660 976 .Ea
677 949 759 976 etiam
775 949 810 977 de
822 957 904 977 causa
927 951 1021 978 aeolu-

238 991 313 1025 thus,
333 992 387 1020 hoc
404 997 447 1020 est
463 999 582 1026 secutor,
601 995 765 1029 appellatur.

271 1037 358 1065 Judex
382 1040 529 1071 exercitus,
550 1040 571 1066 si
597 1040 747 1074 imperator
764 1041 801 1069 sit
827 1041 856 1068 in
882 1042 1018 1074 exercitu,

237 1089 415 1112 occurrentes
435 1087 638 1114 controversias
662 1087 794 1120 militum,
813 1087 871 1116 sive
892 1087 927 1115 de
941 1088 1020 1122 equis

236 1129 294 1158 sive
308 1130 341 1158 de
360 1131 445 1159 armis
456 1132 514 1159 sive
524 1132 557 1159 de
575 1132 664 1162 orazda
675 1133 733 1160 sive
745 1134 778 1161 de
792 1133 845 1162 alia
856 1141 1020 1169 quacunque

235 1177 377 1211 cognoscit
391 1184 423 1205 ac
442 1178 584 1213 componit

270 1265 417 1294 frasl'ectus
433 1267 523 1302 allagii
540 1268 630 1295 locum
644 1268 749 1296 obtinet
760 1268 787 1295 in
808 1268 942 1297 comitatu
963 1268 1016 1296 im-

235 1313 383 1348 peramrio,
400 1319 428 1342 et
441 1315 536 1342 subest
549 1322 647 1350 magno
661 1314 830 1349 primicerio.

271 1404 469 1439 Protallagator
495 1404 623 1432 similiter
639 1405 786 1440 subjicitur
802 1412 900 1439 magno
924 1405 1020 1440 primi-

235 1450 320 1483 cerio,
338 1455 364 1478 et
373 1450 532 1478 comitatum
547 1451 681 1485 sequitur,
696 1455 727 1478 ut
742 1451 765 1478 si
781 1451 846 1486 quis
861 1459 922 1479 eum
940 1451 1018 1479 dese-

235 1500 288 1529 rat,
305 1500 413 1524 revocet
429 1500 456 1524 et
471 1496 497 1523 in
510 1497 673 1524 comitatum
689 1497 801 1524 reducat
816 1496 867 1532 ἀι
881 1497 1020 1524 debitum-

235 1549 288 1575 que
296 1542 418 1569 ordinem
432 1547 588 1570 conservet.
600 1542 628 1570 Si
640 1550 705 1570 vero
718 1550 834 1577 magnus
846 1542 1018 1577 primicerius

235 1588 326 1622 aliquo
344 1596 377 1615 ex
395 1588 529 1615 militibus
549 1588 697 1616 comitatus
715 1595 784 1623 opus
807 1588 918 1621 habeat,
935 1588 1020 1623 signi—
1034 1607 1055 1636 ο

234 1633 297 1661 licat
318 1633 343 1661 id
367 1634 586 1668 protallagatori,
602 1634 649 1669 qui
664 1641 727 1661 eum
744 1634 871 1661 accersit.

269 1724 384 1758 Magnus
399 1725 605 1753 administrator
621 1726 721 1752 nullum
739 1725 906 1754 [unctionem
925 1727 1017 1755 habet.

269 1772 513 1807 Orphauotrophus
528 1773 592 1799 olim
607 1773 724 1800 habebat
735 1781 828 1801 curam
841 1774 1017 1809 pupillorum,

234 1826 307 1845 nunc
323 1819 398 1846 omni
413 1819 502 1846 ollieio
519 1825 607 1846 caret.

267 1909 476 1937 Protouotarius
502 1911 561 1945 ipso
576 1918 626 1938 suo
652 1911 763 1938 nomine
781 1910 951 1938 innoteseit:
971 1913 1013 1938 est

230 1956 304 1983 cnim
323 1957 429 1990 primus
445 1958 616 1984 notariorum
632 1958 689 1985 sive
709 1958 873 1985 scribarum.

266 2003 333 2036 Ejus
345 2003 390 2038 qui
407 2011 422 2030 a
436 2003 567 2031 memoria
583 2003 689 2031 functio
703 2004 768 2031 olim
784 2009 854 2036 erat,
870 2010 900 2032 ut
920 2012 1016 2033 eorum

230 2049 276 2084 qui
294 2051 320 2076 in
337 2050 556 2084 expeditionibus
579 2056 605 2078 et
619 2051 685 2078 alibi
711 2052 842 2087 praeclare
864 2059 894 2080 se
913 2053 1016 2086 gessis-

231 2100 302 2128 sent,
317 2097 424 2124 nomina
436 2097 615 2129 describeret,
629 2105 730 2133 eosque
744 2098 903 2132 imperatori
918 2099 944 2126 in
960 2106 1016 2126 tue-

230 2142 346 2169 moriam
361 2147 510 2173 revocaret.
525 2151 580 2178 quo
591 2143 674 2178 juslis
686 2145 837 2172 honoribus
855 2149 883 2172 et
895 2145 1016 2179 praemiis

230 2187 414 2215 adicerentur.
441 2189 471 2216 ln
498 2190 626 2224 praesenti
644 2190 747 2218 nullam
769 2190 940 2219 iunctionem
965 2191 1015 2219 lia-

230 2233 287 2260 bet.

267 2279 438 2307 Domesticos
452 2287 593 2308 murorum
611 2281 682 2308 hanc
697 2279 864 2308 iunctionem
881 2281 972 2313 habet,
986 2286 1016 2309 ut
1029 2285 1056 2316 ι)

832 200 966 232 CODINI
987 198 1245 230 CUROPALATAE

1035 930 1058 960 Β

1116 255 1145 282 '0
1157 255 1305 290 κοιαίστωρ
1316 251 1372 288 εἶχε
1385 253 1434 288 μὲν
1445 251 1532 279 πάλαι
1544 250 1592 278 καὶ
1602 245 1679 282 οὗτος
1694 249 1857 284 ὑπηρεσίαν,

1076 301 1124 328 νῦν
1139 302 1167 328 δὲ
1185 301 1322 336 οὐδαμῶς.

1111 349 1148 375 Τὸ
1160 347 1206 374 τοῦ
1222 346 1340 382 μεγάλου
1358 344 1556 380 ἁδνουμιαστοῦ
1570 343 1737 378 ὑπηρέτημα
1759 341 1858 377 λεχθή-

1077 401 1152 420 σεται
1167 392 1194 418 δὲ
1209 391 1299 422 τοῦτο,
1318 390 1436 426 ὁπηνίκα
1451 389 1497 416 τοῦ
1514 388 1635 424 μεγάλου
1649 387 1811 422 δομεστίκου
1826 386 1858 412 τδ

1075 438 1116 469 εἰς
1130 438 1159 464 τὺ
1176 436 1326 471 φωσσάτον.

1116 483 1146 510 '0
1160 483 1305 518 λογοθέτης
1320 482 1366 509 τοῦ
1391 480 1591 517 στρατιωτικοῦ
1607 479 1737 515 οὐδεμίαν
1752 479 1858 514 ὑπηρε-

1075 530 1136 556 σίαν
1152 529 1218 565 ἔχει.

1115 575 1145 602 '0
1172 574 1425 611 πρωτοῖερακάριος
1447 573 1526 609 ἄρχει
1549 573 1605 600 τῶν
1625 572 1762 606 φερόντων
1775 570 1857 605 ὖρνεα

1074 620 1214 655 κυνηγῶν,
1234 621 1312 657 φέρει
1338 620 1366 647 δὲ
1390 621 1438 647 καὶ
1462 621 1614 656 χειρόρτιον
1640 618 1686 645 ἐπὶ
1704 618 1803 651 ζώνης,
1819 616 1858 648 ὡς

1075 667 1247 702 προείρηται.

1115 713 1144 739 ’0
1159 713 1304 748 λογοθέτης
1327 713 1382 740 τῶν
1407 713 1514 746 ἀτελῶν
1538 711 1594 747 εἶχε
1609 711 1655 738 καὶ
1676 707 1752 743 οὗτος
1773 711 1857 738 παλαι

1074 758 1236 794 ὑπηρεσίαν,
1252 758 1301 785 νῦν
1319 759 1348 785 δὲ
1362 759 1498 793 οὐδαμῶς.

1114 805 1144 832 '0
1161 805 1246 840 μέγας
1263 806 1463 840 διερμηνευτής
1484 806 1542 832 ἐστι
1564 804 1673 839 πρῶτος
1694 804 1749 830 τῶν
1769 804 1857 839 ἑρμη-

1073 852 1152 881 νέων.
1165 851 1211 882 οὒς
1229 852 1326 883 κοινῶς
1343 851 1506 886 ὀνομάζουσι
1525 851 1725 886 δραγομάνους.

1113 898 1143 925 '0
1159 898 1304 929 ἀκόλουθος
1324 898 1483 933 εὑρίσκεται
1505 897 1555 932 μὲν
1569 897 1662 932 ἔνοχος
1675 897 1730 923 τῶν
1745 895 1856 930 Βαράγ-

1074 944 1292 979 γων,ἀκο).ουοετ
1303 943 1331 970 δὲ
1347 943 1385 978 τῷ
1403 944 1507 978 βασιλεί
1521 943 1676 978 ἔμπροσθεν
1692 942 1783 969 αὐτῶν
1793 949 1800 956 ·
1814 942 1858 969 διά

1074 999 1115 1018 τοι
1130 989 1207 1017 τοῦτο
1220 991 1265 1017 καὶ
1279 990 1424 1022 ἀκόλουθος
1439 990 1559 1023 λέγεται.

1115 1038 1145 1064 '0
1169 1037 1264 1072 κριτὴς
1286 1036 1333 1063 τοῦ
1356 1037 1503 1071 φοσσάτου,
1529 1036 1578 1063 τοῦ
1602 1035 1735 1070 βασιλέως
1764 1036 1804 1066 είς
1827 1035 1857 1061 τὸ

1075 1083 1219 1117 φωσσάτον
1233 1082 1441 1118 εὑρισκομένου,
1457 1083 1506 1113 τὰς
1523 1082 1776 1116 παρεμπιπτούσας
1790 1082 1858 1108 ὐπο-

1075 1130 1164 1162 θέσεις
1185 1131 1240 1162 τοῖς
1256 1130 1435 1165 στρατιώταις
1451 1127 1506 1154 εἴτε
1525 1127 1590 1162 περὶ
1605 1127 1711 1160 ἀλόγων
1735 1127 1791 1153 εῐτε
1809 1127 1858 1162 ἀρ-

1075 1177 1170 1211 μάτων
1186 1177 1242 1204 εἴτε
1263 1176 1312 1203 καὶ
1327 1175 1451 1210 κούρσων
1463 1173 1479 1206 ἢ
1498 1174 1562 1209 περὶ
1577 1173 1700 1200 τοιούτου
1724 1173 1796 1206 τινδς
1810 1182 1859 1201 κα-

1074 1224 1153 1258 θιστᾷ
1170 1224 1217 1250 καὶ
1233 1223 1366 1255 ἐξετάζει.

1114 1272 1144 1299 '0
1166 1270 1258 1305 ἄρχων
1279 1269 1325 1296 τοῦ
1351 1269 1480 1303 ἀλλαγίω
1508 1269 1549 1301 είς
1574 1269 1626 1304 τὴν
1651 1267 1700 1294 τοῦ
1726 1266 1858 1302 βασιλέως

1073 1317 1229 1353 εὑρίσκεται
1256 1315 1306 1351 μὲν
1330 1315 1472 1348 σύνταξιν⁸
1497 1316 1545 1343 καὶ
1564 1315 1618 1342 ὑπὸ
1645 1314 1692 1340 τὸν
1714 1313 1804 1347 μέγαν
1830 1311 1859 1338 δὲ

1073 1362 1287 1397 πριμμικήριον.

1109 1406 1355 1442 Πρωταλλαγάτωρ
1379 1406 1511 1438 ὡσαύτως
1534 1405 1588 1433 ὕπδ
1603 1405 1649 1432 τδν
1670 1404 1759 1439 μέγαν
1774 1411 1859 1438 πριμο

1075 1453 1213 1488 μικήριον,
1232 1453 1302 1487 πλὴν
1322 1451 1466 1484 ἀκολουθεῖ
1490 1452 1603 1479 amnem
1622 1451 1671 1486 τῆς
1694 1450 1857 1483 συντάξεως,

1073 1499 1116 1526 ἵνα
1136 1499 1186 1526 κᾶν
1202 1498 1427 1533 ἁπολιμπάνηταί
1442 1507 1485 1528 τις
1507 1498 1603 1532 αὐτῆς,
1622 1497 1694 1532 φέρῃ
1715 1493 1794 1528 οὗτος
1812 1503 1859 1522 και

1073 1545 1245 1580 ἁποκαθιστᾷ
1270 1545 1309 1576 είς
1330 1544 1380 1579 τὴν
1407 1543 1537 1576 σύνταξιν
1559 1543 1608 1570 καὶ
1631 1543 1763 1577 εὐτακτῇ.
1784 1542 1812 1568 El
1829 1541 1858 1568 δὲ

1073 1592 1119 1618 καὶ
1131 1593 1144 1618 ὁ
1156 1591 1241 1626 μέγας
1253 1591 1456 1626 πριμμικήριος
1474 1591 1504 1617 ὲν
1517 1590 1595 1626 χρείᾳ
1608 1590 1679 1621 τινὸς
1689 1589 1792 1621 γένοιτο
1806 1587 1859 1615 τῶν

1073 1637 1128 1664 ἀπὸ
1148 1637 1259 1672 ταύτης,
1282 1636 1350 1670 πρὸς
1371 1635 1416 1663 τὸν
1439 1635 1692 1671 πρωταλλαγάτορα
1715 1635 1790 1669 λέγει
1812 1634 1859 1660 καὶ

1073 1683 1154 1710 καλεῖ
1169 1683 1274 1710 τοῦτον.

1116 1728 1145 1754 Ὀ
1162 1728 1249 1762 μέγας
1266 1727 1405 1764 διοικητὴς
1418 1726 1547 1761 οὐδεμίαν
1565 1724 1715 1760 ὑπηρεσίαν
1727 1724 1793 1759 ἔχει.

1113 1775 1144 1800 '0
1157 1774 1362 1810 ὀρφανοτρὸφος
1374 1771 1408 1808 ἦν
1427 1773 1476 1808 μὲν
1492 1771 1644 1806 φροντίζων
1655 1771 1703 1797 καὶ
1717 1769 1858 1804 ἐπιμελού-

1074 1829 1154 1856 μενος
1170 1821 1252 1848 πάλαι
1269 1820 1322 1847 τῶν
1335 1819 1471 1855 ὀρφανῶν,
1490 1819 1538 1845 νῦν
1560 1818 1588 1844 δὲ
1614 1816 1738 1852 οὐδαμῶς
1757 1816 1857 1850 κέκτη-

1072 1866 1115 1893 ταί
1135 1875 1194 1894 τινα
1220 1867 1385 1901 ὑπηρησίαν.

1112 1912 1142 1939 '0
1162 1913 1377 1948 πρωτονοτάριος
1391 1912 1469 1946 δῆλος
1487 1911 1534 1937 καὶ
1557 1910 1609 1937 ἀπὸ
1636 1909 1682 1936 τοῦ
1708 1909 1857 1944 ὀνόματος·

1072 1958 1182 1994 πρῶτος
1196 1958 1250 1993 γὰρ
1263 1958 1318 1984 τῶν
1338 1958 1471 1992 νοταρίων
1492 1958 1552 1993 ἦτοι
1571 1957 1626 1983 τῶν
1645 1956 1856 1992 γραμματικῶν.

1108 2004 1145 2031 Τδ
1157 2004 1204 2031 τοῦ
1217 2004 1263 2030 ἐπὶ
1274 2003 1327 2030 τῶν
1339 2004 1518 2039 ἀναμνήσεων
1530 2003 1696 2039 ὑπηρέτημα
1708 2002 1792 2030 πάλαι
1809 2002 1858 2037 μὲν

1070 2048 1105 2086 ἧν
1119 2050 1165 2077 τοῦ
1179 2050 1389 2085 ἀπογράφεσθαι
1400 2049 1464 2081 τοὺς
1476 2050 1504 2076 ὲν
1518 2050 1578 2081 ταῖς
1596 2049 1736 2083 στρατιαῖς
1749 2049 1796 2075 καὶ
1812 2048 1859 2075 ἀλ-

1071 2097 1154 2132 λαχοῦ
1181 2096 1385 2130 ἀριστεύοντας,
1410 2096 1701 2130 καὶ-ἀναμιμνήσκειν
1727 2094 1757 2122 τδ
1787 2094 1856 2129 ὑπὲρ

1071 2143 1161 2170 αὐτῶν
1177 2143 1216 2178 τῷ
1231 2143 1347 2178 βασιλεῖ,
1370 2142 1413 2169 ἵνα
1430 2141 1589 2176 λαμϐάνωσι
1603 2141 1652 2172 τὰς
1665 2139 1858 2176 προσηκούσας

1070 2190 1172 2225 τιμάς·
1207 2189 1279 2216 κατὰ
1308 2189 1337 2216 δὲ
1371 2188 1402 2215 τὸ
1433 2188 1519 2222 παρὸν
1551 2187 1680 2222 οὐδεμίαν
1707 2185 1859 2221 ὑπηρεσίαν

1070 2236 1137 2271 ἔχει.

1109 2283 1139 2308 ’0
1153 2282 1312 2316 δομέστικος
1328 2281 1442 2315 τειχέων
1458 2280 1514 2315 ἔχει
1533 2278 1613 2306 τοῦτο
1630 2279 1659 2306 τὸ
1677 2279 1856 2313 ὑπηρέτημα,

230 2324 252 2351 si
271 2332 324 2358 qua
345 2325 428 2354 urbes
448 2327 622 2360 reparatione
646 2330 756 2361 egeant,
777 2326 804 2353 id
830 2329 1015 2362 reparandum

1072 2329 1108 2355 in
1120 2327 1146 2354 εἴ
1159 2336 1230 2359 τινος
1243 2327 1277 2353 τὰ
1293 2327 1398 2362 κάστρα
1413 2327 1617 2361 περιποιήσεως
1629 2325 1743 2358 δέοιντο,
1761 2325 1858 2358 ἐπιμε-

230 2374 319 2396 curet.

266 2411 372 2440 Praeses
385 2412 504 2440 cubiculi
519 2413 688 2449 imperatorii
703 2421 800 2451 praeest
813 2417 924 2452 quidem
938 2417 1017 2446 cubi-

230 2457 355 2492 culariis,
367 2459 414 2486 sed
426 2459 549 2494 subjacet
561 2461 710 2489 accubilori
724 2462 855 2491 cubiculi.

265 2549 370 2578 Praeses
385 2550 505 2578 veSIiarii
523 2552 670 2588 subjicitur
685 2553 923 2587 protovestiaritae.
944 2553 1016 2589 Ope-

231 2606 290 2626 ram
318 2606 396 2626 suam
417 2598 490 2626 locat
518 2600 545 2626 in
572 2606 748 2634 acceptorum
778 2604 1036 2637 expensorumque‘

232 2649 412 2680 proventuum
430 2645 581 2673 rationibus
592 2647 767 2675 annotandis.

267 2736 394 2764 Vestiarii
411 2745 511 2764 munus
525 2741 675 2772 occupatur
689 2738 716 2764 in
729 2737 808 2764 mari.
825 2737 892 2765 Nam
906 2738 1018 2772 quando

231 2783 380 2818 imperator
390 2783 591 2818 expeditionem
604 2783 658 2819 42
675 2784 807 2810 marinam
828 2784 954 2819 suscipit,
965 2784 1016 2812 iste

231 2835 330 2864 praest
348 2830 452 2858 triremi
466 2838 526 2865 quae
542 2832 698 2858 vestiarium
717 2830 919 2865 (imperatoris)
930 2831 1015 2858 vellit.

233 2878 308 2904 l’one
322 2877 447 2911 sequitur
465 2878 603 2905 triremem
622 2877 839 2912 imperatoriam.

269 2923 452 2952 lletaeriarclta
472 2924 594 2960 quidem,
609 2930 636 2952 ut
653 2931 714 2953 ante
729 2925 831 2952 dictum
847 2925 946 2959 est,Iad
963 2925 1016 2953 cir-

1069 2373 1173 2400 λείσθαι
1189 2373 1267 2399 τοῦτο
1280 2373 1320 2404 είς
1339 2373 1369 2398 τὸ
1389 2371 1596 2403 ἁνακτίζεσθαι.

1111 2418 1140 2445 '0
1154 2416 1364 2453 προκαθήμενος
1378 2417 1425 2443 τοῦ
1441 2417 1570 2448 κοιτῶνος
1587 2425 1634 2443 τοι)
1651 2415 1792 2451 βασιλικοῦ
1809 2415 1860 2447 ἄρ-

1070 2472 1112 2499 χει
1129 2464 1178 2499 μὲν
1202 2463 1257 2496 τῶν
1278 2462 1474 2498 κοιτωναριων,
1500 2462 1659 2497 εὑρίσκεται
1685 2462 1714 2488 δὲ
1741 2461 1794 2488 ὑπὸ
1813 2462 1859 2488 τὸν

1068 2509 1115 2537 τοῦ
1131 2510 1257 2541 κοιτῶνος
1273 2508 1535 2544 παρακοιμὼμενον.

1107 2555 1138 2582 '0
1156 2555 1366 2590 προκαθήμενος
1379 2553 1426 2580 τοῦ
1448 2554 1604 2589 βεστιαρίου
1621 2554 1674 2581 ὑπὸ
1690 2553 1736 2580 τὸν
1750 2561 1858 2589 πρωτο-

1070 2601 1245 2636 6εστιαρίτην
1270 2600 1441 2634 εὑρίσκεται,
1473 2600 1606 2635 ὑπηρετεῖ
1629 2599 1657 2626 δὲ
1681 2599 1730 2625 καὶ
1755 2600 1794 2631 είς
1811 2599 1859 2630 τὰς

1069 2647 1278 2683 προφερομένας
1292 2647 1340 2674 καὶ
1356 2645 1540 2681 ὲξερχομένας
1558 2646 1677 2678 εἰσόδους
1694 2654 1724 2672 τε
1738 2646 1785 2672 καὶ
1800 2645 1859 2678 ἑξό-

1069 2694 1141 2724 δους.

1109 2739 1139 2764 ’0
1161 2737 1317 2773 βεστιάριος
1348 2736 1405 2772 ἔχει
1427 2737 1596 2772 ὑπηρέτημα
1623 2736 1779 2764 θαλάσσιον.
1805 2735 1858 2762 Τοῦ

1069 2784 1123 2819 γὰρ
1150 2784 1281 2819 βασιλέως
1301 2783 1372 2810 κατὰ
1396 2782 1534 2809 Θάλασσαν
1559 2782 1756 2817 στρατεύοντος
1780 2781 1858 2816 ἄρχει

1071 2829 1148 2861 οὗτος
1162 2829 1207 2856 τοῦ
1222 2830 1252 2855 τὸ
1268 2828 1420 2863 βεστιὰριον
1438 2828 1568 2862 φέροντος
1581 2828 1729 2863 κατέργου,
1745 2827 1859 2854 ἀκολου-

1072 2877 1114 2903 θεῖ
1131 2885 1162 2902 τε
1179 2877 1293 2902 κατάπιν
1310 2874 1357 2901 τοῦ
1377 2874 1517 2909 βασιλικοῦ
1535 2874 1683 2910 κατέργου.

1114 2922 1142 2948 '0
1163 2921 1343 2956 ὲταιριάρχης
1365 2920 1498 2955 ὑπηρετεῖ
1519 2920 1569 2956 μὲν
1589 2921 1628 2953 εις
1652 2921 1701 2956 τὴν
1717 2922 1857 2956 παράστα-
