2039 3148
237 176 272 205 6¹ι
834 180 964 211 CODINI
983 180 1019 211 CI

1071 179 1244 212 )PALATAE
1827 178 1861 209 64

235 237 367 271 magister
391 242 416 263 et
439 244 535 263 omnes
551 240 679 263 cantores
702 244 859 272 purpurea;
877 239 923 265 sed
939 246 1019 266 cano-

1075 239 1184 270 πουλον,
1201 239 1214 264 6
1239 239 1362 274 μαῖστωρ
1387 238 1433 265 καὶ
1448 238 1548 270 πάντες
1560 237 1584 264 οῑ
1599 237 1700 273 ψάλται
1719 240 1858 274 πορφυρᾶ.

235 284 346 318 narchte
364 291 426 311 cutn
445 284 513 310 solis
526 283 626 310 tunicis
641 284 759 315 adstant,
773 289 799 310 et
813 284 900 318 capite
913 290 1020 319 aperto.

235 331 300 358 Post
327 319 385 357 haec
402 329 648 364 protovestiaritcs,
675 338 790 364 magnus
819 330 1020 363 hetzeriarcha,

235 377 411 410 primicerius
431 377 510 407 ante,
527 376 711 403 hetrcriarchae
723 381 747 402 et
760 381 895 409 quotquot
909 376 1023 404 baculos

235 423 328 450 ferunt
346 427 371 449 et
395 421 578 449 ministerium
599 421 713 453 obeunt,
733 422 910 449 introducunt
926 430 1022 456 proce-

235 477 279 496 res
291 470 324 496 ad
340 468 514 504 imperatoris
531 469 794 500 rircumstationem,
807 469 895 496 donec
909 469 1021 503 implea-

235 520 279 542 tur
295 515 405 542 domus.
421 514 518 541 Postea
536 513 676 548 egreditur
688 513 837 548 imperator
847 521 879 540 ex
893 521 941 541 suo
952 521 1021 541 con-

206 553 208 555 ’
235 560 316 593 clari,
344 568 444 594 magno
462 560 615 586 domestico
633 559 665 586 ad
683 560 792 594 januam
807 564 897 587 stante
918 563 944 586 cl
967 559 1020 586 im-

235 606 373 641 peratoris
388 614 480 633 ensem
496 606 611 632 ferente.
628 605 714 636 Igitur
728 606 810 632 simul
828 613 859 633 ac
871 605 1021 640 imperator

235 658 359 686 apparet,
381 655 508 678 cantores
531 652 622 678 statim
650 655 753 678 cattunt
773 651 863 678 illud:
882 661 891 677 ί
909 651 1021 678 Diutur-

235 705 300 724 num
318 696 402 724 faciat
417 697 488 724 Deus
505 697 650 730 imperium
667 701 754 723 tuum.
773 706 781 722 ι
797 697 904 729 Quibus
921 705 1021 724 canen-

234 742 309 770 tibus
323 742 471 774 imperator
488 743 572 774 vadit,
589 748 754 777 sanctasque
769 743 903 778 inmgines
916 743 1022 771 oscula-

235 792 289 815 tur.
304 787 407 815 Deinde
423 795 568 822 regressus
594 792 649 815 stat
673 796 759 823 prope
777 789 904 816 thronum
928 798 1019 822 suum,

234 843 336 869 magno
351 835 502 862 domestico
525 835 559 861 ad
580 835 724 862 sinistrum
752 836 928 870 imperatoris
949 836 1021 863 latus

233 886 324 908 stante
339 888 401 908 cum
418 882 513 915 spatha
527 888 574 908 seu
591 888 657 908 ense
668 881 855 915 imperatorio,
873 886 901 907 ut
917 882 1020 909 dictum

233 931 284 953 est.
295 926 349 962 45
364 927 559 961 Lampadarius
572 932 662 954 autern
675 926 743 953 infra
755 934 881 962 magnum
895 927 1023 954 domesti-

233 980 294 999 cum
305 972 357 1000 fert
366 980 476 999 aureum
487 978 598 1000 contum
608 980 670 1000 cum
679 972 789 1000 ardente
798 973 932 1008 lampade;
943 973 1021 1008 cujus

233 1018 370 1052 lampadis
386 1026 521 1052 suprema:
546 1024 639 1053 partes
659 1019 752 1046 tinctae
773 1024 836 1046 sunt
857 1020 1018 1052 cinnabari;

232 1065 352 1092 medium
367 1074 432 1093 vero
449 1073 496 1100 per
508 1066 644 1093 bracteam
663 1065 818 1092 inauratum
837 1070 887 1096 est,
903 1073 963 1099 qua:
978 1066 1020 1092 in-

232 1118 277 1139 tus
294 1118 390 1139 cruces
406 1113 552 1139 coccincas
570 1112 596 1139 iu
611 1112 706 1139 orbem
723 1116 911 1146 repra-sentat.
933 1113 1018 1139 Facto

232 1157 316 1191 igitur
334 1157 462 1185 horarum
477 1158 566 1189 initio.
586 1157 706 1185 lautulus
722 1157 842 1185 vestiarii
858 1158 949 1184 statim
966 1157 1017 1184 im-

230 1203 365 1236 peratoris
384 1208 522 1238 sceptrum
544 1202 644 1237 aﬂert;
666 1203 738 1238 quod
758 1210 874 1237 magnus
890 1203 1018 1238 primice—

232 1248 289 1275 rius
307 1248 465 1282 imperatori
481 1249 608 1284 porrigit.

268 1383 417 1410 Sciendum
435 1388 478 1411 est
508 1383 699 1418 imperatorem
726 1384 752 1410 in
772 1384 939 1418 quotidianis
967 1384 1021 1411 cir-

231 1427 462 1454 cumstationibus
471 1427 578 1454 dicere:
593 1428 749 1456 Proferatur
759 1433 898 1463 sceptrum
913 1437 1014 1456 meum.

231 1472 264 1500 Et
280 1480 342 1499 mox
369 1473 499 1500 famulum
525 1474 647 1501 vestiarii
663 1475 727 1501 illud
762 1474 870 1507 allerre,
887 1479 916 1501 ut
937 1479 1016 1502 antea

231 1519 361 1546 diximus.
374 1518 511 1546 Caeterum
540 1520 567 1547 in
585 1520 673 1554 festis,
688 1521 798 1555 quando
827 1521 1018 1548 circumstatio

231 1565 397 1598 instituitur,
416 1569 563 1600 postquam
580 1567 733 1601 imperator
747 1571 800 1594 stat
814 1574 865 1594 suo
878 1567 905 1594 in
919 1567 989 1594 solio
1006 1575 1014 1600 ;

232 1611 334 1638 omisso
350 1612 408 1644 illo,
431 1612 589 1640 Proferatur
614 1619 753 1648 sceptrum
778 1621 882 1646 meum,
901 1621 1018 1649 magnus
1033 1625 1055 1654 ε

231 1657 406 1691 primicerius
420 1659 588 1693 compellans
606 1659 754 1690 famulum,
767 1658 890 1691 Famule.
906 1660 1015 1694 inquit:

233 1709 259 1731 et
272 1705 417 1732 confestim
444 1710 580 1739 sceptrum
610 1709 744 1740 apporta‘t.
762 1706 842 1733 Ratio
866 1706 947 1741 hujus
964 1711 1016 1738 est,

233 1751 297 1785 quia
313 1751 339 1777 in
365 1751 536 1785 quotidiauis
560 1753 690 1778 matutini
708 1757 735 1780 et
762 1760 935 1786 Vesperarnm
962 1753 1017 1780 cir-

233 1797 472 1830 cumstationibus,
486 1803 629 1832 postquam
644 1799 836 1826 honoratiores
847 1807 880 1826 ex
902 1799 1020 1833 proceri-

234 1843 284 1870 bus
298 1844 324 1870 in
339 1844 564 1871 circumstatione
579 1845 635 1878 jam
653 1846 802 1880 praesentes
815 1850 891 1878 sunt,
918 1846 955 1873 ait
968 1846 1019 1872 im-

234 1894 368 1922 perator:
390 1898 400 1915 ‹
429 1889 586 1917 Proferatur
617 1896 755 1923 sceptrum
778 1899 868 1918 meum
887 1900 894 1924 ;
914 1900 922 1916 ι
947 1891 1018 1926 quod

233 1937 394 1966 argumento
403 1937 443 1960 est
455 1934 593 1968 populum,
605 1934 651 1968 qui
663 1934 777 1962 inferius
787 1935 924 1967 consistit,
935 1935 1017 1962 etiam

234 1975 434 2010 ingressurum.
461 1977 495 2004 At
510 1978 537 2004 in
563 1979 669 2012 magnis
686 1979 764 2006 festis
776 1987 872 2007 omnes
890 1987 1019 2014 proceres

236 2025 264 2047 ct
278 2022 376 2056 reliqui
404 2023 519 2055 intrant,
534 2031 583 2051 nec
599 2031 667 2058 opus
682 2029 723 2052 est
738 2031 766 2052 ut
780 2026 927 2060 imperator
936 2034 1019 2062 scep-

233 2071 304 2094 trum
339 2075 420 2094 suum
443 2068 751 2102 deposcat:'hocenim
781 2079 872 2099 sciens
903 2080 1019 2108 magnus

233 2113 405 2147 primicerius
424 2114 544 2149 iniussus
562 2116 696 2151 praecipit,
712 2122 739 2143 et
756 2117 873 2144 afferunt
886 2118 964 2145 illud.

268 2199 595 2235 Canunturigiturhorre.
607 2207 637 2230 ιιι
650 2203 738 2230 moris
752 2208 805 2235 est,
818 2205 915 2239 prima,
929 2206 1019 2238 tertia,

234 2251 310 2273 sexta
321 2252 346 2273 et
364 2254 435 2274 nona
446 2247 501 2283 46
514 2256 576 2275 cum
591 2250 728 2284 tropariis.
742 2249 782 2276 Ad
796 2250 922 2278 ultimum
941 2259 1020 2279 nonat

1074 283 1107 310 ΟΞ
1123 284 1289 319 κανονάρχαι
1302 283 1329 309 δὲ
1342 284 1410 316 μετὰ
1424 283 1540 318 ἱματίων
1557 282 1644 317 μόνων
1657 283 1703 308 καὶ
1717 282 1859 314 ἀσκεπεῖς.

1074 329 1129 355 Καὶ
1154 330 1224 363 μετὰ
1240 329 1325 356 ταῦτα
1342 330 1355 356 ὁ
1382 329 1649 364 πρωτοϐεστιαρὶτης
1668 336 1709 360 τε,
1734 331 1748 356 ὁ
1774 330 1860 365 μέγας

1073 375 1260 409 ἑταιριάρχης,
1283 375 1296 400 ό
1330 376 1532 410 πριμμικήριος
1548 375 1596 409 τῆς
1618 375 1715 410 αὐλῆς,
1743 375 1768 401 οἱ
1785 376 1858 402 ἑται-

1073 419 1196 454 ριάρχαι,
1214 421 1260 446 καὶ
1272 420 1328 446 ὅσοι
1347 421 1460 454 φέρουσι
1474 420 1505 447 τὸ
1518 420 1668 447 δικανίκιον
1683 420 1730 447 καὶ
1750 421 1855 456 ὑπηρε-

1071 465 1173 497 τοῦσιν,
1194 465 1333 498 εἰσάγουσι
1358 467 1421 497 τοὺς
1442 466 1575 500 ἄρχοντας
1591 467 1631 498 ei;
1649 466 1699 501 τὴν
1711 467 1759 493 τοῦ
1777 467 1854 502 βασι-

1072 511 1141 543 λέως
1153 512 1326 544 παράστασιν
1337 512 1407 538 ὥστε
1419 512 1513 539 τοῦτον
1526 512 1704 548 πληρωθῆναι
1716 514 1762 540 τὸν
1770 513 1854 541 οἷκον.

1072 558 1129 583 Καὶ
1154 558 1222 592 μετὰ
1238 557 1316 585 τοῦτο
1339 558 1479 593 ἐξέρχεται
1498 559 1512 585 ὁ
1538 558 1665 593 βασιλεὺς
1679 559 1725 585 τοῦ
1747 560 1853 588 κελλίου

1072 603 1169 636 αὐτοῦ,
1186 604 1232 630 τοῦ
1250 604 1370 638 μεγάλου
1384 604 1545 638 δομεστίκου
1563 605 1602 635 et;
1614 604 1662 640 τὴν
1679 605 1765 640 Θύραν
1783 606 1857 633 ἱστα-

1073 648 1153 681 μένου
1171 649 1217 675 καὶ
1231 649 1279 684 τὴν
1292 649 1340 675 τοῦ
1358 649 1489 684 βασιλέως
1503 650 1634 684 φέροντος
1646 650 1762 685 σπάθην.
1779 651 1856 685 Ἀμα

1072 691 1120 719 οὖν
1134 694 1172 729 τῷ
1192 695 1237 719 τὸν
1253 694 1366 728 βασιλέα
1383 695 1500 729 φανῆναι
1515 696 1538 721 οι
1552 695 1650 730 ψάλται
1674 697 1773 723 αὐτίκα
1787 697 1856 730 ψάλ-

1071 739 1118 764 λου
1124 748 1149 765 σι
1168 739 1198 765 τὸ
1215 739 1390 774 πολυχρόνιον
1404 748 1412 756 ⁸
1429 740 1584 775 ψαλλόντων
1598 741 1625 767 δὲ
1637 741 1741 768 τούτων
1753 742 1766 768 6
1781 742 1857 774 βασι-

1072 783 1135 815 λεὺς
1151 784 1300 819 ἀπέρχεται
1324 786 1372 812 καὶ
1386 786 1540 817 ἀσπάζεται
1564 786 1612 817 τὰς
1635 786 1715 820 ἁγίας
1736 787 1854 816 εἰκόνας,

1072 827 1130 856 Εἶθ’
1145 830 1316 865 ὑποστρέψας
1331 831 1439 858 ἵσταται
1454 831 1569 866 πλησίον
1581 831 1627 858 τοῦ
1644 832 1740 867 θρόνου
1759 832 1855 864 αὐτοῦ,

1073 875 1117 901 τοῦ
1134 876 1183 910 μὲν
1199 877 1316 911 μεγάλου
1335 876 1494 911 δομεστίκου
1516 877 1586 903 κατὰ
1600 877 1631 903 τὸ
1645 877 1788 913 ἀριστερὸν
1806 877 1855 912 μέ-

1076 929 1121 957 ρος
1143 920 1286 955 ἱσταμένου
1303 920 1349 948 τοῦ
1377 921 1508 956 βασιλέως
1524 922 1592 957 μετά
1614 923 1664 957 τῆς
1684 922 1799 958 σπάθης,
1818 922 1857 954 ὡς

1074 965 1192 999 εἴρηται,
1213 964 1259 991 τοῦ
1276 965 1303 991 δὲ
1317 960 1511 1000 λαμπαδαρίου
1536 967 1657 993 κάτωθεν
1672 959 1718 994 τοῦ
1736 967 1855 1001 μεγάλου

1072 1009 1232 1045 δῦμεστίκου
1252 1011 1282 1036 τὸ
1293 1011 1477 1045 διϐάμπουλον
1495 1012 1554 1046 μεθ’
1574 1013 1701 1048 ήμμένης
1718 1013 1856 1047 λαμπάδος

1072 1056 1209 1090 φέροντος,
1227 1054 1260 1091 ἦς
1273 1057 1305 1091 δὴ
1318 1057 1458 1091 λαμπάδος
1473 1057 1506 1082 τὰ
1528 1057 1576 1091 μὲν
1592 1057 1664 1092 ἄκρα
1678 1059 1731 1085 εἰσὶ
1743 1058 1787 1085 διὰ
1800 1066 1856 1084 κιν-

1071 1101 1211 1136 νασάρεως
1229 1101 1400 1137 βεῆαμμένα,
1421 1104 1452 1128 τὸ
1464 1102 1491 1128 δὲ
1508 1102 1589 1137 μέσον
1606 1103 1649 1130 διὰ
1662 1103 1791 1130 πεταλὶου
1811 1112 1856 1130 κε-

1071 1148 1248 1182 χρυσωμένον
1278 1147 1385 1182 ἔχοντος
1399 1149 1533 1183 σταυροὺς
1556 1149 1630 1181 ἐντὸς
1654 1149 1746 1184 κύκλῳ
1763 1149 1856 1176 κοκκιο

1070 1201 1143 1224 νθυς.
1160 1192 1218 1228 Τῆς
1234 1192 1280 1219 οὖν
1294 1194 1349 1219 τῶν
1361 1194 1440 1228 ὡρῶν
1453 1194 1588 1228 ὲνάρξεως
1609 1195 1760 1229 γενομένης
1778 1195 1861 1230 φέρει

1072 1238 1171 1265 αὐτίκα
1192 1238 1372 1265 παιὸόπουλον
1389 1239 1436 1266 τοῦ
1452 1239 1608 1274 βεστιαρίου
1621 1239 1652 1265 τὸ
1662 1239 1708 1266 τοῦ
1723 1240 1856 1274 βασιλέως

1069 1283 1227 1316 δικανίκιον,
1245 1286 1312 1319 ὅπερ
1333 1285 1424 1312 λαϐὼν
1437 1287 1450 1312 ὁ
1473 1285 1561 1320 μέγας
1584 1287 1784 1320 πριμμικήριος
1806 1287 1856 1320 φέ-

1071 1338 1124 1364 ρων
1140 1330 1232 1357 δῑδωσι
1249 1331 1288 1366 τῷ
1308 1329 1422 1366 βασιλεῖ.
1637 1337 1643 1341 ’

1114 1377 1214 1403 ’ἰστέον
1227 1377 1255 1403 δὲ
1271 1378 1312 1404 ὅτι
1328 1378 1368 1408 εις
1384 1377 1432 1411 μὲν
1445 1378 1494 1410 τὰς
1505 1378 1568 1405 καθ’
1582 1378 1700 1414 ἑκάστην
1710 1379 1856 1412 γινομένας

1070 1421 1259 1456 παραστάσεις
1269 1423 1282 1448 6
1298 1422 1424 1457 βασιλεὺς
1439 1423 1513 1457 λέγει
1527 1424 1568 1450 ὄτι
1583 1424 1613 1450 τδ
1627 1424 1776 1451 δικανίκιόν
1792 1432 1854 1458 μου,

1071 1466 1116 1492 καὶ
1132 1466 1209 1501 φέρει
1222 1461 1304 1494 ’τοῦτο
1324 1468 1371 1494 τοῦ
1394 1468 1550 1504 βεστιαριου
1575 1469 1765 1503 παιδόπουλον,
1781 1469 1854 1496 καθὰ

1071 1511 1190 1546 εἴρηται.
1209 1512 1268 1539 Ἐπὶ
1280 1513 1307 1539 δὲ
1316 1513 1371 1540 τῶν
1384 1514 1495 1549 ἑορτῶν,
1509 1515 1573 1542 ὅταν
1588 1516 1758 1550 παράστασις
1775 1515 1854 1550 γένη-

1072 1565 1129 1588 ται,
1145 1558 1214 1592 μετὰ
1229 1559 1258 1584 τὸ
1273 1559 1317 1585 τὸν
1338 1559 1450 1593 βασιλέα
1464 1561 1504 1591 εις
1517 1561 1562 1593 τὸν
1583 1561 1676 1596 θρόνον
1693 1561 1774 1588 αὐτοῦ
1792 1570 1856 1589 στι-

1072 1601 1163 1636 Θῆναι,
1176 1603 1224 1629 καὶ
1241 1605 1323 1639 χωρὶς
1341 1606 1388 1632 τοῦ
1404 1606 1490 1632 εἰπεῖν
1508 1607 1590 1633 αὑτὸν
1604 1607 1646 1634 ὅτι
1664 1607 1694 1634 τὸ
1706 1607 1854 1635 δικανικιόν

1073 1657 1135 1683 μου,
1157 1649 1230 1684 λέγει
1248 1651 1262 1676 6
1272 1651 1359 1686 μέγας
1370 1653 1586 1688 πριμμικήριος,
1603 1653 1793 1686 παιδόπουλον,
1806 1654 1853 1680 καὶ

1071 1695 1148 1729 φέρει
1169 1695 1258 1723 τοῦτο.
1281 1697 1311 1723 '0
1327 1697 1354 1723 δὲ
1372 1698 1437 1733 περὶ
1459 1697 1555 1724 τούτου
1573 1698 1651 1732 λόγος
1670 1695 1746 1730 οὗτός
1770 1699 1853 1730 ἐστιν,

1070 1744 1111 1770 ὅτι
1138 1745 1178 1775 εις
1196 1744 1245 1776 τὰς
1261 1744 1320 1770 καθ’
1337 1744 1442 1779 ἡμέραν
1466 1744 1519 1770 τῶν
1535 1745 1642 1780 δρθρων
1666 1745 1854 1781 παραστάσεις

1069 1790 1115 1816 καὶ
1130 1790 1185 1816 τῶν
1198 1790 1358 1825 ἑσπερινῶν,
1377 1790 1445 1824 μετὰ
1458 1791 1487 1816 τὸ
1505 1790 1568 1821 τοὺς
1582 1790 1708 1825 ἐντίμους
1731 1791 1785 1816 τῶν
1801 1791 1852 1824 ἀρ-

1069 1837 1170 1871 χόντων
1184 1837 1223 1867 εἰς
1238 1836 1287 1871 τὴν
1302 1836 1473 1870 παράστασιν
1494 1836 1634 1867 εἰσελθεῖν,
1651 1836 1726 1870 λέγει
1744 1837 1758 1862 6
1775 1836 1853 1871 βασι-

1069 1881 1131 1914 λεὺς
1147 1882 1189 1909 ὃτι
1203 1883 1233 1908 τὸ
1245 1883 1395 1909 δικανὶκιόν
1408 1891 1470 1918 μου,
1486 1884 1598 1917 σημεῖον
1614 1882 1643 1909 ὃν
1654 1883 1734 1909 τοῦτο
1746 1883 1792 1909 τοῦ
1806 1884 1853 1910 καὶ

1069 1928 1114 1954 τὸν
1129 1928 1328 1963 παρακάτωθεν
1344 1928 1408 1955 λαὸν
1429 1929 1569 1957 εἰσελθεῖν.
1587 1929 1666 1957 Κατὰ
1682 1929 1711 1956 δὲ
1733 1929 1783 1961 τὰς
1803 1938 1854 1965 με-

1069 1973 1154 2008 γάλας
1166 1973 1219 2000 τῶν
1232 1973 1334 2008 ἑορτῶν
1349 1973 1447 2005 πάντες
1468 1973 1597 2008 ἄρχοντές
1608 1983 1637 2001 τε
1655 1975 1701 2001 καὶ
1716 1974 1741 2001 οἱ
1765 1974 1853 2001 λοιποὶ

1070 2019 1249 2054 εἰσέρχονται,
1266 2019 1313 2046 καὶ
1328 2019 1378 2046 οὐκ
1392 2019 1450 2046 ἐστι
1463 2020 1541 2054 χρεία
1557 2020 1601 2046 διὰ
1620 2019 1700 2046 τοῦτο
1713 2019 1759 2047 τὸν
1777 2019 1856 2055 βασι-

1069 2065 1118 2091 λέα
1133 2065 1252 2099 ζητῆσαι
1267 2065 1297 2090 τὸ
1316 2065 1465 2092 δικανίκιον
1480 2065 1561 2092 αὐτοῦ
1574 2074 1582 2082 ο
1603 2066 1662 2092 τόδε
1680 2066 1734 2101 γὰρ
1748 2065 1825 2098 εἰδὼς
1840 2067 1854 2093 6

1072 2111 1159 2146 μέγας
1175 2112 1378 2147 πριμμικήριος
1394 2111 1468 2146 λέγει
1493 2112 1682 2147 ἀνερωτήτως,
1697 2113 1743 2139 καὶ
1758 2113 1855 2148 φέρου-

1071 2166 1113 2184 σιν
1125 2158 1208 2194 αὐτῷ.

1105 2204 1259 2231 Ψάλλονται
1273 2201 1319 2231 οὖν
1343 2205 1370 2231 αἱ
1385 2201 1465 2240 ὧραι,
1482 2204 1520 2235 ὡς
1541 2205 1640 2241 ἐθος,ἥ
1657 2213 1685 2231 τε
1708 2205 1816 2239 πρώτη,
1837 2206 1853 2239 ἡ

1071 2249 1201 2285 τριθέχτη
1221 2250 1299 2285 καὶὴ
1326 2250 1436 2285 ὲννάτη,
1454 2250 1524 2284 μετὰ
1544 2250 1600 2276 τῶν
1623 2250 1790 2285 τροπαρίων.
1810 2250 1855 2281 Εἰς

235 2292 308 2318 horae
319 2293 470 2327 troparium
483 2294 549 2321 dicit
562 2295 742 2333 protopsaltes
763 2304 771 2322 :
790 2304 799 2321 ι
821 2295 914 2324 Gloria
944 2297 1018 2324 Patri

1075 2295 1165 2330 μέντοι
1193 2296 1223 2323 τὸ
1242 2296 1399 2323 τελευταῖον
1413 2296 1462 2331 τῆς
1486 2295 1599 2332 ἑννὰτης
1618 2296 1693 2331 ὥρας
1705 2297 1854 2331 τροπάριον

233 2341 261 2363 et
273 2336 342 2364 Filio
357 2343 384 2364 et
401 2338 514 2372 Spiritui
528 2344 625 2367 sancto
639 2348 646 2371 ;
661 2349 670 2366 ›
688 2345 716 2367 et
735 2341 908 2369 decantatur.
935 2343 1019 2369 Addi-

235 2387 279 2410 tur
295 2383 392 2411 deinde
416 2388 442 2410 et
460 2384 532 2412 hoc:
551 2394 560 2410 ‹
575 2385 609 2412 Et
633 2394 706 2414 nunc
730 2392 757 2413 et
774 2394 882 2422 semper
900 2396 907 2421 ;
928 2397 937 2414 ›
969 2397 1019 2416 nec

234 2428 356 2456 secundo
375 2433 502 2457 cantatur
515 2431 677 2464 tropariutu,
701 2432 801 2463 legitur
816 2438 906 2460 autem
930 2441 945 2460 a
971 2442 1019 2461 ca-

224 2475 384 2508 nonarcha,
399 2476 446 2510 qui
458 2481 518 2510 post
532 2476 677 2504 lectionem
698 2478 740 2505 sic
759 2478 905 2512 profatur:
925 2488 935 2505 ι
954 2479 1020 2506 Diu-

234 2525 346 2549 turnum
365 2521 448 2549 faciat
468 2521 541 2550 Deus
558 2528 710 2557 praepotens
736 2527 763 2550 et
787 2529 910 2551 sanctum
936 2526 1021 2559 impe-

233 2567 303 2594 rium
321 2572 442 2595 vestrum
466 2568 501 2594 ad
526 2568 627 2596 multos
647 2576 743 2597 anuus.
775 2579 784 2595 ι
807 2569 913 2598 Rursus
939 2571 1019 2597 tertia

231 2613 292 2640 vice
311 2622 318 2640 :
338 2622 347 2639 ι
364 2612 528 2641 Diuturnum
542 2613 624 2641 faciat
638 2615 708 2642 Deus
723 2623 737 2642 a
752 2616 806 2642 Deo
820 2621 963 2650 acceptum
992 2621 1021 2644 et

233 2667 247 2686 a
262 2660 316 2687 Deo
331 2660 497 2688 custoditum
511 2665 665 2695 praepotens
682 2665 708 2688 et
721 2666 847 2689 sanctum
871 2662 1017 2697 imperium

232 2711 352 2734 vestrum
367 2707 401 2735 ad
418 2708 520 2735 multos
535 2715 633 2736 annos.
649 2717 658 2733 ι
677 2708 779 2736 Deinde
794 2709 949 2736 acclamant
966 2710 1023 2736 cira

232 2757 402 2782 cumstantes
426 2763 434 2782 :
456 2763 465 2780 ι
498 2753 663 2781 Diuturnum
686 2753 770 2782 faciat
800 2755 872 2782 Deus
895 2761 1018 2782 sanctum

1072 2340 1144 2375 λέγει
1169 2343 1183 2368 ὁ
1199 2342 1395 2377 πρωτοψέιλπης
1412 2342 1443 2368 τὸ
1462 2341 1542 2374 Δόξα,
1557 2342 1604 2368 καὶ
1622 2342 1765 2377 unum.
1789 2342 1855 2370 Εἶτα

1073 2388 1120 2413 καὶ
1134 2388 1163 2414 τὸ
1177 2388 1230 2414 Καὶ
1245 2388 1292 2414 νῦν
1304 2387 1350 2414 καὶ
1363 2387 1416 2415 ἀει.
1427 2388 1482 2414 Καὶ
1496 2387 1527 2414 οὐ
1539 2385 1668 2420 ψάλλεται
1681 2389 1712 2415 ὲκ
1728 2389 1854 2424 δευτέρου

1075 2433 1124 2467 μὲν
1139 2433 1170 2460 ea
1186 2434 1344 2469 τροπάριον,
1365 2433 1579 2468 ἀναγινώσκεται
1603 2434 1631 2460 δὲ
1647 2435 1699 2461 ὑτιὺ
1714 2435 1761 2462 τοῦ
1776 2445 1856 2462 κανο-

1073 2480 1194 2515 νάρχηω
1224 2480 1253 2512 ὃς
1269 2481 1316 2507 καὶ
1344 2481 1413 2515 μετὰ
1437 2480 1468 2507 τδ
1494 2480 1648 2514 ἀναγνῶναι
1672 2481 1745 2516 λέγει
1766 2482 1854 2509 οὕτω·

1075 2535 1084 2551 ι
1097 2526 1275 2561 Πολυχρόνιον
1285 2526 1419 2560 ποιήσαιὸ
1432 2526 1498 2558 Θεὸς
1509 2526 1558 2560 τὴν
1572 2526 1705 2561 κραταιὰν
1720 2527 1766 2554 καὶ
1777 2528 1855 2561 ἁγίαν

1074 2571 1211 2606 βασιλειαν
1226 2573 1276 2603 σᾶς
1288 2573 1328 2604 εἰς
1342 2572 1426 2599 πολλὰ
1438 2572 1495 2607 ἔτη.
1512 2582 1521 2598 ι
1534 2574 1589 2600 Καὶ
1604 2573 1683 2600 πάλιν
1697 2574 1727 2600 ὲκ
1743 2574 1835 2608 τρίτου
1846 2582 1854 2590 ·

1075 2626 1084 2643 ι
1101 2617 1280 2652 Πολνχρόνιυν
1307 2618 1418 2652 ποιήσαι
1436 2619 1449 2643 6
1464 2618 1531 2649 Θεὸς
1555 2618 1604 2653 τὴν
1620 2618 1854 2654 θεοπρόὸληπτον,

1074 2663 1238 2690 θεόστεπτον
1253 2664 1300 2690 καὶ
1323 2663 1534 2698 Θεοφρούρητον,
1557 2665 1694 2699 κραταιὰν
1711 2665 1758 2691 καὶ
1776 2665 1855 2699 ἁγίαν

1075 2710 1213 2745 βασιλειαν
1230 2710 1277 2740 σᾶς
1291 2710 1329 2740 εἰς
1344 2710 1430 2736 πολλὰ
1440 2709 1487 2745 ἐτη
1499 2718 1506 2726 ·
1523 2719 1533 2736 ι
1548 2710 1595 2736 καὶ
1608 2710 1739 2744 ψάλλεται
1754 2711 1785 2738 ἰδ
1798 2720 1856 2747 τρο-

1076 2756 1175 2791 πάριον
1190 2755 1279 2787 αὖθις,
1296 2755 1359 2781 ἐπεὶ
1370 2755 1401 2782 τὸ
1416 2754 1474 2782 Νῦν
1492 2755 1539 2783 καὶ
1555 2755 1598 2782 ἀεὶ
1611 2756 1776 2792 προερρέθη,

234 2801 378 2834 imperium
396 2807 518 2830 vestrum
539 2802 572 2830 ad
587 2803 688 2830 multos
712 2810 811 2830 annos.
829 2812 838 2829 ι
866 2802 1035 2838 Canitnrquc
1055 2803 1121 2831 ilud
1149 2803 1298 2839 lroparium
1325 2803 1437 2837 iterum,
1468 2811 1531 2830 cum
1563 2803 1650 2831 illud:
1679 2813 1688 2830 ι
1712 2803 1792 2831 Nunc
1827 2810 1855 2836 et

233 2855 354 2884 semper,
369 2859 378 2876 ι
394 2856 473 2877 antea
487 2854 660 2877 decantatum
677 2850 767 2877 fuerit.

271 2895 395 2923 Psalmos
406 2897 533 2924 horarum
542 2896 604 2932 legit
617 2896 835 2930 archidiaconus,
846 2896 1016 2932 prophetiam

1108 2895 1177 2928 τοὺς
1194 2895 1243 2930 μὲν
1264 2894 1310 2922 οὖν
1323 2894 1448 2930 ψαλμοὺς
1470 2895 1523 2923 τῶν
1544 2895 1623 2931 ὡρῶν
1646 2893 1826 2929 ἀναγινώσκει
1839 2892 1852 2918 ὁ
