2039 3148
200 119 235 152 C5

683 120 732 150 DE
751 119 917 151 OFFICIlS
939 119 1174 152 CPOLITANIS,
1196 121 1276 152 CAP.
1295 120 1344 151 VI.

1803 121 1837 152 06

198 175 399 211 ἁρχιδιάχονος,
422 176 471 209 τὴν
494 175 662 211 προφητείαν
678 177 724 203 καὶ
744 177 790 203 τὸν
814 177 964 203 ἀπόστολον

1043 181 1069 202 ct
1091 177 1246 211 apostolum
1270 175 1531 212 protapostolarius.
1549 176 1587 202 Ex
1604 175 1756 211 Evangeliis
1773 179 1830 212 pri-

197 222 488 256 πρωταποστολὰριος,
503 221 556 247 τῶν
568 221 595 247 δὲ
609 221 784 255 Εὐαγγελὶων
799 222 828 248 τὸ
843 222 893 256 μὲν
909 223 986 257 πρῶ-

196 276 243 294 τον
255 269 269 294 ό
284 268 485 303 πρωτοπαπᾶς,
503 267 536 294 τὰ
554 268 582 294 δὲ
597 267 678 294 λοιπὰ
693 268 775 300 ἱερεῖς
794 269 893 303 ἕτεροι.

231 314 309 341 Μετὰ
325 314 421 348 δὲτὴν
446 313 579 340 ἀπόλυσιν
600 313 654 339 τῶν
678 314 759 348 ὡρῶν
778 314 827 347 τοῦ
852 314 985 348 βασιλέως

198 359 362 390 ἀπελθόντος
378 357 454 390 αὖθις
468 359 515 385 καὶ
533 358 584 389 τὰς
596 359 678 392 ἁγίας
692 359 800 388 εἰκόνας
821 359 986 394 ἀσπασαμέ-

195 414 253 436 νου,
273 405 319 431 καὶ
338 405 408 439 μετὰ
421 405 500 431 τοῦτο
522 405 561 436 είς
576 405 606 431 τὺ
624 404 728 431 κελλίον
742 405 825 432 αὐτοῦ
850 406 984 433 είσελοάν-

194 460 251 484 τος,
269 451 364 478 λύεται
378 452 395 485 ἡ
407 452 580 487 παράστασις
595 451 693 486 μέχρις
710 451 743 478 ἆν
760 453 776 486 ἡ
793 452 843 485 τῆς
859 452 983 488 λειτουρ-

193 498 257 532 γίας
286 499 464 531 προσήκουσα
488 497 553 532 ἔλθῃ
578 497 646 532 ὦρα,
672 498 720 525 καὶ
744 498 804 525 τότε
819 499 950 533 ψάλλεται
970 500 984 526 ὁ

195 544 338 578 ἑσπερινὺς
353 543 447 579 ὕμνος.
458 543 568 570 Γίνεται
589 544 679 578 μέντοι
697 543 777 570 τοῦτο
792 544 889 577 οὕτως,
904 545 983 580 εἴπερ

194 590 271 624 τύχοι
286 589 353 616 οὖσα
370 590 386 624 ἡ
411 589 493 624 ἑορτὴ
507 591 536 616 ὲν
549 590 616 626 ἄλλῃ
631 590 680 625 τῆς
703 590 850 625 ἐὸδομάδος
868 591 961 627 ἡμέρα
973 599 980 606 ·

194 636 261 662 εἰδὲ
279 636 307 662 ὲν
333 635 460 670 σαεεάτῳ
481 635 498 670 ἢ
526 637 658 670 κυριακῇ.
674 636 728 662 τῶν
751 636 830 670 ὡρῶν
857 637 904 663 καὶ
926 637 981 664 τῶν

193 682 352 717 τροπαρίων
375 681 554 716 ψαλλομένων
578 682 712 717 πάρεστιν
736 682 785 717 μὲν
808 683 822 709 ὀ
839 683 980 718 βασιλεὺς,

193 729 223 755 οὺ
237 728 291 763 μὴν
302 728 331 754 δὲ
347 728 394 754 καὶ
413 729 452 759 εἰς
467 727 517 763 τὴν
540 728 723 763 λειτουργίαν,
740 729 798 756 ἀλλ’
816 730 870 765 ἰδία]⁵
884 730 982 765 ψάλλε-

192 782 238 800 ται
255 774 336 807 αὐτή.
357 774 390 801 Ἦ
408 774 436 800 δέ
448 782 480 808 γε
500 775 573 801 αίτία
586 775 632 801 τοῦ
645 774 682 810 μὴ
698 775 824 810 παρεῖναι
837 776 919 802 αὑτὸν
936 776 981 810 βα-

194 820 269 847 σιλέα
296 822 343 846 καὶ
367 820 407 852 είς
432 820 481 855 τὴν
507 820 680 855 λειτουργίαν
696 821 770 848 ἐστὶν
793 821 833 848 ὅτι
850 822 900 854 τὰς
929 823 981 856 μὲν

193 867 276 904 ﬁlia;
297 867 378 894 πέντε
405 867 514 902 ἡμέρας
532 866 663 902 ψάλλεται
684 867 792 902 πρῶτον
810 868 824 893 ὁ
839 869 983 903 ἑσπερινδς

193 913 277 946 ὕμνος
293 913 341 939 καὶ
371 913 429 947 μετ’
445 913 527 940 αὐτὸν
544 914 566 948 ,ἡ
589 914 756 948 λειτουργία,
779 915 803 941 εἱ
819 915 847 941 δὲ
868 916 896 942 ἐν
914 916 984 942 Σαδ-

193 959 268 993 δάτῳ
283 958 360 993 τύχοι
374 958 390 994 ἢ
406 960 536 994 κυριακῇ,
554 959 594 991 είς
610 960 705 995 τρίτην
717 960 791 995 ὥραν
810 961 860 995 τῆς
879 961 983 996 ἡμέρας

193 1005 296 1039 γίνεται
311 1006 328 1040 ή
341 1005 507 1040 λειτουργία.
524 1007 572 1032 Διά
586 1015 628 1032 τοι
644 1006 725 1033 τοῦτο
739 1006 787 1033 καὶ
811 1007 886 1034 οὐδὲν
900 1007 981 1039 σώζει

192 1051 347 1086 omnem
376 1051 426 1086 τὴν
448 1051 579 1086 τοιαύτην
604 1052 670 1087 ὅλην
697 1053 859 1080 ἀκολουθίαν
882 1054 937 1080 τῶν
952 1063 982 1080 τε

191 1098 271 1134 ὡρῶν
286 1097 402 1124 καὶτῶν
428 1099 596 1133 τροπαρίων.
623 1100 666 1126 διὰ
688 1099 717 1126 τὸ
743 1100 874 1134 πλείστην
899 1099 980 1133 εῖναι,

190 1145 238 1170 καὶ
258 1144 288 1176 ἐξ
309 1144 433 1179 ἀνάγκης
448 1145 579 1179 ψάλλεται
597 1146 645 1180 μὲν
666 1146 773 1181 πρῶτον
790 1148 806 1182 ἡ
823 1147 982 1182 λειτουργία

193 1190 274 1222 ἰδίως,
290 1191 328 1221 ὼς
345 1191 416 1217 κατὰ
435 1191 481 1217 τὸν
492 1192 658 1226 τεταγμένον
672 1193 778 1226 καιρὸν,
789 1193 837 1220 καὶ
851 1193 915 1220 ἄνευ
930 1194 981 1228 τῆς

190 1237 236 1262 τοῦ
255 1236 388 1270 βασιλέως
405 1237 564 1272 ῑπιδημίας,
580 1237 650 1264 κατὰ
664 1237 691 1264 δὲ
708 1238 757 1273 τὴν
772 1238 820 1265 τοῦ
836 1239 979 1275 ἑσπερινοῦ

190 1282 265 1318 ὥραν
284 1283 298 1309 ὁ
315 1283 442 1316 βασιλεὺς
457 1283 568 1319 ἔρχεται
581 1285 622 1315 είς
641 1285 690 1319 τῆν
704 1285 863 1319 ἐκκλησίαν.

225 1329 287 1355 Τῶν
302 1330 350 1356 οὖν
371 1331 528 1366 τροπαρίων
550 1331 725 1366 ψαλλομένων
741 1332 754 1357 ό
776 1332 826 1367 μὲν
854 1332 980 1367 βασιλεὺς

191 1376 269 1410 φορεῖ
284 1375 406 1403 σκιάδιον
423 1377 471 1403 καὶ
495 1376 544 1412 τὴν
559 1377 747 1412 καθημερινὴν
762 1379 860 1413 στολὴν
882 1379 976 1412 αὑτοῦ,

191 1422 240 1447 καὶ
256 1422 280 1447 oi
295 1422 426 1457 ἄρχοντες
440 1422 468 1449 δὲ
481 1423 612 1454 ὡσαύτως
622 1431 629 1438 ·
649 1423 719 1450 κατὰ
734 1423 763 1450 δὲ
779 1424 823 1451 τὸν
835 1425 978 1459 ὲσπερινδν

191 1467 235 1493 καὶ
259 1467 309 1503 τὴν
332 1467 505 1502 λειτουργίαν
533 1468 663 1505 ἀλλάσσει
684 1469 780 1504 ροὗχον
803 1478 977 1505 μαργαριτα-

191 1514 288 1547 Ρέῖνον.
315 1514 396 1548 Φορεῖ
412 1513 440 1540 δὲ
455 1514 501 1540 ἐπὶ
526 1503 647 1549 κεφαλῆς
668 1513 698 1540 τδ
719 1514 815 1541 δοκοῦν
832 1503 909 1550 σίδτῷ
929 1516 977 1548 φά-
990 1533 1010 1561 c

188 1567 268 1593 ρεμα,
284 1559 342 1594 ἠως
362 1559 378 1593 ἢ
403 1559 578 1594 κρινωνίανῆ
600 1559 784 1594 τετράφυλλον
804 1560 819 1595 ἦ
836 1569 862 1586 τι
882 1560 976 1595 ἕτερον

186 1605 278 1639 ὅμοιον
293 1605 416 1637 τούτοις·
429 1605 454 1632 οι
468 1605 497 1632 δὲ
512 1606 643 1640 ἄρχοντες
656 1606 822 1640 σκαράνικα,
838 1606 976 1640 φακεώλια

187 1652 233 1677 καὶ
245 1651 383 1678 καὸὅάδια
399 1651 446 1679 καὶ
460 1651 633 1686 ιπιλούρικα,
647 1651 762 1683 ἕκαστος
781 1651 852 1678 κατὰ
867 1652 915 1687 τὴν
929 1653 976 1679 τα-

188 1695 228 1728 ξιν
246 1697 340 1724 αὑτοῦ.

219 1786 403 1821 Ψαλλομένης
428 1784 475 1813 οὖν
501 1786 552 1820 τῆς
576 1787 760 1821 λειτουργίας,
786 1787 803 1822 ἢ
830 1787 909 1822 μόνον
926 1787 974 1815 τοῦ

186 1834 341 1870 ἑοπερινοῦ,
359 1834 383 1861 εί
401 1835 430 1861 ὲν
448 1833 576 1869 σαὸὃὰτῳ
588 1834 604 1869 ἦ
618 1836 735 1870 κυριακῇ
750 1835 835 1870 τύχοι,
848 1835 886 1866 ὡς
898 1836 973 1871 εἴρη-

186 1890 241 1912 ται,
253 1881 278 1908 οἱ
296 1881 500 1917 προρῤηθέντες
516 1881 645 1915 ἄρχοντες
665 1881 690 1907 οἱ
708 1882 753 1908 καὶ
767 1881 815 1915 τῆς
831 1882 972 1917 παραστά·

186 1935 252 1958 σεως
271 1927 406 1961 ὑπηρέται
421 1927 455 1952 τὰ
471 1925 598 1961 βασιλικὰ
614 1926 743 1961 φέροντες
759 1927 902 1962 φλάμουλα
922 1928 972 1962 τῆς

186 1971 346 2007 προκύψεως
358 1971 452 1998 ἱστῶσι
464 1971 645 2006 καταντικρύ.
662 1972 695 1997 Ἃ
705 1971 737 2007 δὴ
749 1972 795 1998 καὶ
808 1973 861 1999 εἰσὶ
875 1972 970 2004 ταῦτα,

185 2019 214 2044 τὸ
232 2018 282 2053 μὲν
295 2018 324 2044 ἓν
338 2017 570 2053 ἀρχιστράτηγος,
586 2017 616 2043 τὸ
632 2017 659 2044 δὲ
676 2017 769 2052 ἕτερον
789 2018 894 2050 εἰκόνας
909 2019 971 2053 ἔχον

186 2064 285 2096 πολλὰς
297 2065 372 2096 θείας
388 2063 525 2099 ιεραρχῶν
539 2063 743 2097 ὀκτάγλωσσον,
765 2064 832 2098 ὅπερ
849 2065 971 2091 καλεῖται

184 2110 354 2137 ὁκταπὸδιον.
376 2110 457 2136 ’Δλλο
472 2109 587 2143 σταυρὸς
607 2108 677 2144 ἔχων
692 2110 799 2142 εἰκόνας
814 2110 867 2137 τῶν
885 2111 971 2145 ἁγίων

183 2156 325 2191 τεσσάρων
351 2155 479 2190 μεγάλων
494 2155 654 2190 μαρτύρων,
670 2156 840 2191 Δημητρίου,
863 2157 968 2191 Προκο-

1042 229 1117 247 mum
1137 221 1251 255 quidem
1284 221 1350 256 legit
1373 227 1532 256 protopapa,
1552 222 1655 256 reliqua
1681 223 1726 249 alii
1742 231 1835 251 sacer-

1040 269 1130 296 dotes.

1066 315 1164 343 Finitis
1173 315 1258 347 horis,
1267 315 1432 349 imperatore
1447 322 1544 342 rursus
1554 315 1672 342 abeunte
1683 321 1710 342 et
1723 321 1833 343 sanctas

1039 361 1174 396 imagines
1190 361 1364 388 exosculante
1378 368 1513 394 suumque
1532 362 1660 388 conclave
1683 365 1832 396 repetente,

1039 407 1156 434 Solvitur
1166 407 1366 438 circumstatio,
1377 408 1463 434 donec
1474 407 1564 434 debita
1579 407 1695 442 liturgiae
1708 408 1773 434 hora
1784 407 1834 433 ad~

1038 453 1154 480 venerit.
1175 453 1209 479 Et
1225 458 1289 480 tunc
1309 453 1464 486 psalluntur
1481 461 1609 487 vespera:
1626 454 1658 479 Et
1677 453 1727 480 hoc
1740 453 1776 480 ita
1791 453 1833 484 ﬁt,

1038 499 1060 526 si
1091 498 1189 525 festum
1207 498 1233 525 in
1254 500 1414 533 septimanae
1432 499 1503 526 diem
1529 500 1642 526 incidat.
1662 499 1689 526 Si
1713 507 1778 526 vero
1795 500 1833 526 le-

1037 549 1109 571 stum
1120 544 1147 570 in
1156 544 1303 571 Sabhatum
1311 549 1358 571 aut
1368 545 1535 572 Dominicam
1544 545 1613 572 diem
1626 545 1762 578 inciderit,
1771 554 1830 572 cum

1037 591 1111 618 hora:
1122 596 1148 618 et
1163 591 1280 625 troparia
1307 592 1500 625 concinuntur,
1520 593 1598 619 adest
1609 592 1719 626 quidem
1748 593 1831 626 impe-

1037 642 1122 669 rator,
1135 637 1181 664 sed
1192 644 1244 662 non
1253 637 1278 663 in
1288 637 1409 671 litnrgia,
1419 645 1478 671 qua:
1487 638 1612 671 privatim
1625 637 1829 672 peragiturﬂﬂ

1035 682 1124 709 Causa
1134 690 1183 709 cur
1193 682 1340 716 imperator
1350 683 1465 717 liturgim
1474 691 1528 710 non
1537 685 1570 711 sit
1582 691 1702 718 prmsens
1710 688 1751 710 es!
1763 684 1824 712 ista,

1035 728 1099 761 quia
1123 728 1185 755 aliis
1202 729 1325 762 quinque
1341 729 1569 756 antecedentibus
1586 729 1684 756 diebus
1697 733 1828 755 cantatur
1876 755 1879 758 ,

1034 774 1153 808 primum
1171 775 1344 808 vespertinus
1361 775 1489 809 hymnus,
1504 780 1529 802 ct
1546 780 1607 810 post
1628 776 1701 802 hunc
1719 775 1828 810 liturgia

1035 819 1187 853 perﬁcitur.
1206 820 1233 846 Si
1260 827 1323 846 Vero
1339 821 1439 848 festum
1459 822 1484 847 in
1503 821 1653 848 Sabhalum
1672 822 1711 848 vel
1735 822 1827 848 Domi-

1036 865 1127 892 nicum
1140 865 1211 893 diem
1242 866 1375 897 incurrat,
1388 867 1454 894 liora
1476 868 1554 894 tertia
1569 868 1620 894 diei
1635 868 1743 902 liturgia
1757 870 1826 894 cele-

1035 910 1142 938 bratur.
1168 911 1351 944 Quamobrem
1379 913 1516 947 integrum
1544 922 1598 940 non
1618 917 1660 940 est
1682 918 1710 940 ut
1730 914 1825 948 hujus-

1035 957 1109 984 modi
1148 961 1232 984 totum
1269 958 1388 985 cilicium
1420 959 1550 986 horarum
1584 964 1612 987 et
1644 961 1826 994 tropariorum

1034 1003 1216 1037 persolvatur,
1227 1011 1259 1030 eo
1273 1003 1346 1038 quod
1359 1005 1394 1031 sit
1403 1004 1480 1031 valde
1491 1004 1636 1039 prolixum.
1648 1005 1716 1032 llinc
1730 1014 1827 1032 neces-

1034 1047 1107 1074 sario
1120 1049 1195 1082 prius
1220 1048 1332 1084 liturgia
1355 1048 1468 1076 seorsim
1499 1052 1671 1082 decantatur,
1693 1057 1823 1084 tanquam

1033 1099 1136 1122 statuto
1148 1100 1280 1130 tempore,
1301 1100 1328 1123 et
1340 1096 1400 1124 sine
1415 1097 1590 1131 imperatoris
1616 1099 1770 1132 praesentiat.
1789 1101 1824 1123 At

1032 1140 1106 1167 circa
1126 1149 1301 1176 vcsperarum
1333 1142 1429 1169 horam
1448 1143 1599 1177 imperator
1615 1144 1649 1170 ad
1679 1144 1823 1170 ecclesiam

1033 1193 1062 1213 se
1079 1187 1199 1214 confert.
1392 1196 1396 1200 '

1066 1324 1135 1352 Dum
1156 1325 1237 1360 igitur
1263 1326 1383 1360 troparia
1402 1327 1566 1362 psalluntur,
1594 1328 1744 1363 imperator
1770 1329 1823 1357 fert

1031 1370 1131 1405 pileum
1158 1377 1183 1398 et
1208 1372 1397 1406 quotidiaumn
1414 1381 1494 1401 suum
1525 1374 1665 1402 amictum.
1687 1374 1819 1403 Similiter

1029 1420 1055 1443 et
1077 1424 1206 1452 proceres
1230 1418 1321 1444 auliri.
1341 1418 1417 1445 Circa
1442 1420 1614 1454 vespertinas
1638 1428 1704 1447 vero
1727 1421 1822 1448 laudes

1029 1467 1056 1489 et
1069 1462 1210 1497 liturgiam
1229 1468 1318 1490 mutat
1335 1471 1414 1491 suum
1433 1465 1560 1496 rucbum,
1574 1466 1626 1493 hoc
1638 1468 1819 1495 estcxtimum

1030 1507 1231 1543 indumentum,
1258 1510 1415 1542 margaritis
1438 1517 1622 1540 contextum:
1650 1512 1702 1540 fert
1727 1522 1818 1541 autem

1030 1554 1056 1580 in
1070 1554 1159 1588 capite
1174 1555 1246 1589 quod
1275 1556 1419 1583 allubescit
1438 1561 1589 1591 gestamen,
1607 1564 1671 1593 puta
1695 1560 1736 1586 \el
1765 1561 1819 1587 cri-

1030 1600 1140 1626 noniam
1158 1600 1200 1626 vel
1219 1602 1414 1637 letraphyllum
1433 1605 1475 1631 vel
1488 1604 1552 1638 quid
1568 1604 1700 1632 assimile.
1716 1607 1816 1634 Proce-

1028 1652 1071 1671 res
1084 1653 1148 1672 vcro
1161 1651 1269 1681 gestant
1284 1649 1438 1680 scaranica.
1457 1650 1608 1684 pbaceolia,
1634 1653 1767 1680 cabbadia
1789 1659 1816 1680 et

1028 1690 1172 1724 epilorica,
1187 1693 1302 1720 cuilibet
1315 1694 1464 1721 secundum
1480 1695 1604 1723 ordinem
1619 1700 1646 1723 et
1657 1697 1815 1732 dignitatem

1026 1744 1116 1764 suam.

1063 1783 1131 1810 Dum
1148 1783 1234 1817 igitur
1255 1779 1525 1820 liturgialperagitnr
1540 1792 1587 1815 ant
1599 1789 1665 1815 solae
1682 1791 1817 1823 vesperti-

1025 1837 1066 1856 nae
1078 1829 1173 1856 laudes
1187 1830 1378 1860 decantautur.
1393 1830 1415 1857 si
1432 1829 1531 1858 festum
1549 1832 1669 1859 Sabbato
1695 1838 1741 1860 aut
1755 1833 1810 1859 Do-

1026 1875 1184 1902 miuieodio
1206 1881 1344 1908 occurrat,
1363 1876 1505 1903 utdictum
1532 1882 1584 1909 cst,
1627 1880 1814 1913 pricnominali

1026 1927 1162 1954 proceres.
1179 1920 1226 1954 qui
1249 1921 1332 1947 etiam
1362 1921 1597 1948 circumstatiuuis
1625 1924 1813 1952 moderatores

1024 1971 1099 1998 sunt,
1113 1971 1220 2000 gestant
1233 1966 1371 1993 ﬂannnula
1385 1974 1418 1994 ex
1431 1967 1546 1994 adverso
1565 1969 1734 2003 imperatorii
1762 1979 1811 1998 so-

1024 2013 1062 2045 lii,
1080 2021 1140 2047 quae
1157 2018 1221 2040 sunt
1235 2013 1298 2040 ista.
1317 2012 1405 2039 Unum
1426 2014 1534 2047 quidem
1553 2014 1608 2050 48
1635 2015 1811 2043 archistratc-

1024 2067 1073 2093 gus
1086 2059 1260 2094 appellatum,
1290 2059 1406 2086 alterum
1428 2060 1531 2087 habens
1561 2060 1659 2088 multas
1690 2062 1812 2090 divinas-

1022 2112 1077 2140 que
1105 2112 1248 2131 sacrorum
1268 2105 1428 2138 pontiﬁcum
1448 2105 1581 2139 imagines
1610 2106 1718 2140 lingulis
1738 2112 1810 2139 Octo.

1021 2151 1093 2185 quod
1111 2155 1210 2177 vocant
1223 2151 1417 2185 octapodium;
1435 2151 1547 2178 tertium
1562 2159 1630 2178 crux
1645 2156 1697 2184 est,
1709 2153 1811 2181 habens

184 2202 243 2228 πίου
256 2201 303 2227 καὶ
317 2201 475 2236 Θεοδώρων,
487 2201 583 2235 ἕτερον
595 2200 657 2235 ἕχον
673 2201 718 2227 τον
734 2201 811 2236 ἅγιον
829 2202 968 2236 Γεώργιον

1034 2197 1154 2232 magines
1171 2202 1330 2224 sanctorum
1342 2203 1460 2231 quatuor
1472 2205 1630 2232 magnorum
1649 2206 1744 2234 ﬂlal‘lyl
1753 2207 1811 2232 um,

183 2247 312 2281 ἔφιππον,
340 2247 404 2274 ἄλλο
428 2247 672 2282 δρακόντειον,καὶ
695 2247 787 2282 ἕτερον
809 2247 898 2283 δὲτὴν
920 2248 966 2275 τοῦ

184 2293 313 2327 βασιλέως
334 2293 396 2328 ἔχον
412 2293 512 2328 στήλην
535 2293 666 2328 ἔφιππον.
687 2294 721 2319 ’Δ
743 2294 775 2328 δὴ
795 2293 881 2321 ταῦτά
897 2295 966 2321 εἰσιν

182 2339 293 2365 ἕκαστον
307 2339 360 2365 ἀνὰ
369 2339 426 2370 δύο,
442 2339 501 2374 ἦτοι
515 2339 584 2373 ἐμοῦ
597 2339 630 2374 ιβ’
640 2340 684 2366 τὸν
699 2339 826 2374 ἀριθμόν.
844 2340 967 2375 Ἔμπρο-

184 2385 242 2410 σθεν
257 2384 286 2411 δὲ
299 2384 354 2410 τῶν
370 2385 497 2411 τοιούτων
511 2385 676 2420 φλαμούλων
688 2384 851 2418 ’προΐσταται
862 2387 876 2413 ὁ
887 2395 967 2413 σκου-

183 2431 268 2465 τὲριος
285 2430 427 2466 βαστάζων
441 2431 470 2457 τὸ
483 2431 626 2463 διὸἐλλιον,
641 2431 655 2458 ὅ
668 2432 699 2467 δὴ
711 2432 750 2457 Evr
768 2433 848 2466 μόνον
863 2432 902 2465 ἒν,
918 2434 966 2459 καὶ

182 2476 210 2502 τι
225 2476 384 2510 σκουτάριον
397 2476 428 2502 τὸ
443 2476 594 2511 βασιλικόν.
610 2475 663 2503 Ἧν
679 2477 728 2511 μὲν
741 2475 788 2503 οὖν
804 2477 888 2504 πάλαι
903 2487 964 2504 συν-

182 2521 268 2555 ήθεια,
284 2521 330 2547 ὅτε
348 2522 365 2556 ἡ
381 2519 427 2547 τοῦ
444 2520 575 2555 βασιλέως
597 2521 722 2553 σύνταξις
736 2520 805 2557 ἦσαν
828 2521 967 2556 ἑξακισχί-

181 2565 242 2596 λιοι,
255 2563 328 2601 ἦσαν
342 2566 403 2593 καθ’
423 2565 451 2592 ἓν
463 2565 579 2592 ἕκαστον
599 2565 755 2600 φλάμουλον
779 2567 964 2594 πεντακόσιοι.

181 2611 236 2637 Νῦν
244 2611 273 2638 δὲ
284 2611 318 2638 τὰ
333 2611 384 2645 μὲν
393 2611 504 2638 τοιαῦτα
519 2611 662 2646 φλάμουλα
679 2610 792 2646 φέρουσι
810 2612 857 2637 καὶ
873 2611 967 2638 ίστώσι

179 2657 356 2692 καταντικρὺ,
379 2657 415 2688 ὡς
431 2658 550 2692 εἴρηται,
568 2658 618 2692 τῆς
640 2657 820 2691 προκύψεωϊ·
847 2657 924 2689 me;
938 2658 966 2684 δὲ

183 2702 278 2728 ὁπόταν
302 2702 446 2736 στρατεύει
466 2704 479 2728 ὁ
495 2701 635 2737 βασιλεὺς,
657 2704 726 2729 κατὰ
749 2702 894 2736 ἀναλογίαν
917 2703 966 2736 τῆς

183 2746 327 2780 ποσότητος
345 2745 395 2780 τῆς
416 2747 498 2773 αὑτοῦ
518 2747 671 2779 συντάξεως
692 2746 747 2781 ἔχει
769 2747 817 2773 καὶ
841 2747 965 2781 φλάμου-

183 2792 225 2818 λον
239 2791 264 2817 ἓν
282 2792 365 2826 τυχὸν
385 2791 401 2826 ἢ
415 2792 470 2820 δύο.
487 2793 621 2820 Ὄπισθεν
636 2792 665 2818 δὲ
680 2793 733 2818 τῶν
749 2792 877 2818 τοιούτων
889 2793 966 2827 βασι-

185 2837 260 2864 λικῶν
272 2837 434 2872 φλαμούλων
446 2840 568 2867 ἵστανται
583 2839 618 2867 τὰ
631 2839 686 2866 τῶν
699 2839 837 2865 δεσποτῶν
851 2841 896 2866 καὶ
911 2840 965 2866 τῶν

1021 2242 1162 2276 Demetrii,
1178 2242 1303 2277 Procopii
1319 2246 1346 2269 et
1362 2243 1506 2278 utriusque
1516 2239 1651 2270 Theodori
1664 2253 1670 2275 ;
1684 2245 1756 2273 aliud
1767 2254 1811 2272 re-

1021 2295 1191 2323 praesentans
1208 2288 1240 2316 S.
1260 2289 1408 2324 Georgium
1424 2294 1591 2324 equestrem,
1605 2290 1681 2318 aliud
1694 2292 1810 2320 dracon-

1021 2338 1105 2365 teum.
1118 2333 1184 2360 illud
1202 2333 1375 2367 imperatoris
1391 2334 1505 2368 elligiem
1519 2342 1590 2369 equo
1602 2336 1747 2364 insidentis
1764 2346 1811 2364 ex-

1021 2380 1129 2407 hibens.
1149 2379 1214 2406 Bina
1234 2385 1262 2407 et
1280 2380 1343 2406 bina
1357 2385 1420 2407 sunt
1435 2382 1539 2414 omnia,
1555 2383 1605 2410 hoc
1617 2387 1658 2410 est
1682 2384 1809 2411 universe

1019 2424 1172 2452 duodecim.
1188 2426 1256 2452 Ante
1268 2432 1328 2458 quae
1348 2425 1485 2454 ﬂammula
1500 2431 1554 2454 stat
1578 2428 1703 2462 scutifer,
1720 2429 1810 2456 ferens

1020 2470 1148 2497 divelium
1157 2477 1205 2498 seu
1214 2471 1341 2498 vexillum
1353 2471 1567 2505 imperatorium,
1577 2474 1646 2508 quod
1654 2474 1687 2500 ab
1697 2474 1756 2500 aliis
1767 2482 1809 2501 se-

1018 2517 1133 2549 paratim
1143 2521 1171 2543 et
1181 2516 1319 2550 singulare
1333 2521 1451 2549 tenetur,
1463 2527 1525 2545 cum
1536 2519 1706 2554 imperatoris
1718 2526 1806 2548 scuto.

1020 2561 1101 2593 Olim,
1117 2562 1227 2596 quando
1242 2562 1401 2596 praesidium
1427 2565 1601 2599 imperatoris
1617 2574 1664 2593 scx
1681 2567 1804 2593 millibus

1020 2608 1295 2641 constabat,aderant
1305 2609 1392 2636 cuivis
1406 2609 1548 2638 ﬂammulo
1561 2612 1714 2646 quingenti.
1727 2612 1805 2639 Nunc

1021 2660 1084 2680 vero
1100 2653 1164 2680 talia
1183 2652 1321 2680 ﬂammula
1339 2654 1429 2682 lerunt
1445 2660 1472 2682 et
1496 2661 1622 2683 statuunt
1648 2664 1663 2682 e
1695 2656 1805 2690 regione

1020 2699 1187 2733 imperatorii
1205 2700 1278 2732 solii,
1296 2705 1326 2727 ut
1345 2701 1481 2729 diximus.
1503 2701 1585 2728 Extra
1603 2709 1677 2732 vero.
1693 2703 1804 2736 quando

1018 2746 1165 2780 imperator
1181 2746 1208 2774 in
1222 2747 1396 2781 expeditione
1414 2751 1552 2780 versatur,
1572 2754 1664 2774 secum
1677 2748 1801 2775 circum-

1020 2790 1071 2818 fert
1086 2799 1134 2826 pro
1151 2792 1289 2819 exercitus
1305 2792 1491 2827 magnitudine
1516 2798 1598 2819 unum
1615 2793 1657 2819 vel
1684 2793 1800 2820 alterum

1018 2839 1198 2866 il.nnmulunt.
1209 2838 1456 2872 Retrohujusmodi
1472 2838 1651 2872 imperatoria
1663 2839 1800 2867 llammula
1822 2848 1825 2852 ‘
