2039 3148
160 149 194 178 60
643 147 692 177 DE
707 144 870 176 OFFICIIS
889 145 1127 177 CPOLITANIS.
1145 146 1226 176 CAP.
1246 146 1296 178 VI.
1751 145 1784 175 70
1836 128 1839 133 Υ

162 204 289 239 βασιλεὺς
303 203 334 229 τὸ
354 203 462 238 στέμμα
477 203 565 238 φορεῖ,
583 202 677 236 ἔτερόν
693 210 719 228 τι
732 201 834 235 ἔνδυμα
855 201 885 227 οὐ
903 209 950 235 φο-

1001 191 1072 228 aliud
1089 201 1279 228 indumentum
1292 209 1347 228 non
1363 205 1450 237 gestat
1462 207 1558 236 prmtcr
1569 209 1678 229 saccum
1691 206 1717 230 et
1727 203 1788 230 dia-

168 251 210 284 ρεῖ
222 250 246 276 εἰ
265 250 302 284 μὴ
323 250 370 276 τὸν
384 248 489 276 σάκκον
505 248 552 276 καὶ
568 249 597 275 τὸ
616 248 744 284 διάδημα.
763 247 818 274 Καὶ
841 247 885 274 ὁτὲ
902 247 952 281 μὲν

164 299 263 332 ταῦτα,
280 299 324 325 ὁτὲ
337 299 365 325 δὲ
377 298 560 333 ὲπιλουρίκιον
571 297 619 324 καὶ
633 296 788 331 φακεωλίδα
800 297 889 331 φορεῖ,
905 296 953 323 ἄλ-

163 345 224 370 λοτε
245 343 396 371 καὸὁάδιον
419 344 466 370 καὶ
488 343 597 377 φναλὶν,
616 343 661 368 ἐπὶ
685 342 713 368 δὲ
731 342 851 376 κεφαλῆς
869 342 952 376 φορέ-

165 398 240 424 ματα
256 390 383 424 διάφορα,
400 389 466 415 ποτὲ
484 389 533 424 μὲν
547 389 578 415 τὸ
591 389 790 422 ὀνομαζόμενον
804 396 953 423 τροπαιου-

164 435 238 469 χιαν,
259 434 335 472 ποτὲ,
347 434 374 461 δὲ
390 434 614 467 Ίουστινιὰνειον,
636 434 667 461 ιν
682 433 771 464 ἄλλοις
792 434 820 460 δὲ
837 434 953 468 ὑπέρτε-

166 477 274 515 ρον,ὧν
292 480 326 507 τὰ
354 480 481 515 σχήματα
505 479 630 506 ἑκάστων
657 479 706 506 οὐκ
730 479 789 506 ἔστι
807 479 855 507 νῦν
880 479 952 507 κατὰ

166 527 198 562 μέ
204 535 248 560 ρος
263 526 363 560 λέγειν.

200 571 270 598 Ἀπὸ
285 571 336 605 μὲν
351 571 405 597 τῶν
421 570 551 597 τοιούτων
572 569 737 605 φορεμάτων
753 570 834 603 φορεῖ
848 569 862 596 ὁ
875 569 951 602 βασι-

165 618 229 648 λεὺς
245 615 289 643 οἶα
310 616 344 642 ἂν
368 615 511 651 βούλοιτο,
527 616 574 642 τὸν
594 615 624 641 δέ
640 623 671 648 γε
696 614 812 648 σταυρὸν
834 615 861 640 ἐν
877 613 952 649 δεξιᾷ

166 661 313 697 φέρειάεὶ,
334 661 363 687 ὲν
376 661 404 687 δὲ
434 662 467 695 τῇ
484 659 617 695 ἀριστερᾷ
642 659 750 693 βλάτιον
777 658 871 684 κώῗικι
899 659 953 684 ὲοι-

166 708 228 740 κὸς,
258 707 402 741 δεδεμένον
427 707 497 741 μετὰ
527 705 694 741 μανδυλιου·
715 704 728 730 6
756 704 863 738 βῗιάτιον
885 703 951 738 ’ἔχει

165 754 248 788 χῶμα
267 753 352 784 ἐντὸς,
377 752 425 778 καὶ
452 751 577 778 καλεῖται
606 750 719 777 ἀκακία.
746 751 801 777 Καὶ
829 749 876 776 τὸν
902 750 951 784 μὲν

166 799 287 832 σταυρὸν
308 799 322 824 6
339 797 468 832 βασιλεὺς
483 797 574 832 φέρων
586 797 618 823 δι’
636 795 720 822 αὐτοῦ
748 796 870 822 δείκνυσι
901 795 950 829 τὴν

165 846 206 876 εἰς
222 843 344 879 Χριστὸν
360 843 457 869 ἑαυτοῦ
474 842 579 875 πίστιν,
609 842 654 868 διὰ
669 840 715 868 τοῦ
733 843 887 876 πέμματος
902 841 950 876 τὴν

164 890 260 924 τιμὴν,
278 889 322 915 διὰ
341 889 391 923 τῆς
408 887 495 923 ζώνης
511 887 538 923 (ἢ
556 888 614 919 νῦν,
630 887 667 918 ὡς
695 887 813 922 εἴρηται,
829 887 950 912 καλεῖται

165 934 296 970 διάδημα)
311 934 342 960 τὺ
352 933 523 968 στρατιώτην
534 930 604 958 εἶναι
620 930 712 963 αὑτὸν,
726 931 771 957 διὰ
781 931 827 957 τοῦ
847 931 949 957 σᾶκκου

167 982 286 1016 μέλανος
301 980 377 1011 δντος
388 980 418 1005 τὸ
430 979 479 1014 τῆς
505 979 647 1013 βασιλείας
672 978 800 1014 κρύφιον,
827 978 871 1004 διὰ
902 977 950 1004 τοῦ

169 1027 312 1063 χώματος,
334 1027 458 1053 καλεῖται
486 1026 597 1058 ἀκακία,
630 1025 667 1057 ὡς
693 1025 817 1060 εἴπομεν,
851 1024 882 1050 τὸ
904 1023 951 1050 τὶν

166 1074 282 1107 βασιλέα
297 1073 423 1100 ταπεινὸν
438 1071 507 1098 εἶναι
521 1072 558 1103 ὡς
575 1072 672 1106 θνητὸν
685 1072 731 1098 καὶ
746 1072 783 1106 μὴ
798 1071 843 1097 διὰ
860 1070 950 1104 τὸτῆς

167 1120 307 1155 βασιλείας
324 1119 391 1154 ὕψος
418 1118 579 1153 ἐπαίρεσθαι
608 1118 657 1144 καὶ
686 1117 877 1152 μεγαλαυχεῖν,
907 1116 951 1142 διὰ

166 1169 212 1194 τςιῦ
227 1168 374 1202 μανδυλίου
389 1168 419 1193 τὸ
428 1167 532 1199 ταύτης
548 1165 665 1192 ἄστατον
695 1165 741 1192 καὶ
760 1165 791 1191 τὸ
821 1163 952 1198 μεταϐαί-

166 1223 221 1240 νειν
248 1214 297 1247 ἀφ’
314 1213 410 1247 ἑτέρου
446 1212 486 1243 εἰς
512 1212 619 1246 ἕτερον,
647 1211 690 1237 διὰ
710 1212 760 1246 τῆς
784 1210 890 1244 σπάθης
921 1210 951 1236 τὺ

170 1257 388 1290 ἑξουσιαστικόν.
405 1257 459 1282 Καὶ
485 1256 535 1290 τὴν
549 1255 679 1289 λαμπάδα
703 1255 834 1288 φέρουσιν
849 1253 952 1288 ἐμπρο-

167 1304 229 1331 σθεν
245 1304 329 1331 αὑτοῦ
345 1303 389 1329 διὰ
400 1303 430 1329 τὸ
443 1303 547 1337 φάσκον
563 1301 657 1335 λόγιον
673 1301 714 1327 ὅτι
725 1300 803 1326 Οὕτω
817 1300 952 1334 λαμψάτω
976 1312 979 1316 λ

167 1350 196 1376 τδ
209 1350 267 1384 φῶς
279 1349 356 1383 ὑμῶν
373 1348 527 1383 ἔμπροσθεν
539 1347 594 1374 τῶν
609 1347 772 1382 ἀνῦρώτςων,
788 1347 861 1377 ὅπως
874 1347 951 1372 ῐδωσι

166 1395 201 1422 τὰ
215 1394 288 1421 καλὰ
303 1394 378 1429 ὑμῶν
392 1394 459 1429 ἔργα
477 1394 523 1420 καὶ
539 1393 672 1426 δοξάζωσι
688 1392 734 1419 τὸν
750 1392 861 1427 Πατέρα
873 1391 951 1427 ὑμῶν

166 1440 213 1467 τὸν
229 1441 259 1466 ὲν
273 1441 330 1468 τοῖς
341 1439 477 1473 οὐρανοῖς.

202 1486 282 1513 Μετὰ
310 1485 405 1520 μέντοι
432 1485 479 1511 τὸν
509 1483 623 1519 βασιλέα
646 1482 761 1515 ἀλλάξαι
788 1482 823 1509 τὰ
852 1481 951 1509 ἑαυτοῦ

168 1531 323 1567 φορέματα,
337 1531 351 1556 6
366 1529 620 1565 πρωτοΰεστιάριος
653 1528 798 1563 ἐμφανίζει
813 1525 891 1559 αὖθις
918 1527 950 1553 τὰ

167 1577 322 1609 πιλατίκια,
338 1577 388 1611 τὴν
403 1576 450 1602 τοῦ
463 1575 597 1610 βασιλέως
617 1574 752 1601 δεικνύων
776 1573 948 1607 ἑτοιμασιαν.

167 1624 223 1658 Τὴν
234 1623 264 1650 δὲ
274 1622 384 1658 σπάθην
394 1621 475 1649 αὑτοῦ
489 1621 567 1655 φέρει
582 1620 802 1656 ὰρχοντόπουλον
817 1619 949 1651 ἀσχεπὲς.

167 1670 222 1696 τῶν
243 1668 328 1702 ἐγγὺς
349 1668 545 1702 προσηκόντων
569 1666 609 1701 τῷ
626 1666 750 1701 βασιλεῖ·
767 1666 780 1692 6
794 1665 849 1700 γὰρ
864 1665 951 1700 μέγας

166 1715 329 1749 δομέστικος
345 1713 453 1740 ἵσταται
466 1713 515 1740 καῖ⁵
533 1708 610 1744 οὗτος
630 1712 701 1747 μετὰ
719 1711 773 1738 τῶν
781 1711 884 1737 λοιπῶν
899 1711 951 1746 ἀρ-

166 1763 270 1798 χόντων
287 1762 316 1787 ἐν
332 1761 365 1795 τῇ
380 1759 461 1794 αὐλῇ.

202 1806 314 1837 Σταθεὶς
329 1803 376 1831 οὖν
393 1805 407 1831 ὁ
432 1803 559 1840 βασιλεὺς
577 1803 623 1829 ἐπὶ
643 1803 692 1837 τῆς
708 1801 872 1837 προκύψεως
885 1800 950 1835 φαι-

165 1861 241 1880 νεται
259 1852 313 1879 ἀπὸ
327 1851 382 1877 τῶν
398 1850 520 1884 γονάτων
535 1850 582 1876 καὶ
597 1849 664 1880 ἄνω,
690 1850 719 1875 ὲν
754 1847 804 1882 μὲν
816 1848 849 1882 τῇ
877 1847 952 1882 δεξιᾷ

166 1900 211 1926 τδν
226 1898 343 1933 σταυρὸν
356 1897 457 1932 φέρων,
475 1897 504 1923 ὲν
522 1895 551 1921 δὲ
567 1896 600 1930 τῇ
615 1894 751 1930 ἀριστερᾷ
760 1895 810 1928 τὴν
821 1893 950 1926 ἀκακίαν,

166 1946 203 1977 ὡς
214 1945 375 1979 δεδήλωται.
395 1942 469 1969 Αὑτὰ
486 1941 575 1968 ταῦτα
586 1941 690 1976 φορείό
707 1940 835 1975 βασιλεὺς
866 1941 913 1966 καὶ
937 1940 951 1965 6

167 1992 222 2022 υἱὸς
246 1989 341 2022 αὐτοῦ,
356 1989 381 2015 el.
394 1987 563 2022 ἐστεμμένος
584 1986 753 2022 εὐρίσκεταν
771 1987 794 2011 εἰ
809 1985 838 2011 δὲ
854 1985 903 2020 μὴ.
921 1985 951 2011 τὸ

169 2037 284 2072 σύνηθες
318 2035 415 2070 ροὖχον
441 2033 536 2066 αὑτοῦ,
566 2033 612 2059 καὶ
640 2032 685 2059 ἐπ’
708 2031 773 2058 αὐτὸ
804 2031 951 2065 λεγόμενον

168 2083 264 2118 φυσλὶν
292 2082 365 2117 μετὰ
378 2080 459 2107 λίθων
476 2079 522 2107 καὶ
551 2078 715 2114 μαργάρων.
738 2077 801 2104 Ἐπὶ
829 2078 951 2111 κεφαλῆς

166 2131 193 2157 δὲ
211 2131 289 2165 φέρει
303 2128 448 2162 στέφανον,
465 2125 630 2161 φαινόμενος
661 2125 709 2151 καὶ
723 2120 800 2156 οὗτος
826 2123 880 2150 ἀπὸ
895 2123 951 2149 τῶν

167 2178 289 2210 γονάτων
306 2176 353 2201 καὶ
364 2173 429 2200 ἄνω.
444 2171 505 2199 Τῶν
520 2172 549 2199 δὲ
564 2171 704 2198 δεσποτῶν
719 2170 754 2197 τὰ
785 2170 834 2204 μὲν
863 2168 947 2196 λοιπὰ

164 2223 219 2249 τῶν
231 2221 367 2256 σωμάτων
381 2219 559 2254 κρύπτονται,
573 2217 626 2244 ἀπὸ
642 2217 670 2244 δὲ
680 2217 728 2243 τοῦ
757 2215 873 2252 στήθους
900 2216 948 2242 καὶ
965 2210 987 2236 Ι)

166 2268 220 2293 ἄνω
233 2267 389 2301 φαίνονται.

201 2313 280 2340 Μετὰ
293 2312 360 2346 γοῦν
375 2312 406 2338 τὸ
419 2310 616 2346 ὲτοιμασϐἦναι
630 2310 677 2336 τὸν
689 2309 802 2344 βασιλέα
823 2309 870 2336 καὶ
887 2317 951 2335 στα-

166 2361 254 2395 θῆναι,
281 2361 295 2386 6
313 2358 564 2394 πρωτοϐεστιάριος
578 2356 724 2391 ἐμφανίζει
739 2355 822 2382 πάλιν
838 2357 870 2382 ὲκ
892 2355 952 2391 τρι-

165 2415 211 2432 sou
228 2406 262 2432 τὰ
276 2404 430 2436 πιλατίκια,
448 2403 536 2439 δηλῶν
552 2402 596 2429 διὰ
608 2402 703 2429 τούτου
725 2402 766 2428 ὅτι
779 2401 793 2427 6
822 2401 951 2436 βασιλεὺς

166 2453 265 2487 ἐστάθη
282 2452 323 2482 εἰς
336 2450 387 2485 τὴν
404 2449 550 2484 πρόκυψιν.
567 2449 622 2475 Καὶ
655 2448 796 2483 παρευθὺς
813 2447 951 2482 ἀνοίγουσι

153 2498 199 2524 ’τὰ
213 2497 366 2532 βηλὸουρα,
383 2495 431 2522 καὶ
456 2495 520 2522 οὒτε
538 2497 552 2522 6
576 2494 829 2531 πρωτοῦεστιάριος
852 2493 914 2520 οὔτε
937 2493 951 2519 ό

164 2543 355 2578 λαμπαδάριος
382 2541 442 2568 οὕτε
473 2542 528 2576 μὴν
566 2543 580 2567 6
607 2542 657 2576 τὴν
685 2540 829 2575 βασιλικὴν
858 2540 949 2574 φέρων

164 2591 271 2626 σπάθην
286 2589 430 2623 φαίνονται
444 2588 520 2621 ὅλως,
538 2588 562 2613 εἰ
582 2588 619 2623 μὴ
642 2588 659 2623 ἡ
677 2587 768 2621 σπάθη
787 2587 855 2621 μόνη
873 2586 947 2621 καὶὴ

162 2637 287 2671 λαμπάς.
309 2636 388 2669 Ἅμα
409 2633 472 2667 γοῦν
485 2636 514 2660 τὸ
536 2633 682 2668 ἀνοιγῆναι
708 2633 807 2663 ταῦτα,
832 2633 948 2668 καιτὺν

163 2683 278 2718 βασιλέα
302 2682 352 2708 καὶ
377 2680 455 2715 μόνον
485 2681 617 2716 φανῆναι,
645 2679 726 2711 εὐθὺς
751 2679 898 2714 ψάλλουσιν
923 2679 948 2705 οἱ

160 2729 262 2762 ψάλται
291 2728 323 2754 τὸ
349 2727 533 2762 πολυχρόνιον,
567 2727 624 2753 τῶν
649 2727 771 2761 ὀργάνων
796 2726 945 2761 ἠχούντων,

159 2774 298 2809 διαφέρων
310 2773 407 2802 ὄντων,
422 2771 458 2803 ὡς
469 2772 590 2807 εἴρηται.
607 2771 638 2797 Oi
655 2771 747 2805 μέντοι
762 2770 861 2804 ψάλται
876 2771 945 2804 μετὰ

160 2821 190 2846 τὸ
210 2819 410 2854 πολυχρονὶσαι
436 2818 588 2849 σιωπῶσιν,
613 2819 646 2843 τὰ
667 2818 770 2851 ὄργανα
802 2816 829 2843 δὲ
848 2817 945 2851 ἠχοῦσι

163 2866 243 2901 μέχρι
266 2867 313 2892 καὶ
333 2865 428 2896 ἱκανῆς
443 2864 524 2900 ὧρας.
542 2863 608 2891 Εἶτα
631 2864 677 2890 τοῦ
704 2864 836 2898 βασιλέως
851 2864 941 2899 ἠρέμα

1003 247 1081 274 dcma
1098 255 1105 279 ;
1123 251 1149 275 et
1162 247 1310 282 aliquando
1323 247 1434 282 quidem
1449 248 1518 279 haec,
1535 248 1683 283 aliquando
1700 248 1789 283 epilo—

1005 293 1091 321 ricum
1107 302 1155 321 seu
1164 294 1320 328 superulam
1330 300 1356 320 et
1371 294 1543 329 phaceoliutn
1557 299 1653 328 gestat,
1665 295 1790 330 aliquan-

1003 341 1039 368 do
1051 341 1212 368 cabbadium
1225 345 1252 368 et
1267 341 1387 376 phyalin.
1406 342 1433 368 In
1460 341 1549 376 capite
1575 342 1681 368 diversa
1707 341 1789 368 habct

1004 386 1164 420 gestamina,
1183 385 1233 420 51
1251 386 1386 413 interdum
1404 386 1430 414 id
1446 387 1519 421 quod
1535 392 1648 414 vocatur
1669 391 1790 421 tropaeu-

1003 432 1075 463 chia.
1085 432 1231 466 aliquando
1239 432 1454 466 Justininneum,
1467 432 1615 467 aliquando
1625 433 1788 467 hyperteron

1003 477 1105 505 dictum
1124 486 1131 510 ;
1146 485 1263 512 quorum
1277 478 1378 513 ﬁguras
1388 479 1571 514 particulatim
1584 479 1723 506 declarare
1733 487 1787 507 non

1003 527 1044 552 est
1059 524 1140 558 hujus
1158 523 1220 551 loci.

1039 569 1078 596 Ex
1096 570 1137 596 his
1146 569 1228 603 igitur
1239 569 1437 604 gestaminibus
1446 574 1533 604 gestat
1543 570 1693 604 imperator
1701 570 1789 605 quod-

1002 623 1109 650 cunque
1123 615 1246 642 voluerit.
1263 616 1297 642 At
1313 623 1421 642 crucem
1440 615 1467 642 in
1481 616 1575 642 dextra
1593 623 1699 649 semper
1725 623 1789 650 por-

1003 664 1051 692 tat,
1065 661 1090 688 iu
1107 661 1217 687 sinistra
1228 668 1292 687 vero
1304 667 1425 694 pannum
1445 660 1566 687 sericum
1581 661 1668 688 codici
1685 661 1786 692 simile,

1002 706 1114 741 ligatum
1131 706 1247 738 mantili,
1261 706 1397 740 habetque
1414 707 1486 733 intus
1505 711 1616 739 terram,
1628 710 1655 734 et
1677 711 1789 734 vocatur

1003 752 1104 778 acacia.
1124 750 1157 778 Et
1175 759 1287 779 crucem
1305 752 1414 786 quidem
1432 753 1523 780 ferens
1540 753 1691 787 imperator
1710 761 1788 780 suam

1002 797 1030 824 in
1048 797 1189 824 Christum
1206 797 1364 824 manifestat
1377 797 1468 829 ﬁdem,
1482 802 1625 825 stemmate
1655 801 1790 832 protesta-

1004 850 1048 872 tur
1060 845 1191 872 honorem
1206 853 1214 878 ;
1227 853 1306 876 zona.
1324 853 1394 879 quas,
1414 849 1442 872 ut
1458 853 1554 873 smnus
1564 845 1681 880 praefati,
1694 846 1788 873 diade-

1003 899 1045 918 ma
1060 898 1182 922 vecatur,
1197 898 1224 918 se
1240 891 1350 918 militem
1366 892 1525 925 proﬁtetur;
1549 899 1629 919 sacco
1657 892 1788 920 subfusi-o

1002 937 1135 973 (violaceo
1151 937 1280 964 nimirum
1299 937 1338 964 vel
1357 945 1495 972 purpureo
1515 939 1523 972 )
1538 938 1645 972 imperii
1663 939 1788 966 obsouri-

1003 988 1086 1010 tatem
1101 987 1128 1010 et
1145 988 1279 1010 secretum
1299 993 1305 1016 ;
1321 984 1444 1017 pulvere,
1461 984 1519 1019 qui,
1535 990 1563 1011 ut
1579 984 1714 1016 diximus.
1725 992 1788 1011 aca-

1001 1028 1042 1055 cia
1055 1033 1240 1064 nuncupatur,
1252 1029 1287 1056 im
1293 1033 1386 1063 perato
1392 1037 1448 1056 rem
1460 1029 1590 1056 humilem
1602 1038 1663 1057 esse
1675 1035 1705 1057 ut
1717 1038 1788 1057 mor-

1003 1074 1095 1105 talem,
1112 1081 1199 1108 neque
1215 1078 1327 1108 propter
1342 1074 1447 1108 imperii
1461 1075 1656 1102 sublimitatem
1683 1075 1787 1107 eil‘erri,

1003 1127 1092 1155 neque
1105 1120 1253 1147 insolenter
1268 1128 1296 1147 se
1311 1120 1430 1154 jactare.
1446 1121 1495 1148 l‘er
1513 1122 1624 1148 mantilc
1649 1122 1786 1156 signiﬁca-

1004 1171 1048 1194 tur
1063 1167 1184 1200 ejusdem
1206 1167 1312 1201 imperii
1327 1168 1509 1195 inconstantia
1525 1174 1550 1195 et
1563 1176 1623 1195 mos
1638 1169 1671 1194 ab
1686 1176 1741 1195 uno
1754 1169 1787 1196 ad

1004 1214 1087 1241 alium
1104 1215 1274 1243 transeundi.
1298 1214 1349 1241 Per
1366 1222 1458 1241 ensem
1488 1215 1627 1242 indicatur
1655 1220 1786 1249 potestas.

1003 1259 1168 1295 Lampadem
1179 1261 1325 1295 prasierunt
1335 1260 1491 1294 imperatori
1503 1266 1612 1296 propter
1623 1262 1688 1288 illud
1709 1261 1789 1289 Chri-

1004 1307 1039 1334 sti
1051 1306 1153 1334 dictum
1170 1315 1176 1333 :
1193 1306 1254 1333 «Sic
1266 1306 1406 1333 luceatlux
1416 1311 1504 1333 vestra
1516 1314 1607 1333 coram
1619 1307 1786 1340 hominibus,

1003 1360 1032 1382 ut
1048 1354 1156 1382 videant
1169 1361 1252 1388 opera
1268 1358 1358 1381 vestra
1375 1354 1456 1387 bona,
1468 1358 1494 1380 et
1515 1355 1667 1389 gloriﬁcent
1680 1355 1788 1383 Patrem

1003 1406 1136 1434 vestrum,
1150 1401 1196 1435 qui
1209 1401 1236 1427 iu
1250 1400 1328 1428 ctelis
1341 1405 1394 1428 est.
1413 1410 1422 1426 ι

1041 1492 1186 1526 Postquam
1199 1491 1345 1524 imperator
1357 1497 1407 1517 sua
1417 1489 1575 1517 indumenta
1588 1490 1714 1523 mutavit,
1725 1499 1789 1530 pro—

965 1540 986 1568 C
1003 1537 1178 1565 tovestiarius
1195 1537 1294 1564 iterum
1315 1536 1436 1571 pilaticia
1456 1537 1577 1564 ostendit
1596 1546 1672 1572 ;quo
1701 1539 1788 1573 signi-

1003 1584 1065 1611 ﬁcat
1078 1582 1334 1616 imperatorcmjam
1351 1586 1475 1616 paratum
1493 1590 1566 1610 esse.
1579 1583 1663 1618 Cujus
1675 1584 1728 1619 52
1740 1592 1789 1612 cn-

1002 1637 1059 1657 sem
1073 1633 1166 1663 aperto
1180 1628 1267 1662 capite
1285 1627 1336 1655 fert
1347 1629 1455 1664 juvenis
1467 1629 1613 1663 primarius
1621 1638 1652 1656 ex
1665 1631 1717 1657 illis
1742 1631 1788 1665 qui

1002 1676 1196 1710 imperatorem
1209 1682 1307 1709 genere
1331 1682 1415 1709 prope
1436 1675 1662 1710 attinguutznam
1673 1684 1792 1712 magnus

1002 1722 1167 1749 domesticus
1180 1724 1234 1749 stat
1244 1726 1272 1749 et
1285 1721 1347 1756 ipse
1361 1729 1424 1749 cum
1447 1723 1552 1750 caeteris
1577 1724 1735 1758 proceribus
1758 1724 1788 1752 in

1002 1769 1074 1796 aula.

1038 1815 1121 1843 Stans
1135 1815 1218 1850 igitur
1233 1814 1384 1849 imperator
1404 1814 1430 1840 in
1442 1814 1512 1842 solio
1527 1815 1693 1849 conspicuus
1704 1820 1747 1843 est
1771 1825 1786 1844 a

1002 1861 1115 1896 genibus
1130 1865 1156 1887 ct
1172 1867 1264 1894 supra,
1287 1859 1381 1886 dextra
1395 1867 1517 1890 crucem.
1531 1860 1641 1887 sinistra
1668 1862 1789 1889 acaciant

1002 1911 1124 1940 portans.
1141 1910 1170 1932 ut
1184 1910 1264 1932 antea
1279 1905 1393 1932 dictum.
1423 1904 1524 1932 Eadem
1554 1907 1706 1940 gestamina
1736 1908 1790 1935 fert

1003 1952 1094 1979 itidem
1110 1951 1283 1986 imperatoris
1301 1951 1383 1981 ﬁlius.
1399 1950 1421 1978 si
1449 1951 1484 1977 sit
1497 1956 1642 1978 coronatus
1656 1960 1662 1978 :
1681 1952 1722 1979 sin
1737 1953 1789 1979 mi-

1003 2005 1063 2030 nus.
1081 1997 1213 2025 usitatum
1229 1997 1280 2024 sibi
1297 1996 1487 2023 indumentum
1507 1997 1597 2029 habet,
1613 2003 1640 2024 et
1655 2005 1737 2032 super
1751 1999 1785 2025 il-

1001 2044 1046 2071 lud
1063 2043 1136 2078 quod
1153 2043 1255 2070 dicitur
1270 2041 1368 2076 capitis
1384 2042 1512 2076 tegimen.
1529 2050 1563 2069 ex
1591 2043 1739 2071 unionibus
1760 2050 1786 2072 et

1002 2090 1158 2124 margaritis
1171 2088 1338 2116 confectum.
1354 2088 1449 2122 Capite
1465 2093 1567 2116 scrtum
1582 2094 1681 2123 gestat.
1695 2089 1788 2125 Appa-

1001 2141 1042 2163 ret
1056 2140 1083 2162 et
1094 2136 1144 2162 iste
1154 2135 1254 2170 populo
1265 2142 1279 2161 a
1289 2134 1405 2168 genibus
1417 2139 1444 2161 et
1456 2142 1549 2169 supra.
1564 2135 1688 2169 Despotaa
1701 2143 1715 2162 a
1724 2144 1787 2170 pec.

1002 2185 1061 2208 tore
1074 2185 1101 2208 et
1114 2187 1196 2215 supra
1209 2180 1389 2213 aspectabiles
1410 2184 1474 2207 sunt
1490 2185 1617 2208 :creterte
1643 2188 1789 2216 corporum

1001 2230 1092 2261 partes
1104 2225 1285 2254 occultantur.

1038 2313 1185 2348 Postquam
1201 2312 1284 2346 igitur
1299 2312 1450 2346 imperator
1463 2316 1574 2346 paratus
1601 2316 1642 2339 est
1667 2317 1694 2340 et
1721 2318 1790 2345 stat,

1002 2358 1225 2394 protevestiarius
1239 2357 1317 2384 tertio
1335 2356 1452 2391 pilaticia
1463 2356 1593 2388 ostendit.
1603 2357 1726 2386 indirans
1737 2359 1788 2386 hoc

1002 2405 1080 2439 signo
1094 2404 1287 2438 imperatorem
1303 2403 1359 2438 jam
1377 2403 1404 2430 in
1427 2402 1497 2430 solio
1529 2407 1613 2435 stare,
1640 2404 1791 2440 statimque

1001 2450 1168 2478 diducuntur
1182 2449 1293 2476 cortinae
1306 2457 1314 2482 ;
1329 2453 1355 2476 et
1372 2456 1461 2483 neqtte
1482 2449 1712 2483 protovestiarius
1740 2457 1791 2477 ne-
1822 2440 1828 2444 ’

1001 2505 1054 2532 que
1067 2495 1263 2531 lampadarius,
1280 2503 1369 2528 neque
1382 2495 1428 2529 qui
1444 2499 1534 2530 portat
1549 2503 1643 2523 ensem
1659 2497 1789 2530 imperia-

1004 2543 1068 2574 lem,
1084 2542 1189 2576 uspiam
1206 2545 1347 2576 apparent,
1362 2541 1409 2568 sed
1425 2541 1500 2569 solus
1517 2542 1592 2569 ensis
1617 2547 1644 2569 et
1672 2542 1787 2574 lampas.

1003 2588 1073 2624 Ergo
1086 2587 1168 2615 simul
1183 2594 1214 2614 ac
1227 2587 1339 2613 cortinae
1353 2586 1520 2620 panduntur,
1537 2592 1564 2614 et
1578 2589 1735 2621 imperator.
1749 2587 1786 2614 is-

1001 2642 1055 2668 que
1071 2634 1157 2665 solus.
1173 2633 1352 2668 conspicitur,
1367 2633 1460 2659 statim
1472 2637 1600 2660 cantores
1616 2638 1728 2660 cantant
1751 2633 1787 2659 il-

1002 2680 1046 2707 lud
1062 2689 1068 2707 :
1085 2689 1094 2706 ι
1110 2679 1274 2706 Diuturnutn
1289 2678 1370 2706 faciat
1395 2678 1466 2706 Deus
1493 2679 1636 2713 itnperium
1663 2683 1750 2710 tuum,
1771 2687 1784 2702 ι
1838 2695 1840 2699 .

1000 2726 1193 2753 resonantibus
1208 2726 1327 2760 organis.
1346 2733 1406 2759 qua
1421 2725 1496 2752 varia
1514 2729 1586 2756 sunt,
1604 2729 1633 2751 ut
1648 2729 1728 2751 antea
1741 2724 1786 2751 di-

999 2778 1084 2800 ctum.
1098 2772 1229 2800 Cantores
1245 2772 1326 2807 igitur
1341 2777 1401 2807 post
1418 2772 1566 2799 multorum
1581 2777 1714 2797 annorum
1734 2778 1783 2805 ap-

999 2819 1185 2854 precationem
1199 2819 1397 2846 conticesrunt.
1415 2818 1449 2844 At
1473 2824 1574 2851 organa
1603 2817 1670 2843 satis
1695 2818 1786 2844 multo

1001 2870 1122 2898 tempore
1136 2868 1320 2899 perstrepunt.
1340 2863 1441 2890 Deinde
1458 2863 1622 2896 imperatore
1645 2860 1697 2897 53
1720 2870 1784 2889 scn-
