2039 3148
236 151 268 184 71
564 159 567 162 “
832 153 967 184 CODlNI
987 154 1032 184 CU

1084 154 1248 185 DPALATxE
1823 153 1856 185 ’72

235 210 288 237 sim
308 207 418 235 mantile
436 214 515 235 suum
526 212 653 235 movente
671 212 777 236 cessant
792 211 818 235 et
837 209 895 242 ipsa
911 213 1027 241 ;etrur-

1084 209 1109 236 ιδ
1139 210 1281 244 μανδύλιον
1311 209 1461 245 κτήσαντος
1492 209 1651 245 παραυτίκα
1686 210 1735 237 καὶ
1771 210 1858 237 ταῦτα

237 261 285 281 sus
301 253 575 287 incipiuntcantores
590 253 813 280 accommodatos
835 253 904 280 festo
929 261 1024 281 versus

236 299 393 330 decantare,
405 303 430 326 et
447 299 527 332 paulo
540 303 601 333 post
617 298 681 325 illud
699 306 706 325 :
720 307 728 324 t
740 298 867 326 Christus
880 305 960 327 natus
970 304 1023 331 est,

237 345 282 380 qui
300 350 325 372 te
340 346 533 383 imperatorem
546 345 698 376 coronavit,
718 353 727 370 ι
747 349 775 370 ct
790 349 850 378 post
861 344 912 372 hoc
922 345 1026 372 sticbos

237 400 285 419 seu
299 399 404 419 versus.
419 391 450 417 Et
460 399 553 418 rursus
566 391 636 417 idem
651 395 692 417 sat
702 391 784 424 longo
798 395 928 425 tempore.
943 392 1025 418 Dein-

238 439 270 465 de
283 439 392 465 noutina
408 439 601 472 imperatorum
619 442 646 464 et
661 438 864 472 imperatricum
881 438 1027 472 bouispre-

209 498 211 502 ι
237 484 391 511 cationibus
413 483 575 510 alliciuntur.
586 483 645 515 Quo
666 488 775 517 peracto
792 487 916 510 cantores
930 483 1026 510 iterum

238 530 338 557 multos
345 537 430 556 annos
437 529 595 556 concinunt.
606 529 710 562 Quibus
719 529 807 556 adhuc
815 529 976 556 canentibus
983 537 1030 555 ex-

238 576 396 611 panduntur
411 581 437 603 et
450 576 614 604 clauduntur
624 576 736 603 cortinae
751 575 937 609 imperatoris;
950 582 1029 609 orga-

238 624 281 650 nis
297 626 387 650 dcnuo
408 625 440 649 ad
456 623 591 650 modicum
606 627 712 657 tempus
726 622 917 648 resonantibus
932 625 1029 648 exeunt

238 670 376 696 llammula
391 677 438 696 seu
456 669 564 695 vexilh.
577 668 608 694 Et
622 667 796 701 imperatoria
811 667 920 701 quidem
934 667 1029 694 ferun-

241 721 284 742 tu-r
299 716 324 742 in
336 715 509 747 vestiarium,
527 715 572 741 ubi
596 714 732 741 asservari
758 713 847 740 solent
864 720 1028 747 ;procerum

239 770 305 789 vero
323 762 463 797 quodlibet
479 761 510 788 ad
523 761 645 795 proprias
661 760 796 794 cujusque
807 761 878 787 aedes
895 760 1027 786 defertur.

242 799 414 837 Descendens
428 809 574 843 imperator
588 808 619 834 ad
638 815 800 837 mensnmse
812 807 928 836 confert.
941 806 1031 840 quoti-

240 857 351 884 dianum
365 855 494 882 amictum
509 854 598 881 ferens
616 863 622 882 :
636 859 664 881 at
673 861 803 888 proceres
814 861 896 888 supra
905 854 1028 887 exposita
1044 875 1065 904 Β

241 906 348 938 gestant
359 903 522 936 gestamina.

276 949 411 976 Caeterum
428 949 516 975 oratio
541 948 574 974 de
597 954 693 974 mensa
722 946 865 973 diﬂ'eratur
892 945 1027 974 nonnihil.

241 995 374 1028 Quoniam
389 1002 452 1022 vero
467 994 651 1029 pilaticiorum
666 994 833 1020 mentionem
851 1000 930 1021 antea
958 993 1027 1020 feci-

241 1050 315 1074 mus,
329 1042 454 1069 dicamus
478 1043 553 1076 prius
573 1041 608 1068 de
624 1041 689 1074 illis,
709 1046 737 1068 ut
750 1041 926 1075 postmodum
944 1042 1028 1070 etiam

240 1087 274 1115 de
292 1095 387 1114 mensa
400 1087 577 1114 disseramus.

274 1134 361 1169 Cyrus
377 1141 504 1169 magnus,
522 1140 569 1160 rex
595 1132 753 1166 Persarum,
776 1133 848 1160 filius
877 1132 1028 1169 Cambysae,

239 1185 304 1215 post
320 1180 424 1207 obitum
441 1179 566 1215 Astyagis
583 1179 627 1206 avi
640 1180 681 1207 sui
696 1180 858 1206 haereditate
873 1180 958 1207 etiam
980 1188 1028 1207 ac.-

241 1225 356 1260 quisivit
371 1226 517 1259 imperium
536 1225 606 1260 ejus,
623 1225 677 1252 boc
692 1230 734 1252 est
752 1225 892 1252 Mcdorutn
904 1233 1028 1261 regnum.

242 1271 309 1298 Cum
324 1271 407 1306 igitur
423 1270 568 1298 Persarum
586 1279 653 1305 gens
670 1279 752 1306 parva
798 1275 870 1298 esset
897 1277 923 1299 et
946 1272 1028 1299 vitam

241 1317 411 1352 pastoritiam
431 1322 534 1352 ageret,
551 1317 650 1352 Cyrus,
667 1318 770 1344 relictis
787 1318 931 1345 Persarum
945 1319 1030 1346 mori«

243 1362 306 1395 bus,
320 1362 447 1388 utebatur
465 1361 519 1388 ritu
533 1362 765 1388 ctconsuctudiue
778 1361 929 1394 Medorum,
939 1368 1032 1398 ulpole

244 1406 333 1440 gentis
350 1413 453 1440 magna:
470 1411 497 1433 et
512 1407 671 1440 magniﬁcae.
685 1407 785 1434 Horum
801 1416 864 1434 vero
877 1408 981 1442 judices
995 1409 1032 1436 fe-

244 1453 341 1480 rebant
353 1451 406 1487 54,
421 1453 549 1487 cpiloriea
564 1461 611 1480 seu
632 1454 787 1487 super-uias,
805 1458 830 1481 et
848 1454 875 1480 in
893 1456 984 1489 capite
1000 1456 1032 1482 li-

244 1506 326 1525 neum
344 1503 449 1533 tegmen
464 1499 651 1533 phapeolidem
660 1500 836 1534 appellatum.
847 1500 885 1527 Ex
909 1501 1032 1535 quolibet

1076 256 1222 289 παύουσιν,
1234 257 1281 283 καὶ
1296 257 1426 291 ἄρχονται
1452 256 1534 283 πάλιν
1557 257 1582 283 οι
1607 255 1719 290 ψάλται,
1739 257 1860 292 προσφό-

1079 311 1142 337 ρους
1159 302 1285 335 λέγοντες
1301 303 1410 337 στίχους
1425 304 1457 337 τῇ
1475 303 1568 337 ἑορτῇ,
1586 302 1632 329 καὶ
1658 302 1717 337 μετ’
1745 302 1835 336 ὀλίγον
1850 311 1858 319 ’

1080 358 1088 373 ι
1106 349 1223 384 Χριστὸς
1239 349 1372 384 ἐγεννήθη
1382 350 1396 375 ὀ
1406 349 1505 383 στέψας
1520 357 1549 375 σε
1568 348 1692 383 βατιλὲα,
1706 358 1723 374 ›.
1735 348 1783 375 καὶ
1792 348 1862 383 μετὰ

1077 394 1157 421 τοῦτο
1176 395 1295 429 στίχους.
1313 395 1361 422 καὶ
1388 395 1469 422 πάλιν
1486 395 1553 421 αὐτὸ
1584 394 1665 429 μέχρι
1696 394 1744 421 καὶ
1767 395 1862 428 ἱκανῆς

1078 439 1162 474 ὧρας.
1179 438 1246 466 Εἶτα
1269 440 1537 475 γίνεταιὴεὐφημία
1563 441 1618 466 τῶν
1636 440 1778 474 ὀνομάτων
1807 440 1863 466 τῶν

1080 485 1214 520 βασιλέων
1230 487 1278 512 καὶ
1300 487 1354 513 τῶν
1369 486 1529 519 δεσποινῶν,
1562 484 1622 520 μεθ’
1649 486 1683 521 ἢν
1704 486 1864 521 πολυχρονί-

1080 532 1172 563 ζουσιν
1188 530 1267 563 αὖθις
1294 533 1319 558 οῑ
1334 531 1446 566 ψάλται.
1466 531 1568 558 Τούτου
1585 532 1609 559 δ’
1637 532 1677 558 ἔτι
1693 532 1862 566 ψαλλομένιυ

1080 577 1201 604 κλείουσι
1214 578 1248 604 τὰ
1266 577 1416 613 βηλόθυρα.
1435 578 1520 604 Πάλιν
1531 578 1559 604 δὲ
1573 578 1626 604 τῶν
1641 578 1766 613 ὀργάνων
1793 580 1863 612 πρὸς

1079 625 1168 658 ὀλίγον
1180 624 1319 658 ἠχούντων
1335 624 1491 650 ὲκῦαίνουσι
1516 625 1551 650 τὰ
1568 625 1723 659 φλάμουλα.
1756 625 1809 650 Καὶ
1827 625 1863 651 τὰ

1082 671 1133 706 μὲν
1149 671 1278 706 βασιλικὰ
1296 670 1501 704 διακομίζονται
1517 672 1556 702 εἰς
1578 671 1608 698 τὸ
1624 671 1863 706 βεστιάριον,δπου

1081 717 1250 752 εὑρίσκεται,
1281 717 1316 743 τά
1344 717 1372 743 δὲ
1396 717 1450 743 τῶν
1471 717 1610 752 ἀρχόντων
1641 718 1670 744 ὲν
1698 720 1755 748 τοῖς
1778 718 1864 749 οἴκοις

1082 764 1217 790 ἑκάστων.
1242 762 1391 789 Κατελθὼν
1417 763 1446 789 δὲ
1474 764 1487 789 6
1509 762 1637 797 βασιλεὺς
1655 763 1806 798 ἀπέρχεται
1825 765 1866 795 είς

1081 809 1130 842 τὴν
1147 808 1285 843 τράπεζαν
1303 808 1364 834 κατ’
1380 807 1449 840 έῡος,
1474 807 1566 842 φορῶν
1596 808 1786 843 καθημερινὴν
1805 817 1866 834 στο-

1081 855 1140 890 λὴν,
1158 857 1182 882 οἱ
1203 856 1231 882 δὲ
1248 856 1379 890 ἄρχοντες
1400 855 1434 881 τὰ
1459 855 1651 890 προρρηθέντα
1669 854 1770 881 τούτων
1785 855 1866 889 φορέ-

1082 911 1166 938 ματα.
1373 912 1379 918 ’

1122 949 1151 975 '0
1169 948 1262 983 μέντοι
1271 949 1321 983 τῆς
1333 947 1473 983 τραπέζης
1485 948 1563 982 λόγος
1573 948 1746 983 άναμεινάτω
1757 946 1864 982 μικρόν·

1080 994 1142 1021 ἐπεὶ
1157 994 1185 1020 δὲ
1200 994 1363 1020 πιλατικίων
1380 994 1624 1029 προεμνήσθημεν,
1643 994 1766 1028 είπωμεν
1794 993 1865 1020 κατὰ

1082 1039 1189 1075 πρῶτον
1205 1039 1270 1074 περὶ
1292 1040 1393 1071 αὐτῶν,
1410 1039 1509 1066 ἒπειτα
1535 1040 1578 1066 ῐνα
1603 1040 1651 1067 καὶ
1681 1040 1745 1074 περὶ
1762 1030 1864 1075 ταύτης

1080 1084 1259 1120 δηλώσωμεν.

1124 1130 1154 1156 '0
1170 1130 1258 1165 Κῦρος
1274 1132 1287 1156 ὁ
1300 1131 1397 1165 μέγας,
1409 1133 1422 1157 δ
1439 1131 1492 1158 τῶν
1505 1131 1618 1166 Περσῶν
1642 1132 1779 1166 βασιλεὺς,
1806 1132 1866 1163 υἱὸς

1080 1175 1118 1202 ὢν
1137 1176 1183 1202 τοῦ
1206 1176 1370 1210 Καμϐύσου,
1400 1177 1470 1211 μετὰ
1498 1178 1614 1205 θάνατον
1643 1178 1793 1211 Ἀστυάγου
1818 1177 1863 1204 τοῦ

1081 1222 1194 1248 πάππου
1207 1222 1290 1248 αὑτοῦ
1308 1223 1486 1257 ἐκληρώσατο
1505 1224 1551 1250 καὶ
1565 1224 1616 1257 τὴν
1645 1224 1752 1251 ἐκείνου
1777 1224 1866 1258 ἀρχὴν

1082 1267 1142 1302 ἦτοι
1156 1267 1218 1298 τοὺς
1230 1268 1350 1302 Μήδως.
1365 1268 1427 1294 Τῶν
1443 1269 1532 1295 τοίνυν
1546 1269 1659 1303 Περσῶν
1676 1269 1769 1300 ἔθνους
1780 1270 1866 1296 ὅντων

1084 1315 1196 1348 μικροῦ,
1212 1315 1259 1341 καὶ
1284 1315 1430 1350 νομαδικὸν
1448 1315 1506 1350 βίον
1524 1316 1644 1348 ζώντων,
1676 1317 1689 1343 ὁ
1715 1317 1807 1352 Κῦρος
1833 1317 1865 1351 δὴ

1081 1356 1158 1390 οἶτος
1174 1360 1208 1386 τὰ
1220 1360 1274 1386 τῶν
1293 1361 1407 1394 Περσῶν
1422 1361 1505 1396 ἔθιμα
1534 1361 1702 1395 καταλείψας
1726 1362 1783 1393 τοῖς
1811 1362 1865 1387 τῶν

1082 1406 1182 1440 Μήδων
1199 1407 1346 1441 ἐχρήσατο,
1363 1407 1483 1441 μεγάλου
1504 1407 1580 1438 ὅντος
1605 1406 1698 1439 ἔθνους
1714 1408 1762 1433 καὶ
1780 1416 1866 1442 μεγα-

1083 1451 1247 1486 λοπρεποῦς,
1264 1450 1301 1479 ὧν
1315 1452 1346 1487 δὴ
1361 1452 1385 1478 ol
1402 1453 1494 1487 κριταὶ
1509 1453 1624 1487 ἐφόρουν
1641 1453 1803 1488 ἐπιλούρικα
1819 1454 1866 1481 καὶ

1083 1498 1130 1524 ἐπὶ
1148 1498 1271 1533 κεφαλῆς
1288 1498 1456 1531 φακεωλίδα.
1475 1497 1519 1524 Ἐν
1537 1496 1582 1524 οὖν
1600 1498 1746 1534 φακεωλίῳ
1759 1498 1867 1534 ἑκάστῳ

245 1545 387 1580 pltaceolio
404 1546 539 1580 pendebat
556 1554 569 1573 a
584 1547 693 1574 sinistra
705 1553 781 1581 parte
794 1549 962 1582 mztrgellium
975 1549 1032 1576 sive

1084 1544 1221 1577 κρέματαί
1235 1552 1264 1569 τε
1276 1544 1345 1570 κατὰ
1361 1544 1391 1569 τὸ
1422 1544 1568 1579 ἀριστερὸν
1596 1545 1678 1580 μέρος
1705 1544 1868 1580 μαργέ).λιον

245 1589 352 1618 limbria
368 1598 400 1618 ex
418 1591 557 1625 margella,
576 1591 687 1618 alteram
706 1600 799 1619 aurem
816 1593 875 1628 ejus
886 1594 930 1628 qui
944 1599 1033 1628 gesta-

246 1637 292 1663 bat
308 1637 449 1671 obtegens.
462 1637 521 1670 Quo
537 1637 744 1672 signiﬁcabatur
756 1646 850 1666 aurem
862 1640 970 1672 quidem
988 1649 1032 1667 re-

246 1687 344 1709 tectam
359 1683 566 1710 acettsatoribus
579 1684 649 1715 dari,
666 1689 763 1711 tectam
782 1693 845 1712 vero
869 1693 963 1713 aurem
988 1694 1033 1713 ac-

246 1728 360 1761 cusatis,
377 1729 422 1756 sed
433 1729 603 1761 absentibus,
618 1731 762 1758 reservari.
778 1731 894 1759 Excollo
907 1733 1032 1767 judicum

247 1774 401 1809 pendebant
416 1775 440 1801 in
455 1775 551 1802 sericis
569 1776 621 1803 lilis
636 1777 775 1810 ntargellia
791 1785 858 1804 auro
869 1779 961 1806 ductili
973 1785 1032 1806 tex—

246 1823 285 1846 ta.
299 1819 453 1854 Longitudo
465 1826 523 1847 erat
539 1821 674 1855 spitbama
692 1825 792 1855 minor,
817 1825 932 1851 latitudo
954 1826 1033 1852 unius

246 1864 350 1898 palmi;
368 1872 429 1899 qua).
443 1873 489 1892 rex
506 1865 645 1894 Medorum
663 1868 777 1900 ferebat,
796 1869 923 1896 similiter
946 1874 973 1896 et
990 1871 1035 1905 ju-

247 1911 329 1938 dices.
345 1911 577 1944 Quemadmodum
597 1914 678 1948 igitur
695 1914 757 1941 olim
773 1917 1033 1944 excrcituumduces

246 1959 371 1987 ferebant
385 1964 507 1995 torques,
521 1961 567 1995 qui
581 1966 659 1987 erant
675 1961 786 1988 honoris
800 1962 916 1996 indices,
940 1964 979 1990 sic
1006 1967 1033 1991 et

246 2007 369 2040 pilalicia
386 2006 517 2033 bonoretn
544 2007 668 2042 judicunt
695 2007 916 2036 manifestabunt.
946 2010 1033 2044 Cyrus

246 2053 330 2086 igitur
352 2061 466 2087 regnum
495 2052 634 2080 Medorum
663 2053 777 2088 adeptus
805 2061 899 2081 eorum
925 2063 1033 2089 quoque

245 2101 491 2128 consuetudinibus
508 2101 648 2133 utebatur,
666 2105 694 2127 ut
707 2106 786 2127 antea
801 2101 956 2135 expositum
980 2105 1032 2128 est.

246 2147 337 2174 Armis
354 2153 418 2173 vero
434 2147 461 2173 in
477 2145 602 2181 Assyrios
611 2147 726 2180 sumptis
734 2154 828 2172 eorum
839 2147 931 2173 itidetu
951 2147 1034 2180 impe-

247 2193 316 2219 rium
343 2193 489 2226 occupavit
511 2192 600 2226 majus
612 2191 725 2226 imperio
741 2192 892 2224 Medorum,
906 2200 921 2219 a
934 2194 1033 2226 quibus

246 2239 328 2264 etiam
339 2238 485 2265 nonnullas
497 2238 707 2265 consuetudines
720 2243 860 2265 mutuatus
870 2244 910 2265 cst
925 2247 932 2271 ;
945 2246 974 2266 se
995 2239 1036 2272 ip-

247 2292 308 2311 sum
319 2291 384 2311 vero
393 2283 540 2311 Persarum
552 2291 644 2319 regem
667 2284 822 2318 appellavit,
840 2285 961 2312 tribuens
986 2285 1037 2312 hoc

247 2329 353 2364 paterni
362 2331 437 2363 regni
448 2330 556 2361 honori,
566 2330 628 2357 licet
642 2331 732 2356 minus
742 2335 813 2356 esset
823 2330 937 2364 imperio
945 2330 1038 2358 Medo-

249 2382 308 2401 rum
318 2379 344 2402 et
353 2375 540 2410 Assyriorum,
554 2380 584 2402 ut
598 2376 700 2402 dictum
716 2381 766 2403 est.
782 2375 854 2410 Ergo
868 2384 883 2402 a
897 2375 980 2404 Medis
991 2385 1037 2404 ac-

248 2421 317 2453 cepit
328 2420 496 2454 pbaceulium
513 2427 539 2447 ct
553 2421 724 2455 epiloricutn,
737 2421 771 2447 ab
785 2421 906 2456 ASsyt-iis
915 2422 1035 2448 scaraui-

248 2474 321 2498 cum,
335 2467 709 2494 cabbadiumetdraconibus
727 2467 885 2502 insignitum
905 2468 1033 2495 ﬂammu-

247 2514 304 2541 lnm
320 2522 368 2541 seu
387 2514 514 2541 vexillum
532 2523 540 2547 ;
559 2519 586 2541 et
602 2515 637 2541 ab
650 2522 683 2541 eo
700 2519 822 2549 tempore
841 2523 900 2543 mos
916 2516 1034 2542 obtinuit

249 2564 278 2588 ut
288 2567 385 2587 omnes
397 2565 458 2594 post
466 2559 566 2596 Cyrum
580 2560 782 2594 appellarentur
791 2569 868 2596 reges
878 2561 1033 2594 Persarum,

248 2614 338 2645 usque
350 2608 382 2634 ad
398 2606 609 2642 Darium,qucm
625 2616 686 2634 cum
697 2608 848 2635 Alexander
859 2607 1035 2635 Macedonum

248 2662 295 2681 rex
313 2654 472 2686 devicisset,
488 2654 591 2688 pariter
604 2659 630 2681 et
643 2662 725 2690 regno
735 2654 788 2690 55
799 2656 857 2690 ejus
869 2655 970 2689 politus
982 2659 1034 2682 est.

247 2701 370 2735 Cumque
384 2707 498 2734 magnus
513 2699 710 2726 Constantinus
723 2705 749 2726 et
765 2703 837 2731 esset
851 2703 877 2727 et
896 2699 1036 2726 diceretur

246 2748 395 2781 imperator
412 2746 798 2778 Romanorutn,‘successores
809 2745 866 2780 ejus
888 2753 975 2780 usque
1002 2745 1036 2772 ad
1050 2741 1055 2745 ’

247 2793 305 2820 lucc
317 2797 440 2828 tempora
458 2793 638 2828 imperatores
654 2791 840 2820 Romanorum
853 2793 1008 2820 salutantur
1022 2801 1029 2826 ;

246 2843 274 2866 et
289 2847 352 2868 cum
367 2840 520 2867 Alexander
534 2839 615 2866 fuerit
633 2846 679 2866 rex
697 2839 887 2870 Macedonum.
904 2839 1032 2866 Macedo-

247 2886 292 2912 ni:
307 2889 397 2913 autem
417 2886 603 2913 Romanorum
620 2885 795 2920 imperatoris
813 2887 840 2914 in
857 2886 960 2914 ditione
985 2885 1030 2918 sit,

1086 1589 1325 1625 συρματέῖνον,τὸ
1338 1590 1433 1624 ἕτερον
1463 1589 1510 1616 τοῦ
1538 1590 1685 1625 φοροῦντος
1711 1591 1765 1617 τῶν
1790 1591 1868 1618 ὢτων

1084 1637 1234 1668 καλύπτον,
1247 1636 1345 1670 δηλοῦν
1361 1636 1398 1667 ὡς
1411 1636 1441 1662 τὸ
1461 1636 1511 1670 μὲν
1526 1636 1647 1667 άσκεπὲς
1658 1636 1712 1662 τῶν
1723 1636 1870 1670 ἐγκαλούν-

1084 1692 1137 1710 των
1156 1683 1224 1716 ἐστὶ,
1245 1683 1275 1709 τὸ
1288 1682 1315 1708 δὲ
1331 1682 1500 1716 σκεπόμενον
1523 1680 1570 1713 οὖς
1592 1681 1647 1707 τῶν
1665 1682 1870 1716 κατηγορουμέ-

1084 1739 1137 1756 νων
1154 1730 1212 1763 μὲν,
1243 1729 1280 1764 μὴ
1304 1729 1448 1763 παρόντων
1464 1728 1503 1754 δέ.
1528 1728 1590 1755 Ἐπὶ
1613 1728 1642 1754 δὲ
1662 1728 1868 1764 τραχήλου-τῶν

1085 1775 1187 1810 κριτῶν
1204 1775 1360 1810 ἐκρέμαντο
1372 1774 1418 1800 δύο
1441 1773 1502 1800 τινὰ
1521 1774 1563 1800 διὰ
1580 1773 1710 1799 σιτανίων
1726 1773 1869 1800 πιλατίκια

1084 1821 1231 1856 λεγόμενα,
1254 1822 1325 1855 ἂπερ
1346 1821 1400 1846 εἰσὶ
1418 1820 1570 1855 μαργέλλια
1586 1820 1655 1854 μετὰ
1669 1819 1820 1854 σύρματος,
1840 1820 1870 1845 τδ

1087 1868 1136 1903 μὲν
1152 1870 1238 1903 μῆκος
1255 1867 1396 1901 σπιθαμῆς
1419 1867 1538 1899 ἔλαττον,
1556 1867 1586 1892 τὺ
1611 1866 1640 1892 δὲ
1662 1866 1764 1897 πλάτος
1783 1867 1872 1893 παλα-

1087 1917 1184 1950 μιαῖον.
1199 1914 1319 1940 ’Ἂτιναὸ
1330 1913 1383 1939 τῶν
1397 1913 1497 1947 Μήδων
1509 1912 1604 1946 ἐφόρει
1619 1912 1761 1947 βασιλεὺς,’
1770 1912 1871 1946 ὁμοίως

1085 1962 1132 1988 καὶ
1148 1961 1173 1987 οἱ
1189 1950 1293 1995 κριτέί.
1310 1960 1415 1993 Ὥσπερ
1430 1957 1476 1986 οὖν
1495 1959 1610 1992 ἐφόρουν
1634 1959 1716 1984 πάλαι
1745 1959 1770 1984 οί
1791 1967 1872 1991 στρα-

1085 2007 1164 2042 τηγοὶ
1182 2006 1314 2040 στρεπτὰ,
1339 2006 1388 2040 τὴν
1407 2005 1489 2040 τιμὴν
1506 2005 1610 2031 τούτων
1634 2004 1775 2039 δηλοῦντα,
1801 2004 1872 2030 οὕτω

1085 2055 1133 2081 καὶ
1149 2054 1185 2080 τὰ
1200 2052 1343 2082 πιλατίκια
1360 2052 1409 2083 τὴν
1431 2051 1514 2086 τιμὴν
1536 2051 1592 2078 τῶν
1615 2050 1718 2086 κριτῶν
1747 2049 1869 2084 ἐδήλουν.

1090 2101 1121 2128 Ὀ
1138 2100 1229 2126 τοίνυν
1246 2099 1336 2133 Κῦρος
1347 2097 1460 2133 τὴντῶν
1474 2098 1575 2132 Μήδων
1590 2098 1677 2132 ἀρχὴν
1687 2096 1869 2131 κτησάμενος,

1086 2146 1124 2178 ὼς
1135 2146 1296 2180 δεδήλωται,
1313 2144 1360 2171 καὶ
1378 2145 1434 2175 τοῖς
1450 2144 1524 2170 ἔθεσι
1550 2143 1654 2170 τούτων
1679 2144 1794 2178 ἐχρῆτο·
1822 2151 1871 2169 πο-

1086 2193 1114 2219 λε
1120 2193 1156 2227 μή
1162 2201 1210 2222 σας
1226 2191 1253 2217 δὲ
1275 2191 1370 2217 ἔπειτα
1380 2190 1427 2217 καὶ
1437 2190 1491 2221 τοῖς
1508 2190 1663 2224 Ἀσσυρίοις
1673 2197 1704 2215 συ
1710 2189 1870 2224 μπαρέλαὸε

1090 2239 1138 2273 μὲν
1157 2239 1206 2265 καὶ
1222 2238 1270 2272 τὴν
1286 2237 1389 2263 τούτων
1410 2236 1508 2271 ἀρχὴν,
1528 2235 1613 2270 μείζω
1638 2235 1687 2269 τῆς
1701 2234 1755 2260 τῶν
1770 2235 1871 2270 Μήδων

1087 2285 1183 2314 οὖσαν,
1201 2284 1248 2318 ἀφ’
1265 2280 1302 2309 ὦν
1317 2282 1364 2308 καί
1387 2290 1449 2308 τινα
1465 2281 1567 2307 τούτων
1584 2281 1665 2316 ἔθιμα
1684 2280 1790 2312 ἐλαϐεν,
1807 2281 1871 2306 ἑαυ-

1087 2331 1133 2356 τὸν
1148 2330 1175 2356 δὲ
1189 2329 1301 2365 βασιλέα
1327 2329 1440 2364 Περσῶν
1463 2326 1589 2362 ὠνόμαζε
1610 2327 1693 2361 τιμῆς
1716 2327 1798 2353 ἕνεκα
1823 2326 1873 2361 τῆς

1089 2375 1134 2401 τοῦ
1151 2375 1254 2410 πατρὸς
1269 2373 1368 2408 ἀρχῆς,
1384 2373 1408 2398 εἰ
1423 2372 1470 2398 καὶ
1483 2372 1537 2397 τῶν
1553 2371 1654 2406 Μήδων
1677 2370 1724 2396 καὶ
1741 2370 1795 2396 τῶν
1809 2369 1872 2396 Ἀσ-

1090 2422 1191 2456 συρίων
1211 2421 1330 2447 ἐλάττων
1346 2417 1380 2454 ἦν
1396 2419 1477 2452 αὑτὴ,
1493 2418 1531 2449 ὡς
1557 2418 1675 2452 εἴρηται.
1688 2417 1744 2443 Καὶ
1754 2416 1808 2442 ἀπὸ
1823 2416 1872 2451 μὲν

1087 2468 1138 2501 ﬁt;
1155 2467 1210 2493 τῶν
1224 2466 1326 2500 Μήδων
1339 2466 1428 2500 ἀρχῆς
1446 2464 1527 2490 ἔλαϐε
1551 2463 1582 2490 τό
1599 2471 1628 2489 τε
1659 2462 1813 2496 φακεώλιον
1827 2462 1873 2488 καὶ

1087 2505 1318 2546 eumeum“,
1353 2511 1406 2537 ἀπὸ
1434 2510 1462 2536 δὲ
1490 2511 1538 2544 τῆς
1571 2509 1626 2535 τῶν
1654 2508 1808 2543 Ἀσσυρίων
1843 2507 1873 2532 τδ

1090 2559 1259 2592 σκαράνικον
1273 2558 1304 2583 τό
1319 2565 1347 2583 τε
1360 2556 1509 2583 καῧϐἁδιον
1521 2555 1606 2581 καὶτὸ
1616 2554 1791 2590 δρακόντειον
1807 2552 1874 2586 φλά-

1089 2604 1200 2639 μυνλον.
1225 2604 1280 2630 Καὶ
1305 2603 1398 2629 ἔκτοτε
1419 2601 1591 2636 ἐπεκράτησε
1604 2601 1667 2631 τοὺς
1698 2600 1766 2634 μετὰ
1783 2599 1873 2634 Κῦρον

1087 2651 1193 2682 πάντας
1211 2650 1339 2685 βασιλέας
1355 2648 1499 2674 καλεῖσθαι
1517 2647 1640 2683 Περσῶν,
1661 2646 1742 2681 μέχρι
1763 2647 1808 2672 καὶ
1827 2645 1873 2672 τοῦ

1088 2697 1215 2731 Δαρείου,
1233 2696 1262 2722 ὃν
1293 2694 1555 2729 καταστρεψάμενος
1589 2692 1765 2726 Ἀλέξανδρος
1785 2691 1798 2717 ὁ
1819 2691 1874 2717 τῶν

1088 2744 1250 2771 Μακεδόνων
1272 2742 1398 2777 βασιλεὺς
1415 2741 1478 2775 ἔσχε
1500 2740 1550 2774 τὴν
1564 2739 1653 2774 ἀρχὴν
1668 2738 1777 2765 τούτου.
1794 2737 1873 2763 Ἐπεὶ

1088 2790 1115 2816 δὲ
1129 2791 1142 2816 ὁ
1157 2789 1243 2824 μέγας
1257 2787 1466 2818 Κωνσταντῖνος
1491 2786 1538 2812 καὶ
1552 2783 1586 2821 ἦν
1602 2785 1650 2811 καὶ
1670 2784 1779 2817 ἐλέγετο
1797 2783 1872 2818 βασι-

1087 2835 1150 2866 λεὺς
1173 2834 1331 2869 Ῥωμαίων,
1345 2833 1463 2869 βασιλεῖς
1476 2833 1530 2859 τῶν
1557 2832 1702 2866 Ῥωμαίων
1721 2829 1870 2857 καλοῦνται

1090 2882 1171 2917 μέχρι
1187 2881 1233 2908 τοῦ
1251 2880 1297 2907 νῦν
1311 2880 1358 2906 καὶ
1374 2881 1398 2906 οἱ
1412 2879 1519 2907 ἐκείνου
1530 2878 1647 2913 διάδοχοι
1671 2876 1802 2912 βασιλεῖς.
1819 2875 1875 2902 Καὶ
