2039 3148
234 186 240 193 .
270 163 306 194 90
875 160 1006 190 CODINI
1022 158 1285 190 CUROPALATJ‘.‘

1847 156 1896 188 100

271 227 335 248 scns
355 224 407 252 est,
423 217 554 254 inmagui
585 218 725 245 domestici
752 218 869 245 tentorio
895 218 968 246 tubis
993 218 1055 244 dam

1113 217 1139 242 :‘i
1154 216 1289 250 φοσσάτον
1313 213 1507 249 εὑρισκομένου
1524 214 1563 243 εἰς
1582 213 1630 248 τὴν
1648 212 1695 239 τοῦ
1716 212 1837 248 μεγάλου
1852 213 1895 239 δο-

227 262 235 272 ³
274 267 373 295 castris
391 265 533 293 movendis
552 265 677 299 signum:
703 272 820 297 cumque
854 269 985 298 prmsentc
1011 264 1061 290 im-

273 316 398 348 peratore
407 313 480 339 acies
490 311 626 346 dirigitur,
645 311 732 345 magni
747 310 892 337 domestici
909 318 1008 337 munus
1019 314 1062 337 est

273 359 426 393 disponere,
443 358 553 393 quinam
567 362 638 387 ante.
661 357 706 391 qui
723 362 806 397 retro,
819 357 919 392 quique
930 364 962 383 ex
979 356 1062 382 latere

273 407 415 433 stationem
434 406 532 432 habere
555 405 679 432 debeant.
692 403 841 437 Imperator
852 409 915 430 vero
925 401 1062 430 examinat

267 451 427 485 "huiusmodi
451 451 574 478 ordinem
602 458 633 478 ac
654 450 871 485 dispositionem.

312 581 411 609 Omnia
428 588 570 615 procerum
587 579 736 610 llammula,
753 585 899 613 antequam
915 578 1062 613 imperato-

273 628 314 655 ria
356 627 535 661 explicentur,
570 626 688 666 involuta
723 630 835 651 manent
863 632 947 659 prope
976 625 1061 658 impe-

274 675 407 701 ratorium
435 673 553 708 signum.
578 672 704 707 qmnlihel
730 672 755 697 in
781 671 837 697 suis
860 672 1062 705 thecis;neque

274 720 430 747 facultatem
449 718 548 745 habent
565 725 595 745 ea
617 718 692 752 prius
704 717 858 752 explicandi
885 725 965 751 quam
978 718 1063 752 expli-

278 769 376 792 centur
400 763 587 798 imperatoria.
615 763 649 790 At
683 770 797 798 magnus
831 763 998 790 domesticus
1015 771 1062 798 po-

274 814 401 838 testatein
437 809 518 836 habet
552 809 705 843 explicandi
742 816 802 841 Sua,
839 809 949 842 quando
974 809 1061 843 lubet,

275 855 434 891 etiamante
450 855 635 888 imperatoria.
962 850 965 854 “

312 900 443 927 Praeterea
467 900 576 934 quando
604 903 695 926 castra
720 906 829 927 movere
855 900 1061 934 exercitumque
1079 896 1098 922 Β

277 945 332 972 allo
362 945 496 979 proﬁcisci
521 951 661 972 necessum
686 949 739 976 est,
759 944 903 978 praefectus
923 945 1061 971 exercitus

275 992 420 1023 antecedit,
435 995 462 1018 et
478 990 552 1025 eligit
568 997 712 1024 quemnam
733 990 792 1025 ipse
818 995 910 1025 aptum
936 991 1061 1019 tentoriis

274 1037 331 1072 84
349 1036 464 1071 ﬁgendis
477 1028 640 1071 judicaverit
659 1036 761 1064 locum.
789 1035 817 1063 Si
841 1037 925 1069 igitur
946 1045 1061 1071 magnus

277 1091 386 1118 quoque
401 1083 569 1110 domesticus
583 1082 672 1109 locum
700 1082 840 1116 approbet,
867 1082 935 1109 bene
960 1083 1060 1111 habet:

274 1131 318 1156 sin
336 1129 437 1158 minus.
467 1132 556 1155 castra
579 1128 704 1154 locantur
720 1127 764 1154 ubi
787 1128 845 1162 ipse
863 1128 1020 1160 censuerit;
1036 1133 1063 1156 et

276 1174 371 1201 nullus
389 1169 441 1200 iter
457 1173 663 1207 initantequam
679 1179 792 1207 magnus
809 1173 976 1201 domesticus
999 1175 1062 1202 uni-

273 1220 374 1253 cuique
385 1219 523 1246 tlammulo
538 1219 745 1246 convenientem
756 1219 846 1247 locum
859 1220 990 1255 assignet.

314 1265 477 1299 Priusquam
502 1265 641 1293 exercitus
659 1265 685 1292 in
713 1265 784 1292 viam
809 1273 839 1294 se
862 1266 919 1298 dat,
947 1275 1062 1302 magnus

274 1311 441 1346 druugarius
461 1311 561 1345 vigilia:
573 1311 714 1338 constituit
724 1312 836 1340 diurnas
850 1313 966 1347 vigilias,
981 1318 1063 1348 prout

275 1365 290 1384 a
310 1365 407 1391 magno
419 1357 569 1384 domestico
583 1357 738 1384 ordinatum
755 1362 816 1389 est;
832 1362 858 1391 et
876 1359 922 1391 qui
940 1359 1060 1387 interdiu

275 1403 399 1438 vigilant.
430 1403 521 1430 statim
550 1409 580 1430 se
607 1402 639 1429 ad
666 1404 787 1438 vigiliam
819 1404 976 1432 conferunt.
1005 1406 1062 1433 Mo-

279 1449 317 1477 ris
337 1453 427 1476 autem
450 1453 492 1477 est
517 1454 546 1477 ut
567 1451 703 1478 exercitus
732 1451 810 1483 levis,
838 1451 889 1479 hoc
915 1456 958 1479 est
990 1453 1063 1480 mili-

277 1499 321 1522 tes
351 1494 417 1521 levis
449 1500 612 1528 armaturas,
647 1497 695 1524 has
720 1497 849 1524 excubias
887 1497 1003 1530 obeant,
1029 1505 1062 1525 eo

275 1539 352 1574 quod
375 1547 456 1568 arcus
475 1539 582 1574 lerant;
609 1542 655 1576 qui
683 1542 763 1569 etiam
780 1550 795 1570 a
814 1543 956 1571 nocturnis
980 1551 1062 1571 excu-

275 1585 332 1612 'l,iis
359 1592 466 1619 semper
489 1591 553 1613 sunt
578 1585 667 1614 liberi.
686 1587 726 1614 Ad
753 1587 814 1614 illos
837 1595 907 1614 vero
920 1587 967 1622 qni
995 1595 1060 1615 noc-

276 1635 372 1658 turnas
386 1630 494 1666 vigilias
510 1632 596 1658 acturi
609 1637 683 1664 sunt.
694 1632 786 1660 abiens
797 1638 860 1661 ante
876 1634 1060 1668 vespertinum

276 1681 385 1711 tempus
400 1685 516 1711 magnus
536 1677 702 1713 drungarius
713 1679 753 1706 sic
768 1687 814 1708 eos
827 1679 926 1708 aﬁ‘atur
939 1690 945 1708 :
965 1690 975 1708 ι
995 1681 1061 1708 Pro-

276 1729 363 1752 ceres,
373 1722 459 1757 parati
471 1727 566 1756 estote,
576 1729 679 1751 cogitate
699 1729 726 1752 et
734 1725 795 1753 date
807 1726 935 1760 pabulum
945 1727 1035 1762 equis;
1048 1736 1058 1753 ι

278 1775 396 1802 cumque
414 1768 579 1801 pnelinitum
607 1769 786 1797 excubiarum
814 1775 920 1806 tempus
940 1773 1061 1806 advenit,

277 1811 377 1838 emittit
392 1812 453 1839 illos
472 1819 505 1839 ex
523 1807 630 1840 castris.
656 1813 766 1847 Deinde,
785 1816 808 1842 si
828 1823 942 1851 magnus
968 1818 1062 1845 dome-

276 1856 363 1883 sticus
379 1857 460 1888 volet,
478 1857 545 1889 abit,
565 1863 594 1885 et
615 1859 703 1886 cuivis
724 1859 824 1893 locum,
847 1861 893 1888 ubi
906 1864 1061 1891 consultant

273 1900 446 1936 iudicaverit,
465 1903 579 1938 ipsemet
593 1905 725 1940 assignat.
744 1906 792 1934 Sin
813 1908 914 1939 minus,
933 1909 1003 1937 hanc
1014 1917 1062 1938 cu-

276 1954 334 1974 ram
353 1948 501 1975 committit
527 1956 625 1984 magno
651 1950 810 1984 drungario,
834 1952 880 1986 qui
901 1953 928 1979 in
953 1954 1004 1981 hac
1034 1963 1062 1983 re

277 1994 441 2028 perlicienda
457 1995 518 2029 ejus
533 1996 657 2023 minister
671 2003 713 2024 est
727 2002 754 2024 et
771 1999 900 2026 vicarius.
914 1999 998 2027 Debet
1012 2008 1062 2028 au-

274 2043 328 2066 tem
349 2040 401 2067 iste
413 2041 446 2068 ad
462 2043 607 2075 praedictas
621 2048 768 2070 nocturnas
782 2045 912 2072 excubias
924 2054 984 2073 sese
998 2055 1064 2074 con-

276 2085 356 2117 ferre,
375 2094 476 2121 easque
493 2088 639 2116 observare
664 2094 690 2116 et
707 2097 771 2116 num
797 2097 871 2118 recte
892 2100 921 2118 se
944 2093 1062 2120 habeant.

272 2131 409 2166 judicare.
427 2132 460 2158 Et
474 2133 495 2160 si
509 2134 618 2167 quidem
633 2142 717 2170 prope
731 2136 767 2163 sit
779 2136 878 2168 hostis.
891 2146 943 2165 non
958 2143 1060 2166 tantum

277 2176 373 2207 semel,
385 2178 430 2203 sed
445 2182 470 2203 et
480 2178 521 2204 bis
533 2179 585 2205 hoc
595 2178 684 2206 lacere
699 2180 815 2214 oportet.
828 2181 857 2208 Si
872 2189 935 2209 vero
948 2183 984 2210 sit
996 2188 1063 2210 tem-

278 2229 329 2255 pus
344 2222 444 2255 quit-tis
459 2226 486 2249 et
504 2223 690 2257 rclaxationis,
706 2226 789 2252 semel
812 2226 886 2254 facit.

311 2266 365 2300 85
381 2267 492 2302 Magnus
506 2268 702 2300 Vaduumiastcs
720 2272 795 2298 adest
813 2276 840 2299 et
858 2273 927 2306 ipse.
952 2274 1062 2308 quando

271 2311 413 2339 exercitus
437 2320 452 2339 a
470 2321 568 2348 magno
591 2314 739 2343 domestico
769 2317 911 2345 lustratur.
937 2318 964 2346 Si
985 2328 1063 2354 repe-

273 2356 384 2383 riantur
399 2358 445 2391 qui
459 2363 569 2385 careant
581 2360 659 2394 equis
678 2362 717 2387 vel
729 2363 813 2389 armis
832 2363 980 2397 aliquibus,
997 2373 1062 2392 eon-

274 2403 390 2437 signatis
407 2403 566 2433 nominibus
583 2412 660 2434 curat
674 2412 703 2434 ut
717 2416 780 2442 quae
792 2409 891 2438 desunt
913 2411 1059 2446 supplean-

276 2454 332 2475 tur.

310 2537 410 2564 Omnes
432 2537 524 2571 igitur.
546 2538 595 2573 ipsi
614 2539 694 2566 etiam
723 2541 894 2575 imperatoris
916 2544 972 2576 lilii,
995 2545 1061 2580 rigi-

275 2583 333 2609 lant
346 2591 407 2609 cum
425 2583 481 2609 illis
497 2591 566 2618 quos
581 2585 631 2611 sub
650 2594 678 2613 se
697 2587 807 2615 habent.
823 2588 857 2615 At
882 2597 996 2625 magnus
1012 2593 1061 2618 do-

275 2629 405 2656 mesticus
426 2637 576 2664 nunquam.
594 2631 672 2659 [latio
689 2638 730 2659 est
746 2633 816 2660 ista:
840 2635 904 2669 quia
920 2643 981 2662 cum
1001 2637 1061 2671 qui-

275 2674 340 2701 libet
356 2683 389 2702 ex
406 2675 467 2701 aliis
483 2675 641 2709 proceribus
658 2681 683 2704 et
699 2678 814 2706 ducibus
830 2680 865 2708 sit
880 2685 984 2708 tantum
998 2690 1061 2717 pars

274 2720 422 2751 exercitus,
439 2728 552 2755 magnus
562 2726 652 2748 autem
665 2722 832 2752 domesticus
843 2727 971 2754 universo
983 2735 1062 2756 excr-

272 2765 340 2792 ritui
354 2766 478 2800 imperet,
495 2771 523 2792 ut
541 2768 642 2794 dictum
655 2774 707 2800 est,
723 2774 829 2804 oportet
843 2776 871 2798 ut
884 2779 991 2807 semper
1004 2774 1060 2801 uni-

275 2819 382 2838 versum
400 2812 549 2839 exercitum
562 2813 641 2840 obeat
653 2819 679 2841 ct
691 2822 785 2843 omnes
797 2816 824 2842 in
835 2811 956 2845 ordinem
970 2825 1059 2855 cogat,

274 2865 308 2885 ne
325 2858 347 2884 si
363 2857 487 2886 fortassis
506 2859 623 2886 hOstium
646 2861 762 2889 iusultus
785 2862 900 2896 oriatur,
923 2867 1058 2895 exercitus

1114 261 1242 296 μεστίκου
1257 261 1352 287 τένταν
1366 260 1528 291 σαλπίζουσι
1543 260 1573 286 τὸ
1583 259 1633 293 τῆς
1645 259 1779 293 κινήσεως
1792 261 1897 294 σήμαν-

1112 316 1186 342 egw.
1213 307 1268 333 Καὶ
1286 307 1366 333 ὁπότε
1398 305 1478 340 ήτοῦ
1501 308 1636 340 φοσσάτου
1656 305 1825 335 κατάστασις
1846 305 1895 339 ἔμ-

1113 352 1230 388 προσθεν
1253 352 1358 386 γίνεται
1386 351 1434 378 τοῦ
1465 351 1608 386 βασιλέως,
1635 351 1669 378 δι’
1686 351 1768 377 αὑτοῦ
1792 351 1820 377 δὲ
1848 350 1897 377 τοῦ

1113 398 1233 432 μεγάλου
1262 397 1423 432 δομεστίκου
1447 398 1612 431 ἐνεργεῖται,
1639 398 1722 432 ἤγουν
1748 396 1820 428 τίνες
1849 397 1898 430 μὲν

1112 444 1278 479 ἔμπροσθεν,
1295 443 1366 470 τίνες
1385 443 1407 469 δ’
1424 443 1457 469 αὖ
1484 444 1514 468 ὲκ
1539 443 1662 475 πλαγίων
1684 442 1836 473 ὀφείλουσιν
1853 442 1899 468 εὖ·

1114 489 1267 523 ρίσκεσθαι.
1291 489 1321 515 Ὀ
1345 489 1371 516 δὲ
1388 489 1517 524 βασιλεὺς
1536 489 1673 524 ὲπικρῐνει
1697 488 1746 523 τὴν
1769 487 1899 521 τοιαύτην

1113 535 1293 562 κατάστασιν.

1148 581 1188 608 Τὰ
1202 581 1255 607 τῶν
1269 581 1409 616 ἀρχόντων
1437 581 1546 608 ἅπαντα
1559 580 1704 615 φλάμουλα
1727 580 1780 614 πρὸ
1801 580 1848 607 τοῦ
1863 581 1900 607 τὰ

1114 626 1242 662 βασιλικὰ
1259 626 1474 661 ἀποτολιχοῆναι
1497 626 1708 660 ἑντετυλιγμένα
1723 625 1899 660 εὑρίσκονται

1114 673 1227 707 πλησίον
1239 672 1286 699 τοῦ
1304 673 1456 707 σκήπτρου,
1476 673 1504 698 ὲν
1517 672 1577 702 ταῖς
1590 671 1696 697 ἑαυτῶν
1716 671 1832 697 ἕκαστον
1849 672 1899 705 θή-

1114 727 1187 753 καις,
1205 720 1254 746 καὶ
1276 719 1327 744 οὐκ
1351 719 1460 753 ἔχουσιν
1483 718 1528 744 ἐπ’
1547 718 1639 749 ἀδείας
1661 717 1746 744 ταῦτα
1771 717 1900 744 ἁπλῶσαι

1114 752 1167 801 προ
1183 765 1238 791 τῶν
1257 752 1406 800 βασιλικνῶν
1417 773 1425 780 ο
1442 766 1456 791 ὁ
1470 764 1497 791 δὲ
1508 757 1510 759 ’
1521 764 1608 799 μέγας
1621 763 1782 796 ὃομέστικος
1804 763 1900 790 ἄδειαν

1114 810 1170 845 ἔχει
1187 810 1344 843 ὲξαπλῶσαι
1368 811 1402 836 τὰ
1424 809 1533 842 ἑαυτοῦ,
1558 810 1602 836 ὅτε
1625 809 1757 844 βούλοιτο,
1773 809 1821 836 καὶ
1845 809 1901 844 πρὸ

1113 856 1168 880 τῶν
1184 854 1344 889 βασιλικῶν.

1149 900 1209 926 Ἔτι
1218 901 1299 930 ἡνίκα
1310 901 1402 935 δεήσει
1413 900 1545 933 πεζεῦσαι
1557 900 1587 927 τὸ
1598 899 1743 935 φοσσάτον,
1757 899 1902 934 προαπέρ-

1113 954 1189 980 χεται
1207 946 1221 971 6
1235 947 1282 972 ἐπὶ
1301 945 1348 973 τοῦ
1365 946 1493 982 στρατοῦ,
1512 947 1561 973 καὶ
1579 947 1722 981 ἐκλέγεται
1738 945 1751 972 ὃ
1770 946 1805 973 ἃν
1819 945 1901 977 αὐτὸς

1112 993 1245 1031 διακρίνοι
1260 994 1481 1020 κατουνοτόπιον.
1502 992 1567 1020 Ἐὰν
1584 993 1632 1028 μὲν
1652 992 1700 1020 οὖν
1713 993 1762 1019 καὶ
1781 993 1796 1019 ὁ
1812 993 1902 1027 μέγας

1112 1038 1272 1073 δομέστικος
1289 1039 1388 1076 στέρξῃ
1404 1039 1493 1072 τοῦτο,
1506 1039 1555 1075 ἤδη
1570 1039 1652 1066 καλόν
1664 1047 1672 1055 ’
1689 1039 1713 1066 εἰ
1728 1039 1756 1065 δὲ
1770 1039 1819 1074 μὴ,
1833 1039 1901 1065 ἔνθα

1113 1083 1146 1110 ἂν
1160 1084 1237 1115 οὗτος
1264 1085 1409 1121 διακρίνοι,
1439 1086 1659 1124 στρατοπεδεύει.
1681 1086 1737 1113 Καὶ
1750 1085 1791 1112 ὅτι
1808 1085 1901 1117 οὐδεὶς

1114 1130 1168 1165 πρὸ
1195 1130 1242 1157 τοῦ
1274 1131 1320 1157 τὸν
1345 1131 1432 1166 μέγαν
1457 1131 1618 1166 δομέστικον
1634 1132 1674 1158 ἐνὶ
1697 1131 1806 1167 ἑκάστῳ
1829 1133 1901 1166 φλα-

1115 1176 1207 1211 μούλῳ
1221 1177 1267 1203 τὸν
1283 1178 1459 1212 προσήκοντα
1473 1178 1566 1204 δοῦναι
1581 1177 1664 1204 τόπον
1680 1177 1801 1210 πεζεύει.

1149 1264 1205 1300 Πρὸ
1225 1264 1271 1291 τοῦ
1289 1265 1421 1298 πεζεῦσαι
1431 1265 1461 1292 τὸ
1472 1266 1607 1299 φοσσάτον
1621 1266 1808 1301 ἀπερχόμενος
1820 1266 1835 1292 ὁ
1848 1266 1898 1302 τῆς

1114 1309 1209 1345 βίγλης
1230 1311 1318 1346 μέγας
1337 1311 1518 1347 δρουγγάριος
1539 1313 1684 1348 καθίστησι
1704 1313 1732 1339 τὸ
1749 1314 1901 1348 λεγόμενον

1114 1357 1316 1392 ἠμερισὶγλιον,
1345 1359 1382 1390 ὡς
1411 1359 1488 1393 παρὰ
1514 1359 1561 1385 τοῦ
1589 1359 1711 1394 μεγάλου
1737 1359 1900 1395 δομεστίκου

1114 1403 1297 1437 προσετάχθη.
1315 1404 1370 1431 Καὶ
1386 1404 1410 1429 ol
1429 1405 1479 1438 μὲν
1496 1404 1602 1440 ἡμέρας
1628 1404 1797 1440 βιγλίσοντες
1812 1406 1902 1441 ἀπέρι

1114 1456 1208 1483 χονται
1222 1449 1262 1480 είς
1279 1448 1329 1483 τὴν
1343 1448 1438 1483 βίγλαν
1455 1450 1554 1476 αὐτίκα
1571 1451 1752 1486 (ἀπέρχεσθαι
1770 1452 1799 1478 δὲ
1815 1452 1900 1487 σύνη-

1115 1493 1160 1525 θές
1174 1495 1232 1519 ἐστι
1254 1496 1387 1527 quaedam
1411 1495 1528 1530 ἐλαφρὸν
1546 1496 1591 1522 διὰ
1605 1496 1635 1523 τὺ
1655 1497 1721 1529 τόξα
1739 1497 1834 1532 φέρειν
1851 1499 1901 1525 αὖ·

1113 1539 1193 1571 τούς·
1205 1540 1230 1566 οἳ
1245 1541 1292 1566 καὶ
1312 1541 1438 1576 οὐδαμῶς
1457 1542 1528 1568 κατὰ
1553 1543 1602 1576 τὴν
1618 1543 1704 1569 νύκτα
1723 1543 1899 1579 βιγλίζουσι),

1115 1585 1182 1618 πρὺς
1194 1585 1223 1611 δὲ
1240 1586 1304 1617 τοὺς
1321 1586 1402 1614 αὐτὸν
1416 1587 1462 1614 τὸν
1477 1588 1571 1622 καιροί
1584 1589 1634 1623 τῆς
1653 1588 1749 1622 νὺκτὺς
1763 1590 1900 1624 βιγλῖσονί-

1113 1640 1160 1661 τας
1176 1632 1362 1666 ἀπερχόμενος
1375 1629 1452 1663 οὗτος
1466 1633 1497 1667 δὴ
1519 1635 1533 1660 ὁ
1550 1634 1637 1668 μέγας
1649 1635 1830 1669 δρουγγάριος
1845 1637 1900 1671 πρὸ

1113 1677 1161 1711 ’τῆς
1185 1677 1233 1703 τοῦ
1249 1677 1363 1705 δειλινοῦ
1388 1679 1463 1714 ὥρας
1491 1680 1563 1714 λέγει
1581 1680 1668 1713 οὕτως
1681 1689 1687 1697 ·
1706 1690 1717 1707 ε
1737 1682 1899 1717 Ἄρχοντες,

1113 1723 1495 1764 ἑτοιμάσοητεκδειπνήσατε.
1513 1726 1560 1753 καὶ
1579 1727 1639 1753 δότε
1662 1727 1764 1762 τροφὴν
1777 1730 1831 1759 τοῖς
1857 1729 1901 1755 ἴπ-

1114 1777 1186 1800 ποις.
1205 1778 1214 1794 ι
1235 1770 1290 1796 Καὶ
1316 1770 1381 1797 ὅταν
1411 1773 1425 1798 ό
1451 1773 1620 1808 τεταγμένος
1636 1776 1684 1800 καὶ
1709 1775 1823 1810 πρέπων
1850 1777 1898 1810 τῆς

1115 1814 1211 1849 βίγ).ης
1224 1815 1288 1851 ἔλθῃ
1305 1817 1411 1852 καιρὸς,
1435 1817 1563 1844 ἑκὸάλλει
1585 1819 1696 1850 τούτους
1713 1819 1760 1846 τοῦ
1785 1828 1899 1855 στρατο-

1113 1861 1206 1889 πέδου.
1224 1862 1340 1890 Ἔπειτα
1355 1864 1379 1890 εἰ
1401 1864 1451 1898 μὲν
1462 1865 1476 1891 ὁ
1493 1866 1579 1899 μέγας
1592 1865 1752 1901 δομέστικος
1770 1866 1898 1902 ἐθελήσῃ.

1113 1907 1264 1942 ἀπέρχεται
1284 1908 1331 1934 καὶ
1349 1909 1441 1945 ἵστησι
1464 1911 1576 1943 τούτους
1593 1911 1627 1938 δι’
1653 1912 1760 1944 ἑαυτοῦ,
1783 1913 1853 1940 ὅπου
1867 1915 1901 1940 ἂν

1112 1953 1246 1988 διακρίνοι
1260 1962 1268 1969 ·
1285 1955 1309 1980 εἰ
1322 1954 1350 1980 δὲ
1365 1957 1412 1990 μὴ,
1428 1956 1573 1992 ἀνατίθησι
1587 1957 1625 1993 τῷ
1642 1960 1753 1994 μεγάλῳ
1765 1959 1901 1994 δρουγγα-

1114 1998 1163 2034 ρῖῳ
1177 2000 1207 2026 τδ
1227 2000 1291 2035 περὶ
1303 2000 1408 2033 τούτου,
1422 2002 1450 2034 ὃς
1468 2004 1516 2029 καὶ
1539 2004 1671 2039 ὑπηρετεῖ
1687 2006 1766 2032 τοῦτο
1779 2007 1836 2033 ἀντ’
1851 2008 1899 2033 αὺ-

1111 2043 1170 2071 τοῦ.
1192 2044 1307 2079 Ὀφειλει
1331 2043 1360 2072 δὲ
1379 2046 1457 2078 οὗτος
1478 2049 1650 2083 ἀπέρχεσθαι
1666 2050 1735 2085 πρὸ;
1758 2051 1807 2085 τὴν
1821 2053 1901 2086 εἰρη-

1114 2089 1199 2124 μένην
1213 2090 1263 2125 τῆς
1279 2093 1377 2124 νυκτὸς
1391 2093 1488 2128 βίγλαν
1505 2097 1552 2122 καί
1566 2096 1710 2131 ἐπιτηρεῖν
1723 2098 1769 2123 καὶ
1784 2099 1900 2134 ἀνακρί-

1113 2143 1169 2161 νειν
1189 2137 1285 2171 αὑτήν.
1304 2137 1358 2164 Καὶ
1383 2139 1472 2174 εἰμὲν
1497 2141 1580 2175 ἐγγύς
1603 2142 1660 2168 ἐστι
1683 2143 1832 2179 πολεμίων,
1850 2146 1900 2180 οὐχ

1113 2180 1187 2214 ἅπαξ
1208 2183 1301 2217 μόνον,
1313 2184 1381 2210 ἀλλὰ
1394 2186 1443 2211 καὶ
1459 2185 1509 2217 δίς·
1527 2187 1552 2212 εί
1566 2187 1588 2213 δ’
1601 2188 1718 2220 ἀνέσεως
1734 2190 1776 2225 εἴη
1791 2190 1899 2226 καιρὸς,

1115 2227 1188 2261 ἅπαξ
1207 2229 1287 2256 τοῦτο
1307 2232 1389 2257 ποιεῖ.

1155 2274 1183 2300 '0
1202 2274 1229 2301 δὲ
1257 2276 1342 2310 μέγας
1360 2277 1562 2314 ἁδνουμιαστὴς
1582 2279 1630 2306 τοῦ
1649 2281 1785 2314 φοσσάτου
1803 2283 1900 2310 ἀδνου-

1116 2319 1283 2354 μιαζομένου
1298 2324 1373 2358 παρὰ
1394 2324 1440 2350 τοῦ
1463 2325 1584 2359 μεγάλου
1598 2325 1761 2361 δομεστίκου
1780 2329 1900 2364 πάρεστι

1115 2365 1165 2400 μὲν
1181 2367 1228 2393 καὶ
1246 2367 1326 2399 αὑτός
1341 2376 1348 2384 ·
1369 2370 1416 2395 ἐὰν
1429 2370 1456 2396 δέ
1469 2379 1541 2402 τινες
1563 2368 1630 2398 ὦσιν
1647 2372 1700 2398 ἀπὸ
1719 2373 1824 2401 τούτων
1839 2383 1901 2402 στε-

1114 2410 1241 2445 ρούμενοι
1261 2413 1395 2448 ἀλόγωνῆ
1412 2415 1543 2451 ἁρμάτων
1560 2418 1652 2450 τινῶν,
1669 2419 1898 2453 ἀπογραφόμενος

1113 2455 1190 2488 οὗτος
1226 2459 1260 2485 τὰ
1295 2459 1423 2488 λείποντα
1461 2462 1632 2497 ἐπιμελεῖται
1673 2464 1898 2501 ἀναπληροῦσθαι

1111 2510 1208 2530 ταυτα.

1150 2549 1253 2582 Πάντες
1270 2551 1319 2585 μὲν
1341 2551 1398 2584 οὖν,
1414 2554 1459 2580 καὶ
1477 2555 1556 2581 αὐτοὶ
1578 2556 1601 2582 οἱ
1616 2556 1663 2582 τοῦ
1683 2556 1817 2591 βασιλέως
1832 2559 1896 2590 υίοὶ,

1112 2593 1265 2627 βιγλίζουσι
1281 2597 1351 2631 μετὰ
1365 2598 1420 2625 τῶν
1444 2600 1490 2625 ὑπ’
1507 2601 1617 2634 αὐτοὺς,
1638 2603 1651 2629 ὁ
1666 2603 1695 2629 δὲ
1716 2604 1803 2638 μέγας
1817 2604 1897 2639 δομέ-

1113 2647 1205 2672 στικος
1229 2642 1365 2677 οὐδαμῶς.
1387 2644 1420 2671 Ἦ
1433 2646 1462 2672 δὲ
1485 2647 1560 2673 αίτία
1577 2648 1650 2676 ἐστὶν
1667 2649 1747 2683 αὕτη,
1769 2651 1809 2677 ὅτι
1832 2651 1896 2677 ἑκά-

1112 2693 1176 2710 στου
1202 2687 1251 2721 μὲν
1277 2688 1331 2714 τῶν
1355 2690 1495 2725 ἀρχόντων
1521 2693 1621 2729 μέρους
1648 2696 1785 2730 φοσοάτου
1808 2697 1895 2729 ὄντος,

1110 2731 1242 2766 ἄρχοντος
1270 2733 1316 2759 τοῦ
1341 2736 1461 2769 μεγάλου
1488 2738 1650 2773 δομεοτίκου
1673 2742 1798 2774 καθόλου,
1823 2743 1895 2769 καθὰ

1110 2776 1231 2811 εἴρηται,
1244 2778 1284 2804 δεῖ
1298 2782 1423 2813 παρεῖναι
1437 2782 1480 2809 διὰ
1495 2783 1574 2810 τοῦτο
1599 2786 1694 2813 τοῦτον
1708 2788 1751 2813 ἀεὶ
1765 2788 1793 2814 ἐν
1813 2788 1894 2814 παντὶ

1110 2823 1149 2858 ’τῷ
1166 2824 1293 2860 φοσσάτῳ
1307 2826 1483 2856 διατάττοντα
1497 2831 1610 2866 πάντας,
1627 2833 1670 2859 ἴνα
1687 2833 1724 2869 μὴ
1740 2834 1832 2869 ἐφόδου
1848 2843 1895 2860 πο-

1111 2870 1212 2905 λεμίων
1228 2872 1389 2909 γενομένης,
1403 2876 1427 2902 εί
1443 2876 1530 2913 τύχοι,
1551 2880 1635 2914 χωρὶς
1651 2881 1787 2915 ἡγεμόνος
1799 2880 1828 2908 τδ
1845 2888 1894 2907 κα-
