2039 3148
146 177 201 208 10')

720 169 916 200 (iltETSElU
932 169 980 198 ΕΤ
1001 168 1123 198 GOARl
1141 166 1263 196 ΝΟΤᾸΞ.

1731 166 1780 198 166

146 235 198 268 Qui
223 232 374 260 sacerdotes
397 229 543 257 introducit
557 248 564 261 ,
581 226 722 254 57.10656th
735 246 742 258 ,
758 227 883 253 nimirum
912 226 940 253 in
955 229 973 257 Α
993 224 1152 259 pnlantibus
1168 223 1223 250 liet.
1239 222 1301 250 "are
1316 226 1404 250 autem
1421 222 1457 249 ita
1475 229 1535 250 esse
1548 222 1678 258 intelliget
1697 223 1782 252 lector

146 280 276 310 tribunal,
288 280 312 306 si
322 286 400 313 quant
418 285 527 304 causam
540 275 667 310 agendam
679 274 830 300 habuerint.
858 272 938 300 Ρξυιιο

146 327 228 354 modo
246 335 253 352 :
275 333 338 352 nam
354 319 500 350 εἰσοδεύέιυ
515 327 556 349 est
577 328 636 348 esse
661 320 778 346 aliorum
800 319 828 346 in
852 319 938 346 sacris

147 372 321 404 ministeriis,
338 369 529 397 [unctionibus
541 372 566 394 et
583 366 831 402 supplicationibus
841 366 938 392 ducem

147 425 174 447 et
188 420 266 454 quasi
281 422 484 445 antecessorem
495 420 519 442 el
539 415 682 442 ductorem
696 421 703 446 ;
722 413 793 448 quod
812 412 893 439 etiam
906 419 939 438 ex

147 465 332 500 descriptione
350 464 396 490 τοῦ
410 462 617 497 δευτερεύοντος
643 459 764 491 diaconi,
795 467 855 493 qua:
879 465 941 492 pro-

149 514 222 540 xime
239 510 428 545 subiungitur,
445 508 619 535 manifestum
637 507 740 534 evadit.
774 505 940 539 Deuteropa-

150 567 190 593 pa.-
210 558 325 588 nnllum,
343 556 366 583 si
383 559 457 582 recte
482 553 606 590 memini,
629 553 796 580 mentionem
816 550 940 578 facitCi-

150 606 229 632 tritis.
243 604 346 630 GRETS.

188 651 228 686 [Ρ.
251 650 278 678 6.
292 649 428 677 Allatiana
447 657 454 675 :
471 648 502 674 '0
519 646 687 682 δευτερεύων
701 645 860 679 λειτουργεῖ
893 644 941 670 καὶ

150 700 232 728 αὐτῆς
249 698 315 732 μετὰ
329 695 377 722 τοῦ
391 694 541 731 ἀρχιερέως
554 695 562 728 (
577 694 629 721 hoc
639 697 681 720 est
695 701 756 719 eum
773 691 940 727 patriarcha,

150 753 213 772 eum
227 752 281 778 quo
294 743 361 770 alias
375 741 425 769 sali
439 740 559 776 episcopi
589 740 739 772 celebrant,
757 744 786 766 ut
801 746 862 765 eum
884 737 942 772 epi-

152 791 245 825 scopis
269 787 461 822 sacerdotes).
487 787 573 813 'Orav
588 785 678 812 λείπει
698 786 712 811 ὁ
740 785 941 819 πρωτοπιπᾶς,

153 837 208 872 ἔχει
217 837 246 862 ὲν
256 837 290 870 τῇ
301 834 435 869 ἐκκλησίᾳ
445 833 478 859 τὰ
490 833 610 867 πρωτεῖα
621 831 721 858 πάντα.
733 830 833 866 ϐοΑιι.]

187 884 218 910 Ρ.
235 882 261 908 6.
273 881 391 909 Ultimus
408 881 458 907 hac
466 885 540 907 sexta
556 878 673 914 pentade
690 882 731 905 est
747 879 761 904 ὁ
776 876 941 911 δευτερεύων

154 931 206 958 τῶν
225 930 371 962 διακόνων,
386 932 517 956 secundus
533 928 675 958 diaconus,
689 926 798 961 πρῶτος
816 924 870 951 τῶν
887 932 943 950 κοι-

155 979 217 1010 νῶν,
232 977 337 1012 primus
348 985 381 1004 ex
390 975 581 1003 communibus
592 973 728 1005 diaconis,
741 974 788 999 καὶ
800 970 944 998 εῑσοδεύων

154 1025 216 1055 τοὺς
232 1024 382 1054 διακόνους.
400 1022 498 1050 Junius
513 1029 520 1048 :
534 1026 558 1048 et
572 1020 699 1047 diaconos
710 1018 863 1046 intromittit
875 1025 885 1044 :
896 1016 944 1044 ad-

154 1069 452 1105 ditquehoescholium
468 1067 516 1095 :in
527 1067 675 1101 functiones
690 1070 714 1092 et
726 1065 855 1092 stationes
871 1063 943 1097 ipso-

155 1125 222 1143 rum.
238 1115 279 1143 Tu
291 1115 398 1150 corrige
418 1123 425 1141 :
439 1113 486 1148 qui
501 1113 680 1140 diaronorum
709 1111 813 1144 ductor,
845 1115 942 1141 rector,

155 1163 268 1189 αἰγίδι-ιον
282 1166 310 1189 et
325 1165 354 1188 ut
371 1161 411 1187 sic
424 1159 512 1187 dicam
529 1159 674 1194 dispositor
683 1161 724 1185 est
736 1164 746 1184 :
757 1157 809 1185 hoc
818 1156 890 1184 enim
903 1161 944 1183 est

155 1209 309 1239 εῐσοδεύειν,
327 1207 399 1242 quod
414 1206 551 1241 signiﬁcat
565 1205 715 1241 quemlibet
730 1205 757 1232 in
771 1205 842 1231 viam
864 1210 942 1231 suam

154 1254 430 1290 quasiintroduecre,
446 1257 477 1280 ut
488 1253 557 1280 sciat
577 1259 659 1287 quem
682 1250 805 1279 ordinem
833 1254 861 1277 et
888 1254 943 1278 sla-

156 1302 255 1328 tionem
269 1306 362 1328 tenere
373 1299 481 1327 debeat.
491 1298 565 1326 Vidit
577 1298 688 1325 laudent
705 1289 803 1324 Junius
812 1296 882 1323 hanc
892 1303 943 1322 no-

157 1349 265 1379 tionem,
284 1347 333 1373 sed
349 1345 427 1380 quasi
437 1353 484 1380 per
495 1345 672 1378 nebulam,ut
683 1347 797 1378 apparet
814 1350 845 1370 ex
861 1342 942 1369 scho‘

158 1394 191 1421 lio
202 1395 274 1428 quod
284 1391 564 1426 suminterpretationi
578 1390 714 1425 adjnnxit.
726 1388 763 1416 Ex
774 1396 829 1424 quo
840 1393 941 1420 tamen,

158 1446 281 1475 tmtquam
293 1440 320 1467 in
330 1441 414 1468 rebus
426 1438 620 1468 ecclesiasticis
630 1437 788 1465 Grzccornm
801 1436 879 1463 valde
890 1436 944 1462 sei-

159 1488 215 1514 licet
227 1488 326 1522 perito,
342 1487 517 1521 quaerendum
534 1489 602 1518 erat,
613 1491 699 1519 quare
727 1483 840 1510 verbum
869 1483 942 1508 εἰσο-

158 1533 243 1560 ὂεύειν
257 1533 451 1567 interpretatus
474 1531 519 1565 sit,
535 1531 651 1565 loquens
675 1529 708 1555 de
733 1528 874 1555 sacerdote
897 1535 941 1554 se-

991 278 1053 297 cum
1070 278 1100 297 cx
1115 270 1175 296 aliis
1189 269 1345 296 Graecorum
1359 269 1513 301 ritualibus,
1525 268 1602 296 libris
1615 274 1671 296 tum
1683 277 1714 297 ex
1729 270 1782 296 Eu-

992 317 1128 352 cholngio.
1144 316 1236 342 Valeat
1252 316 1336 350 igitur
1352 315 1509 344 Boneﬁdius
1524 323 1588 344 cum
1606 317 1664 343 suis
1681 325 1780 343 conne-

991 363 1116 390 aionibus
1129 366 1152 389 et
1169 362 1378 396 repetitionibus.
1396 361 1500 394 Quarta
1517 367 1558 389 est
1570 362 1688 392 ἀπόντος
1700 362 1781 397 ἀρχι-

991 409 1115 436 διακόνου
1131 408 1229 434 διδόναι
1246 408 1348 444 κηρὶὺς
1361 409 1418 439 τοῖς
1428 409 1456 434 ἐν
1467 408 1505 442 τῷ
1517 408 1622 442 ἄμϐωνι
1639 408 1652 434 δ
1665 408 1783 440 ακῧνοες,

991 455 1096 482 absente
1111 455 1298 481 arcltidiacono
1309 454 1373 481 dare
1385 462 1472 481 cereos
1488 455 1605 480 diaconis
1617 455 1643 480 in
1660 454 1781 481 amboue.

993 499 1043 527 Ubi
1056 500 1174 534 pessime
1189 500 1324 534 interpres
1349 507 1398 533 pro
1422 499 1524 535 κηρούς
1549 499 1640 534 lugens
1671 501 1782 534 καιρούς

991 547 1073 574 vertit
1088 555 1095 573 :
1111 551 1227 580 tempora
1242 546 1305 572 dare
1321 546 1453 577 diaconis,
1467 547 1511 580 qui
1529 547 1637 572 amboni
1652 547 1780 572 serviunt.

992 593 1075 626 Quid,
1089 600 1191 627 quaeso,
1212 596 1255 619 est
1276 596 1396 625 tempora
1424 592 1487 618 dare
1511 592 1631 619 diaconi:
1657 592 1670 619 ?
1692 592 1784 627 Neque

992 643 1161 667 correctores
1184 643 1231 665 aut
1260 638 1286 664 in
1318 637 1414 665 Grmea
1445 638 1585 672 scriptura
1612 644 1660 665 aut
1679 639 1707 666 in
1732 638 1783 666 Bo-

992 685 1082 712 netidii
1112 684 1336 719 interpretatione
1366 684 1439 712 hunc
1466 689 1519 711 tam
1539 689 1643 720 turpem
1662 693 1783 713 errorem

992 731 1277 762 animadverterunt;
1317 735 1347 757 ut
1381 730 1423 758 vel
1456 730 1520 758 hinc
1558 731 1661 766 liqueat
1702 739 1783 766 quam

993 779 1075 805 rudes
1110 785 1202 805 rerum
1238 777 1487 804 ecclesiasticarum
1524 777 1568 804 isti
1602 785 1618 804 a
1648 777 1783 804 catholica

993 824 1124 858 religione
1139 824 1226 851 aversi
1240 824 1272 851 ad
1294 823 1362 851 ritus
1392 823 1601 850 Ecclesiasticos
1615 831 1661 851 seu
1675 823 1785 850 Grtccos

994 878 1042 898 seu
1067 870 1178 897 Latinos
1209 869 1385 904 explicandos
1421 870 1564 896 accedant.
1593 869 1664 897 Dicit
1695 874 1783 896 autem

959 903 979 930 Β
996 917 1100 943 absente
1126 903 1323 948 archidiacono,
1341 915 1404 950 quia
1421 921 1449 942 ut
1465 915 1586 943 Codinus
1598 916 1680 943 tradit
1698 924 1724 951 p.
1739 917 1784 950 94,

996 962 1059 990 olim
1087 962 1197 997 quidem
1226 961 1323 997 Magna
1349 961 1471 989 Ecclesia
1505 962 1621 989 habebat
1647 963 1786 990 archidia-

995 1017 1106 1041 conutn,
1118 1009 1164 1036 sed
1182 1013 1277 1043 postea
1291 1008 1397 1036 nullum
1425 1009 1532 1039 habuit.
1546 1017 1630 1043 quare
1655 1010 1669 1036 ὀ
1693 1009 1786 1036 δευτε-

997 1055 1082 1090 ρεύων
1094 1060 1184 1090 partes
1199 1054 1257 1089 ejus
1274 1054 1420 1089 supplevit.
1437 1054 1507 1082 llinc
1522 1055 1669 1082 aitCin-ius
1678 1062 1780 1083 secun-

995 1101 1021 1128 di
1038 1101 1145 1129 diaconi
1159 1108 1219 1128 esse
1227 1102 1309 1128 etiam
1320 1100 1346 1127 in
1362 1100 1423 1128 aliis
1435 1100 1620 1128 archidiaconi
1631 1109 1730 1128 munus
1739 1110 1786 1129 ex-

995 1148 1069 1183 plcre
1085 1156 1092 1180 ;
1106 1155 1138 1174 ex
1152 1147 1252 1182 quibus
1268 1146 1339 1174 forte
1355 1147 1407 1174 hoc
1420 1152 1472 1180 est,
1486 1147 1588 1182 θυμιᾷν
1601 1147 1647 1173 τὸν
1658 1147 1784 1182 βασιλέα,

995 1194 1185 1225 imperatorem
1203 1200 1301 1220 recens
1317 1198 1479 1220 coronatum
1499 1194 1618 1227 incenso,
1642 1198 1673 1221 ιιι
1704 1200 1786 1222 νυςῖιι

995 1240 1126 1274 Ecclesia,
1143 1239 1278 1272 venerari,
1293 1241 1373 1275 eique
1386 1240 1456 1267 bene
1471 1240 1623 1267 ominatum
1641 1241 1710 1268 illud
1723 1249 1785 1268 ear-

995 1296 1056 1315 men
1071 1288 1206 1321 accinere,
1219 1297 1228 1313 ι
1245 1286 1407 1314 Recordetur
1425 1286 1553 1314 Dominus
1564 1287 1632 1314 Deus
1647 1288 1696 1322 τῆς
1710 1287 1786 1323 βατι-

993 1333 1068 1366 λείας
1082 1335 1141 1368 σᾶς,
1155 1335 1229 1369 regni
1243 1334 1292 1367 tui,
1310 1333 1338 1360 in
1351 1341 1428 1368 regno
1443 1341 1501 1366 suo,
1513 1342 1582 1361 nunc
1595 1339 1620 1361 et
1635 1342 1739 1368 semper
1760 1340 1785 1362 et

994 1381 1020 1408 in
1036 1380 1133 1408 swcula
1145 1380 1312 1407 surculorum.
1329 1381 1438 1406 Amen.)
1455 1379 1501 1407 Sic
1516 1379 1587 1407 idem
1600 1380 1689 1408 fausta
1699 1382 1786 1408 aeela-

995 1427 1115 1454 matione
1125 1426 1344 1461 prosequebatur
1355 1425 1539 1460 patriarcham
1550 1434 1559 1454 1
1572 1425 1715 1461 Μνησοεὶη
1730 1427 1786 1453 Κύ-

989 1482 1051 1508 ,ριος
1065 1474 1079 1500 ὁ
1096 1473 1162 1504 Θεὸς
1176 1472 1226 1507 τῆς
1242 1471 1447 1508 ἀρχιερωεὺνης
1458 1480 1514 1505 σου,
1524 1471 1685 1500 Recordetur
1697 1473 1787 1500 Domi-

995 1528 1043 1547 nus
1055 1521 1225 1555 pontiﬁcatus
1238 1520 1276 1546 tui
1292 1520 1387 1554 ubique
1396 1527 1465 1546 nunc
1478 1524 1501 1547 et
1515 1528 1617 1554 semper
1626 1520 1686 1548 etin
1700 1528 1786 1548 δατη-

160 1579 257 1612 eundo,
275 1565 443 1605 introducens
454 1577 513 1605 illos
525 1578 552 1604 in
564 1575 693 1606 tribunal,
708 1574 821 1609 siquam
837 1581 946 1600 causam
960 1568 983 1600 C
999 1566 1026 1593 λα
1042 1567 1214 1593 “Catulorum
1230 1565 1286 1593 Nec
1298 1565 1350 1593 hoc
1366 1565 1447 1592 "Chi"
1464 1570 1570 1593 “mlum
1595 1573 1628 1593 θο
1658 1566 1702 1593 die
1730 1574 1787 1601 -Ιιιο

160 1625 283 1659 agendam
297 1624 450 1655 habuerint,
460 1623 586 1657 idemque
601 1621 715 1648 verbum
733 1619 827 1646 eadem
841 1617 946 1652 signifi-

160 1671 264 1698 catione
274 1678 327 1698 non
342 1671 535 1704 interpretatus
547 1668 583 1696 sit
597 1668 623 1694 in
636 1665 822 1700 descriptione
831 1663 946 1692 secundi

161 1716 276 1750 diaconi,
295 1715 445 1750 praesertim
472 1722 533 1741 cum
558 1713 674 1740 diversae
697 1711 817 1739 notionis
841 1710 945 1738 nullum

161 1770 270 1797 prorsus
285 1763 417 1790 indicium
430 1760 593 1795 Curopalata
605 1758 723 1787 dederit.

194 1809 291 1837 Verum
301 1814 331 1836 ut
339 1808 496 1836 accuratius
504 1806 688 1842 intelligamus
699 1809 825 1832 naturam
836 1807 898 1832 etut
907 1803 946 1831 sic

160 1858 244 1884 dicam
256 1856 376 1884 indolem
391 1856 471 1890 hujus
479 1853 595 1885 diaconi,
605 1860 696 1888 opera:
705 1852 823 1887 pretium
836 1851 889 1878 erit
900 1858 948 1877 au-

161 1905 351 1932 tliteJoanncm
361 1902 485 1934 Citrium,
494 1901 600 1933 cuiha‘c
611 1900 701 1935 ignota
712 1906 763 1925 non
773 1896 946 1931 fuerunt,qui

162 1957 196 1978 :Irt
204 1952 346 1978 diaconum
356 1951 437 1977 istum
449 1956 503 1975 non
513 1947 574 1982 eligi
587 1951 634 1974 ant
647 1945 735 1973 creari
744 1944 903 1978 simpliciter
913 1942 945 1970 ad

162 1997 400 2026 uniusarbilrium,
411 1994 457 2022 sed
468 1994 527 2020 κη’
537 1993 664 2028 ἐκλογήν,
674 2000 719 2026 per
728 1992 859 2027 suffragia
869 2000 878 2019 :
887 1999 948 2019 esse

160 2046 230 2072 enim
239 2043 373 2079 ejusmodi
391 2041 520 2073 oﬂitiunt,
532 2041 603 2076 quod
617 2039 753 2068 desideret
765 2040 852 2066 virum
881 2043 947 2066 dex-

161 2097 231 2117 trum
240 2095 388 2126 aptumque
400 2090 432 2115 ad
443 2095 540 2115 omnes
549 2087 629 2114 etiam
647 2085 946 2114 fortuitooccurrentes

162 2137 333 2168 functiones;
349 2142 465 2170 quarunt
484 2134 591 2167 aliquas
599 2136 732 2160 recensu.
747 2131 835 2158 Prima
849 2135 889 2158 est
907 2131 948 2157 in-

163 2182 261 2217 gressis
272 2183 359 2208 intem
365 2181 436 2215 plum
450 2177 662 2213 imperatoribus
673 2180 700 2204 et
711 2175 873 2210 patriurchis
885 2174 946 2201 fau-

163 2229 211 2255 slis
225 2227 465 2256 acclamationibus
476 2226 544 2253 bene
554 2223 671 2260 precari,
685 2227 713 2250 et
723 2227 752 2249 ut
763 2220 884 2249 Codinus
898 2228 949 2248 no-

163 2282 218 2303 ster
231 2275 361 2310 loquitur,
376 2273 453 2309 151
467 2273 512 2299 τὸν
522 2271 636 2307 βασιλέα
651 2270 855 2304 ποήυχρονίζειν
866 2276 913 2296 seu
921 2268 951 2294 τὸ

164 2322 367 2356 πηλυχρὸνισμπ.
398 2321 522 2347 accinere
556 2326 602 2345 seu
631 2317 808 2350 πολυχρόνιον
849 2315 947 2340 ποιεῖν.

163 2368 212 2399 Qui
230 2374 286 2393 mos
299 2374 332 2392 ex
349 2365 461 2399 antiquo
478 2371 553 2391 more
571 2363 651 2390 hodie
664 2369 774 2396 quoque
785 2360 885 2387 Cra-cis
901 2359 949 2386 ad-

164 2413 179 2438 h
190 2419 260 2439 I'rel.
273 2408 395 2439 Secunda
408 2415 448 2437 est
469 2416 576 2444 portare
587 2407 766 2441 Evangelium
791 2406 818 2433 in
844 2405 949 2440 suppli-

163 2459 366 2484 eatinnihusac
382 2456 494 2483 litaniis.
513 2455 604 2482 Tertia
619 2455 669 2485 τὰς
683 2455 712 2480 ὲν
743 2453 842 2483 αὑταῖς
866 2460 950 2477 cava-

164 2508 234 2534 πτὰς
247 2505 293 2529 καὶ
304 2504 424 2537 αἰτήσεις
436 2503 532 2527 ποιεῖν.
543 2501 634 2535 Inepte
649 2500 783 2533 interpres
798 2498 952 2524 :counex'o-

164 2558 206 2576 ues
220 2555 245 2576 et
263 2549 424 2584 repetitione:
443 2550 470 2574 in
486 2549 522 2575 eis
539 2547 634 2582 facere.
652 2543 886 2572 Correxcrnntalii
899 2542 952 2569 col-

163 2594 245 2619 lectas
257 2598 282 2619 et
295 2601 393 2627 preces.
412 2592 478 2619 Sunt
500 2591 636 2617 quva-urat
657 2590 765 2624 proprie
791 2596 852 2621 qua:
879 2589 949 2621 apud

164 2650 215 2668 nos
228 2641 256 2668 in
279 2641 352 2667 horis
366 2640 503 2667 canonicis
521 2643 652 2664 vocantur
666 2643 767 2671 preces,
794 2635 888 2661 diebus
911 2635 952 2668 je-

162 2687 306 2720 juniorum
322 2686 488 2720 potissimum
504 2684 621 2714 usitata),
636 2680 778 2709 notttnodu
793 2681 818 2706 in
843 2680 952 2706 Inatnti-

166 2732 219 2763 nis,
234 2732 283 2758 sed
296 2736 323 2757 et
333 2733 359 2756 tu
372 2730 483 2763 singulis
497 2729 582 2755 horis.
594 2727 625 2767 E'l
638 2734 733 2761 preces
747 2726 799 2752 illa:
810 2732 879 2758 quas
891 2729 951 2758 p051

166 2779 275 2804 litanias
293 2786 341 2811 pro
356 2777 428 2803 omni
445 2776 583 2802 hominum
602 2779 672 2801 statu
689 2778 715 2800 ct
740 2773 836 2798 ordine
860 2771 951 2797 fundi-

168 2833 239 2853 Inus.
259 2823 403 2857 ipstas'ttnze
419 2828 480 2849 sunt
503 2823 662 2849 Grecorum
691 2817 836 2848 συναπται,
866 2825 952 2851 quan.

168 2879 249 2904 quam
275 2873 304 2896 et
328 2875 396 2902 quas
420 2876 467 2895 nos
497 2875 624 2895 vni-anius
638 2865 763 2893 collectus
776 2865 826 2890 hoc
841 2871 875 2890 no
889 2874 893 2888 ι
908 2863 951 2889 inc

171 2916 307 2950 appellare
321 2915 360 2940 nil
381 2918 459 2946 velut,
475 2915 536 2949 quia
566 2914 723 2941 Graecorum
750 2910 867 2945 litttrgiis
888 2909 953 2935 usti-

999 1613 1147 1646 imperator
1164 1611 1380 1646 inaugurabatur
1396 1615 1422 1636 et
1438 1610 1633 1642 coronabatur,
1651 1610 1698 1643 sed
1716 1617 1786 1645 quo-

999 1658 1050 1685 ties
1064 1658 1090 1685 in
1103 1657 1246 1685 ecclesiam
1261 1655 1421 1683 ventitabat.
1434 1656 1470 1683 Ea
1480 1656 1512 1683 de
1520 1663 1604 1683 causa
1614 1656 1651 1683 ait
1661 1655 1761 1684 Citrius
1776 1665 1784 1684 :

997 1702 1087 1731 Αὑτοῦ
1097 1703 1150 1739 γάρ
1166 1703 1267 1738 ὲπινή
1283 1703 1351 1737 μετὰ
1360 1704 1408 1738 τὴν
1423 1702 1526 1729 εἴσοδον
1537 1702 1658 1738 εὐφημία
1669 1702 1725 1729 τῶν
1737 1703 1786 1738 βα-

999 1749 1099 1778 σιλέων
1119 1751 1166 1776 καὶ
1181 1749 1340 1785 ἀρχιερέων,
1354 1748 1441 1784 Ipsius
1465 1753 1503 1775 eu
1527 1749 1731 1782 imperatoribus
1759 1755 1783 1776 et

998 1797 1157 1832 patriam/«is
1175 1797 1200 1822 in
1222 1795 1345 1830 templum
1357 1795 1482 1830 ingressis
1509 1795 1572 1822 bene
1597 1795 1784 1830 precari;ttisi

999 1844 1062 1879 quis
1078 1843 1142 1870 illud
1161 1843 1229 1877 μετὰ
1244 1842 1292 1877 τὴν
1307 1842 1408 1878 εἵσοδφν
1424 1844 1481 1875 post
1507 1841 1653 1876 ingressum
1682 1842 1785 1869 referre

998 1890 1063 1917 velit
1078 1889 1110 1916 ad
1126 1890 1279 1923 ingressum
1297 1887 1323 1914 in
1340 1886 1548 1914 tabernaculum
1569 1893 1617 1914 seu
1634 1886 1662 1913 in
1685 1886 1787 1914 Sancta

999 1939 1168 1966 sanctorum,
1186 1934 1222 1960 ita
1241 1937 1269 1960 ut
1281 1932 1370 1959 fausta
1388 1933 1445 1959 haec
1468 1932 1628 1960 acclamatio
1652 1933 1723 1960 facta
1749 1933 1787 1960 sit

998 1986 1059 2017 post
1071 1980 1224 2008 absolutam
1237 1978 1472 2014 supplicationem,
1494 1978 1521 2005 in
1537 1985 1590 2012 qua
1616 1979 1694 2013 panis
1714 1986 1785 2014 prte-

999 2026 1188 2056 sanctiﬁcatus
1212 2025 1244 2052 ad
1275 2024 1438 2052 sacriﬁcium
1474 2025 1719 2052 circuml'erebatur
1738 2033 1786 2060 per

1000 2075 1130 2110 templutn
1143 2079 1169 2102 et
1183 2078 1274 2109 postea
1289 2074 1322 2100 ad
1337 2073 1424 2100 altare
1435 2071 1614 2100 inferebatur.
1639 2071 1699 2106 Quo
1710 2073 1740 2101 ﬁt
1758 2078 1789 2101 ut

999 2122 1137 2150 secundus
1148 2120 1280 2161 diaconus
1291 2119 1429 2154 εὐφημίαν
1439 2119 1510 2146 hanc
1522 2119 1672 2146 instituerit
1683 2127 1786 2155 regres-

1000 2175 1031 2196 so
1046 2167 1101 2202 jam
1114 2166 1268 2202 patriarcha
1279 2165 1311 2192 ad
1319 2165 1404 2192 altare
1415 2168 1441 2192 et
1452 2165 1628 2199 processione
1639 2165 1784 2197 absoluta;

1000 2214 1071 2250 quod
1088 2221 1152 2241 vero
1165 2212 1277 2248 propius
1292 2211 1408 2238 videtur.

966 2252 988 2279 ί)
1041 2260 1189 2287 Dicebatur
1204 2257 1370 2293 δευτερεύων
1384 2257 1436 2283 τῶν
1447 2256 1590 2289 διακόνων,
1603 2265 1656 2284 non
1672 2259 1742 2292 quod
1759 2255 1789 2284 in'

1001 2307 1096 2333 ordine
1109 2306 1287 2333 diaconorum
1300 2303 1403 2340 Magna
1417 2303 1543 2330 Ecclesia:
1558 2303 1694 2331 secundus
1704 2309 1789 2335 esset,-

1002 2353 1048 2380 sed
1071 2356 1198 2386 respectu
1210 2351 1243 2378 ad
1258 2349 1495 2380 archidiaconum,
1514 2348 1592 2384 152
1608 2349 1653 2384 qui
1667 2354 1791 2384 tempore

1001 2399 1096 2425 C(iliilli
1112 2397 1202 2424 nullus
1214 2396 1323 2431 quidem
1331 2400 1400 2428 erat,
1414 2401 1442 2422 at
1457 2395 1604 2430 aliquando
1621 2395 1709 2422 fuerat
1721 2403 1775 2427 ;uu-
1822 2403 1825 2428 ξ

1002 2446 1036 2472 de
1046 2450 1072 2472 et
1083 2445 1120 2479 τῷ
1139 2443 1324 2479 δευτερεύοντι
1337 2443 1390 2469 τῶν
1408 2442 1540 2468 διακόνιον
1560 2449 1660 2468 nomen
1675 2442 1791 2472 mansit,
1819 2435 1824 2459 λ’

1001 2492 1072 2519 sicut
1088 2497 1114 2518 et,
1128 2490 1164 2525 τῷ
1181 2489 1365 2524 δευτερεύοντι
1386 2489 1441 2514 τῶν
1469 2488 1564 2522 ἱερέων
1585 2488 1656 2515 idem
1689 2495 1790 2514 nomen

1003 2538 1160 2568 mansisset,
1178 2537 1200 2563 si
1219 2541 1382 2570 protopapas
1400 2535 1426 2562 in
1443 2535 1517 2562 clero
1537 2527 1638 2568 Maiznze
1660 2533 1791 2560 Ecclesia:

1001 2583 1129 2614 desisset,
1146 2582 1209 2616 quia
1226 2589 1289 2608 cum
1304 2571 1458 2608 secundarii
1474 2581 1584 2607 nomine
1606 2578 1787 2613 pt'itnusl'uis-

1003 2631 1052 2654 set.
1073 2627 1178 2654 Gns'rs.

1038 2673 1079 2709 [Ρ.
1096 2675 1123 2700 ti.
1139 2673 1207 2706 Quid
1222 2673 1272 2699 hoc
1291 2673 1327 2698 rei
1338 2676 1389 2705 est,
1406 2670 1674 2698 uthicdiaeouorum
1693 2673 1789 2694 secun-

1003 2719 1054 2746 dus
1068 2718 1203 2746 scribatur
1215 2725 1245 2744 ac
1259 2717 1370 2745 insimul
1392 2716 1501 2751 πρῶτος
1516 2714 1570 2740 τῶν
1587 2712 1684 2739 κοινῶν
1699 2711 1790 2738 διακό-

1002 2774 1055 2791 νων
1073 2764 1233 2791 asseratur?
1255 2764 1354 2790 Paucis
1374 2763 1417 2789 hic
1446 2761 1522 2796 plura
1549 2758 1706 2790 evolitenda,
1736 2765 1790 2792 qun

1004 2812 1141 2846 proposita
1155 2811 1303 2839 difficultas
1316 2810 1402 2835 lucem
1419 2807 1542 2841 accipiat.
1558 2805 1738 2838 Temporibus
1752 2805 1792 2830 ιιι-

1005 2859 1076 2884 I'ttnis
1088 2857 1195 2883 diaconi
1207 2859 1309 2882 tantum
1321 2854 1352 2881 ad
1363 2853 1521 2888 ἁρχηντίκια
1530 2851 1653 2886 defixis,
1663 2850 1790 2877 nobiliora

1004 2904 1104 2938 oﬂiria,
1121 2909 1184 2929 sunt
1202 2900 1324 2930 admissi,
1338 2899 1383 2934 qui
1401 2898 1537 2932 prioribus
1554 2896 1710 2925 sacerdotes
1727 2903 1790 2932 pcr-
