2041 3144
168 199 221 230 109

715 196 908 227 GllETSEllI
925 196 973 226 ET
993 195 1110 226 GOARI
1128 195 1249 226 NOT/E.

1745 197 1796 230 ΠΟ

167 253 304 282 Allatiana
323 261 331 280 :
349 253 379 280 οι
398 252 445 279 δύο
465 252 623 287 δομέστικω
643 251 767 279 ἵστανται
789 253 818 278 ἐν
834 252 891 283 τοῖς
908 251 955 278 δύο
970 252 992 280 Α
1007 255 1068 278 sent
1094 251 1297 285 πριμμικήριον
1329 250 1382 277 τῶν
1411 251 1620 287 πατριαρχικῶν
1649 255 1793 288 νυταρὲων.

166 301 256 336 χηροῖς
266 300 336 334 μετὰ
347 299 395 326 τοῦ
407 299 616 334 πρωτοψάλτηυ,
627 298 672 324 καὶ
686 298 833 332 ψάλλοντες
843 297 957 332 φοροῦσι

168 347 344 381 σφικτούρια,
374 345 412 376 ὠς
434 344 643 380 πρωτοῲάλτης.
672 344 832 372 Domesticis
860 344 958 379 adjun-

169 396 237 427 gunt
257 392 304 418 δύο
320 392 541 426 πριμμικηρίους
564 390 724 423 ίστα,λέικονς
747 391 818 424 μετὰ
845 391 901 416 τῶν
915 391 958 416 δι)-

169 437 308 472 μεστίκων
326 445 334 452 ·
346 436 494 471 ψάλλοντες
509 437 556 463 καὶ
566 437 651 463 αὐτοί.
667 436 746 464 (ἰουι
761 435 771 472 ]

209 482 281 509 Ibid.
300 482 431 517 Sequitur
456 482 659 515 λαυσυνάκτης.
687 482 720 508 ad
740 482 852 509 verbum
867 482 957 516 populi

168 533 328 555 convocator
349 532 373 554 et
396 533 580 563 rongregator,
604 527 685 554 Junio
711 528 793 560 cocio.
813 528 860 555 sed
881 528 958 555 nihili

170 576 254 602 cocio.
280 575 408 610 Ejusdem
430 574 557 601 meminit
581 574 695 608 Citrius,
724 575 820 602 ectlem
847 575 957 602 nomine

171 621 307 655 interpres
317 621 416 653 reddit,
428 620 519 655 populi
533 625 658 652 coactor;
671 626 809 648 corrector
825 621 956 653 correxit,

169 667 295 694 callet-tor
313 667 371 694 sive
393 673 576 702 congregatur.
598 667 684 702 Cujus
706 668 827 695 ollicinm
848 667 957 702 publico

169 713 248 746 signo
263 713 392 748 populum
411 713 442 740 ad
458 721 513 740 rem
529 713 647 739 divinam
669 722 834 741 remorare.
850 713 955 742 Gttta'rs.

207 758 292 794 [Duos
306 760 430 786 scribunt
441 760 623 791 Allatinna,et
633 761 821 792 λαηαυνάπτας
834 766 931 788 rorant
949 769 955 786 :

167 806 193 830 oi
205 805 253 831 δύο
271 800 456 831 iacendum:
470 806 580 838 (—xsat
602 807 639 842 Μ)
665 808 812 841 συνάγουσι
826 809 888 839 τοὺς
900 809 956 834 δια-

167 852 276 883 κόνους,
291 851 337 878 καὶ
349 851 564 887 ἀναγορεύουσιν
575 853 618 880 ἵνα
632 854 670 888 μὴ
681 853 762 890 λείπῃ
774 855 876 886 naval;
890 855 957 881 Συν-

169 897 267 931 ἀγουςι
281 897 310 924 δὲ
323 898 386 929 τοῦς
400 898 532 933 ἄρχοντας
546 901 592 926 καὶ
604 899 649 926 τὸν
667 900 730 926 λαὸν
746 901 784 931 εἰς
794 899 844 935 τὴν
857 902 957 937 ἐκκλη-

170 944 242 970 σίειν.
254 943 354 979 Coum]

205 988 234 1015 In
248 987 353 1024 Typieo
365 989 394 1017 S.
409 991 485 1018 Salue
497 991 603 1018 videtur
613 991 742 1026 appellati
753 993 955 1029 κανδηλάπτης,

171 1042 186 1060 ιι
197 1035 316 1062 candelis
329 1037 502 1063 accendendi:
512 1044 522 1063 .'
541 1037 623 1071 hujus
636 1037 707 1064 enim
725 1039 806 1065 etiam
816 1044 858 1066 est
874 1041 956 1075 κρού-

170 1088 210 1105 ειν
224 1080 273 1112 τὰς
292 1081 394 1116 βαρέας
407 1083 454 1108 καὶ
469 1084 500 1108 τδ
514 1083 652 1118 σιδηροῦν,
667 1092 727 1117 quae
740 1085 794 1111 illis
810 1086 844 1112 lo:
854 1094 870 1113 ο
886 1095 958 1113 rant-

170 1134 300 1159 panarum
331 1133 420 1159 erant,
438 1129 484 1154 καὶ
500 1130 645 1163 σημαίνειν
655 1130 685 1156 τὺ
700 1130 773 1164 μέγα
787 1132 958 1166 σήμαντριιν.

173 1171 249 1196 \‘aria
265 1171 337 1197 enim
350 1172 429 1206 signa
448 1173 559 1205 dabant,
586 1178 615 1199 ut
631 1180 659 1200 et
674 1175 744 1209 apud
766 1183 815 1203 nos
838 1177 895 1204 lieri
913 1185 957 1205 as-

170 1217 246 1243 solet.
266 1216 332 1244 Vide
350 1217 537 1246 Balsatuonem
565 1221 590 1246 in
611 1220 801 1249 dissertatione
820 1229 872 1250 cur
898 1215 958 1251 mo-

172 1263 249 1289 uarhi
264 1264 352 1290 tribus
370 1264 455 1298 signis
473 1273 540 1293 suos
554 1266 587 1293 ad
603 1274 684 1294 saera
700 1272 863 1301 convocem,
895 1277 955 1297 cum

171 1308 215 1334 alii
245 1316 299 1335 uno
322 1311 401 1345 signo
416 1312 535 1339 contenti
556 1313 624 1340 sint.

206 1354 278 1381 Ibid.
295 1355 416 1388 Quartus
432 1358 458 1384 iu
474 1358 525 1385 hac
539 1359 654 1393 pentade
667 1363 709 1386 est
723 1361 736 1386 ὁ
749 1363 955 1397 πριμμικήριος

169 1402 222 1428 τῶν
233 1403 431 1437 ταὸθυλιριυω.
444 1404 541 1432 Junius
552 1406 748 1440 interpretatur
757 1409 900 1436 notarium.
910 1410 955 1436 Sic

169 1449 240 1475 enim
262 1449 341 1476 initio
357 1451 492 1477 nominari
511 1452 617 1478 videtur
633 1453 666 1479 ab
683 1453 744 1487 ipso
765 1453 871 1481 Codino
897 1463 922 1489 p.
940 1457 952 1483 1

168 1495 211 1520 ed.
228 1493 310 1522 Jun.:
325 1503 388 1522 cum
406 1496 478 1523 enitn
490 1498 627 1524 notarium
648 1500 782 1532 nominet,
808 1508 839 1527 ac
861 1507 954 1535 postea

167 1539 271 1574 singula
298 1540 390 1569 ollicia
419 1543 444 1569 in
474 1544 605 1577 pentadas
633 1544 761 1579 digerens
785 1546 817 1573 de
847 1548 954 1574 notario

169 1593 281 1618 prorsus
293 1586 384 1618 sileat,
409 1587 538 1615 credibile
551 1594 592 1616 est
605 1589 740 1617 Codiuum
766 1591 876 1619 nomine
900 1594 955 1628 pri-

167 1632 473 1660 tnicrriilabulariorum
503 1635 672 1664 intellexisse
699 1638 846 1666 notarium.
875 1639 953 1671 Quod

166 1677 237 1703 forte
250 1685 344 1705 rerum
369 1684 422 1712 est,
440 1681 486 1708 sed
508 1682 603 1708 nescio
630 1684 768 1717 quomodo
795 1691 857 1711 enm
880 1685 954 1712 Junii

164 1725 302 1751 sententia
312 1726 467 1757 eom‘eniat.
483 1728 529 1760 qui
545 1728 725 1760 primiceriqu
755 1730 781 1756 in
802 1731 899 1764 quovis
914 1732 956 1757 ol'o

164 1769 227 1795 licio
239 1770 315 1797 iiilllll
331 1771 385 1798 dici
407 1777 480 1806 putet
494 1773 540 1807 qui
559 1775 662 1807 primus
678 1776 819 1808 inscriptus
837 1783 872 1804 ut
895 1779 954 1804 allio

161 1814 216 1841 sive
237 1817 340 1842 ordinis
352 1817 396 1843 sui
415 1818 547 1853 catalogo,
565 1827 588 1846 et
609 1820 711 1854 prima:
729 1822 768 1864 ἰιι
788 1830 836 1848 suo
863 1824 955 1851 ordine

161 1861 294 1894 obtineat,
310 1863 399 1896 prima
415 1872 488 1896 rem,
504 1865 531 1891 id
545 1871 582 1892 est
597 1875 712 1898 summa,
723 1861 880 1902 inscriptus.
899 1871 953 1898 lloc

158 1907 181 1932 si
198 1914 298 1934 verum
314 1913 367 1940 est,
385 1910 456 1936 idem
474 1919 538 1945 ergo
552 1916 603 1938 erit
618 1914 792 1947 primiCerins
804 1915 953 1943 tabulario-

159 1958 220 1976 rum
237 1959 303 1978 cum
324 1955 527 1986 protouutario,
544 1957 602 1989 qui,
618 1961 646 1983 ut
660 1957 758 1986 Junius
775 1960 953 1994 dicit.primi-

155 1998 245 2022 aerius
260 1998 370 2032 piintus
387 2005 428 2026 est
441 2000 466 2026 in
488 2009 547 2027 cera
559 2010 607 2028 seu
626 2002 697 2033 albo.
719 2004 955 2033 rttabulariisunt

154 2045 274 2075 notarii,
290 2045 417 2079 ide-tque
436 2047 517 2080 igitur
540 2049 747 2081 protonotarius
777 2057 824 2076 seu
851 2052 954 2084 primus

153 2091 290 2117 notarius
304 2095 331 2116 et
343 2092 509 2124 primicerius
523 2093 728 2122 tabulariorum.
749 2095 804 2130 Ego
817 2097 880 2123 nudi
906 2098 955 2124 ltu-

146 2135 193 2167 jus
218 2136 394 2163 solutionem
423 2145 476 2164 non
501 2139 591 2172 video,
616 2141 670 2167 nisi
695 2142 757 2174 quis
779 2142 870 2170 dicere
890 2144 955 2171 velit

149 2181 235 2208 istum
250 2182 310 2209 dici
319 2183 497 2216 primicerium
506 2185 698 2212 tabulariorum
708 2192 832 2221 respectu
843 2189 952 2217 illorum

146 2228 335 2255 notariorum
351 2228 500 2262 quosinfra
518 2238 547 2257 se
564 2231 655 2264 habet,
671 2239 724 2259 non
742 2239 868 2268 respertu
895 2243 952 2262 om-

1010 295 1138 323 Notarius
1150 303 1212 323 vero
1223 301 1249 323 et
1263 296 1412 324 tabularios
1424 304 1505 325 Scusu
1516 298 1685 326 coincidunt.
1697 299 1794 336 Ceam]

1046 343 1130 369 Porro
1146 342 1180 370 de
1201 349 1265 369 voce
1279 342 1438 377 primicerii,
1452 344 1644 379 secundicerii,
1668 347 1795 374 tertiaee-

1011 387 1055 420 rii,
1073 388 1238 422 quartoeerii
1256 388 1314 414 ride
1329 387 1471 422 anarium
1489 389 1522 416 ad
1552 390 1593 417 tit.
1609 398 1655 421 vn,
1683 391 1730 418 lib.
1756 400 1794 420 xu

1009 433 1072 460 cod.
1089 433 1260 465 Justinianei,
1277 439 1303 460 et
1320 434 1491 468 Onupltrium
1514 435 1540 462 in
1556 436 1682 470 explicat.
1699 445 1794 464 rocum

1009 479 1188 506 obscurarum
1202 479 1462 512 ecclesiasticarum,
1491 485 1518 507 et
1548 481 1657 508 Petrum
1692 483 1795 518 Grego-

1010 524 1079 550 rium
1102 524 1243 559 Synlagm.
1269 525 1312 558 15,
1333 525 1377 557 22,
1414 527 1458 561 qui
1474 527 1510 553 ait
1544 529 1794 562 pronuntiationem

1009 569 1128 596 nominis
1140 569 1284 603 primicerii
1297 571 1405 604 exigere.
1421 571 1599 605 :‘djnrtionetu
1617 581 1647 600 ex
1665 574 1795 601 relatione

1009 614 1134 649 alicujus,
1150 616 1191 642 vel
1203 620 1277 642 certe
1288 617 1425 650 postulare
1439 623 1466 644 ut
1482 617 1757 653 subintelligatur.Qu
1777 622 1795 647 d

1009 661 1031 687 si
1044 669 1137 688 verum
1151 667 1202 694 est,
1220 666 1276 688 tum
1295 670 1404 689 necesse
1414 663 1466 689 erit
1483 667 1512 690 ut
1527 671 1586 690 cum
1603 665 1674 691 inter
1701 666 1796 699 palati-

1011 715 1059 734 nas
1072 708 1218 742 dignitates
1245 709 1258 734 ὁ
1286 708 1374 743 μέγας
1405 711 1610 746 πριμμικήριος
1625 713 1795 745 nominatur,

1009 754 1126 788 dignitas
1141 754 1231 788 aliqua
1260 756 1488 791 subinteliipatnr,
1514 757 1577 792 quia
1624 759 1795 793 primicerius

1008 807 1108 827 nomen
1126 801 1176 827 hoc
1195 801 1274 828 habet
1288 807 1409 836 re~pectu
1427 803 1540 838 alicujus
1568 803 1718 832 functionis
1746 813 1794 833 seu

1009 846 1163 873 ministerii.
1184 846 1250 874 lliuc
1268 848 1431 881 primicerius
1455 849 1592 882 lectorum,
1631 852 1795 885 primicerius

1009 892 1091 922 culte.
1106 893 1271 925 primicerus
1287 900 1473 928 protectorum,
1487 897 1651 930 primicerius
1667 898 1795 925 domesti-

1009 946 1110 965 corum.
1129 939 1222 967 Exstat
1241 941 1266 967 in
1282 941 1466 969 Decretalibus
1479 943 1574 970 titulus
1587 944 1620 971 de
1632 946 1792 978 primicerio,

1009 985 1054 1011 ubi
1062 985 1129 1012 nihil
1141 986 1260 1019 adjicitu:
1271 995 1278 1019 ;
1290 995 1378 1022 neque
1387 988 1467 1014 etiam
1478 990 1545 1015 satis
1554 995 1665 1024 apparet
1673 991 1737 1024 quid
1747 996 1795 1017 aut

1008 1028 1190 1064 adjiciendum
1209 1036 1257 1058 aut
1279 1032 1498 1060 subaudiendum
1515 1035 1562 1066 sit,
1579 1035 1629 1062 nisi
1648 1037 1709 1070 quis
1721 1036 1795 1063 dicat

1008 1075 1172 1111 subintelligi
1189 1085 1282 1104 vocem
1299 1083 1446 1106 cantorum.
1466 1079 1504 1106 De
1527 1088 1582 1115 quo
1607 1082 1668 1109 vide
1685 1082 1793 1110 Petrum

1008 1120 1168 1157 Gregorium
1191 1124 1208 1150 1.
1221 1132 1244 1150 c.
1260 1124 1328 1151 Ilinc
1344 1125 1537 1159 primiceriatus
1552 1126 1670 1163 dignitas
1697 1135 1724 1156 et
1737 1129 1794 1156 uili-

1008 1168 1080 1194 cinm
1096 1169 1253 1204 primicerii.

1043 1215 1120 1247 Quod
1143 1216 1175 1243 ad
1192 1216 1278 1251 ipsum
1292 1218 1453 1245 vocabulum
1467 1219 1574 1251 attinet,
1587 1227 1640 1248 non
1656 1221 1794 1257 improba-

995 1259 1099 1300 .hiliter
1121 1261 1269 1288 arbitratur
1279 1261 1407 1297 Cuiacius
1422 1263 1487 1290 illud
1504 1265 1587 1291 terius
1602 1273 1664 1294 esse
1688 1272 1791 1295 tantum

1008 1306 1212 1340 productionem
1242 1308 1326 1341 verbi,
1344 1309 1404 1336 sine
1423 1309 1474 1336 nlla
1488 1318 1564 1338 novte
1583 1312 1792 1347 signiﬁcationis

1007 1353 1156 1385 additiune;
1175 1357 1203 1380 ut
1218 1354 1332 1388 proinde
1343 1355 1508 1388 primicerius
1523 1356 1594 1384 idem
1611 1359 1646 1385 sit
1662 1360 1707 1393 qui
1735 1362 1791 1394 pri-

1008 1407 1076 1432 mus,
1091 1402 1283 1428 secundicerius
1297 1402 1367 1430 idem
1382 1403 1428 1438 qui
1442 1405 1588 1437 secundus,
1601 1406 1671 1433 sicut
1683 1412 1709 1434 et
1719 1409 1788 1442 apud

1008 1446 1171 1473 recentiores
1203 1447 1312 1475 Graecos
1341 1449 1520 1481 παιδόπουλος
1548 1450 1618 1477 idem
1646 1457 1688 1479 est
1718 1454 1788 1487 quod

1007 1490 1080 1521 παῖς,
1092 1490 1298 1525 Φραγκόπου).ος
1310 1492 1381 1519 idem
1397 1494 1468 1527 qttod
1485 1493 1622 1528 Francus;
1636 1497 1669 1522 ita
1685 1502 1713 1524 ut
1725 1498 1789 1525 illud

1007 1536 1104 1564 πουλος
1120 1536 1299 1573 sitparagoge
1320 1540 1422 1574 absque
1444 1541 1496 1568 ulla
1523 1550 1592 1569 nova
1615 1544 1791 1578 signiﬁcatio:-

1007 1589 1050 1609 ue.
1068 1583 1119 1609 Alii
1136 1589 1224 1611 tamen
1243 1593 1339 1612 nomen
1357 1587 1408 1613 hoc
1424 1594 1438 1613 a
1462 1588 1548 1621 primo
1560 1592 1586 1614 et
1598 1597 1657 1616 cera
1682 1589 1790 1617 deriva-

1008 1633 1062 1655 tum
1077 1630 1313 1666 compositumque
1327 1632 1429 1666 volunt,
1444 1634 1544 1668 quibus
1558 1636 1603 1669 qui
1630 1635 1710 1670 volet,
1741 1645 1790 1672 per

1007 1682 1049 1701 me
1062 1675 1214 1704 subscribat
1229 1677 1303 1705 licet.

1042 1721 1072 1749 P.
1081 1722 1107 1749 6.
1122 1721 1239 1750 Ultimus
1254 1723 1282 1751 in
1295 1726 1344 1751 hoc
1355 1725 1481 1759 quinario
1490 1732 1532 1754 est
1544 1727 1557 1753 ὀ
1569 1727 1660 1763 ἄρχων
1669 1730 1791 1757 τῶνκον-

1005 1768 1115 1799 τακίων,
1125 1768 1269 1804 Prtefectns
1281 1772 1403 1804 canticis,
1414 1774 1451 1799 ait
1461 1773 1570 1802 Junius.
1580 1776 1634 1802 lmo
1647 1778 1771 1804 contaciis
1781 1785 1792 1805 :

1007 1821 1068 1841 nam
1086 1816 1223 1842 canticum
1239 1818 1365 1851 generale
1380 1825 1477 1845 nomen
1494 1824 1538 1846 est
1552 1821 1586 1847 ad
1610 1823 1702 1850 omnia
1730 1831 1791 1857 qua:
1805 1831 1809 1834 ”

1006 1861 1065 1886 cani
1081 1866 1125 1887 aut
1140 1861 1228 1888 solent
1240 1866 1289 1889 aut
1303 1868 1427 1896 possunt,
1443 1868 1469 1890 at
1499 1866 1653 1893 contaeiutn
1684 1874 1790 1896 certum

1005 1907 1141 1940 quoddam
1155 1915 1240 1941 genus
1254 1909 1332 1935 estin
1345 1908 1501 1937 Graecorum
1532 1911 1676 1939 ritualibus
1701 1913 1789 1946 libris.

1005 1951 1076 1978 sicut
1099 1957 1126 1978 et
1149 1955 1305 1986 troparium.
1320 1955 1427 1988 εἰρμός,
1440 1963 1535 1988 cotton,
1545 1957 1677 1993 κάθισμα,
1691 1960 1791 1994 προπό-

988 2003 991 2006 ”
1006 2005 1095 2032 peto»,
1107 2000 1255 2033 τριιδιχὸν,
1267 1999 1413 2034 (ιεοτόκιον,
1425 2002 1626 2038 σταυρώσιμον,
1638 2005 1788 2032 ἀναστάσι-

1007 2052 1068 2078 μον,
1076 2050 1102 2070 ι·ι
1118 2044 1189 2079 apud
1203 2052 1253 2072 nos
1264 2053 1364 2078 versus,
1375 2048 1506 2079 versiculi,
1520 2049 1660 2083 graduale,
1675 2055 1787 2083 trav-tus,

1004 2090 1148 2124 sequentia,
1157 2093 1322 2124 responsoria
1331 2099 1356 2119 et
1368 2094 1447 2128 hujus
1457 2095 1565 2129 generis
1577 2096 1640 2127 alia.
1650 2105 1710 2131 qua:
1723 2098 1775 2124 alie
1787 2114 1790 2118 -

1005 2142 1038 2161 na
1051 2134 1140 2169 lingua
1156 2141 1324 2170 autprorsus
1332 2139 1445 2172 exprimi
1459 2143 1504 2167 aut
1518 2142 1659 2168 comtttode
1672 2143 1789 2177 exprimi

1005 2189 1058 2207 non
1076 2188 1198 2215 possunt.
1215 2182 1296 2210 Miror
1310 2189 1401 2211 autem
1434 2186 1498 2220 quid
1516 2189 1716 2216 correctoribus
1740 2188 1790 2216 Βυ-

1006 2227 1096 2253 ιιοίὶιιὶί
1126 2227 1286 2266 intuentem
1315 2230 1434 2261 venerit,
1459 2234 1487 2257 nt
1512 2239 1592 2266 quem
1617 2233 1660 2259 ille
1681 2241 1790 2262 voearet

144 2274 240 2306 nium,
257 2281 323 2308 quo
334 2280 414 2309 pacto
427 2276 441 2301 ὁ
456 2275 623 2310 δευτερεύων
638 2278 692 2304 τῶν
707 2279 841 2306 διακόνων
859 2282 950 2308 vocati

1006 2273 1155 2307 praefectum
1178 2275 1369 2307 contaciorum,
1385 2275 1435 2310 ipsi
1457 2277 1701 2311 interpretarentur
1712 2288 1789 2314 prro—

144 2327 244 2356 posset
263 2322 438 2356 primicerius
456 2323 639 2356 diaconorum,
669 2333 723 2352 nou
750 2326 884 2360 absolute,
901 2328 948 2355 sed

141 2367 370 2401 comparatione
379 2368 433 2393 τῶν
449 2369 557 2402 κοινῶν,
571 2375 600 2397 ιιι
617 2371 719 2398 Citrius
733 2374 761 2398 et
773 2372 895 2400 Codinus
908 2373 948 2400 ιο..

142 2420 292 2450 quuntttr.

177 2461 297 2488 Addam
318 2464 351 2487 et
366 2460 546 2494 hoc.Quid.si
567 2469 616 2496 per
637 2469 730 2489 vocem
762 2463 950 2499 ταὸου).αριων

139 2506 186 2534 hic
201 2514 261 2533 llOn
275 2505 477 2540 intelliguntur
488 2506 625 2539 tabularii,
638 2515 685 2534 seu
696 2509 805 2537 notarii.
816 2510 863 2537 sed
875 2510 951 2536 tabu-

135 2553 210 2578 laria
222 2559 278 2579 seu
290 2551 419 2583 archiva,
429 2558 456 2579 et
471 2553 507 2579 ita
524 2558 553 2580 ut
565 2554 741 2588 primicerius
753 2555 949 2583 tobulariorum

135 2602 184 2628 ille
200 2601 325 2628 dicatur
343 2600 395 2634 qni
410 2605 508 2634 praeest
519 2601 652 2628 tabulario
665 2609 713 2629 seu
729 2603 846 2636 ara/tiro,
857 2605 949 2632 socius

134 2647 162 2673 in
186 2647 245 2674 hoc
269 2645 377 2673 olm-io
397 2650 422 2672 ct
439 2646 599 2674 administer
621 2647 862 2683 cltartophylaeis?
882 2649 948 2676 Nam

132 2690 407 2727 chartophylacium
417 2689 520 2719 Latinis
536 2696 578 2719 est
593 2692 766 2726 tabularium,
781 2698 806 2720 et
820 2701 835 2720 a
853 2694 948 2722 Latino

133 2749 185 2768 usu
202 2743 295 2769 etiam
314 2739 439 2767 Graecis.
455 2740 529 2767 sicut
539 2741 611 2768 enim
624 2749 737 2776 magnus
753 2743 911 2772 sacellarius
923 2748 950 2772 et

133 2789 146 2814 ὁ
156 2787 206 2813 τοῦ
222 2786 391 2813 σακελλίου
406 2792 466 2811 suos
475 2786 627 2813 habuerunt
635 2787 783 2822 adjutores,
792 2788 869 2823 155
877 2789 913 2816 ita
923 2795 950 2817 et

133 2833 348 2869 chartophylax
374 2830 483 2858 videtur
504 2824 827 2869 habuisse-pimicerium
846 2835 949 2863 tabula-

132 2879 254 2906 riorum.
275 2878 400 2906 Gula-rs.

168 2926 213 2964 [Ρ.
224 2926 253 2955 ο,
263 2925 362 2959 Regia
377 2922 507 2955 superius
518 2925 649 2966 producta
663 2924 735 2952 inter
746 2925 838 2954 oilicia
853 2934 948 2955 recen-

289 2976 451 3006 PA'muL.
474 2972 528 3001 Gtt.
545 2972 662 3002 CLVII.

1004 2318 1099 2351 fectum
1115 2320 1299 2354 pugillarium.
1332 2320 1388 2355 Ego
1401 2321 1465 2356 quid
1486 2323 1536 2349 sibi
1568 2323 1712 2358 pugillares
1738 2333 1787 2353 sctt

1003 2364 1148 2399 pugillaria
1180 2366 1238 2392 haec
1254 2366 1348 2398 velint,
1377 2375 1481 2394 mecum
1511 2374 1641 2403 exputare
1668 2378 1786 2405 nequeo.

1005 2409 1052 2436 Est
1065 2415 1154 2436 autem
1169 2411 1309 2446 profectu:
1334 2413 1516 2440 contaciorum
1532 2414 1576 2442 ille
1589 2415 1633 2442 cui
1657 2423 1721 2444 cura
1748 2418 1789 2444 in-

1004 2455 1119 2482 clioandi
1137 2457 1260 2483 contacia
1275 2458 1431 2485 commissa.
1445 2458 1496 2486 Sed
1511 2461 1544 2487 de
1566 2462 1698 2489 conlaeiis
1710 2462 1787 2497 plura

1005 2500 1087 2528 habes
1101 2508 1182 2536 supra
1195 2510 1220 2529 c.
1236 2503 1262 2529 7.
1280 2502 1382 2531 Gnc'rs.

1040 2544 1202 2581 [Κοντάκιον
1216 2547 1260 2575 liic
1279 2548 1342 2582 (alia
1354 2556 1471 2584 namque
1482 2540 1611 2584 prater-im
1627 2552 1719 2586 refert)
1733 2561 1787 2579 ma-

1003 2591 1081 2618 dulul
1090 2597 1132 2619 est
1141 2593 1260 2626 brevior,
1270 2595 1324 2620 ἀπὸ
1335 2594 1380 2621 τοῦ
1395 2596 1500 2629 κοντοῦ,
1508 2605 1523 2623 a
1536 2597 1659 2624 brevitate
1669 2615 1677 2629 ,
1688 2605 1786 2624 nomen
1825 2609 1828 2612 ’

1003 2638 1137 2671 sortitus;
1156 2639 1328 2674 maximeque
1343 2646 1511 2675 sanctorum,
1527 2649 1642 2676 quorum
1665 2649 1718 2668 non
1745 2647 1787 2669 est

1004 2683 1138 2718 ofﬁcium,
1154 2686 1292 2713 memoriis
1306 2687 1416 2715 brevius
1430 2687 1562 2714 facundis
1574 2687 1692 2714 deservit
1704 2696 1711 2714 :
1727 2687 1786 2713 bre-

1003 2729 1115 2756 viculum
1126 2731 1190 2757 alibi
1206 2732 1309 2758 vocavi.
1319 2731 1425 2767 Quique
1434 2733 1475 2760 liis
1485 2732 1625 2759 cantandis
1641 2731 1786 2765 pral‘tcitur

1003 2779 1030 2802 et
1038 2776 1163 2809 intendit,
1173 2781 1213 2804 est
1223 2779 1327 2804 auctori
1337 2778 1429 2814 ἅρχων
1441 2779 1494 2805 τῶν
1507 2778 1668 2805 κο-ιτακίων.
1685 2776 1786 2814 Gustu]

1243 2835 1323 2871 156
1349 2835 1462 2863 CAPUT
1487 2835 1546 2862 xu.

1041 2880 1080 2908 De
1106 2886 1198 2910 octava
1231 2882 1342 2918 pentade
1370 2882 1513 2916 ciliciorum
1534 2887 1558 2908 et
1586 2881 1748 2916 ufﬁciulium.

1037 2928 1068 2956 Ρ.
1087 2928 1114 2957 6.
1127 2929 1154 2958 In
1165 2933 1261 2958 octavo
1274 2927 1400 2964 quinario
1410 2927 1512 2962 primas
1530 2933 1602 2956 tenet
1620 2928 1786 2962 primicerius

1590 2977 1610 3006 6
