2041 3144
237 185 284 218 rn
782 173 824 204 IN
845 150 1001 203 LIBRUM
1015 169 1063 200 DE

234 244 375 272 lectorum.
409 233 707 273 quietapudCitrium
744 234 896 266 comparet.
927 228 1066 258 auersa

273 288 357 325 [Ιῡὶιί.
381 286 408 313 Ὁ
420 283 628 320 πριμμικήριος
649 280 709 308 τῶν
726 276 939 313 ἁναγνωστῶν.
957 275 1028 301 Alla-

236 335 308 362 tiana
327 331 408 361 simul
423 338 484 357 cum
502 329 588 356 Citrio
600 331 697 354 cuncta
715 324 809 352 officia
824 323 850 350 in
871 321 1027 351 διακονικὰ,

237 379 362 415 ἱερατικὰ
379 378 425 404 καὶ
449 376 503 402 τῶν
522 372 707 408 ἀναγνωστῶν
727 372 820 397 volunt
845 376 907 396 esse
932 367 1027 395 divisa.

238 424 397 459 Quindecim
415 423 502 457 prima
516 420 637 448 diacoruis
653 419 805 453 assignant,
821 416 923 450 eosque
940 414 971 440 ad
986 421 1032 448 pa-

240 471 365 500 triarchae
382 470 454 496 latus
472 468 498 494 in
516 467 613 493 dextro
635 465 732 496 choro,
751 462 826 489 velut
841 462 901 496 ejus
916 459 1031 490 curiam.

240 519 353 545 locant:
371 514 514 550 sequentia
543 513 621 548 plura
642 519 724 546 quam
755 514 818 544 apte
846 507 1033 536 sacerdotibus

239 563 415 594 conveniam,
430 567 523 595 :cqnns
537 559 622 586 lector
647 565 678 585 ex
693 557 782 591 primo
808 556 904 583 obtutu
918 554 1032 589 judicat.

239 608 418 644 Protopsaltte
430 607 470 634 vel
485 605 568 640 hujus
585 597 728 631 inferiores
751 610 803 629 non
820 601 872 628 nisi
887 600 1035 628 lectoribus

239 655 357 684 conferri
372 653 485 685 Citrius,
500 656 611 679 auctore
626 650 676 685 ipsi
693 648 893 681 consentiente,
906 646 1036 674 deterriti-

241 709 300 732 nat.
316 702 393 730 Gon
407 700 418 738 ἶ

278 749 319 777 Ib.
335 749 465 782 Sequitur
479 748 493 773 ὁ
508 747 630 780 νομικός,
649 744 694 780 qni
714 743 785 778 apud
803 742 898 769 Codin.
916 749 942 776 p.
961 741 970 767 ι
990 740 1034 767 ed.

242 793 563 828 Jun.est6voposritr;;,
583 791 665 819 Junio
693 793 847 824 pra-rrptor,
876 788 922 822 qui
955 791 980 813 et
1009 785 1035 812 in

242 841 355 870 scltoliis
367 840 430 867 ista:
441 841 592 872 Prmeptor
612 841 651 863 est
666 836 826 862 musicorum
839 834 878 860 vet
913 831 1036 867 ψαλτῶν,

243 886 474 923 gymnasiarchus.
489 885 534 920 qui
547 888 639 918 postea
668 885 794 915 corrupta
825 887 885 906 voce
901 879 1036 912 μαῖςτωρ,

245 934 272 961 id
298 939 336 961 est
361 932 499 966 magister.
526 929 686 965 appellatur,
707 935 733 962 p.
756 926 790 953 H
808 930 878 960 etp.
897 925 942 952 60.
969 923 1038 951 Nutu

246 981 303 1007 lucc
329 987 392 1005 vera
416 979 481 1009 sint,
499 976 564 1003 facit
589 979 619 1002 nt
643 974 765 1001 dubitem
787 971 907 998 Joannes
926 970 1038 1001 Citrius.

245 1026 316 1060 apud
332 1032 413 1060 quem
428 1028 471 1051 est
483 1021 683 1057 νουμμοδίτης.
699 1018 800 1045 minimi
812 1017 903 1047 dator.
917 1020 946 1043 ιιι
960 1015 1041 1042 vertit

246 1072 395 1106 interpres.
409 1069 491 1097 Forte
506 1069 528 1095 is
559 1071 601 1094 est
617 1073 699 1101 quem
727 1072 777 1091 nos
805 1061 1040 1097 eteamosynarium

247 1118 382 1150 appellare
399 1116 530 1147 solemus;
545 1113 596 1140 nisi
608 1112 670 1147 quis
701 1110 848 1137 arbitretur
881 1116 943 1135 ettm
971 1107 1042 1141 apud

247 1164 357 1191 Graecos
379 1169 484 1189 morem
501 1156 679 1194 viguisse-qui
710 1156 780 1189 apud
813 1162 862 1182 nos
890 1154 916 1180 in
949 1153 1043 1180 multis

249 1210 384 1241 eerlrsiis,
404 1209 450 1235 ubi
467 1202 765 1241 prmscntiiusveleticis
788 1200 889 1235 aliquid
923 1199 1043 1234 pecuniae

249 1257 309 1285 dari
336 1256 416 1287 solet;
449 1261 530 1288 quam
557 1255 657 1278 \‘ttt‘altl
682 1252 863 1283 prresentz.et
892 1246 967 1272 illum
1000 1244 1062 1282 cui.

252 1310 352 1330 nrunus
377 1298 557 1328 di~triburndi
589 1296 777 1324 commissum.
807 1296 974 1327 primaut/ter.
1010 1291 1043 1317 At

253 1356 314 1376 cum
339 1347 461 1374 Codinus
487 1352 542 1372 uno
561 1345 620 1370 loco
654 1343 751 1368 habeat
780 1338 940 1373 νομηδότην,
961 1337 1046 1363 a'tero

253 1401 383 1429 expresse
393 1391 516 1426 νομικόν,
526 1397 579 1416 non
589 1388 696 1414 videtur
706 1385 852 1414 verisimile
862 1393 927 1417 νουμ
935 1382 1047 1418 μοδὸτην

254 1439 396 1473 Ιιεςιιηιὶιιιιι
413 1445 473 1464 esse
485 1445 493 1469 ;
506 1435 557 1462 nisi
569 1434 631 1469 quis
648 1433 729 1459 etiam
748 1432 838 1466 priore
853 1431 914 1457 loco
929 1437 1047 1463 vooapt-

255 1486 304 1512 κόν
323 1492 391 1511 nova
411 1483 496 1510 forma
518 1489 533 1508 a
549 1487 656 1507 nummo
675 1477 872 1505 restituendum
890 1475 1045 1502 contendat.

256 1531 334 1559 Ltcet
349 1529 460 1564 νομικός
482 1533 591 1562 quoque
621 1524 696 1560 παρὰ
711 1524 742 1550 τὺ
770 1522 864 1558 νόμος,
882 1527 910 1548 ιιι
941 1527 1046 1547 tumtum

256 1585 305 1604 seu
339 1581 475 1602 immutuit
505 1573 654 1606 signiﬁcat,
685 1569 783 1596 deduci
816 1567 912 1602 possit.
943 1565 1045 1597 Quodsi

256 1621 368 1657 νομικός
388 1621 421 1647 ad
437 1623 562 1645 cantores
586 1615 714 1651 pertinet,
734 1613 813 1647 plane
833 1611 856 1638 is
873 1609 977 1637 videtur
992 1616 1052 1636 esse

257 1669 302 1703 qui
314 1672 424 1694 ean'um
438 1669 619 1697 eantoresque
635 1661 715 1693 regit,
732 1663 759 1687 et
771 1657 889 1691 utvnlgo
903 1656 1052 1690 loquimur.

258 1701 302 1750 qui
321 1718 420 1740 tactum
435 1711 544 1747 prwbet,
557 1712 603 1736 (ter
618 1710 667 1734 den
683 1706 748 1733 Tact
763 1705 831 1740 giebt
843 1711 851 1735 ς
862 1703 914 1730 nisi
926 1702 969 1729 cui
986 1701 1053 1728 iorte

261 1747 348 1796 inagis
359 1758 480 1786 arrideat
500 1761 530 1783 ut
548 1763 594 1790 per
608 1754 720 1788 νομικόν
747 1756 775 1778 et
792 1749 938 1785 νομοδότην
955 1747 1054 1775 intelli-

261 1794 505 1843 g-tlﬁjurisperitum
519 1809 565 1830 seu
578 1801 648 1835 juris
661 1800 850 1833 interpretem:
868 1796 960 1823 forsan
979 1794 1053 1821 enim

262 1840 289 1881 in
304 1840 378 1880 eiero
395 1850 499 1885 Magnte
515 1847 642 1876 Ecclesia:
658 1851 779 1880 tempore
792 1842 890 1871 Codini
905 1847 963 1869 erat
975 1841 998 1868 is
1008 1840 1054 1875 qui

217 1898 223 1903 ’
259 1903 353 1934 postea
368 1898 458 1924 dictus
471 1899 513 1922 est
527 1891 696 1927 νομηνρύλαξ,
717 1890 796 1924 cujus
820 1888 923 1916 mentio
937 1887 962 1914 in
987 1885 1057 1913 Tur-

261 1933 337 1980 cogr.
349 1943 369 1970 ι.
386 1950 435 1976 vn,
452 1941 500 1968 l'ol.
515 1941 579 1968 506.
599 1939 652 1966 Nec
662 1942 702 1965 est
718 1944 732 1964 a
752 1944 815 1963 vero
830 1935 948 1962 alienum
967 1933 1051 1960 fuisse

261 1978 332 2017 inter
345 1987 481 2016 officiales
508 1984 710 2013 ecelesiasdcos
725 1982 843 2017 aliquem
859 1980 906 2015 qui
933 1980 966 2006 de
992 1978 1055 2013 jnre

261 2043 393 2068 responsa
409 2034 496 2060 daret.
513 2031 682 2060 Glossarium
699 2028 838 2062 Latinogr.
851 2026 968 2058 tabellio,
980 2033 1056 2058 νημι-

262 2082 322 2113 κῆς.
340 2079 443 2107 Gns'rs.

299 2125 385 2163 [Ibid.
398 2124 426 2151 '0
438 2123 574 2158 νομικός.
584 2119 636 2154 Qui
652 2118 722 2154 typis
730 2122 757 2145 et
770 2113 963 2144 ecclesiasticis
975 2113 1061 2140 rubri-

263 2158 436 2207 cis-apprime
458 2168 594 2199 eruditus,
612 2165 685 2200 quod
702 2170 812 2198 quoque
841 2162 885 2188 die
915 2158 1057 2194 legendum

264 2204 389 2245 ofﬁcium
406 2215 446 2242 vcl
461 2217 590 2242 Occurrat
602 2210 733 2238 memoria
752 2207 887 2237 facienda,
915 2204 1004 2232 sancit
1029 2209 1057 2230 et

266 2263 397 2298 publicat.
413 2261 449 2288 Ita
465 2260 598 2286 medoeet
627 2254 762 2282 Antonius
797 2252 887 2279 (iratis
915 2249 968 2278 (ΖΡ.
1003 2249 1054 2276 Alii

267 2317 327 2336 cum
342 2315 402 2335 esse
419 2306 512 2333 volunt
523 2306 567 2338 qui
581 2303 666 2336 legem
684 2299 840 2328 cantoribus
854 2297 928 2331 ponit
939 2302 965 2324 et
991 2296 1058 2322 cho—

267 2362 314 2382 rus
329 2353 409 2388 regit.
422 2351 517 2378 Solent
533 2353 668 2377 nostrates
698 2345 794 2373 musici
810 2345 915 2371 elevata
948 2344 1058 2377 depres.

268 2406 353 2434 suque
369 2405 451 2425 manu
466 2401 565 2424 cantus
591 2393 701 2421 modum
729 2396 756 2418 et
785 2390 906 2418 ordinent
921 2388 1060 2424 praeﬁgere

268 2442 525 2477 canto:ibus,qnod
559 2439 662 2468 Graecis
695 2438 791 2465 deesse
823 2435 928 2470 nequit;
961 2434 1060 2469 quibus

270 2498 401 2529 prmterea
427 2489 493 2516 illud
506 2492 547 2516 est
561 2487 588 2514 in
605 2493 668 2516 usu,
695 2489 723 2511 ut
739 2483 818 2510 \ariis
835 2488 931 2508 manus
958 2481 1060 2507 dextrae

269 2527 389 2566 motibus
402 2534 572 2568 diversisque
587 2531 733 2566 digitorum
750 2534 777 2555 et
790 2527 968 2556 articulorum
997 2534 1062 2554 eon-

270 2581 481 2611 forrnationibus
501 2579 590 2606 varias
604 2583 701 2604 vocum
718 2574 877 2602 inllexiones
890 2574 917 2600 in
937 2572 1060 2600 omnium

270 2634 417 2664 conspectu
434 2626 532 2654 melius
543 2631 626 2660 quam
645 2621 755 2649 musica:
784 2620 884 2648 notulse
904 2619 1060 2653 designent.

272 2682 354 2711 atque
373 2674 410 2701 ita
423 2681 475 2700 non
493 2670 612 2706 scriptis,
631 2667 680 2695 sed
710 2673 807 2693 manus
835 2665 957 2696 nutibus.
978 2672 1060 2698 qnam

271 2722 444 2758 χειρονομίαν
458 2719 563 2749 dicunt.
577 2719 674 2743 cantus
692 2713 764 2747 leges
779 2713 813 2739 ob
828 2711 922 2738 oculos
947 2714 1060 2744 ponant.

273 2756 328 2796 llus
344 2775 405 2794 cum
420 2763 572 2799 Theophila
583 2760 752 2796 χειρονομεῖν
762 2758 892 2785 scriberet
909 2756 1062 2785 Cedrenus:

273 2819 370 2840 unctor
386 2811 514 2845 νομικοὺς
535 2804 700 2841 nuncupaL]

310 2858 380 2885 Ibid.
399 2856 526 2891 Sequitur
541 2857 554 2881 ὸ
571 2851 840 2889 πρωτνικανόναρχος,
869 2849 967 2883 primus
985 2857 1063 2875 rutra-

276 2903 398 2931 tmrcltut.
413 2901 500 2932 inquit
526 2899 603 2932 157
619 2897 727 2930 Junius,
758 2897 835 2929 cuius
861 2898 943 2924 etiam
961 2895 1063 2923 Citrins

1064 1551 1084 1579 C

1086 166 1253 199 OFFiCllS
1270 166 1323 196 Cl’.
1819 155 1871 188 172

1082 224 1216 252 meminit.
1242 221 1341 249 Junius
1354 220 1379 246 in
1392 218 1477 246 seluol.
1496 215 1691 247 cmtotmrclms,
1707 215 1750 249 qui
1765 222 1873 240 ratium-

1081 272 1129 299 but
1140 268 1311 305 synodalibus
1329 271 1353 294 et
1366 266 1428 293 aliis
1444 263 1560 299 legendis
1574 262 1715 297 prn’fcctus
1730 265 1779 293 est;
1792 260 1873 295 cujus

1081 293 1119 344 rei
1132 293 1423 349 habetur
1435 318 1460 336 c.
1503 316 1529 336 et
1543 293 1586 335 15'.
1607 293 1706 334 verum
1730 306 1756 332 in
1781 293 1874 340 priore
1888 301 1896 307 “
1909 293 1913 299 ¹

1083 364 1142 391 loco
1159 369 1212 389 non
1227 361 1255 388 fit
1270 358 1373 386 mentio
1394 354 1655 391 prolocnnonarclur.
1675 352 1720 380 sed
1741 358 1875 379 canonar-

1082 410 1152 440 cbze,
1181 407 1227 442 qui
1241 408 1296 433 duo
1308 404 1420 435 diversi,
1446 402 1517 430 sicut
1540 399 1745 435 protonotarins
1756 402 1782 424 et
1799 402 1875 423 nota-

1084 456 1150 482 rius.
1173 452 1260 480 \’eiba
1280 450 1425 484 Codini.p.
1440 447 1491 478 Mi.
1505 447 1560 474 haec
1573 449 1638 473 sunt
1651 453 1658 471 ε
1673 443 1772 477 legitur
1788 450 1803 469 a
1828 449 1874 468 ea-

1085 500 1223 528 nonarcba
1249 497 1326 527 illud.
1340 494 1530 530 Πολυχρὸνιον,
1541 493 1694 520 diuturnum
1708 489 1790 523 faciat
1808 488 1878 514 Deus

1084 553 1204 574 sanctum
1221 545 1360 579 imperium
1374 548 1447 569 litant
1465 541 1492 568 in
1504 540 1601 566 multo:
1614 544 1717 564 annos:
1732 537 1812 569 idque
1823 539 1877 561 ter-

1086 595 1122 621 tio
1137 593 1222 626 repeti
1239 591 1317 619 dicit.
1343 587 1426 616 Estne
1442 587 1485 614 hic
1500 593 1591 614 sermo
1601 585 1635 611 de
1665 587 1878 617 protoranonar-

1085 639 1133 666 clm
1152 646 1186 664 an
1203 637 1236 663 de
1249 634 1415 662 canonarcha
1430 633 1442 659 ?
1457 631 1597 659 Dicitur-ne
1615 629 1702 662 ipsius
1718 633 1778 653 esse
1790 625 1880 658 legere

1086 691 1147 712 acta
1162 683 1288 719 synodica
1303 687 1329 708 et
1342 681 1395 708 alia
1411 679 1493 714 huius
1520 674 1651 712 generis?
1683 672 1767 700 Estne
1789 671 1879 697 fausta

1086 734 1131 760 illa
1141 729 1295 766 apprccatio
1303 728 1459 754 diuturnum
1471 724 1553 758 facit-:1
1566 721 1704 756 imperium
1718 724 1802 750 tuum,
1814 722 1856 744 etc
1871 735 1880 749 ,

1087 775 1340 812 canonsynodulis,
1365 777 1393 800 ιιι
1412 765 1766 803 Junius-loquiturHilulto
1790 763 1880 790 minus

1089 825 1113 852 id
1129 823 1214 851 altero
1234 828 1249 848 a
1268 820 1350 848 Junio
1369 818 1452 845 citato
1468 817 1528 843 loco
1547 823 1574 850 p.
1600 813 1646 844 8‘2,
1664 810 1784 846 reperire
1806 809 1880 840 licet,

1090 870 1136 899 ubi
1152 869 1255 897 nullum
1271 867 1384 894 verbum
1401 872 1451 892 nec
1464 864 1497 890 de
1510 861 1684 890 eanonarcba
1711 865 1760 885 nec
1775 857 1808 883 de
1821 863 1882 890 pro-

1092 915 1308 944 tocanonareha.
1337 911 1390 939 Sed
1412 911 1511 938 Junius
1535 914 1664 942 tanquam
1690 911 1778 933 eiectis
1796 904 1823 930 in
1840 902 1884 929 Itis

1090 962 1340 991 ecclesiasticarum
1361 958 1534 986 functionntn
1559 953 1701 982 vocabulis
1725 949 1884 980 oberrabat,

1091 1013 1118 1035 et
1145 1005 1294 1035 dummodo
1309 1003 1410 1039 aliquid
1425 1001 1528 1029 diceret
1556 999 1634 1027 facile
1650 1005 1679 1024 se
1708 997 1885 1024 inventurum

1093 1053 1171 1080 tidem
1184 1051 1369 1079 arbitrabatur
1390 1048 1460 1083 apud
1481 1047 1542 1074 illos
1557 1046 1603 1080 qui
1619 1049 1716 1079 praeter
1733 1041 1887 1078 praedican-

1093 1104 1134 1125 tes
1150 1103 1175 1125 et
1193 1097 1335 1124 ministros
1357 1094 1432 1122 verbi
1460 1092 1526 1120 nihil
1551 1096 1661 1118 norunt.

1129 1145 1196 1178 Quis
1211 1144 1293 1178 igitur
1308 1140 1567 1177 protocanonarclm,
1579 1143 1605 1164 et
1619 1137 1689 1164 unde
1702 1137 1751 1163 hoc
1765 1142 1863 1162 nomen
1876 1134 1888 1160 ’ἒ

1094 1193 1215 1226 Evpont-t
1223 1190 1301 1218 nobis
1312 1189 1363 1216 hoc
1376 1187 1507 1218 Zonaras.
1519 1186 1566 1221 qui
1583 1185 1607 1212 iu
1619 1183 1824 1211 commentariis
1837 1190 1889 1208 su-

1095 1247 1141 1272 per
1151 1245 1270 1265 canouas
1279 1235 1457 1264 Anastasinos
1467 1233 1578 1261 Joannis
1592 1230 1752 1258 Damasccni
1765 1230 1801 1256 ita
1813 1237 1890 1256 eont-

1097 1290 1248 1312 Inentatnr:
1263 1284 1354 1310 Catum
1378 1282 1478 1307 dicitur
1497 1280 1558 1315 quia
1576 1279 1736 1313 pra‘ﬁuilmn
1758 1285 1781 1302 et
1798 1284 1890 1302 norem

1096 1333 1152 1359 odi:
1164 1332 1392 1366 circumscriptam
1404 1330 1479 1356 habet
1491 1329 1639 1361 periodum.
1655 1331 1683 1353 ut
1704 1325 1796 1352 \idere
1808 1329 1849 1351 est
1863 1323 1890 1349 in

1097 1379 1253 1407 Graarorum
1266 1376 1412 1404 ritualilms
1425 1375 1513 1402 libris.
1529 1374 1570 1401 Ab
1590 1374 1633 1400 bis
1647 1373 1729 1407 igitur
1739 1371 1847 1398 canonil
1859 1377 1892 1397 «ιε

1098 1423 1168 1458 apud
1189 1423 1299 1450 Grarcos
1330 1429 1436 1456 magna;
1464 1419 1634 1448 auctoritatis
1657 1423 1683 1444 et
1712 1417 1892 1443 existimatio-

1100 1472 1141 1497 nis
1153 1469 1411 1504 protocmwnarclta.
1429 1472 1456 1494 et
1476 1467 1522 1502 qui
1543 1467 1594 1494 sub
1608 1466 1655 1493 illo
1671 1470 1740 1496 erat,
1762 1471 1892 1490 canonar-

1100 1517 1148 1543 clm
1164 1523 1263 1543 ιιοιιιῡιι
1277 1520 1435 1542 traxerunt:
1461 1514 1582 1548 ipsorum
1604 1513 1676 1539 Cllilll
1692 1517 1750 1539 erat
1773 1518 1895 1537 canunas

1104 1563 1181 1594 istos,
1195 1561 1303 1596 quando
1319 1561 1345 1588 in
1363 1561 1478 1588 ecclesia
1489 1558 1650 1587 decantandi
1662 1562 1750 1590 erant,
1763 1558 1894 1584 inchoare

1104 1614 1130 1635 et
1148 1608 1262 1641 reliquis
1271 1607 1349 1641 quasi
1376 1606 1480 1641 praeire.
1498 1605 1577 1637 Hinc,
1594 1610 1622 1632 et
1637 1612 1690 1631 non
1709 1604 1830 1636 aliunde,
1843 1604 1895 1632 hoc

1105 1662 1203 1681 nomen
1221 1654 1354 1687 originem
1374 1652 1461 1680 ducit.
1482 1651 1586 1679 Gens.

1144 1699 1254 1736 [Κανών
1273 1700 1393 1735 hymnus
1406 1698 1609 1726 ecclesiasticus
1622 1702 1663 1724 est
1681 1697 1786 1732 longior
1794 1702 1820 1724 et
1835 1697 1896 1732 pln-

1107 1747 1183 1774 ribus
1199 1746 1326 1780 tropariis
1340 1750 1482 1773 constans.
1496 1745 1546 1778 Qui
1561 1751 1625 1772 vero
1639 1744 1790 1772 canOnibus
1803 1743 1896 1772 istius-

1107 1792 1178 1819 modi
1210 1791 1389 1818 roncinendis
1423 1790 1575 1823 incumbit,
1605 1789 1772 1825 κανονάρχου
1805 1789 1898 1824 appel-

1108 1838 1208 1864 latione
1223 1837 1395 1864 lmnestatur.
1414 1836 1471 1864 lloc
1502 1840 1593 1863 autem
1616 1841 1695 1871 pacto
1724 1835 1898 1870 κανοναρχεῖ.

1111 1884 1303 1911 Deficientibus
1320 1883 1398 1911 libris
1413 1888 1492 1917 prout
1511 1883 1582 1918 apud
1603 1891 1662 1913 nos.
1684 1881 1837 1908 uncialibus
1854 1881 1899 1908 lit-

1110 1930 1174 1957 teris
1187 1930 1306 1957 exaratis
1318 1930 1381 1957 etin
1393 1930 1467 1957 chori
1483 1929 1571 1955 tnedio
1581 1929 1613 1955 ad
1628 1928 1749 1955 nomium
1773 1927 1900 1954 obtutum

1109 1975 1304 2010 expantlt-ndis,
1327 1976 1499 2002 cononarcha
1525 1974 1638 2008 troparii
1661 1974 1742 2001 utrius
1764 1980 1901 2000 commata

1111 2022 1262 2049 successim
1279 2022 1333 2048 alta
1353 2029 1420 2048 voce
1436 2021 1532 2048 dextro
1546 2021 1631 2047 choro
1646 2020 1772 2054 primum,
1791 2024 1848 2046 tum
1863 2019 1901 2045 al-

1112 2068 1196 2094 terius
1216 2067 1329 2102 troparii
1353 2068 1394 2094 vel
1415 2067 1542 2101 strophes
1554 2071 1689 2093 commata
1710 2066 1794 2093 choro
1812 2066 1902 2097 alteri,

1112 2121 1164 2141 non
1181 2113 1334 2148 interrupto
1348 2117 1443 2144 cantu,
1461 2112 1599 2146 suggerit;
1612 2119 1643 2138 ac
1660 2112 1695 2138 ita
1708 2111 1831 2145 fungitur
1844 2111 1903 2138 otii-

1112 2161 1154 2188 cio
1167 2161 1239 2194 quod
1259 2163 1298 2186 esl
1315 2160 1499 2193 κανοναρχεῖν,
1514 2167 1645 2185 canonum
1666 2157 1791 2184 videlicet
1805 2157 1905 2184 decan-

1073 2222 1095 2248 ι)
1114 2205 1256 2232 tandorum
1274 2204 1380 2239 singula
1392 2204 1468 2231 verba
1484 2209 1509 2230 et
1518 2205 1686 2237 periodorum
1710 2203 1826 2230 membra
1840 2210 1905 2237 pru-

1109 2252 1204 2278 denter
1222 2252 1256 2278 ob
1273 2251 1403 2278 librorum
1419 2250 1554 2277 defectum
1565 2258 1713 2285 suggerere,
1726 2254 1749 2276 et
1773 2257 1824 2284 quo
1843 2254 1906 2275 tono

1111 2298 1162 2324 sint
1178 2297 1313 2324 cantanda
1331 2305 1444 2324 monere.
1458 2295 1561 2331 Conv]

1149 2342 1271 2374 Quartus
1287 2347 1329 2370 est
1345 2342 1468 2377 ἔξαρχος,
1488 2341 1627 2371 exercitus.
1649 2340 1704 2367 dua:
1728 2341 1845 2374 quidem.
1867 2339 1906 2366 iu-

1111 2388 1170 2422 quit
1187 2387 1298 2419 Junius.
1313 2392 1337 2414 et
1355 2395 1452 2422 prwses
1470 2387 1650 2414 ministrorum
1665 2385 1781 2412 ecclesia'
1795 2386 1822 2412 in
1835 2386 1908 2411 ordi-

1113 2433 1202 2459 nanda
1216 2433 1381 2467 singulorum
1409 2433 1541 2466 {unctione
1556 2437 1581 2458 et
1600 2432 1758 2458 nunisterio.
1780 2430 1906 2457 Fallitur.

1113 2478 1220 2506 Rectius
1233 2480 1257 2506 in
1268 2478 1400 2513 Tureogr.
1412 2478 1460 2506 fol.
1476 2478 1536 2509 192.
1547 2480 1684 2505 ειίιτεὶιυὸ
1699 2479 1799 2512 legatus
1814 2483 1863 2503 aut
1874 2477 1909 2502 νέ-

1114 2525 1202 2552 carius
1214 2525 1376 2558 patriarcha:
1394 2529 1440 2551 aut
1450 2524 1634 2558 metropolitte,
1644 2524 1712 2550 sicut
1734 2531 1780 2549 nos
1793 2524 1909 2557 legatum

1113 2571 1267 2606 apostolica:
1282 2571 1351 2598 sedis
1364 2571 1488 2598 dit-imus.
1498 2571 1528 2598 Et
1542 2569 1588 2596 fol.
1600 2569 1653 2596 “295
1665 2569 1764 2596 dicitur
1776 2568 1910 2595 exarchus

1116 2617 1216 2644 missos
1231 2616 1265 2643 ad
1293 2616 1476 2652 colligendum
1508 2615 1662 2642 subsidium
1691 2622 1740 2649 pro
1767 2613 1912 2647 [tendendo

1113 2661 1209 2690 Turcis
1226 2662 1330 2690 tributo
1341 2671 1349 2690 :
1360 2663 1459 2690 habere
1474 2662 1556 2689 etiam
1572 2665 1732 2695 potestatem
1753 2660 1798 2686 τοῦ
1810 2659 1911 2693 ἀργοὺς

1114 2711 1200 2735 ποιεῖν
1213 2709 1260 2736 καὶ
1272 2709 1422 2743 ἀφορίζειν,
1435 2708 1555 2743 priuandi
1580 2708 1663 2742 ofﬁcio
1687 2706 1864 2734 ecclesiastico
1889 2709 1911 2730 et

1112 2755 1366 2788 excommunieandi,
1381 2755 1414 2781 δι’
1428 2755 1555 2788 εὐλόγους
1575 2753 1676 2784 αἰτίας,
1693 2753 1724 2780 ob
1740 2753 1829 2786 justas
1851 2759 1912 2778 cau-

1113 2809 1168 2828 sas.
1195 2800 1260 2828 Item
1284 2801 1329 2835 jus
1358 2800 1516 2828 absolvendi
1538 2801 1702 2834 pce-nitentes
1723 2808 1730 2827 :
1749 2803 1774 2825 et
1803 2798 1838 2824 ad
1864 2798 1914 2824 hoc

1116 2847 1233 2882 propriis
1250 2847 1360 2879 litteris,
1379 2855 1448 2882 quas
1476 2846 1673 2882 συγιωρητικὰ
1694 2845 1848 2879 γράμματα.
1866 2852 1914 2876 ap-

1115 2895 1226 2927 pellant.
1239 2901 1254 2921 a
1267 2894 1421 2927 patriarcha
1440 2894 1625 2922 instruuntur.
1642 2891 1701 2920 Fol.
1721 2890 1782 2921 219.
1799 2890 1912 2917 duono-
