2041 3144
224 179 274 211 1Ὶῖ

761 180 802 211 1N
821 179 968 210 L'IBltUM
991 180 1038 210 DE
1059 179 1225 210 OFFICHS
1238 179 1293 210 (ΣΡ.

1792 180 1839 212 1'76

217 238 293 265 sedis
321 237 479 272 apostolica:
505 237 565 264 loco
592 244 691 265 causas
723 236 923 264 ecclesiasticas
955 245 989 263 co
1022 242 1041 269 Α
1058 241 1113 264 vat.
1131 245 1168 269 tv.
1185 237 1211 264 5.
1229 237 1296 264 Vide
1315 236 1441 264 eumdetn
1454 237 1486 265 de
1512 237 1686 266 chartulariis
1714 237 1747 265 ab
1760 238 1806 265 lilu.
1826 247 1840 265 ι

217 284 368 319 gnosct-bat
392 289 420 311 et
441 289 572 318 tauquam
597 284 680 319 jutlex
705 283 851 310 dirimebat
878 287 905 310 et
927 284 1002 318 judi-

217 331 318 363 cabat;
348 331 504 365 mansitque
546 331 572 358 in
600 331 695 358 eodem
723 330 812 358 ollirio
848 330 874 356 in
911 329 1002 356 Africa

216 377 298 404 etiam
314 377 364 405 sub
384 376 507 412 Gl‘t‘golii
523 377 611 412 Magni
637 376 810 412 pontiﬁcatu,
838 377 917 412 cujus
945 377 1004 411 ipse

217 423 275 450 suis
301 422 328 449 in
350 423 474 457 epistulis
490 423 587 451 crebro
604 423 738 450 tueminit.
758 422 860 450 Verum
885 416 1000 450 chartu-

218 469 302 496 larius
314 469 410 496 (Ζοιιίιιῑ
425 470 504 505 longe
518 470 658 498 inferioris
684 469 789 497 ordinis
814 475 842 497 et
863 470 1004 504 dignitatis

216 521 285 546 erat,
305 515 376 542 inter
389 515 505 542 lectores
530 516 659 543 nimirum
676 517 854 546 constitutus.
874 521 901 543 et
929 521 1004 543 aute-

217 561 382 596 penultiinus
398 562 424 588 in
444 562 540 589 ultima
556 563 684 597 peutade.

253 619 341 646 Porro
358 627 420 646 cum
438 620 530 653 plut‘t's
543 619 644 647 fuerint
659 621 830 651 cltartttlat-ii,
850 627 878 648 ut
902 621 1004 649 Citrius

215 670 348 697 expresse
368 664 475 694 scribit.
488 665 567 700 160
578 674 626 692 cur
637 665 759 693 Codiuus
776 674 860 693 unum
871 667 1005 695 duntaxat

217 709 362 736 nominat?
377 718 411 736 an
430 718 513 737 unum
531 711 700 738 nominando
715 712 835 747 reliquos
849 713 1004 741 subintelli-

216 756 281 791 git?
310 756 407 784 aniste
437 757 623 784 clinrtulurius
648 759 693 793 qui
722 758 748 785 in
778 766 850 786 noua
874 761 1003 795 pentade,

216 802 342 829 diversus
354 807 395 830 est
410 810 424 828 ιι
440 803 615 831 cltartulariis
639 811 741 838 magna:
765 805 882 837 sacella‘,
909 813 1005 833 sceno-

218 848 334 883 phylacii
361 847 427 875 etc?
445 847 499 875 Sed
515 848 587 883 quod
600 848 716 875 ollicium
733 848 852 882 ?_—Junius
866 850 1003 884 expedite:

217 894 321 921 utinam
337 901 410 921 vere.
430 893 459 920 '0
487 894 687 928 χαρτουλάριος
702 895 747 928 qui
762 895 875 929 publicis
891 895 1003 928 litteris,

1054 283 1120 309 Cod.
1137 281 1238 310 Justin.
1256 283 1298 310 tit.
1316 283 1351 310 25
1365 282 1472 310 et'infra
1490 283 1537 310 lib.
1557 291 1586 315 ll,
1600 291 1625 310 c.
1643 283 1670 311 3.

1092 328 1123 356 P.
1136 329 1163 357 ὃ.
1173 329 1296 357 Tertium
1312 330 1402 357 locum
1418 330 1523 357 obtinet
1537 330 1551 356 ὁ
1566 329 1725 361 δεποτάτος.
1738 330 1842 358 Citrius
1880 322 1886 329 ’

1056 383 1170 403 numero
1187 375 1372 403 multitudinis
1382 376 1538 403 δεποτάτοι.
1566 375 1705 409 Quantum
1718 383 1840 403 errorem

1054 421 1151 449 Junius
1175 422 1343 450 commiserit.
1372 421 1419 450 fol.
1441 422 1502 454 194.
1525 422 1656 456 deceptus
1676 422 1781 449 scilicet
1802 423 1843 449 le-

1053 467 1146 495 ctione
1155 467 1235 501 falsa,
1245 476 1325 503 quam
1335 468 1416 495 facile
1428 469 1572 495 emendare
1584 473 1700 503 poterat,
1711 468 1766 504 jam
1778 469 1841 495 alil-i

1055 515 1157 542 dictum
1178 519 1219 541 est
1244 515 1288 546 (ad
1316 522 1378 549 pag.
1397 514 1453 549 95).
1477 514 1505 541 ln
1534 515 1646 542 sclioliis
1668 522 1720 541 non
1749 515 1840 541 minus

1056 560 1162 594 ineptit.
1185 560 1214 586 Ὀ
1228 560 1381 591 διποτάτος,
1395 560 1517 591 barbare.
1528 560 1692 587 c/mrtulario
1702 559 1841 594 adjunctus

1056 608 1252 642 ἀντιγραφεὺς,
1286 615 1362 642 quem
1391 607 1483 641 vulgo,
1513 612 1540 633 ut
1571 606 1686 633 Butlqu
1713 606 1840 640 loquitur.

1055 653 1322 680 contrarotulntorem
1347 657 1452 682 ιιοεαηι.
1473 652 1618 680 Pratclare.
1647 652 1756 679 Interim
1791 660 1839 678 Ilus

1055 700 1201 726 credamus
1225 699 1323 732 Citrio,
1357 699 1404 733 qui
1422 699 1539 733 deputati
1557 706 1656 726 munus
1674 705 1728 724 non
1746 705 1840 724 nume-

1055 750 1097 772 rat
1113 746 1183 773 intcr
1194 745 1295 776 oflicia.
1307 748 1334 773 tu
1347 753 1402 780 quo
1411 753 1425 772 a
1443 745 1549 773 Codino
1565 745 1701 773 dissentit.
1712 745 1758 772 sed
1770 745 1840 771 inter

1054 791 1193 823 διακονίας
1209 799 1257 819 seu
1273 791 1437 819 ministeria.
1457 791 1508 818 Sed
1526 790 1656 825 qttidquid
1673 792 1708 818 sit
1723 790 1756 817 de
1777 789 1838 822 hoc,

1056 839 1128 875 quod
1145 840 1338 875 deputatorum
1354 847 1453 867 munus
1471 844 1556 871 esset,
1570 839 1613 866 bis
1624 837 1714 866 verbis
1734 837 1812 865 docet
1833 846 1838 863 :

1057 887 1089 914 0i.
1110 887 1257 914 -δεποτάτοι
1282 887 1311 913 δὲ
1328 885 1582 921 μανδυοφοροῦντες
1608 885 1677 920 μετὰ
1691 883 1842 918 λαμπάδων

217 941 317 967 tabulis
341 940 574 975 instruutentisque
605 941 731 967 curandis
763 947 785 968 et
818 943 1003 969 retractandis

1059 934 1275 969 προπορεύονται
1286 933 1334 960 τοῦ
1349 942 1378 960 τε
1393 933 1471 967 ἁγίου
1488 931 1668 966 Εὑαγγελίου,
1683 931 1763 957 ὁπότε
1775 931 1839 955 ἁνα-

217 988 376 1014 ronstitutus
392 992 439 1013 ut.
456 988 489 1013 At
505 986 557 1013 hoc
574 986 698 1014 ofliciunt
728 989 845 1022 pertinet
856 989 890 1015 ad
919 989 1002 1015 citar-

217 1033 387 1069 topliylact-m
403 1033 519 1067 CjUStllle
533 1033 718 1060 cliartularios
741 1041 789 1061 seu
808 1035 1002 1067 administros.

218 1080 281 1106 itctn
298 1080 330 1105 al
346 1079 566 1113 protonota-rium
585 1083 611 1106 et
627 1079 741 1107 similes.
758 1080 799 1106 An
820 1081 1006 1108 clmrtularius

220 1126 272 1151 iste
296 1124 366 1151 inter
391 1125 508 1152 lectores
535 1125 672 1158 peculiare
696 1125 828 1159 qutiddatu
855 1126 1008 1155 obtinebat.

218 1169 324 1197 ratione
340 1168 417 1203 cuius
430 1170 592 1203 cliartularii
609 1178 707 1197 nomen
717 1176 860 1206 acceperat
875 1171 886 1198 ?
901 1171 1005 1199 Gss'rs.

254 1238 468 1274 [Hegtstrorum.
501 1238 672 1272 chartarum,
705 1239 893 1268 coditillorum
935 1248 1005 1268 onus

218 1286 270 1313 sibi
290 1286 450 1320 impositum
462 1286 503 1312 νει
520 1285 579 1312 solo
594 1285 706 1312 nomine
729 1287 913 1314 cliartnlarius
937 1287 1008 1314 indi-

218 1338 262 1360 cat
278 1343 284 1361 ζ
306 1341 423 1368 quorttm
442 1341 505 1361 νθιο
522 1335 781 1361 commentariorum
795 1342 890 1362 curant
910 1343 1006 1363 susce‘

218 1379 287 1414 perit.
302 1380 345 1406 Itit‘
364 1379 501 1413 privatim,
518 1387 550 1406 ex
563 1380 687 1415 genetica
709 1381 905 1416 communique
940 1389 1007 1409 voce

221 1434 275 1452 non
307 1425 385 1452 facile
414 1426 612 1460 assiguavuis.
642 1427 791 1454 Sat-citari.)
810 1432 838 1455 et
863 1435 1008 1456 mconomo

220 1471 452 1506 puritcrlegimus
468 1472 494 1498 in
520 1473 711 1506 superioribus
735 1474 933 1501 chartularium
958 1477 1008 1502 ad-

218 1515 352 1549 iunctum,
367 1514 474 1548 laboris,
492 1520 520 1542 ut
531 1517 568 1542 ait
579 1516 733 1548 Bulsamon,
744 1521 951 1554 συμμεριστήνι
965 1520 1008 1546 hic

219 1569 284 1588 \‘cro
299 1561 417 1588 lectores
433 1561 505 1588 inter
518 1566 684 1590 etcanlores
702 1565 854 1592 recensitos
865 1572 1007 1592 commcn-

1056 980 1170 1013 φέρεται
1185 980 1224 1011 εἰς
1235 979 1280 1006 τὸν
1305 978 1420 1013 ἄμϐωνσ.
1433 978 1510 1013 161
1522 978 1589 1012 πρὸς
1602 977 1763 1011 ἀνάγνωσιν,
1781 976 1829 1002 καὶ

1062 1027 1118 1052 τῶν
1140 1026 1226 1060 ἁγίων
1235 1025 1331 1060 δώρων
1351 1025 1380 1051 ἔν
1403 1033 1433 1051 τε
1451 1026 1484 1060 τῇ
1501 1024 1540 1055 εις
1554 1026 1603 1058 τὴν
1613 1024 1693 1057 ἁγίαν
1702 1021 1843 1056 τράπεζαν

1057 1059 1228 1106 εἰσόξῳνκαὶ
1251 1059 1281 1098 ὲν
1295 1072 1328 1107 τῇ
1346 1071 1386 1102 εις
1413 1071 1463 1106 τὴν
1493 1070 1623 1106 πρόθεσιν
1650 1068 1771 1102 ὲπανὸδῳ
1795 1067 1844 1095 αὑ·-

1057 1119 1121 1146 τῶν.
1147 1117 1247 1146 ϐιιιιτε.
1327 1128 1330 1129 ν
1432 1119 1438 1125 '

1094 1175 1140 1212 [Ρ.
1153 1175 1179 1203 6.
1195 1175 1222 1202 '0
1236 1174 1410 1208 δεποτάτος.
1428 1175 1564 1202 Allatiana
1577 1175 1622 1202 :'0
1638 1173 1785 1205 δεποτάτος
1795 1181 1845 1199 πε-

1059 1222 1182 1257 ριπατῶν
1207 1221 1364 1257 ἔμπροσθεν
1383 1221 1431 1248 τοῦ
1461 1221 1613 1257 ἀρχιερέως
1630 1220 1775 1256 καθαρίζει
1799 1221 1848 1247 τὶν

1058 1268 1121 1294 λαὸν
1137 1268 1190 1294 ἀπὸ
1202 1268 1253 1301 τὴν
1274 1267 1406 1302 στράταν.
1434 1268 1503 1294 ciam
1534 1266 1631 1301 populo
1652 1267 1777 1293 mumlam
1801 1274 1846 1292 ea-

1058 1319 1185 1345 cuamque
1198 1311 1296 1338 reddit.
1308 1312 1367 1338 Alia
1378 1320 1385 1338 :
1395 1311 1425 1338 '0
1435 1312 1581 1343 δεποτάτος
1597 1312 1630 1338 va
1641 1310 1711 1346 καλῇ
1723 1311 1785 1342 τοὺς
1796 1310 1847 1345 ἄρ-

1056 1364 1154 1393 χοντας
1167 1356 1206 1387 εἰς
1221 1355 1268 1382 τὸν
1281 1355 1415 1391 ἀρχιερέα
1431 1356 1480 1382 καὶ
1500 1355 1532 1383 νὰ
1556 1355 1696 1391 καθαρίζει
1714 1355 1761 1381 τὸν
1784 1354 1848 1381 λαὸν

1057 1402 1112 1429 ἀπὸ
1125 1401 1175 1437 τὴν
1192 1402 1324 1437 οτράταν.
1337 1401 1441 1437 (ΞοΑΙι.]

1096 1459 1311 1488 Fueruntetiam
1327 1461 1446 1494 deputati
1461 1460 1530 1487 inter
1560 1459 1651 1487 ofﬁcia
1679 1458 1795 1490 militize,
1813 1458 1847 1485 de

1059 1505 1157 1540 quibus
1174 1505 1259 1532 multa
1273 1513 1305 1532 ex
1345 1505 1428 1532 variis
1453 1505 1649 1539 imperatorum
1675 1503 1849 1531 constitutio-

1061 1553 1142 1580 nibus
1164 1551 1299 1587 Rigaltius
1326 1552 1353 1579 in
1384 1559 1434 1578 suo
1464 1552 1562 1584 lexico,
1588 1552 1670 1578 verbo
1693 1551 1848 1582 δεπιτάιυι,

220 1608 299 1634 [ariis
312 1612 338 1634 et
358 1608 501 1635 memoriis
519 1617 572 1636 noti
594 1609 718 1644 invigilat
744 1610 805 1638 aliis
833 1619 913 1646 quam
943 1620 1003 1646 quo:
1019 1608 1040 1635 C
1058 1605 1138 1646 Ψξθω
1155 1598 1239 1646 ii“?
1256 1597 1324 1624 nihil
1344 1597 1416 1624 enim
1430 1596 1467 1624 mi
1496 1597 1528 1624 ad
1556 1604 1618 1629 nos”
1642 1597 1690 1632 qui
1717 1596 1850 1624 eculei“.

218 1655 336 1682 lectores
354 1661 380 1681 ct
397 1659 525 1682 cantores
544 1655 653 1687 decent.
671 1656 866 1684 ecclesiasticis
880 1658 1006 1686 videlicet

219 1699 492 1735 Iibrisprolerendis,
508 1707 625 1735 quorum
650 1701 728 1735 copia
752 1709 814 1729 cum
836 1702 1004 1730 tricesimum

218 1752 330 1781 superet
350 1754 507 1779 numerum,
523 1747 664 1774 custodem
680 1748 816 1781 privatum
833 1756 888 1776 non
904 1749 1004 1776 imme—

220 1793 274 1820 iito
308 1793 359 1819 sibi
384 1793 507 1827 exposcit
536 1794 742 1828 assignandum.
779 1795 842 1822 Haec
873 1796 1007 1823 Antonius

218 1839 306 1867 Graiis
322 1839 374 1867 (ΖΡ.
391 1840 476 1867 lector
499 1839 607 1872 retulit;
622 1841 665 1867 cui
681 1849 733 1867 non
751 1841 878 1875 diSplicet
899 1850 1002 1869 memo-

220 1892 309 1912 ratum
324 1885 358 1912 ab
374 1884 518 1912 Allatianis
531 1885 665 1912 dccannm
676 1893 737 1912 eum
752 1885 924 1913 cliartulario
939 1894 1006 1913 con-

219 1932 342 1958 l‘unilerc.
360 1931 390 1958 '0
407 1931 531 1963 δεκανὸς,
556 1930 684 1966 inquiunt
696 1932 752 1964 illa,
769 1931 864 1959 τάσσει
891 1933 955 1964 τοὺς
972 1933 1008 1959 ζε-

219 1980 276 2012 ρεῖς
288 1979 316 2005 ἐν
329 1979 385 2009 τοῖς
398 1978 557 2013 ἐρχομένοις
574 1977 663 2004 αὐτῶν
678 1978 855 2014 δικαιώμασι.
870 1978 988 2007 Rursum
1000 1989 1006 2006 :

225 2025 255 2051 Ὀ
269 2024 381 2055 δεκανὸς
399 2024 441 2050 ἵνα
466 2023 535 2059 κοιλῂ
551 2023 614 2056 τοὺς
643 2025 725 2059 ἱερεῖς
748 2025 789 2055 εις
812 2025 846 2052 τὰ
861 2025 951 2052 αὐτῶν
969 2026 1009 2052 δι-

220 2071 367 2105 statibus-ra
385 2070 431 2096 καὶ
444 2070 670 2105 προσφερέματα.
685 2070 799 2104 Quantis
820 2079 883 2099 vero
897 2072 1008 2104 tabulis,

219 2117 338 2149 chartis,
357 2115 495 2143 codicillis
524 2120 551 2143 et
566 2116 678 2150 scriptis
712 2116 878 2149 ratiociniis,
906 2118 1007 2153 quibus

220 2163 361 2190 attendere
371 2162 437 2189 soch
450 2162 647 2194 cbartularius,
669 2169 739 2196 opus
751 2163 797 2195 sit,
814 2165 896 2191 etiam
911 2165 952 2191 vir
965 2165 1008 2191 in~

221 2208 373 2244 trgcrrima:
409 2208 589 2235 conscientia:
617 2208 838 2244 litlclissinuequo
868 2211 1008 2238 memoriae

220 2255 328 2281 latctur.
345 2244 444 2289 Comi]

259 2311 333 2337 Inter
341 2309 489 2344 dignitates
499 2310 631 2345 palatinas
642 2316 684 2338 est
694 2312 708 2337 ὁ
717 2311 803 2346 μέγας
816 2311 1007 2340 εΙιηνιιιίανῐιιε.

220 2346 413 2389 Quis'fuerit,
440 2357 519 2385 docet
553 2357 675 2385 Zonaras
695 2358 721 2385 in
751 2357 842 2385 Leone
873 2359 1007 2387 Isaurico:

226 2404 257 2428 ’0
272 2402 327 2429 τῶν
340 2402 491 2437 βασιλικῶν
505 2403 853 2438 ἱπποκόμωννὲπιστατῶν,
870 2406 1008 2440 pmfectus

224 2450 404 2483 imperatoriis
437 2449 616 2484 eqttisanibus.
647 2449 816 2479 Pertinuisse
847 2451 1008 2486 dignitatem

221 2496 290 2522 hanc
304 2496 337 2523 ad
355 2503 447 2523 curam
466 2496 568 2522 stabuli
598 2497 664 2531 regii
681 2495 761 2524 docet
789 2499 846 2532 ipse
874 2497 1007 2532 Codinus,

219 2549 319 2569 munus
334 2541 423 2576 magni
439 2541 598 2569 cliartnlarii
614 2541 755 2576 explicans
771 2550 796 2570 c.
814 2543 848 2577 5;
869 2544 922 2571 fuit
937 2545 1009 2572 inter

219 2589 348 2616 militaria
383 2588 474 2616 ofﬁcia
510 2588 704 2616 cltartularius.
738 2589 765 2617 Id
805 2589 938 2626 liquidum
973 2599 1007 2618 ex

219 2637 310 2664 Leone
326 2636 502 2671 imperatore,
523 2635 569 2669 qui
593 2634 698 2662 diataxi
727 2636 805 2663 tertia
825 2644 887 2664 cum
916 2642 1009 2672 proto-

218 2682 327 2710 notario
343 2682 473 2709 thematis
489 2685 518 2708 et
544 2688 606 2708 cum
629 2685 746 2716 praetore
755 2682 814 2710 sive
833 2682 926 2717 judice
945 2684 1006 2711 the-

220 2730 302 2755 matis
337 2731 465 2755 numerat
492 2734 603 2762 quoque
635 2727 832 2756 citartularium
865 2729 1006 2762 thematis,

218 2783 299 2810 quem
311 2775 491 2802 constitutum
505 2773 571 2800 dicit
583 2773 652 2808 πρὸς
669 2773 717 2808 τὴν
728 2774 775 2800 τοῦ
785 2775 902 2810 στρατοῦ
919 2784 1006 2803 κατα-

218 2821 328 2856 γραφὴν
344 2821 391 2846 καὶ
405 2819 587 2855 ἀναζήτησιν,
606 2819 778 2848 describenda
802 2827 828 2848 et
846 2823 1005 2850 recensendo

218 2867 356 2893 exercitui.
368 2865 433 2893 Vide
451 2865 599 2901 Rigaltium
615 2866 699 2894 verbo
724 2869 933 2901 protanotarius.
951 2869 1004 2902 Qui

218 2913 273 2940 sint
289 2912 405 2940 homines
419 2912 589 2945 t/turtulm-ii,
609 2912 699 2940 disces
715 2920 746 2941 ex
764 2913 878 2948 Cujacio
901 2914 1002 2944 Obser-

1057 1643 1125 1674 stica
1143 1642 1234 1670 cilicia
1261 1647 1418 1670 tractamus.

1097 1699 1166 1728 Ibid.
1180 1699 1311 1736 Sequitur
1325 1701 1338 1726 ὸ
1350 1700 1396 1727 ἐπὶ
1410 1700 1460 1735 τῆς
1474 1701 1581 1732 ποὸέας.
1597 1700 1695 1728 Junius
1708 1702 1847 1736 prcefeclns

1059 1747 1232 1773 instrumento
1250 1755 1338 1774 sacro.
1349 1746 1386 1774 De
1399 1754 1453 1781 quo
1463 1748 1517 1774 duo
1527 1748 1618 1781 potius
1630 1748 1755 1782 suspicm'
1765 1755 1847 1782 quam

1059 1793 1129 1819 scio.
1150 1791 1220 1824 Quid
1238 1791 1261 1819 si
1277 1791 1291 1817 ὁ
1302 1792 1350 1817 ἐπὶ
1360 1791 1409 1826 τῆς
1428 1792 1526 1824 ποδέας
1535 1793 1571 1819 sit
1587 1793 1631 1819 ille
1640 1791 1687 1827 qui
1704 1793 1847 1827 pavimen-

1060 1839 1081 1865 ti
1096 1839 1122 1865 in
1135 1838 1230 1872 Magna
1252 1838 1369 1866 ecclesia
1385 1845 1480 1864 curam
1511 1838 1646 1873 gerebat?
1666 1837 1734 1865 Nam
1763 1839 1848 1865 ποδέα

1059 1890 1100 1912 est
1114 1886 1210 1917 solum,
1221 1886 1419 1920 parimentuttt,‘
1433 1885 1505 1912 unde
1521 1885 1667 1913 Germanis
1683 1886 1730 1911 der
1746 1884 1848 1912 Baden.

1061 1933 1094 1960 Et
1118 1936 1193 1966 patet
1212 1933 1262 1959 huc
1274 1940 1305 1959 cx
1319 1931 1478 1968 Originibus
1493 1931 1556 1967 Cp.,
1570 1932 1616 1959 ubi
1647 1932 1768 1959 ambitus
1796 1932 1848 1959 foni

1059 1977 1252 2006 diciturfuisse
1265 1978 1379 2012 mqualis
1396 1977 1444 2012 τῆς
1460 1977 1557 2008 ποδέας
1567 1977 1616 2012 τῆς
1627 1977 1729 2013 κόρτης
1742 1978 1789 2005 τοῦ
1802 1987 1850 2014 με-

1061 2024 1146 2058 γάλου
1174 2024 1396 2051 Κωνσταντινου.
1426 2023 1459 2050 Ει
1477 2023 1492 2050 ὁ
1518 2023 1567 2050 ἐπὶ
1591 2023 1642 2058 τῆς
1668 2024 1765 2055 ποδέιις
1784 2025 1845 2052 ideo

1060 2070 1205 2098 ctiamdici
1227 2070 1322 2104 nequit
1337 2069 1477 2104 prtefectus
1505 2070 1675 2097 instrumenti
1699 2072 1770 2097 sacri
1798 2078 1846 2098 seu

1060 2116 1244 2153 supellectilis,
1260 2116 1324 2150 quia
1342 2116 1503 2143 distinctum
1516 2120 1543 2143 et
1558 2117 1696 2151 proprium
1727 2116 1848 2144 ofﬁcium

1060 2168 1102 2191 est
1118 2165 1131 2190 ό
1145 2164 1232 2198 μέγας
1246 2162 1417 2196 σκευοφύλαξ
1440 2163 1550 2198 κρατῶν
1573 2163 1608 2189 τὰ
1629 2163 1716 2199 σκεύη
1737 2164 1786 2199 τῆς
1800 2165 1848 2191 ὲκ-

1061 2210 1177 2244 κλησίας
1189 2229 1195 2236 .
1211 2209 1281 2242 Quid
1290 2209 1312 2236 si
1330 2208 1367 2236 sit
1381 2217 1453 2237 unus
1467 2216 1499 2236 ex
1517 2209 1639 2245 θεωροῖς,
1668 2218 1700 2237 cx
1725 2212 1850 2239 custodi-

1063 2256 1113 2283 bus
1127 2256 1184 2291 qui,
1197 2255 1272 2282 utait
1287 2255 1398 2287 Citrius.
1417 2255 1466 2290 τὴν
1481 2255 1604 2291 φυλακὴν
1617 2256 1663 2282 καὶ
1677 2256 1794 2292 τήρησιν
1805 2266 1850 2284 πι-

1065 2301 1204 2329 στεύονται
1218 2302 1274 2328 τῶν
1301 2301 1383 2336 ιερῶν
1399 2303 1506 2329 σκευῶν
1528 2303 1575 2329 καὶ
1590 2303 1644 2329 τῶν
1659 2303 1849 2338 καλυμμάτων

1061 2348 1162 2381 αὐτῶν,
1177 2348 1201 2374 εἰ
1213 2348 1332 2383 μάλιστα
1344 2348 1518 2384 εὑρίσκονται
1528 2349 1615 2375 ταῦτα
1625 2349 1708 2381 λίθοις
1719 2351 1766 2376 καὶ
1780 2359 1851 2386 μαρ-

1060 2396 1156 2431 γάροις
1171 2396 1360 2431 κοσμούμενα.
1376 2396 1452 2423 Adde
1481 2397 1554 2430 quod
1587 2397 1613 2423 in
1647 2397 1782 2432 Turcogr.
1795 2418 1803 2430 ,
1821 2406 1848 2433 ρ.

1062 2442 1124 2475 ili],
1146 2443 1240 2473 ποδαῖς
1257 2451 1306 2478 pro
1336 2441 1448 2470 vestibus
1475 2450 1522 2469 seu
1550 2444 1706 2477 tegumentis
1724 2444 1822 2477 legitur
1841 2453 1849 2471 :

1061 2489 1130 2523 μετὰ
1145 2488 1364 2524 εὐμορφοτάταις
1377 2488 1484 2519 ποδαῖ;.
1500 2488 1635 2523 Interpres
1649 2497 1655 2515 :
1670 2490 1773 2516 ornavit
1785 2495 1851 2517 tent-

1058 2535 1132 2569 plnm
1147 2535 1305 2570 imaginibus
1329 2534 1507 2569 pulcherrime
1522 2535 1621 2562 vestitis
1639 2543 1648 2567 ,'
1678 2535 1706 2562 in
1718 2538 1850 2571 margine

1060 2581 1171 2608 additur
1210 2581 1281 2616 μετὰ
1315 2581 1491 2616 ὡραιοτάτων
1523 2582 1759 2616 ὲφαπλωμάτων,
1789 2591 1848 2609 cum

1059 2628 1249 2656 venustissimis
1274 2629 1472 2664 integumentis.
1493 2628 1563 2661 Quid
1577 2629 1599 2656 si
1616 2630 1713 2657 lterum
1728 2633 1756 2656 ct
1773 2630 1850 2657 simi-

1059 2674 1126 2702 lium
1147 2682 1213 2702 cttra
1243 2675 1277 2702 ad
1294 2676 1376 2702 istum
1397 2675 1562 2710 spectabat?
1577 2674 1681 2702 Gners.

1094 2731 1178 2768 [Ibid.
1188 2731 1291 2759 Ποδέαν
1303 2731 1439 2760 Meursius
1454 2731 1647 2766 interpretatur
1665 2732 1849 2764 ministerium,

1057 2778 1191 2805 utensilia.
1216 2777 1273 2805 Nisi
1295 2785 1355 2812 quae
1374 2777 1430 2805 sint
1459 2777 1505 2805 illa
1537 2777 1671 2812 proferas,
1697 2778 1851 2806 ministerio

1061 2829 1109 2852 tuo
1124 2832 1179 2852 non
1202 2829 1275 2858 utar,
1295 2824 1408 2852 Meursi.
1437 2823 1554 2851 Prosunt
1576 2824 1694 2858 amplius
1721 2823 1851 2852 Graaeula:

1060 2871 1202 2902 mulieres,
1237 2878 1298 2905 quze
1328 2870 1429 2897 ποδέαν
1454 2875 1558 2905 partem
1587 2870 1671 2898 vestis
1693 2869 1849 2898 inferiorem

1048 2923 1139 2945 actura
1161 2915 1298 2948 pedesque
1331 2922 1397 2944 suos
1421 2915 1557 2943 velantcm
1589 2914 1728 2942 vocitant:
1756 2914 1849 2944 utilius
