2041 3144
305 133 352 166 191

303 235 408 264 Mattuel
422 244 498 273 patre
509 247 618 269 mortuo
630 246 783 273 vocatusad
797 253 936 282 sceptrum
950 249 1085 279 lsaacium

296 280 431 316 'patruum
455 286 537 314 etiam
561 289 812 321 sebaslncratorem
840 280 980 328 vocatum.
996 298 1087 326 missis

302 336 328 355 tn
354 329 450 357 urbem
475 332 582 365 amicis,
609 341 644 361 ne
674 339 730 362 tum
747 339 965 373 sanguinisjure
979 345 1036 368 tum
1050 342 1087 369 ob

302 375 463 409 dignitatem
488 378 673 413 imperatoria:
701 383 854 417 proximam
881 386 1024 414 moliretur
1043 395 1087 416 res

302 427 397 450 novas.
411 424 592 457 contpescuit.
612 425 721 454 Nicetas
732 428 803 456 idem
825 430 852 457 in
870 431 1005 465 Mzuuele,
1024 434 1041 460 l.
1059 442 1085 462 t:

301 464 346 498 Μή
362 473 420 497 πως
436 468 498 502 περὶ
510 468 557 495 τοῦ
571 469 625 496 τῶν
644 471 713 499 ὅλων
732 475 813 507 αὐτὸς
829 474 900 503 εἶναι
916 478 1013 513 κύριος
1028 479 1086 507 δια-

287 510 418 546 μιλληθῇ
434 512 481 538 ἆτε
493 514 545 540 dth
559 517 692 549 γενέσεως
706 520 746 550 ε’ἰς
764 521 814 556 τὴν
825 510 1018 559 διαδοχὴν-τῆς
1039 527 1087 562 βα-

299 555 404 588 σιλείας
421 558 600 594 καλούμενος.
621 562 657 589 Ut
671 555 807 598 potestate
822 572 849 594 et
863 555 1085 604 insignibus-ita

298 601 441 635 (usquead
452 604 594 640 despolam
610 610 746 645 creatum)
762 615 896 646 sanguine
920 618 1085 649 coniunctus

298 647 349 674 fuit
381 648 540 683 imperatori
565 653 775 684 sebastorrator.
801 657 922 688 lsaacius
952 662 1083 698 Angelus,

299 699 371 719 anno
382 693 451 721 1184
461 695 604 730 itnperiutn
615 699 741 732 sortitus,
754 701 864 731 fratrem
874 693 1083 743 Alexiunt‘regni

299 744 500 774 successorem,
514 749 546 768 ac
560 748 688 777 patruum
706 753 817 782 quoque
828 748 963 779 Joannem
974 753 1083 788 ducent,

297 783 532 814 sehastocratores
546 788 695 818 declaravit
714 800 722 824 ;
744 793 857 823 Alexius
885 797 928 824 ltic
950 798 1083 828 lsaaciunt

299 827 360 855 filia:
376 831 505 858 maritum
520 833 639 867 priorem
649 838 707 871 pari
726 839 804 867 titulo
820 841 1083 878 insignivit.‘Plures

298 873 411 910 insuper
429 885 461 904 co
477 881 587 908 nomine
602 882 683 911 sintul
693 892 805 914 ornatos
819 889 902 917 refert
915 898 1083 922 memoratus

297 920 418 955 Nicctas,
445 933 478 952 ex
504 933 558 961 quo
574 928 632 956 haec
652 930 825 967 deprompta,
853 936 938 970 quiet
965 920 1085 973 prazfsttis

296 968 405 994 tertiuttt
423 971 508 1004 addit,
534 972 662 1002 Alexium
687 984 784 1013 nempe
811 968 926 1008 alterum
949 968 1084 1014 Ilianuelis

295 1013 421 1047 nothum,
438 1016 584 1046 Annalium
598 1020 706 1054 lsaacii,
723 1023 741 1050 l.
762 1032 806 1052 ιιι.
825 1025 923 1062 Gom]

330 1058 450 1089 Observa
474 1062 586 1091 Junium
619 1069 699 1095 verba
726 1069 770 1097 illa
783 1079 808 1104 p.
827 1072 862 1100 7:
882 1058 994 1108 Πρῶτος
1014 1077 1084 1104 κατὰ

294 1103 340 1129 τὸν
354 1106 449 1140 χρόνον
464 1113 570 1137 vertere
583 1116 608 1138 et
627 1113 706 1146 facile
714 1103 816 1149 primus
832 1125 878 1152 per
894 1103 1080 1157 illudtcmpus.

295 1148 396 1185 Inepte.
419 1153 492 1181 Natu
509 1157 635 1191 majorem
657 1166 742 1193 verte,
770 1164 811 1191 vel
837 1165 914 1193 Anna
942 1167 1080 1196 Comncua

293 1196 312 1222 Ι.
333 1205 362 1224 ιιι
373 1198 476 1234 judice,
495 1210 556 1236 qua:
571 1204 605 1230 de
619 1204 711 1234 lsaaco
728 1207 812 1237 fratre
827 1211 915 1240 Alexii
935 1213 1079 1249 Comneui,

290 1243 400 1278 πρῶτον
416 1247 471 1274 τῶν
482 1248 606 1286 ἀδελφῶν
620 1254 692 1281 κατὰ
706 1256 803 1290 χρόνον
818 1257 885 1286 ὄντα
898 1260 983 1296 ἐχρῆν
997 1243 1080 1298 τιμηζ

291 1289 370 1325 θῆναι
385 1292 534 1329 ἀξιώματι.

566 1344 647 1381 17s
661 1345 777 1375 CAPUT
788 1348 820 1376 tt.

290 1393 392 1428 Cazsar,
407 1399 701 1446 ntagntt‘sdotttestict‘ts.
719 1405 986 1446 ponhjmersebaatus,
1017 1419 1077 1446 pro-

433 1434 600 1462 toveatt'arius
612 1441 636 1462 et
647 1434 736 1471 plures
751 1434 830 1473 hujus
857 1434 970 1477 generis;

326 1474 356 1502 P.
369 1476 396 1503 7.
406 1476 497 1506 Caesar
506 1480 570 1507 olim
581 1482 724 1516 proximus
735 1485 768 1512 ah
779 1487 953 1522 imperatore,
962 1493 1074 1520 nuncin

851 144 892 176 IN
912 148 1062 180 LIBRUM
1154 152 1323 186 OFFICIIS
1344 157 1400 189 (ΣΡ.

304 192 602 229 σεδαστοκρατορικαῖς
620 196 757 233 ὑπεξῆρεν
765 203 869 234 τιμαῖς.
883 203 1000 232 Joannis
1014 206 1070 233 tiliu

1140 210 1254 244 πόλεως,
1272 211 1303 239 οὗ

1332 213 1414 247 μόνον
1429 215 1487 246 τοῖς
1518 215 1566 242 τοῦ
1587 216 1730 252 Καίσαρος
1751 219 1929 255 παρασήμοις

1139 257 1341 292 κοσμούμενον,
1355 259 1423 287 ἀλλὰ
1438 260 1507 295 πρὸς
1525 262 1630 294 τούτοις
1645 264 1694 290 καὶ
1709 265 1836 300 στεφάνῳ
1849 265 1928 292 πολυ-

1137 301 1211 328 τελεῖ
1225 303 1271 329 καὶ
1288 304 1386 339 μικροῦ
1398 305 1449 332 δὲω
1461 307 1550 340 λέγειν
1568 308 1710 343 βασιλικῷ.
1732 310 1766 336 '0
1778 310 1811 345 δὴ
1826 311 1873 338 καὶ
1884 312 1928 345 γέ-

1138 356 1210 381 γονε.
1229 349 1426 386 Προσετετὰχει
1441 353 1464 379 δ’
1490 353 1538 380 ἐπὶ
1555 353 1662 386 τούτοις
1690 355 1705 382 ὁ
1731 356 1858 391 βασιλεὺς
1885 358 1928 385 διὰ

1139 394 1251 428 μνήμης
1265 395 1294 421 τδ
1308 396 1355 422 τοῦ
1384 397 1525 432 Καίσαρος
1547 399 1634 432 ὖνομα
1653 400 1771 435 ἄγεσθαι
1788 402 1858 435 ὁμοῦ
1873 404 1928 434 τοῖς

1137 438 1192 464 τῶν
1223 439 1358 473 βασιλέων
1386 443 1416 469 ὲν
1438 444 1496 475 τοῖς
1520 444 1700 480 ὑμνητηρίοις
1718 447 1766 474 καὶ
1793 447 1928 482 εὐφήμοις

1137 483 1235 517 ἅπασι,
1247 487 1374 522 πανταχῆ
1391 489 1442 522 τῆς
1454 489 1510 516 τῶν
1525 490 1673 525 Ῥωμαίων
1688 492 1868 528 ἐπικρατείας
1882 493 1927 528 ἄχ-

1138 538 1179 564 ρις
1207 530 1346 560 ἐνιαυτοῦ,
1378 535 1433 560 Καὶ
1451 535 1486 562 τὰ
1506 536 1558 570 μὲν
1573 536 1621 563 τοῦ
1652 537 1793 570 Καίσαρος
1813 539 1946 574 εὐτυχή-.

1138 583 1211 608 ματα
1224 576 1348 613 τοιαῆτα,
1364 578 1463 614 Gustu]

1173 619 1214 647 Ib.
1231 621 1342 657 Magnus
1375 624 1544 653 douteSlicus
1571 627 1614 654 ltic
1637 628 1733 655 ordine
1750 629 1847 656 tertius
1874 635 1924 658 est.

1136 664 1238 694 Graecis
1257 669 1425 697 domesticus
1455 672 1521 699 nihil
1536 673 1608 700 aliud
1624 679 1666 701 est
1681 682 1763 709 quam
1789 678 1925 711 προηγού-

1137 721 1218 746 μενος
1230 714 1278 740 ml.
1291 715 1460 751 ἐπιστάτης,
1475 724 1503 746 et
1517 719 1543 745 itt
1559 720 1756 749 ecclesiasticis
1768 722 1923 750 domesticus

1136 760 1286 794 appellatur
1307 763 1430 798 ἀρχῳδδς
1445 766 1492 791 καὶ
1508 766 1658 802 ἐπιστάτης
1679 769 1816 802 μελῳδιῶν
1836 778 1864 796 τε
1880 770 1924 796 καὶ

1137 806 1276 841 μελῳδῶν,
1294 812 1323 834 ιιι
1343 814 1384 836 est
1407 811 1477 845 apud
1502 812 1618 839 Citrium
1636 813 1666 840 in
1697 813 1868 848 flcspnttsis;
1892 816 1923 843 de

1136 857 1191 884 quo
1207 851 1264 885 jam
1294 853 1375 886 lih.l,
1397 861 1421 882 c.
1443 855 1522 884 Ξπυι
1547 865 1639 885 autem
1669 859 1811 886 domestici
1825 867 1922 887 nomen

1137 897 1280 924 stnttantius
1306 902 1390 932 esset,
1417 902 1513 929 vocula
1539 903 1628 937 μέγας
1660 905 1829 939 appingentla
1863 905 1921 932 fuit.

1136 941 1202 974 Qua:
1217 943 1272 971 «luo
1293 944 1381 972 Latini
1400 947 1537 975 interdum
1557 951 1741 986 conjungnnt.
1767 958 1796 979 ut
1813 953 1920 988 Tyrius,

1137 987 1174 1014 De
1191 988 1257 1016 bello
1274 999 1351 1018 sacro
1383 1000 1414 1024 tt,
1433 993 1450 1020 5
1467 1003 1473 1021 :
1493 993 1559 1022 Cum
1571 1001 1639 1023 esset
1656 998 1683 1023 in
1697 998 1830 1032 imperiali
1840 987 1922 1032 pala-

1135 1034 1171 1060 (in
1190 1034 1333 1068 plurimum
1345 1037 1499 1073 honoratus,
1514 1045 1539 1067 et
1556 1043 1769 1076 moyadotueslici
1780 1044 1920 1079 dignitate,

1133 1087 1209 1113 quem
1225 1089 1271 1108 nos
1286 1083 1412 1115 majorem
1423 1087 1615 1113 senesclmllum
1635 1089 1774 1116 nominare
1786 1092 1921 1117 consueri-

1134 1133 1202 1157 mus,
1228 1127 1395 1162 fungeretur,
1424 1131 1455 1156 ab
1480 1133 1640 1166 imperatore
1676 1137 1821 1163 secundus.
1851 1136 1920 1164 llittc

1133 1171 1330 1206 δομεπτικάτον
1359 1175 1478 1211 dignitas
1513 1185 1560 1205 seu
1603 1179 1725 1207 ofﬁciunt
1764 1182 1917 1210 domestici.

1131 1219 1208 1245 Anna
1221 1219 1372 1255 Comucna,
1385 1223 1404 1250 l.
1421 1231 1468 1250 Vttt
1484 1232 1491 1251 :
1508 1225 1562 1251 Καὶ
1575 1225 1605 1252 τδ
1618 1226 1814 1260 δομεστικάτον
1827 1230 1919 1256 αἰτού-

1132 1273 1213 1300 μενος
1226 1267 1276 1302 τῆς
1292 1267 1441 1304 Ἀνατολῆς
1453 1271 1594 1307 οὑκ-ἔτυχε
1606 1273 1655 1307 τῆς
1664 1274 1811 1308 αἰτήσεως.
1829 1274 1918 1302 Utitur

1129 1311 1224 1338 cadent
1253 1314 1349 1341 vocula
1367 1314 1546 1348 Turonensis,
1574 1325 1603 1348 ιι,
1619 1318 1655 1345 8:
1678 1318 1846 1347 Gaudentius
1871 1329 1918 1353 pa-

1129 1361 1169 1383 ter
1192 1357 1308 1394 Sey/ltiti:
1342 1362 1484 1394 prouincia:
1519 1364 1645 1397 primoris
1673 1365 1735 1395 loci.
1763 1374 1778 1392 a
1810 1368 1918 1393 domes-

1130 1403 1213 1430 ticatu
1246 1413 1358 1433 exorsus
1398 1408 1534 1441 militiam,
1558 1410 1593 1436 ad
1619 1411 1767 1446 magisterii
1799 1413 1915 1447 equitum

1128 1449 1230 1477 tulmett
1253 1457 1388 1485 provectus
1403 1458 1452 1480 est.
1472 1453 1573 1482 Verum
1599 1460 1654 1482 tam
1673 1457 1757 1490 μέγας
1784 1455 1916 1485 domesti-

1127 1503 1176 1522 cus
1190 1504 1272 1530 quant
1288 1497 1331 1524 alii
1347 1497 1491 1526 domestici
1519 1501 1618 1533 saepius
1643 1503 1733 1530 adhuc
1748 1503 1827 1531 nobis
1853 1511 1915 1532 sese

290 1522 342 1550 hoc
362 1530 447 1552 censu
475 1527 546 1560 apud
578 1527 770 1560 Curopalatam
789 1534 896 1567 tertius,
914 1538 960 1571 qtti
981 1538 1072 1567 forsan
1086 1545 1109 1575 ο
1126 1543 1286 1575 spectandos
1302 1543 1479 1573 exhibebunt.
1492 1546 1595 1574 CBETS.

290 1570 369 1602 paulo
378 1576 440 1606 post
454 1573 542 1607 major
556 1575 597 1602 vel
614 1576 704 1604 minor
719 1583 781 1611 erit,
798 1587 879 1614 prout
894 1582 1032 1613 Favonius
1041 1595 1074 1614 ex

289 1616 387 1650 palatio
406 1617 553 1652 Cpolitano
565 1622 750 1659 aspiraverit;
775 1626 854 1660 cujus
887 1629 1075 1665 inauguratio-

289 1668 350 1687 ιιι-ιιι
366 1661 450 1690 habes
468 1663 537 1692 infra
555 1673 580 1694 c.
596 1667 640 1694 l9.
652 1668 756 1698 GRETS.

326 1705 378 1742 [Alt
394 1709 508 1743 imperio
519 1713 661 1745 potiundo.
676 1716 755 1751 cujtts
764 1725 812 1753 spe
827 1720 951 1753 pristinis
966 1725 1073 1752 saculis

288 1752 444 1787 fovebatur,
477 1757 611 1786 Caesarem
639 1761 719 1797 longe
737 1752 880 1799 ablegavit
905 1768 1028 1803 Mettius,
1046 1776 1073 1799 ct

286 1800 498 1830 seltastocratori
527 1808 684 1840 supposuit.
710 1809 831 1845 Longius
867 1816 969 1842 amovit
1004 1817 1072 1845 alter

284 1846 529 1893 Alexitts,tlcspot:e
543 1851 674 1887 dignitate
688 1854 776 1883 eidem
784 1860 946 1893 anteposita.
963 1862 1072 1892 Tertius

285 1891 378 1926 itaque
393 1893 428 1920 ab
444 1885 610 1930 imperatore
624 1902 793 1934 temporibus
811 1905 916 1933 ultimis
946 1915 1071 1937 numera-

286 1936 366 1964 batur
378 1939 481 1973 Caesar,
501 1946 530 1969 ut
545 1942 680 1979 Gregot-as
704 1946 748 1975 bis
764 1955 800 1981 tv,
820 1949 845 1982 l,
867 1951 956 1981 verbis
983 1961 1070 1982 mant-

284 1980 365 2010 festat
381 1992 388 2010 :
413 1985 441 2012 '0
452 1985 502 2020 μὲν
515 1987 568 2022 γὰρ
585 1989 815 2029 σεϐαστοκράτωρ
831 1980 859 2027 ές
869 1997 900 2023 τὸ
911 1980 1070 2028 δεσποτιιιδν

282 2028 412 2062 ἀνάγεται
429 2032 506 2066 παρὰ
526 2033 573 2060 τοῦ
591 2034 725 2070 βασιλέως
752 2040 873 2076 ἀξίωμα,
889 2044 903 2069 ὁ
926 2044 954 2071 δὲ
983 2047 1070 2081 μέγας

281 2073 441 2108 δομέστικος
453 2078 479 2109 ἐς
498 2078 528 2104 τὸ
536 2080 583 2106 τοῦ
595 2081 744 2118 Καίσαρο;,
762 2086 776 2112 ό
791 2073 944 2125 δὲ-Καῖσαρ
958 2073 1069 2129 ἅμα

281 2119 405 2156 πενθερῷ
419 2122 466 2148 τοῦ
480 2123 614 2153 δεσπότου
633 2127 662 2159 ὲς
687 2129 717 2156 τὸ
734 2131 783 2157 τοῦ
806 2119 1066 2173 σεσαστοιιράτοροςι.

286 2164 390 2194 Ἑποιει
403 2168 425 2195 δ’
441 2170 578 2206 ἐπίσημον
592 2174 641 2208 τὴν
657 2175 689 2201 ἐκ
698 2176 744 2202 τοῦ
756 2178 892 2215 πενθεροῦ
921 2164 1065 2220 δὶαφοριᾷξ

279 2211 320 2239 ὅτι
338 2214 368 2240 ὲν
386 2217 442 2247 τοῖς
460 2219 569 2251 κυανοῖς
595 2220 714 2254 πεδίλοις
735 2224 781 2250 καὶ
801 2211 979 2263 χρυσοϋφεῖς.
992 2211 1066 2267 αὺτῷ
1084 2222 1104 2248 D

279 2258 463 2294 ὲνηρμῆζοντο
477 2263 562 2292 ἀετοί.
583 2258 959 2306 Βοδιιειοοινιιονιξ-ριιιξιοιεει
975 2258 1066 2310 publi:

280 2304 320 2331 (ιε
332 2305 358 2332 in
377 2308 623 2340 acclamationibus
639 2314 720 2342 simul
732 2323 795 2344 cum
810 2317 986 2353 intperatoris
999 2330 1065 2357 pro-

282 2352 438 2380 nuntiatum
474 2363 574 2385 nomen
614 2360 786 2396 audiebatur,
831 2366 903 2399 quod
937 2369 1066 2402 superior

280 2397 435 2426 observatio
461 2411 495 2429 ex
512 2403 590 2431 Anna
621 2405 761 2436 Comnena
791 2411 922 2445 declarat,
947 2414 1065 2443 Casaris

282 2452 418 2479 nusquam
432 2457 438 2473 :
461 2447 487 2476 id
505 2449 577 2477 enint
592 2459 640 2486 per
656 2455 736 2481 unius
747 2460 852 2483 tantum
863 2459 928 2486 anni
945 2461 1063 2494 spatium

279 2491 375 2519 Alexio
393 2493 470 2521 fratri
490 2498 627 2525 concessit
652 2498 767 2528 Michael
785 2491 968 2538 Palaeologus,
985 2514 1016 2534 ac
1029 2512 1064 2535 ιιι

279 2538 378 2570 pariter
397 2540 571 2575 imperatoris
600 2552 669 2579 pene
695 2554 770 2575 tttore
798 2555 957 2584 recuperata
985 2552 1061 2588 Cpnli

277 2584 447 2620 triumphans
461 2588 600 2616 incederet
622 2597 780 2626 coronatus,
794 2594 828 2622 de
841 2603 896 2630 quo
927 2597 1062 2633 Gregoras

276 2630 376 2658 l.tttl:tti
393 2632 453 2660 libri
479 2640 557 2662 sect.
575 2635 609 2663 5:
637 2637 776 2672 ’Λντόιξιον
804 2641 946 2670 ἀπέδωκεν
975 2630 1062 2680 γέρας

281 2676 393 2713 ’Δὶεξίῳ
411 2679 450 2714 τῷ
466 2681 598 2717 Καίσαρι,
624 2682 664 2709 ὅτι
681 2683 715 2710 δι’
738 2685 820 2712 αὐτοῦ
836 2688 894 2719 τοῖς
915 2676 1063 2723 Ῥωμαίοις

274 2723 325 2757 τὴν
338 2724 393 2750 τῶν
411 2726 516 2753 πόῗιεων
532 2728 729 2762 βασιλεύουσαν
748 2732 761 2756 ὁ
774 2731 839 2763 Θεὸς
857 2733 1014 2768 ἐχαρίσατο.
1026 2737 1062 2762 Τὸ

275 2771 305 2798 δὶ
331 2769 363 2808 ἧν
380 2773 514 2809 θρίαμϐον
535 2777 756 2812 συγκροτηοῆναι
773 2777 1062 2813 πολυανθρωπότατον

275 2818 324 2844 καὶ
340 2821 572 2854 περιφανέστατον
584 2821 708 2849 κελεύσει
720 2822 767 2850 τοῦ
782 2823 997 2860 αὐτοκράτορος,
1014 2828 1061 2854 καὶ

276 2863 323 2890 ἐπὶ
338 2863 424 2900 τούτῳ
443 2865 489 2894 τὶν
517 2867 645 2904 Καίσαρα
665 2869 824 2904 πομπεῦσαι
840 2870 886 2898 ὲπὶ
901 2871 990 2907 πάσης
1011 2873 1060 2908 τῆς

1161 1585 1231 1621 [Non
1259 1596 1340 1621 unus,
1358 1590 1404 1617 sed
1421 1591 1512 1625 plures
1541 1591 1696 1625 domestici.
1722 1594 1918 1628 ccrlesiastiei,

1126 1631 1268 1664 militares,
1296 1633 1400 1662 civiles.
1433 1634 1482 1662 Hic
1499 1645 1568 1664 unus
1583 1639 1630 1672 qtti
1655 1639 1752 1672 μέγας,
1772 1639 1807 1666 de
1834 1641 1914 1675 cujus

1124 1678 1234 1705 nomine
1249 1683 1276 1706 et
1296 1679 1384 1707 officio
1396 1689 1482 1716 pauca
1496 1688 1523 1709 et
1541 1683 1604 1710 huic
1618 1680 1698 1719 177
1718 1691 1822 1712 tantum
1852 1687 1913 1714 loco

1123 1730 1243 1758 congrua
1261 1725 1387 1753 dicenda.
1403 1727 1577 1756 Domesticus
1605 1730 1674 1757 idem
1700 1731 1764 1757 olim
1780 1732 1825 1765 qui
1851 1740 1912 1766 pro-

1122 1774 1244 1803 curator,
1271 1779 1302 1799 ac
1322 1780 1478 1802 numerosae
1507 1775 1618 1803 familiae
1648 1777 1788 1809 totiusque
1808 1778 1910 1806 domus

1122 1824 1215 1844 curam
1237 1825 1345 1852 gerens.
1369 1819 1534 1852 Simocatta.
1556 1829 1613 1853 Vtu,
1634 1823 1667 1850 l3
1685 1831 1693 1850 :
1714 1823 1880 1858 ’Λναιρεῖται
1897 1825 1913 1852 ὁ

1122 1865 1309 1897 πραισενττνος
1317 1865 1331 1890 ό
1339 1864 1388 1897 τὰς
1398 1866 1445 1891 τοῦ
1456 1867 1557 1901 Πέτρου
1569 1868 1745 1903 (στρατηγοῦ)
1761 1878 1910 1897 πεπστευ-

1123 1909 1202 1944 μένος
1224 1911 1378 1945 φροντίδας,
1403 1912 1433 1938 ὃν
1454 1913 1615 1947 δομέστικον
1640 1915 1754 1942 εἰώθασι
1777 1916 1910 1951 Ῥωμαῖοι

1121 1956 1277 1983 ἀποκαλεῖν.
1298 1956 1346 1984 ilic
1370 1957 1396 1984 in
1415 1958 1493 1986 fidem
1514 1967 1592 1986 suam
1615 1962 1773 1988 communia
1797 1962 1910 1990 fantilizn

1122 2001 1190 2028 bona
1204 2003 1313 2037 recipit,
1330 2011 1363 2031 ac
1389 2005 1541 2031 etiamnttttt
1569 2006 1649 2033 hodie
1683 2006 1709 2034 itt
1733 2009 1911 2037 monasteriis

1120 2048 1246 2078 πιστικό;
1261 2049 1346 2076 audit.
1363 2050 1547 2078 Artabasdum
1567 2052 1736 2080 Artabastlus
1753 2054 1826 2081 alius
1855 2054 1910 2081 Co-
1945 2066 1948 2069 -

1119 2094 1243 2129 pronymi
1256 2103 1339 2128 gener
1351 2095 1531 2124 domesticqu
1545 2094 1760 2132 (procuratorem
1776 2100 1909 2136 illicilige)

1119 2140 1190 2175 apud
1214 2140 1407 2183 Theophanem
1433 2143 1527 2171 efficit.
1554 2143 1623 2172 Hittc
1644 2145 1791 2180 cujuslibet
1807 2148 1845 2173 rei
1866 2147 1908 2173 vel

1118 2187 1223 2213 ordinis
1239 2187 1386 2222 praefectus
1406 2196 1438 2216 ac
1454 2191 1621 2224 praepositus
1636 2197 1749 2220 vocatur
1777 2193 1909 2222 domesti-

1119 2241 1197 2260 cusa
1226 2233 1330 2262 Graecis
1346 2243 1354 2268 ;
1370 2235 1404 2263 de
1426 2243 1482 2270 quo
1508 2235 1627 2265 Joannes
1650 2237 1716 2265 Citri
1737 2239 1908 2275 episcopus:

1123 2277 1156 2304 'H
1166 2279 1213 2304 τοῦ
1229 2279 1391 2313 δομεστίκου
1409 2283 1582 2318 προσηγορία
1611 2284 1681 2310 κατὰ
1699 2285 1832 2317 Λατίνους
1862 2287 1909 2313 τὸν

1117 2323 1280 2360 ἐξάρχοντα,
1296 2325 1343 2353 τὸν
1359 2327 1580 2363 προηγούμενον,
1592 2329 1638 2357 τὸν
1654 2326 1808 2366 ἒπιστάτην
1818 2333 1906 2367 δηλοῖ.

1115 2369 1138 2396 Α
1154 2378 1183 2397 re
1209 2371 1300 2406 itaque
1327 2373 1455 2401 familiari
1485 2375 1518 2402 ad
1541 2375 1667 2403 militiam
1698 2378 1829 2405 trat-slata
1853 2388 1905 2408 vox

1115 2415 1212 2443 ducent
1232 2418 1370 2446 exercitus
1381 2427 1552 2455 supremum,
1580 2427 1607 2449 et
1625 2426 1653 2448 ut
1668 2423 1793 2458 loquitur
1820 2425 1907 2452 Coru-

1116 2469 1184 2490 uena
1195 2463 1340 2492 Alexiados
1351 2473 1370 2498 t,
1385 2469 1537 2502 στρατηγὸν
1546 2467 1745 2504 αὐτοκράτορα,
1758 2472 1799 2498 vel
1815 2478 1844 2499 ul
1857 2473 1904 2500 alii

1115 2510 1271 2543 perfectum
1291 2513 1430 2546 praetorio,
1457 2514 1530 2548 qttod
1563 2515 1697 2543 tnilitares
1723 2517 1821 2551 copias
1852 2520 1906 2547 sub

1115 2555 1280 2590 imperatore
1298 2558 1412 2585 duceret
1426 2560 1673 2595 communiumque
1697 2570 1789 2590 rerum
1816 2565 1906 2592 advni-

1114 2601 1305 2630 nistrationem
1328 2604 1363 2630 ab
1391 2612 1424 2631 eo
1445 2605 1497 2632 sibi
1537 2607 1757 2635 commendatam
1783 2615 1903 2643 teneret,

1113 2646 1259 2681 signifirat.
1273 2647 1371 2676 Eadem
1385 2651 1507 2678 occurrit
1519 2651 1637 2685 primunt
1653 2654 1724 2687 apttd
1746 2654 1902 2684 Cedrenunt

1114 2692 1140 2718 in
1156 2692 1320 2727 Theophila,
1349 2695 1401 2722 sub
1424 2703 1480 2730 quo
1507 2697 1614 2725 Manuel
1629 2697 1767 2727 Romanas
1777 2701 1903 2736 legiones

1112 2738 1197 2769 ducit,
1211 2739 1392 2774 'l‘heophobus
1410 2741 1548 2770 Persicam
1563 2753 1570 2770 :
1596 2745 1640 2772 ille
1652 2753 1716 2772 vero
1733 2746 1904 2776 domesticus

1113 2793 1174 2812 mox
1200 2786 1367 2815 declaratur.
1385 2788 1499 2823 Legitur
1528 2798 1639 2826 quoque
1673 2792 1796 2832 primum
1829 2795 1902 2829 apud

1112 2828 1306 2864 Theophanem
1328 2831 1354 2858 itt
1371 2831 1500 2860 Micltaclc
1517 2834 1645 2862 llaucalte
1662 2828 1749 2870 μέγας
1773 2828 1902 2871 δομέοτι-

1113 2884 1162 2908 κος
1183 2875 1339 2910 Theophila
1380 2878 1531 2912 antiquior.
1553 2880 1581 2908 in
1611 2881 1689 2910 lrcue
1705 2886 1732 2910 ct
1764 2883 1901 2913 Constan-
