  <div class='ocr_page' id='page_1' title='image "/cluster/home/n/w/nwhite01/storage/ocr_20150623/157/njp.32101077773222/104.png"; bbox 0 0 2041 3144; ppageno 0'>
   <div class='ocr_carea' id='block_1_1' title="bbox 146 165 196 198">
    <p class='ocr_par' dir='ltr' id='par_1_1' title="bbox 146 165 196 198">
     <span class='ocr_line' id='line_1_1' title="bbox 146 165 196 198; baseline 0 -1"><span class='ocrx_word' id='word_1_1' title='bbox 146 165 196 198; x_wconf 85' lang='lat' dir='ltr'><strong>l93</strong></span> 
     </span>
    </p>
   </div>
   <div class='ocr_carea' id='block_1_2' title="bbox 692 163 1230 198">
    <p class='ocr_par' dir='ltr' id='par_1_2' title="bbox 692 163 1230 198">
     <span class='ocr_line' id='line_1_2' title="bbox 692 163 1230 198; baseline 0.009 -5"><span class='ocrx_word' id='word_1_2' title='bbox 692 163 886 194; x_wconf 80' lang='lat' dir='ltr'><strong>GRETSERI</strong></span> <span class='ocrx_word' id='word_1_3' title='bbox 902 163 950 194; x_wconf 86' lang='lat' dir='ltr'><strong>ET</strong></span> <span class='ocrx_word' id='word_1_4' title='bbox 968 164 1088 196; x_wconf 76' lang='lat' dir='ltr'><strong>GOARI</strong></span> <span class='ocrx_word' id='word_1_5' title='bbox 1109 166 1230 198; x_wconf 64' lang='lat' dir='ltr'><strong>NOTAE.</strong></span> 
     </span>
    </p>
   </div>
   <div class='ocr_carea' id='block_1_3' title="bbox 1712 175 1763 208">
    <p class='ocr_par' dir='ltr' id='par_1_3' title="bbox 1712 175 1763 208">
     <span class='ocr_line' id='line_1_3' title="bbox 1712 175 1763 208; baseline -0.02 0"><span class='ocrx_word' id='word_1_6' title='bbox 1712 175 1763 208; x_wconf 75' lang='lat' dir='ltr'><strong>l9l</strong></span> 
     </span>
    </p>
   </div>
   <div class='ocr_carea' id='block_1_4' title="bbox 135 217 1763 258">
    <p class='ocr_par' dir='ltr' id='par_1_4' title="bbox 135 217 1763 258">
     <span class='ocr_line' id='line_1_4' title="bbox 135 217 1763 258; baseline 0.004 -11"><span class='ocrx_word' id='word_1_7' title='bbox 135 222 194 248; x_wconf 89' lang='lat' dir='ltr'><strong>tino</strong></span> <span class='ocrx_word' id='word_1_8' title='bbox 208 219 333 247; x_wconf 88' lang='lat' dir='ltr'><strong>cernitur</strong></span> <span class='ocrx_word' id='word_1_9' title='bbox 367 217 502 246; x_wconf 78' lang='lat' dir='ltr'><strong>Antonius</strong></span> <span class='ocrx_word' id='word_1_10' title='bbox 533 218 644 253; x_wconf 83' lang='lat' dir='ltr'><strong>quidam</strong></span> <span class='ocrx_word' id='word_1_11' title='bbox 669 217 839 246; x_wconf 87' lang='lat' dir='ltr'><strong>domesticus</strong></span> <span class='ocrx_word' id='word_1_12' title='bbox 865 219 966 247; x_wconf 78' lang='lat' dir='ltr'><strong>cumA</strong></span> <span class='ocrx_word' id='word_1_13' title='bbox 983 222 1134 254; x_wconf 78' lang='lat' dir='ltr'><strong>metuebat.</strong></span> <span class='ocrx_word' id='word_1_14' title='bbox 1163 224 1362 257; x_wconf 81' lang='lat' dir='ltr'><strong>promeritnrus</strong></span> <span class='ocrx_word' id='word_1_15' title='bbox 1390 227 1490 254; x_wconf 81' lang='lat' dir='ltr'><strong>senior</strong></span> <span class='ocrx_word' id='word_1_16' title='bbox 1518 228 1693 258; x_wconf 70' lang='lat' dir='ltr'><strong>Andronicus</strong></span> <span class='ocrx_word' id='word_1_17' title='bbox 1729 231 1763 258; x_wconf 70' lang='lat' dir='ltr'><strong>ad</strong></span> 
     </span>
    </p>
   </div>
   <div class='ocr_carea' id='block_1_5' title="bbox 135 263 928 299">
    <p class='ocr_par' dir='ltr' id='par_1_5' title="bbox 135 263 928 299">
     <span class='ocr_line' id='line_1_5' title="bbox 135 263 928 299; baseline -0.003 -7"><span class='ocrx_word' id='word_1_18' title='bbox 135 265 301 292; x_wconf 76' lang='lat' dir='ltr'><strong>militaribus</strong></span> <span class='ocrx_word' id='word_1_19' title='bbox 318 264 407 299; x_wconf 76' lang='lat' dir='ltr'><strong>copiis</strong></span> <span class='ocrx_word' id='word_1_20' title='bbox 423 265 456 291; x_wconf 86' lang='lat' dir='ltr'><strong>ad</strong></span> <span class='ocrx_word' id='word_1_21' title='bbox 471 263 573 291; x_wconf 89' lang='lat' dir='ltr'><strong>bellum</strong></span> <span class='ocrx_word' id='word_1_22' title='bbox 590 264 691 291; x_wconf 89' lang='lat' dir='ltr'><strong>missus</strong></span> <span class='ocrx_word' id='word_1_23' title='bbox 707 272 715 290; x_wconf 89' lang='lat'><strong>:</strong></span> <span class='ocrx_word' id='word_1_24' title='bbox 737 264 769 290; x_wconf 81' lang='grc' dir='ltr'><strong>Ἦ</strong></span> <span class='ocrx_word' id='word_1_25' title='bbox 784 264 928 298; x_wconf 76' lang='grc' dir='ltr'><strong>βασίλισσα</strong></span> 
     </span>
    </p>
   </div>
   <div class='ocr_carea' id='block_1_6' title="bbox 134 310 922 345">
    <p class='ocr_par' dir='ltr' id='par_1_6' title="bbox 134 310 922 345">
     <span class='ocr_line' id='line_1_6' title="bbox 134 310 922 345; baseline 0 -8"><span class='ocrx_word' id='word_1_26' title='bbox 134 311 296 337; x_wconf 75' lang='grc' dir='ltr'>ἀπέστειλεν</span> <span class='ocrx_word' id='word_1_27' title='bbox 326 311 374 337; x_wconf 80' lang='grc' dir='ltr'>τὸν</span> <span class='ocrx_word' id='word_1_28' title='bbox 412 310 554 337; x_wconf 73' lang='grc' dir='ltr'>Ἄντώνιον</span> <span class='ocrx_word' id='word_1_29' title='bbox 593 311 643 337; x_wconf 80' lang='grc' dir='ltr'><strong>σὺν</strong></span> <span class='ocrx_word' id='word_1_30' title='bbox 681 312 738 342; x_wconf 80' lang='grc' dir='ltr'>τοῖς</span> <span class='ocrx_word' id='word_1_31' title='bbox 772 311 922 345; x_wconf 78' lang='grc' dir='ltr'><strong>τάγμασιν.</strong></span> 
     </span>
    </p>
   </div>
   <div class='ocr_carea' id='block_1_7' title="bbox 136 355 924 391">
    <p class='ocr_par' dir='ltr' id='par_1_7' title="bbox 136 355 924 391">
     <span class='ocr_line' id='line_1_7' title="bbox 136 355 924 391; baseline 0 -9"><span class='ocrx_word' id='word_1_32' title='bbox 136 356 275 382; x_wconf 81' lang='lat' dir='ltr'><strong>Antonius</strong></span> <span class='ocrx_word' id='word_1_33' title='bbox 304 355 378 382; x_wconf 87' lang='lat' dir='ltr'><strong>idetn</strong></span> <span class='ocrx_word' id='word_1_34' title='bbox 412 355 560 390; x_wconf 78' lang='grc' dir='ltr'><strong>πατρίκιος</strong></span> <span class='ocrx_word' id='word_1_35' title='bbox 588 355 636 382; x_wconf 81' lang='grc' dir='ltr'><strong>καὶ</strong></span> <span class='ocrx_word' id='word_1_36' title='bbox 665 356 825 391; x_wconf 77' lang='grc' dir='ltr'>δομέστικος</span> <span class='ocrx_word' id='word_1_37' title='bbox 868 355 924 382; x_wconf 82' lang='grc' dir='ltr'>τῶν</span> 
     </span>
    </p>
   </div>
   <div class='ocr_carea' id='block_1_8' title="bbox 136 400 922 437">
    <p class='ocr_par' dir='ltr' id='par_1_8' title="bbox 136 400 922 437">
     <span class='ocr_line' id='line_1_8' title="bbox 136 400 922 437; baseline 0.001 -9"><span class='ocrx_word' id='word_1_38' title='bbox 136 401 239 437; x_wconf 83' lang='grc' dir='ltr'><strong>σχολῶν</strong></span> <span class='ocrx_word' id='word_1_39' title='bbox 262 401 397 428; x_wconf 86' lang='lat' dir='ltr'><strong>scribitur</strong></span> <span class='ocrx_word' id='word_1_40' title='bbox 423 401 450 428; x_wconf 93' lang='lat' dir='ltr'><strong>in</strong></span> <span class='ocrx_word' id='word_1_41' title='bbox 476 401 662 436; x_wconf 83' lang='lat' dir='ltr'><strong>Copronymo.</strong></span> <span class='ocrx_word' id='word_1_42' title='bbox 695 400 772 429; x_wconf 85' lang='lat' dir='ltr'><strong>Unde</strong></span> <span class='ocrx_word' id='word_1_43' title='bbox 803 402 922 436; x_wconf 75' lang='lat' dir='ltr'><strong>coniicio</strong></span> 
     </span>
    </p>
   </div>
   <div class='ocr_carea' id='block_1_9' title="bbox 136 446 926 482">
    <p class='ocr_par' dir='ltr' id='par_1_9' title="bbox 136 446 926 482">
     <span class='ocr_line' id='line_1_9' title="bbox 136 446 926 482; baseline 0 -8"><span class='ocrx_word' id='word_1_44' title='bbox 136 454 296 482; x_wconf 87' lang='lat' dir='ltr'><strong>supremum</strong></span> <span class='ocrx_word' id='word_1_45' title='bbox 312 446 452 473; x_wconf 77' lang='lat' dir='ltr'><strong>exercitus</strong></span> <span class='ocrx_word' id='word_1_46' title='bbox 470 446 697 474; x_wconf 75' lang='lat' dir='ltr'><strong>Romaniducem</strong></span> <span class='ocrx_word' id='word_1_47' title='bbox 723 448 797 475; x_wconf 83' lang='lat' dir='ltr'><strong>circa</strong></span> <span class='ocrx_word' id='word_1_48' title='bbox 821 447 926 482; x_wconf 78' lang='lat' dir='ltr'><strong>Capro-</strong></span> 
     </span>
    </p>
   </div>
   <div class='ocr_carea' id='block_1_10' title="bbox 137 492 928 528">
    <p class='ocr_par' dir='ltr' id='par_1_10' title="bbox 137 492 928 528">
     <span class='ocr_line' id='line_1_10' title="bbox 137 492 928 528; baseline 0.003 -9"><span class='ocrx_word' id='word_1_49' title='bbox 137 493 212 527; x_wconf 79' lang='lat' dir='ltr'><strong>nymi</strong></span> <span class='ocrx_word' id='word_1_50' title='bbox 232 497 340 519; x_wconf 63' lang='lat' dir='ltr'><strong>aetatem</strong></span> <span class='ocrx_word' id='word_1_51' title='bbox 370 492 566 522; x_wconf 70' lang='lat' dir='ltr'><strong>domesticum.</strong></span> <span class='ocrx_word' id='word_1_52' title='bbox 586 500 619 520; x_wconf 93' lang='lat' dir='ltr'><strong>ac</strong></span> <span class='ocrx_word' id='word_1_53' title='bbox 645 492 728 528; x_wconf 79' lang='lat' dir='ltr'><strong>paulo</strong></span> <span class='ocrx_word' id='word_1_54' title='bbox 744 498 806 528; x_wconf 86' lang='lat' dir='ltr'><strong>post</strong></span> <span class='ocrx_word' id='word_1_55' title='bbox 837 493 928 528; x_wconf 74' lang='lat' dir='ltr'><strong>magni</strong></span> 
     </span>
    </p>
   </div>
   <div class='ocr_carea' id='block_1_11' title="bbox 138 538 926 574">
    <p class='ocr_par' dir='ltr' id='par_1_11' title="bbox 138 538 926 574">
     <span class='ocr_line' id='line_1_11' title="bbox 138 538 926 574; baseline -0.001 -8"><span class='ocrx_word' id='word_1_56' title='bbox 138 539 243 566; x_wconf 88' lang='lat' dir='ltr'><strong>honore</strong></span> <span class='ocrx_word' id='word_1_57' title='bbox 275 538 405 573; x_wconf 79' lang='lat' dir='ltr'><strong>adjnnrto</strong></span> <span class='ocrx_word' id='word_1_58' title='bbox 434 539 635 572; x_wconf 75' lang='lat' dir='ltr'><strong>voratum,qui</strong></span> <span class='ocrx_word' id='word_1_59' title='bbox 667 540 744 574; x_wconf 90' lang='lat' dir='ltr'><strong>prius</strong></span> <span class='ocrx_word' id='word_1_60' title='bbox 775 539 926 574; x_wconf 78' lang='grc' dir='ltr'>στρατηγός</span> 
     </span>
    </p>
   </div>
   <div class='ocr_carea' id='block_1_12' title="bbox 137 584 926 620">
    <p class='ocr_par' dir='ltr' id='par_1_12' title="bbox 137 584 926 620">
     <span class='ocr_line' id='line_1_12' title="bbox 137 584 926 620; baseline 0.004 -9"><span class='ocrx_word' id='word_1_61' title='bbox 137 586 239 620; x_wconf 83' lang='lat' dir='ltr'><strong>ubique</strong></span> <span class='ocrx_word' id='word_1_62' title='bbox 267 586 396 613; x_wconf 83' lang='lat' dir='ltr'><strong>audiebat</strong></span> <span class='ocrx_word' id='word_1_63' title='bbox 428 584 542 612; x_wconf 81' lang='lat' dir='ltr'><strong>:latear</strong></span> <span class='ocrx_word' id='word_1_64' title='bbox 571 586 636 613; x_wconf 89' lang='lat' dir='ltr'><strong>licet</strong></span> <span class='ocrx_word' id='word_1_65' title='bbox 661 586 713 613; x_wconf 89' lang='lat' dir='ltr'><strong>alia</strong></span> <span class='ocrx_word' id='word_1_66' title='bbox 741 587 841 614; x_wconf 88' lang='lat' dir='ltr'><strong>iterum</strong></span> <span class='ocrx_word' id='word_1_67' title='bbox 867 588 926 614; x_wconf 88' lang='lat' dir='ltr'><strong>vice</strong></span> 
     </span>
    </p>
   </div>
   <div class='ocr_carea' id='block_1_13' title="bbox 135 630 927 664">
    <p class='ocr_par' dir='ltr' id='par_1_13' title="bbox 135 630 927 664">
     <span class='ocr_line' id='line_1_13' title="bbox 135 630 927 664; baseline 0.001 -6"><span class='ocrx_word' id='word_1_68' title='bbox 135 631 315 659; x_wconf 84' lang='lat' dir='ltr'><strong>domesticum</strong></span> <span class='ocrx_word' id='word_1_69' title='bbox 329 637 438 659; x_wconf 82' lang='lat' dir='ltr'><strong>exstare</strong></span> <span class='ocrx_word' id='word_1_70' title='bbox 457 632 485 659; x_wconf 91' lang='lat' dir='ltr'><strong>in</strong></span> <span class='ocrx_word' id='word_1_71' title='bbox 510 630 666 659; x_wconf 86' lang='lat' dir='ltr'><strong>Justiniano</strong></span> <span class='ocrx_word' id='word_1_72' title='bbox 680 631 713 664; x_wconf 86' lang='lat' dir='ltr'><strong>Il,</strong></span> <span class='ocrx_word' id='word_1_73' title='bbox 734 637 759 659; x_wconf 89' lang='lat' dir='ltr'><strong>at</strong></span> <span class='ocrx_word' id='word_1_74' title='bbox 775 640 830 659; x_wconf 89' lang='lat' dir='ltr'><strong>non</strong></span> <span class='ocrx_word' id='word_1_75' title='bbox 846 640 927 659; x_wconf 65' lang='grc' dir='ltr'>εκεῖ-</span> 
     </span>
    </p>
   </div>
   <div class='ocr_carea' id='block_1_14' title="bbox 135 678 926 713">
    <p class='ocr_par' dir='ltr' id='par_1_14' title="bbox 135 678 926 713">
     <span class='ocr_line' id='line_1_14' title="bbox 135 678 926 713; baseline 0 -8"><span class='ocrx_word' id='word_1_76' title='bbox 135 679 218 710; x_wconf 78' lang='lat' dir='ltr'><strong>ritus,</strong></span> <span class='ocrx_word' id='word_1_77' title='bbox 245 678 292 705; x_wconf 84' lang='lat' dir='ltr'><strong>sed</strong></span> <span class='ocrx_word' id='word_1_78' title='bbox 323 679 482 712; x_wconf 81' lang='grc' dir='ltr'>στρατόρων</span> <span class='ocrx_word' id='word_1_79' title='bbox 510 679 663 713; x_wconf 70' lang='lat' dir='ltr'><strong>equisonum</strong></span> <span class='ocrx_word' id='word_1_80' title='bbox 689 679 831 706; x_wconf 85' lang='lat' dir='ltr'><strong>celebrari.</strong></span> <span class='ocrx_word' id='word_1_81' title='bbox 862 679 926 712; x_wconf 81' lang='lat' dir='ltr'><strong>Ejus</strong></span> 
     </span>
    </p>
   </div>
   <div class='ocr_carea' id='block_1_15' title="bbox 135 724 920 757">
    <p class='ocr_par' dir='ltr' id='par_1_15' title="bbox 135 724 920 757">
     <span class='ocr_line' id='line_1_15' title="bbox 135 724 920 757; baseline 0.001 -7"><span class='ocrx_word' id='word_1_82' title='bbox 135 724 220 757; x_wconf 64' lang='lat' dir='ltr'><strong>igitur</strong></span> <span class='ocrx_word' id='word_1_83' title='bbox 239 728 280 750; x_wconf 72' lang='lat' dir='ltr'><strong>est</strong></span> <span class='ocrx_word' id='word_1_84' title='bbox 291 725 443 750; x_wconf 71' lang='lat' dir='ltr'><strong>exercitum</strong></span> <span class='ocrx_word' id='word_1_85' title='bbox 463 725 589 756; x_wconf 58' lang='lat' dir='ltr'><strong>educere,</strong></span> <span class='ocrx_word' id='word_1_86' title='bbox 614 728 641 751; x_wconf 86' lang='lat' dir='ltr'><strong>et</strong></span> <span class='ocrx_word' id='word_1_87' title='bbox 659 725 719 751; x_wconf 72' lang='lat' dir='ltr'><strong>belli</strong></span> <span class='ocrx_word' id='word_1_88' title='bbox 749 733 793 752; x_wconf 87' lang='lat' dir='ltr'><strong>res</strong></span> <span class='ocrx_word' id='word_1_89' title='bbox 812 732 920 752; x_wconf 79' lang='lat' dir='ltr'><strong>curare.</strong></span> 
     </span>
    </p>
   </div>
   <div class='ocr_carea' id='block_1_16' title="bbox 135 769 927 805">
    <p class='ocr_par' dir='ltr' id='par_1_16' title="bbox 135 769 927 805">
     <span class='ocr_line' id='line_1_16' title="bbox 135 769 927 805; baseline -0.001 -8"><span class='ocrx_word' id='word_1_90' title='bbox 135 770 289 805; x_wconf 78' lang='lat' dir='ltr'><strong>Eaproptrr</strong></span> <span class='ocrx_word' id='word_1_91' title='bbox 301 770 416 797; x_wconf 81' lang='lat' dir='ltr'><strong>Michael</strong></span> <span class='ocrx_word' id='word_1_92' title='bbox 431 769 602 802; x_wconf 59' lang='lat' dir='ltr'><strong>Palaeologtts</strong></span> <span class='ocrx_word' id='word_1_93' title='bbox 623 769 739 797; x_wconf 77' lang='lat' dir='ltr'><strong>Joannis</strong></span> <span class='ocrx_word' id='word_1_94' title='bbox 755 770 851 805; x_wconf 76' lang='lat' dir='ltr'><strong>Angeli</strong></span> <span class='ocrx_word' id='word_1_95' title='bbox 874 770 927 797; x_wconf 79' lang='lat' dir='ltr'><strong>ira-</strong></span> 
     </span>
    </p>
   </div>
   <div class='ocr_carea' id='block_1_17' title="bbox 136 815 926 851">
    <p class='ocr_par' dir='ltr' id='par_1_17' title="bbox 136 815 926 851">
     <span class='ocr_line' id='line_1_17' title="bbox 136 815 926 851; baseline 0 -8"><span class='ocrx_word' id='word_1_96' title='bbox 136 821 203 843; x_wconf 84' lang='lat' dir='ltr'><strong>lrem</strong></span> <span class='ocrx_word' id='word_1_97' title='bbox 217 816 305 850; x_wconf 79' lang='grc' dir='ltr'>μὲγαν</span> <span class='ocrx_word' id='word_1_98' title='bbox 325 816 520 850; x_wconf 75' lang='grc' dir='ltr'>γειροτονήσας</span> <span class='ocrx_word' id='word_1_99' title='bbox 537 815 710 850; x_wconf 79' lang='grc' dir='ltr'>δομέστικον,</span> <span class='ocrx_word' id='word_1_100' title='bbox 731 817 825 843; x_wconf 78' lang='grc' dir='ltr'>καὶτὰ</span> <span class='ocrx_word' id='word_1_101' title='bbox 842 824 926 851; x_wconf 82' lang='grc' dir='ltr'>στρα-</span> 
     </span>
    </p>
   </div>
   <div class='ocr_carea' id='block_1_18' title="bbox 134 861 926 896">
    <p class='ocr_par' dir='ltr' id='par_1_18' title="bbox 134 861 926 896">
     <span class='ocr_line' id='line_1_18' title="bbox 134 861 926 896; baseline 0 -8"><span class='ocrx_word' id='word_1_102' title='bbox 134 862 260 896; x_wconf 79' lang='grc' dir='ltr'>τεύματα</span> <span class='ocrx_word' id='word_1_103' title='bbox 276 861 416 896; x_wconf 72' lang='grc' dir='ltr'>παραδοὺς</span> <span class='ocrx_word' id='word_1_104' title='bbox 430 861 516 895; x_wconf 80' lang='grc' dir='ltr'>αὐτῷ,</span> <span class='ocrx_word' id='word_1_105' title='bbox 531 862 570 892; x_wconf 78' lang='grc' dir='ltr'>εἰς</span> <span class='ocrx_word' id='word_1_106' title='bbox 582 861 663 888; x_wconf 74' lang='grc' dir='ltr'>Δύσιν</span> <span class='ocrx_word' id='word_1_107' title='bbox 678 863 839 896; x_wconf 74' lang='grc' dir='ltr'>ὲκπέπομφε</span> <span class='ocrx_word' id='word_1_108' title='bbox 855 863 926 889; x_wconf 71' lang='grc' dir='ltr'>κατὰ</span> 
     </span>
    </p>
   </div>
   <div class='ocr_carea' id='block_1_19' title="bbox 975 266 1764 308">
    <p class='ocr_par' dir='ltr' id='par_1_19' title="bbox 975 266 1764 308">
     <span class='ocr_line' id='line_1_19' title="bbox 975 266 1764 308; baseline 0.013 -15"><span class='ocrx_word' id='word_1_109' title='bbox 975 266 1091 294; x_wconf 51' lang='lat' dir='ltr'><strong>Caesaris</strong></span> <span class='ocrx_word' id='word_1_110' title='bbox 1105 268 1262 303; x_wconf 77' lang='lat' dir='ltr'><strong>dignitatem</strong></span> <span class='ocrx_word' id='word_1_111' title='bbox 1279 271 1376 299; x_wconf 84' lang='lat' dir='ltr'><strong>evexit.</strong></span> <span class='ocrx_word' id='word_1_112' title='bbox 1386 271 1531 308; x_wconf 76' lang='lat' dir='ltr'><strong>Gregoras,</strong></span> <span class='ocrx_word' id='word_1_113' title='bbox 1547 283 1604 308; x_wconf 72' lang='lat' dir='ltr'><strong>vnn,</strong></span> <span class='ocrx_word' id='word_1_114' title='bbox 1614 275 1649 302; x_wconf 77' lang='lat'><strong>20</strong></span> <span class='ocrx_word' id='word_1_115' title='bbox 1662 285 1668 302; x_wconf 88' lang='lat'>:</span> <span class='ocrx_word' id='word_1_116' title='bbox 1682 276 1764 304; x_wconf 79' lang='grc' dir='ltr'>Ὅθεν</span> 
     </span>
    </p>
   </div>
   <div class='ocr_carea' id='block_1_20' title="bbox 975 313 1764 352">
    <p class='ocr_par' dir='ltr' id='par_1_20' title="bbox 975 313 1764 352">
     <span class='ocr_line' id='line_1_20' title="bbox 975 313 1764 352; baseline 0.015 -15"><span class='ocrx_word' id='word_1_117' title='bbox 975 314 989 337; x_wconf 83' lang='grc' dir='ltr'>ὁ</span> <span class='ocrx_word' id='word_1_118' title='bbox 1004 313 1120 347; x_wconf 67' lang='grc' dir='ltr'>γηραιὲς</span> <span class='ocrx_word' id='word_1_119' title='bbox 1143 314 1271 348; x_wconf 80' lang='grc' dir='ltr'>βασιλεὺς</span> <span class='ocrx_word' id='word_1_120' title='bbox 1284 316 1329 342; x_wconf 83' lang='grc' dir='ltr'><strong>διὰ</strong></span> <span class='ocrx_word' id='word_1_121' title='bbox 1346 317 1404 349; x_wconf 76' lang='grc' dir='ltr'><strong>δέος</strong></span> <span class='ocrx_word' id='word_1_122' title='bbox 1429 319 1562 352; x_wconf 80' lang='grc' dir='ltr'><strong>μειζόνων</strong></span> <span class='ocrx_word' id='word_1_123' title='bbox 1589 321 1681 348; x_wconf 70' lang='grc' dir='ltr'>κακῶν</span> <span class='ocrx_word' id='word_1_124' title='bbox 1697 323 1764 348; x_wconf 80' lang='grc' dir='ltr'>ἀττέ-</span> 
     </span>
    </p>
   </div>
   <div class='ocr_carea' id='block_1_21' title="bbox 978 358 1764 400">
    <p class='ocr_par' dir='ltr' id='par_1_21' title="bbox 978 358 1764 400">
     <span class='ocr_line' id='line_1_21' title="bbox 978 358 1764 400; baseline 0.013 -17"><span class='ocrx_word' id='word_1_125' title='bbox 978 358 1066 384; x_wconf 79' lang='grc' dir='ltr'>στειλε</span> <span class='ocrx_word' id='word_1_126' title='bbox 1082 359 1229 393; x_wconf 75' lang='grc' dir='ltr'>πρσσὸείαν</span> <span class='ocrx_word' id='word_1_127' title='bbox 1244 362 1310 396; x_wconf 81' lang='grc' dir='ltr'>πρὸς</span> <span class='ocrx_word' id='word_1_128' title='bbox 1322 362 1403 388; x_wconf 75' lang='grc' dir='ltr'>αὐτὸν</span> <span class='ocrx_word' id='word_1_129' title='bbox 1417 363 1698 400; x_wconf 75' lang='grc' dir='ltr'>(πανυπερσέὸαστον)</span> <span class='ocrx_word' id='word_1_130' title='bbox 1716 366 1764 392; x_wconf 74' lang='grc' dir='ltr'>καὶ</span> 
     </span>
    </p>
   </div>
   <div class='ocr_carea' id='block_1_22' title="bbox 977 403 1763 445">
    <p class='ocr_par' dir='ltr' id='par_1_22' title="bbox 977 403 1763 445">
     <span class='ocr_line' id='line_1_22' title="bbox 977 403 1763 445; baseline 0.01 -16"><span class='ocrx_word' id='word_1_131' title='bbox 977 403 1034 438; x_wconf 67' lang='grc' dir='ltr'>ἅμα</span> <span class='ocrx_word' id='word_1_132' title='bbox 1047 405 1079 438; x_wconf 88' lang='grc' dir='ltr'>τῇ</span> <span class='ocrx_word' id='word_1_133' title='bbox 1091 405 1225 440; x_wconf 77' lang='grc' dir='ltr'>πρεσϐείᾳ</span> <span class='ocrx_word' id='word_1_134' title='bbox 1242 407 1288 432; x_wconf 84' lang='grc' dir='ltr'>καὶ</span> <span class='ocrx_word' id='word_1_135' title='bbox 1304 407 1338 433; x_wconf 80' lang='grc' dir='ltr'>τὰ</span> <span class='ocrx_word' id='word_1_136' title='bbox 1352 408 1398 434; x_wconf 78' lang='grc' dir='ltr'>τοῦ</span> <span class='ocrx_word' id='word_1_137' title='bbox 1412 409 1580 444; x_wconf 81' lang='grc' dir='ltr'>Καισαρικοῦ</span> <span class='ocrx_word' id='word_1_138' title='bbox 1607 409 1763 445; x_wconf 73' lang='grc' dir='ltr'>ἀξιώματος</span> 
     </span>
    </p>
   </div>
   <div class='ocr_carea' id='block_1_23' title="bbox 977 449 1764 489">
    <p class='ocr_par' dir='ltr' id='par_1_23' title="bbox 977 449 1764 489">
     <span class='ocr_line' id='line_1_23' title="bbox 977 449 1764 489; baseline 0.009 -14"><span class='ocrx_word' id='word_1_139' title='bbox 977 449 1112 484; x_wconf 79' lang='grc' dir='ltr'>σύμϐολα.</span> <span class='ocrx_word' id='word_1_140' title='bbox 1129 450 1306 478; x_wconf 81' lang='lat' dir='ltr'><strong>illustriorem</strong></span> <span class='ocrx_word' id='word_1_141' title='bbox 1325 459 1414 480; x_wconf 89' lang='lat' dir='ltr'><strong>tamen</strong></span> <span class='ocrx_word' id='word_1_142' title='bbox 1439 462 1453 480; x_wconf 85' lang='lat' dir='ltr'><strong>a</strong></span> <span class='ocrx_word' id='word_1_143' title='bbox 1471 456 1558 489; x_wconf 83' lang='lat' dir='ltr'><strong>prima</strong></span> <span class='ocrx_word' id='word_1_144' title='bbox 1576 463 1625 483; x_wconf 85' lang='lat' dir='ltr'><strong>sua</strong></span> <span class='ocrx_word' id='word_1_145' title='bbox 1654 456 1764 482; x_wconf 90' lang='lat' dir='ltr'><strong>institu-</strong></span> 
     </span>
    </p>
   </div>
   <div class='ocr_carea' id='block_1_24' title="bbox 977 494 1763 534">
    <p class='ocr_par' dir='ltr' id='par_1_24' title="bbox 977 494 1763 534">
     <span class='ocr_line' id='line_1_24' title="bbox 977 494 1763 534; baseline 0.008 -14"><span class='ocrx_word' id='word_1_146' title='bbox 977 494 1052 522; x_wconf 89' lang='lat' dir='ltr'><strong>tione</strong></span> <span class='ocrx_word' id='word_1_147' title='bbox 1065 494 1220 522; x_wconf 81' lang='lat' dir='ltr'><strong>reddiderat</strong></span> <span class='ocrx_word' id='word_1_148' title='bbox 1231 496 1300 522; x_wconf 90' lang='lat' dir='ltr'><strong>idem</strong></span> <span class='ocrx_word' id='word_1_149' title='bbox 1314 498 1472 531; x_wconf 84' lang='lat' dir='ltr'><strong>imperator,</strong></span> <span class='ocrx_word' id='word_1_150' title='bbox 1488 504 1517 526; x_wconf 93' lang='lat' dir='ltr'><strong>ut</strong></span> <span class='ocrx_word' id='word_1_151' title='bbox 1532 500 1600 533; x_wconf 86' lang='lat' dir='ltr'><strong>apud</strong></span> <span class='ocrx_word' id='word_1_152' title='bbox 1616 500 1763 534; x_wconf 63' lang='grc' dir='ltr'><strong>(ἔνθεοι-λιιι</strong></span> 
     </span>
    </p>
   </div>
   <div class='ocr_carea' id='block_1_25' title="bbox 976 540 1763 577">
    <p class='ocr_par' dir='ltr' id='par_1_25' title="bbox 976 540 1763 577">
     <span class='ocr_line' id='line_1_25' title="bbox 976 540 1763 577; baseline 0.008 -11"><span class='ocrx_word' id='word_1_153' title='bbox 976 540 1064 573; x_wconf 86' lang='lat' dir='ltr'><strong>ipsum</strong></span> <span class='ocrx_word' id='word_1_154' title='bbox 1079 541 1200 575; x_wconf 83' lang='lat' dir='ltr'><strong>reperies</strong></span> <span class='ocrx_word' id='word_1_155' title='bbox 1211 541 1273 568; x_wconf 85' lang='lat' dir='ltr'><strong>libri</strong></span> <span class='ocrx_word' id='word_1_156' title='bbox 1288 543 1467 576; x_wconf 73' lang='lat' dir='ltr'><strong>praecedentis</strong></span> <span class='ocrx_word' id='word_1_157' title='bbox 1480 550 1547 572; x_wconf 83' lang='lat' dir='ltr'><strong>sect.</strong></span> <span class='ocrx_word' id='word_1_158' title='bbox 1560 545 1605 577; x_wconf 75' lang='lat'><strong>28,</strong></span> <span class='ocrx_word' id='word_1_159' title='bbox 1619 550 1646 572; x_wconf 84' lang='lat' dir='ltr'><strong>et</strong></span> <span class='ocrx_word' id='word_1_160' title='bbox 1658 551 1687 572; x_wconf 93' lang='lat' dir='ltr'><strong>ut</strong></span> <span class='ocrx_word' id='word_1_161' title='bbox 1700 546 1763 572; x_wconf 89' lang='lat' dir='ltr'><strong>illu-</strong></span> 
     </span>
    </p>
   </div>
   <div class='ocr_carea' id='block_1_26' title="bbox 974 587 1763 627">
    <p class='ocr_par' dir='ltr' id='par_1_26' title="bbox 974 587 1763 627">
     <span class='ocr_line' id='line_1_26' title="bbox 974 587 1763 627; baseline 0.008 -15"><span class='ocrx_word' id='word_1_162' title='bbox 974 591 1057 613; x_wconf 84' lang='lat' dir='ltr'><strong>strem</strong></span> <span class='ocrx_word' id='word_1_163' title='bbox 1073 587 1149 613; x_wconf 87' lang='lat' dir='ltr'><strong>valde</strong></span> <span class='ocrx_word' id='word_1_164' title='bbox 1162 587 1255 614; x_wconf 76' lang='lat' dir='ltr'><strong>laudat</strong></span> <span class='ocrx_word' id='word_1_165' title='bbox 1270 587 1375 616; x_wconf 82' lang='lat' dir='ltr'><strong>Nicetas</strong></span> <span class='ocrx_word' id='word_1_166' title='bbox 1391 589 1417 616; x_wconf 88' lang='lat' dir='ltr'><strong>in</strong></span> <span class='ocrx_word' id='word_1_167' title='bbox 1434 590 1589 617; x_wconf 80' lang='lat' dir='ltr'><strong>Andronico</strong></span> <span class='ocrx_word' id='word_1_168' title='bbox 1601 592 1618 617; x_wconf 93' lang='lat' dir='ltr'><strong>l.</strong></span> <span class='ocrx_word' id='word_1_169' title='bbox 1633 591 1763 627; x_wconf 61' lang='lat' dir='ltr'><strong>1.6mm]</strong></span> 
     </span>
    </p>
   </div>
   <div class='ocr_carea' id='block_1_27' title="bbox 1016 630 1762 669">
    <p class='ocr_par' dir='ltr' id='par_1_27' title="bbox 1016 630 1762 669">
     <span class='ocr_line' id='line_1_27' title="bbox 1016 630 1762 669; baseline 0.008 -12"><span class='ocrx_word' id='word_1_170' title='bbox 1016 630 1043 658; x_wconf 83' lang='lat' dir='ltr'><strong>P.</strong></span> <span class='ocrx_word' id='word_1_171' title='bbox 1064 631 1089 659; x_wconf 91' lang='lat'><strong>8.</strong></span> <span class='ocrx_word' id='word_1_172' title='bbox 1109 631 1340 661; x_wconf 74' lang='lat' dir='ltr'><strong>Pratoreatirtrius.</strong></span> <span class='ocrx_word' id='word_1_173' title='bbox 1357 633 1463 662; x_wconf 86' lang='lat' dir='ltr'><strong>Primus</strong></span> <span class='ocrx_word' id='word_1_174' title='bbox 1477 635 1620 669; x_wconf 64' lang='lat' dir='ltr'><strong>praefectus</strong></span> <span class='ocrx_word' id='word_1_175' title='bbox 1633 637 1762 668; x_wconf 73' lang='lat' dir='ltr'><strong>vestiarii,</strong></span> 
     </span>
    </p>
   </div>
   <div class='ocr_carea' id='block_1_28' title="bbox 977 675 1762 715">
    <p class='ocr_par' dir='ltr' id='par_1_28' title="bbox 977 675 1762 715">
     <span class='ocr_line' id='line_1_28' title="bbox 977 675 1762 715; baseline 0.006 -12"><span class='ocrx_word' id='word_1_176' title='bbox 977 675 1057 710; x_wconf 85' lang='lat' dir='ltr'><strong>cujus</strong></span> <span class='ocrx_word' id='word_1_177' title='bbox 1075 685 1144 703; x_wconf 79' lang='lat' dir='ltr'><strong>uxor</strong></span> <span class='ocrx_word' id='word_1_178' title='bbox 1159 679 1361 711; x_wconf 79' lang='lat' dir='ltr'><strong>protonestiaria</strong></span> <span class='ocrx_word' id='word_1_179' title='bbox 1379 679 1562 711; x_wconf 76' lang='lat' dir='ltr'><strong>salutabatur,</strong></span> <span class='ocrx_word' id='word_1_180' title='bbox 1589 685 1618 707; x_wconf 93' lang='lat' dir='ltr'><strong>nt</strong></span> <span class='ocrx_word' id='word_1_181' title='bbox 1633 686 1675 708; x_wconf 87' lang='lat' dir='ltr'><strong>cst</strong></span> <span class='ocrx_word' id='word_1_182' title='bbox 1690 682 1762 715; x_wconf 83' lang='lat' dir='ltr'><strong>apud</strong></span> 
     </span>
    </p>
   </div>
   <div class='ocr_carea' id='block_1_29' title="bbox 978 722 1764 759">
    <p class='ocr_par' dir='ltr' id='par_1_29' title="bbox 978 722 1764 759">
     <span class='ocr_line' id='line_1_29' title="bbox 978 722 1764 759; baseline 0.006 -10"><span class='ocrx_word' id='word_1_183' title='bbox 978 723 1084 749; x_wconf 83' lang='lat' dir='ltr'><strong>Annam</strong></span> <span class='ocrx_word' id='word_1_184' title='bbox 1107 722 1284 754; x_wconf 83' lang='lat' dir='ltr'><strong>Contnenam.</strong></span> <span class='ocrx_word' id='word_1_185' title='bbox 1303 724 1320 750; x_wconf 90' lang='grc' dir='ltr'><strong>Ι.</strong></span> <span class='ocrx_word' id='word_1_186' title='bbox 1337 732 1363 751; x_wconf 82' lang='lat' dir='ltr'><strong>Vt</strong></span> <span class='ocrx_word' id='word_1_187' title='bbox 1380 725 1503 751; x_wconf 71' lang='lat' dir='ltr'><strong>Alexiod.</strong></span> <span class='ocrx_word' id='word_1_188' title='bbox 1531 725 1567 751; x_wconf 82' lang='lat' dir='ltr'><strong>De</strong></span> <span class='ocrx_word' id='word_1_189' title='bbox 1585 728 1764 759; x_wconf 81' lang='lat' dir='ltr'><strong>protovcstia-</strong></span> 
     </span>
    </p>
   </div>
   <div class='ocr_carea' id='block_1_30' title="bbox 978 767 1622 802">
    <p class='ocr_par' dir='ltr' id='par_1_30' title="bbox 978 767 1622 802">
     <span class='ocr_line' id='line_1_30' title="bbox 978 767 1622 802; baseline 0.003 -7"><span class='ocrx_word' id='word_1_190' title='bbox 978 767 1020 795; x_wconf 85' lang='lat' dir='ltr'><strong>rio</strong></span> <span class='ocrx_word' id='word_1_191' title='bbox 1037 768 1137 802; x_wconf 61' lang='lat' dir='ltr'><strong>saepius</strong></span> <span class='ocrx_word' id='word_1_192' title='bbox 1164 768 1274 795; x_wconf 91' lang='lat' dir='ltr'><strong>dabitur</strong></span> <span class='ocrx_word' id='word_1_193' title='bbox 1288 768 1394 796; x_wconf 86' lang='lat' dir='ltr'><strong>dicendi</strong></span> <span class='ocrx_word' id='word_1_194' title='bbox 1414 770 1501 797; x_wconf 86' lang='lat' dir='ltr'><strong>locus.</strong></span> <span class='ocrx_word' id='word_1_195' title='bbox 1520 770 1622 798; x_wconf 70' lang='lat' dir='ltr'><strong>Gaz-rs.</strong></span> 
     </span>
    </p>
   </div>
   <div class='ocr_carea' id='block_1_31' title="bbox 1015 813 1764 850">
    <p class='ocr_par' dir='ltr' id='par_1_31' title="bbox 1015 813 1764 850">
     <span class='ocr_line' id='line_1_31' title="bbox 1015 813 1764 850; baseline 0.005 -10"><span class='ocrx_word' id='word_1_196' title='bbox 1015 813 1058 849; x_wconf 73' lang='grc' dir='ltr'><strong>[Ρ.</strong></span> <span class='ocrx_word' id='word_1_197' title='bbox 1075 813 1100 841; x_wconf 93' lang='lat'><strong>8.</strong></span> <span class='ocrx_word' id='word_1_198' title='bbox 1121 813 1287 841; x_wconf 81' lang='lat' dir='ltr'><strong>Vestiarium</strong></span> <span class='ocrx_word' id='word_1_199' title='bbox 1314 814 1398 841; x_wconf 84' lang='lat' dir='ltr'><strong>adibit</strong></span> <span class='ocrx_word' id='word_1_200' title='bbox 1417 815 1463 849; x_wconf 91' lang='lat' dir='ltr'><strong>qui</strong></span> <span class='ocrx_word' id='word_1_201' title='bbox 1494 815 1527 842; x_wconf 87' lang='lat' dir='ltr'><strong>de</strong></span> <span class='ocrx_word' id='word_1_202' title='bbox 1555 817 1764 850; x_wconf 64' lang='lat' dir='ltr'><strong>protoi&#39;estiario</strong></span> 
     </span>
    </p>
   </div>
   <div class='ocr_carea' id='block_1_32' title="bbox 978 858 1762 894">
    <p class='ocr_par' dir='ltr' id='par_1_32' title="bbox 978 858 1762 894">
     <span class='ocr_line' id='line_1_32' title="bbox 978 858 1762 894; baseline 0.003 -8"><span class='ocrx_word' id='word_1_203' title='bbox 978 858 1112 886; x_wconf 83' lang='lat' dir='ltr'><strong>sollicitus</strong></span> <span class='ocrx_word' id='word_1_204' title='bbox 1127 863 1177 886; x_wconf 88' lang='lat' dir='ltr'><strong>est.</strong></span> <span class='ocrx_word' id='word_1_205' title='bbox 1201 858 1361 886; x_wconf 77' lang='lat' dir='ltr'><strong>Vestiarium</strong></span> <span class='ocrx_word' id='word_1_206' title='bbox 1377 867 1573 894; x_wconf 81' lang='lat' dir='ltr'><strong>nonnunquam</strong></span> <span class='ocrx_word' id='word_1_207' title='bbox 1587 862 1694 888; x_wconf 74' lang='lat' dir='ltr'><strong>vestitus</strong></span> <span class='ocrx_word' id='word_1_208' title='bbox 1709 867 1762 893; x_wconf 81' lang='lat' dir='ltr'><strong>est.</strong></span> 
     </span>
    </p>
   </div>
   <div class='ocr_carea' id='block_1_33' title="bbox 134 903 924 943">
    <p class='ocr_par' dir='ltr' id='par_1_33' title="bbox 134 907 924 943">
     <span class='ocr_line' id='line_1_33' title="bbox 134 907 924 943; baseline 0.001 -10"><span class='ocrx_word' id='word_1_209' title='bbox 134 907 181 933; x_wconf 71' lang='grc' dir='ltr'>τοῦ</span> <span class='ocrx_word' id='word_1_210' title='bbox 202 907 357 934; x_wconf 73' lang='grc' dir='ltr'>ἀποστάτου</span> <span class='ocrx_word' id='word_1_211' title='bbox 370 908 491 942; x_wconf 72' lang='grc' dir='ltr'>Μιχαὴλ.</span> <span class='ocrx_word' id='word_1_212' title='bbox 505 907 670 942; x_wconf 80' lang='grc' dir='ltr'>Φροντιστής</span> <span class='ocrx_word' id='word_1_213' title='bbox 683 908 765 935; x_wconf 84' lang='lat' dir='ltr'><strong>etiam</strong></span> <span class='ocrx_word' id='word_1_214' title='bbox 782 912 810 935; x_wconf 83' lang='lat' dir='ltr'><strong>et.</strong></span> <span class='ocrx_word' id='word_1_215' title='bbox 828 909 924 943; x_wconf 78' lang='grc' dir='ltr'>ἐπιμε-</span> 
     </span>
    </p>
   </div>
   <div class='ocr_carea' id='block_1_34' title="bbox 976 903 1764 943">
    <p class='ocr_par' dir='ltr' id='par_1_34' title="bbox 977 903 1764 937">
     <span class='ocr_line' id='line_1_34' title="bbox 977 903 1764 937; baseline 0.006 -9"><span class='ocrx_word' id='word_1_216' title='bbox 977 910 1018 929; x_wconf 74' lang='grc' dir='ltr'><strong>νει</strong></span> <span class='ocrx_word' id='word_1_217' title='bbox 1031 903 1167 935; x_wconf 70' lang='lat' dir='ltr'><strong>vestiario,</strong></span> <span class='ocrx_word' id='word_1_218' title='bbox 1184 908 1311 937; x_wconf 77' lang='lat' dir='ltr'><strong>quantum</strong></span> <span class='ocrx_word' id='word_1_219' title='bbox 1325 905 1391 931; x_wconf 71' lang='lat' dir='ltr'><strong>satis</strong></span> <span class='ocrx_word' id='word_1_220' title='bbox 1407 911 1445 932; x_wconf 71' lang='lat' dir='ltr'><strong>est</strong></span> <span class='ocrx_word' id='word_1_221' title='bbox 1463 906 1584 937; x_wconf 73' lang='lat' dir='ltr'><strong>vestium,</strong></span> <span class='ocrx_word' id='word_1_222' title='bbox 1613 907 1683 933; x_wconf 90' lang='lat' dir='ltr'><strong>sicut</strong></span> <span class='ocrx_word' id='word_1_223' title='bbox 1708 907 1764 934; x_wconf 82' lang='lat' dir='ltr'><strong>cal-</strong></span> 
     </span>
    </p>
   </div>
   <div class='ocr_carea' id='block_1_35' title="bbox 133 952 920 988">
    <p class='ocr_par' dir='ltr' id='par_1_35' title="bbox 133 952 920 988">
     <span class='ocr_line' id='line_1_35' title="bbox 133 952 920 988; baseline 0.003 -10"><span class='ocrx_word' id='word_1_224' title='bbox 133 952 217 988; x_wconf 78' lang='grc' dir='ltr'>λητὴς</span> <span class='ocrx_word' id='word_1_225' title='bbox 234 953 374 986; x_wconf 71' lang='grc' dir='ltr'>δημοσίων</span> <span class='ocrx_word' id='word_1_226' title='bbox 383 954 556 988; x_wconf 78' lang='grc' dir='ltr'><strong>πραγμάτων</strong></span> <span class='ocrx_word' id='word_1_227' title='bbox 567 953 602 980; x_wconf 86' lang='lat' dir='ltr'><strong>ab</strong></span> <span class='ocrx_word' id='word_1_228' title='bbox 612 956 727 980; x_wconf 77' lang='lat' dir='ltr'><strong>auctore</strong></span> <span class='ocrx_word' id='word_1_229' title='bbox 740 957 920 988; x_wconf 86' lang='lat' dir='ltr'><strong>memoratur;</strong></span> 
     </span>
    </p>
   </div>
   <div class='ocr_carea' id='block_1_36' title="bbox 133 998 923 1033">
    <p class='ocr_par' dir='ltr' id='par_1_36' title="bbox 133 998 923 1033">
     <span class='ocr_line' id='line_1_36' title="bbox 133 998 923 1033; baseline 0.001 -8"><span class='ocrx_word' id='word_1_230' title='bbox 133 999 214 1033; x_wconf 73' lang='lat' dir='ltr'><strong>cujus</strong></span> <span class='ocrx_word' id='word_1_231' title='bbox 228 998 339 1033; x_wconf 80' lang='lat' dir='ltr'><strong>quidem</strong></span> <span class='ocrx_word' id='word_1_232' title='bbox 357 1006 389 1025; x_wconf 85' lang='lat' dir='ltr'><strong>ac</strong></span> <span class='ocrx_word' id='word_1_233' title='bbox 405 999 548 1033; x_wconf 81' lang='lat' dir='ltr'><strong>amplioris</strong></span> <span class='ocrx_word' id='word_1_234' title='bbox 570 1000 652 1025; x_wconf 87' lang='lat' dir='ltr'><strong>etiam</strong></span> <span class='ocrx_word' id='word_1_235' title='bbox 671 999 794 1026; x_wconf 79' lang='lat' dir='ltr'><strong>muneris</strong></span> <span class='ocrx_word' id='word_1_236' title='bbox 817 999 923 1027; x_wconf 87' lang='lat' dir='ltr'><strong>descri-</strong></span> 
     </span>
    </p>
   </div>
   <div class='ocr_carea' id='block_1_37' title="bbox 133 1044 923 1080">
    <p class='ocr_par' dir='ltr' id='par_1_37' title="bbox 133 1044 923 1080">
     <span class='ocr_line' id='line_1_37' title="bbox 133 1044 923 1080; baseline 0.004 -9"><span class='ocrx_word' id='word_1_237' title='bbox 133 1045 255 1079; x_wconf 84' lang='lat' dir='ltr'><strong>ptionem</strong></span> <span class='ocrx_word' id='word_1_238' title='bbox 273 1044 399 1072; x_wconf 78' lang='lat' dir='ltr'><strong>exhibuit</strong></span> <span class='ocrx_word' id='word_1_239' title='bbox 416 1044 635 1078; x_wconf 76' lang='lat' dir='ltr'><strong>Cantacuzenus,</strong></span> <span class='ocrx_word' id='word_1_240' title='bbox 659 1045 716 1079; x_wconf 86' lang='lat' dir='ltr'><strong>ipse</strong></span> <span class='ocrx_word' id='word_1_241' title='bbox 742 1053 858 1080; x_wconf 72' lang='lat' dir='ltr'><strong>magnus</strong></span> <span class='ocrx_word' id='word_1_242' title='bbox 873 1047 923 1074; x_wconf 90' lang='lat' dir='ltr'><strong>do-</strong></span> 
     </span>
    </p>
   </div>
   <div class='ocr_carea' id='block_1_38' title="bbox 132 1089 476 1126">
    <p class='ocr_par' dir='ltr' id='par_1_38' title="bbox 132 1089 476 1126">
     <span class='ocr_line' id='line_1_38' title="bbox 132 1089 476 1126; baseline 0.003 -9"><span class='ocrx_word' id='word_1_243' title='bbox 132 1091 278 1123; x_wconf 76' lang='lat' dir='ltr'><strong>mesdcns,</strong></span> <span class='ocrx_word' id='word_1_244' title='bbox 290 1099 320 1123; x_wconf 86' lang='grc' dir='ltr'><strong>ιι,</strong></span> <span class='ocrx_word' id='word_1_245' title='bbox 337 1091 362 1120; x_wconf 86' lang='grc'><strong>5,</strong></span> <span class='ocrx_word' id='word_1_246' title='bbox 376 1089 476 1126; x_wconf 76' lang='lat' dir='ltr'><strong>Gom.]</strong></span> 
     </span>
    </p>
   </div>
   <div class='ocr_carea' id='block_1_39' title="bbox 170 1135 922 1171">
    <p class='ocr_par' dir='ltr' id='par_1_39' title="bbox 170 1135 922 1171">
     <span class='ocr_line' id='line_1_39' title="bbox 170 1135 922 1171; baseline 0.003 -9"><span class='ocrx_word' id='word_1_247' title='bbox 170 1135 201 1162; x_wconf 81' lang='grc' dir='ltr'><strong>Ρ.</strong></span> <span class='ocrx_word' id='word_1_248' title='bbox 218 1135 244 1162; x_wconf 91' lang='grc'><strong>7.</strong></span> <span class='ocrx_word' id='word_1_249' title='bbox 263 1135 535 1170; x_wconf 72' lang='lat' dir='ltr'><strong>Pan/typersebastus.</strong></span> <span class='ocrx_word' id='word_1_250' title='bbox 554 1135 642 1163; x_wconf 84' lang='lat' dir='ltr'><strong>Etiam</strong></span> <span class='ocrx_word' id='word_1_251' title='bbox 667 1135 718 1164; x_wconf 86' lang='lat' dir='ltr'><strong>hoc</strong></span> <span class='ocrx_word' id='word_1_252' title='bbox 739 1136 849 1171; x_wconf 78' lang='grc' dir='ltr'>ἀξίωμα</span> <span class='ocrx_word' id='word_1_253' title='bbox 875 1138 922 1164; x_wconf 77' lang='grc' dir='ltr'>καὶ</span> 
     </span>
    </p>
   </div>
   <div class='ocr_carea' id='block_1_40' title="bbox 132 1181 922 1218">
    <p class='ocr_par' dir='ltr' id='par_1_40' title="bbox 132 1181 922 1218">
     <span class='ocr_line' id='line_1_40' title="bbox 132 1181 922 1218; baseline 0.005 -11"><span class='ocrx_word' id='word_1_254' title='bbox 132 1182 219 1216; x_wconf 70' lang='grc' dir='ltr'>δνομα</span> <span class='ocrx_word' id='word_1_255' title='bbox 245 1187 286 1209; x_wconf 83' lang='lat' dir='ltr'><strong>est</strong></span> <span class='ocrx_word' id='word_1_256' title='bbox 321 1181 407 1208; x_wconf 75' lang='lat' dir='ltr'><strong>Alexii</strong></span> <span class='ocrx_word' id='word_1_257' title='bbox 443 1182 574 1209; x_wconf 85' lang='lat' dir='ltr'><strong>Contneni</strong></span> <span class='ocrx_word' id='word_1_258' title='bbox 600 1182 717 1217; x_wconf 82' lang='grc' dir='ltr'>ποίημα,</span> <span class='ocrx_word' id='word_1_259' title='bbox 747 1183 794 1218; x_wconf 91' lang='lat' dir='ltr'><strong>qui</strong></span> <span class='ocrx_word' id='word_1_260' title='bbox 821 1184 849 1210; x_wconf 90' lang='lat' dir='ltr'><strong>in</strong></span> <span class='ocrx_word' id='word_1_261' title='bbox 879 1184 922 1211; x_wconf 87' lang='lat' dir='ltr'><strong>his</strong></span> 
     </span>
    </p>
   </div>
   <div class='ocr_carea' id='block_1_41' title="bbox 132 1227 923 1262">
    <p class='ocr_par' dir='ltr' id='par_1_41' title="bbox 132 1227 923 1262">
     <span class='ocr_line' id='line_1_41' title="bbox 132 1227 923 1262; baseline 0.003 -8"><span class='ocrx_word' id='word_1_262' title='bbox 132 1228 319 1262; x_wconf 77' lang='lat' dir='ltr'><strong>excogitandis</strong></span> <span class='ocrx_word' id='word_1_263' title='bbox 345 1227 479 1255; x_wconf 80' lang='lat' dir='ltr'><strong>fecundus</strong></span> <span class='ocrx_word' id='word_1_264' title='bbox 493 1233 521 1256; x_wconf 83' lang='lat' dir='ltr'><strong>et</strong></span> <span class='ocrx_word' id='word_1_265' title='bbox 537 1228 672 1256; x_wconf 79' lang='lat' dir='ltr'><strong>faettndus</strong></span> <span class='ocrx_word' id='word_1_266' title='bbox 696 1228 755 1256; x_wconf 82' lang='lat' dir='ltr'><strong>fuit.</strong></span> <span class='ocrx_word' id='word_1_267' title='bbox 785 1229 850 1256; x_wconf 82' lang='lat' dir='ltr'><strong>Vide</strong></span> <span class='ocrx_word' id='word_1_268' title='bbox 866 1229 923 1256; x_wconf 84' lang='grc' dir='ltr'><strong>Ζο-</strong></span> 
     </span>
    </p>
   </div>
   <div class='ocr_carea' id='block_1_42' title="bbox 133 1273 922 1308">
    <p class='ocr_par' dir='ltr' id='par_1_42' title="bbox 133 1273 922 1308">
     <span class='ocr_line' id='line_1_42' title="bbox 133 1273 922 1308; baseline 0.003 -8"><span class='ocrx_word' id='word_1_269' title='bbox 133 1282 228 1301; x_wconf 79' lang='lat' dir='ltr'><strong>naram</strong></span> <span class='ocrx_word' id='word_1_270' title='bbox 254 1274 281 1301; x_wconf 90' lang='lat' dir='ltr'><strong>in</strong></span> <span class='ocrx_word' id='word_1_271' title='bbox 307 1274 402 1301; x_wconf 62' lang='lat' dir='ltr'><strong>Alexio</strong></span> <span class='ocrx_word' id='word_1_272' title='bbox 424 1274 575 1301; x_wconf 85' lang='lat' dir='ltr'><strong>Comneno.</strong></span> <span class='ocrx_word' id='word_1_273' title='bbox 603 1273 655 1302; x_wconf 88' lang='lat' dir='ltr'><strong>Sed</strong></span> <span class='ocrx_word' id='word_1_274' title='bbox 681 1278 710 1302; x_wconf 87' lang='lat' dir='ltr'><strong>ut</strong></span> <span class='ocrx_word' id='word_1_275' title='bbox 737 1275 781 1303; x_wconf 84' lang='lat' dir='ltr'><strong>hic</strong></span> <span class='ocrx_word' id='word_1_276' title='bbox 809 1276 922 1308; x_wconf 90' lang='lat' dir='ltr'><strong>dicitur,</strong></span> 
     </span>
    </p>
   </div>
   <div class='ocr_carea' id='block_1_43' title="bbox 133 1320 922 1356">
    <p class='ocr_par' dir='ltr' id='par_1_43' title="bbox 133 1320 922 1356">
     <span class='ocr_line' id='line_1_43' title="bbox 133 1320 922 1356; baseline 0.001 -9"><span class='ocrx_word' id='word_1_277' title='bbox 133 1321 185 1348; x_wconf 77' lang='lat' dir='ltr'><strong>iste</strong></span> <span class='ocrx_word' id='word_1_278' title='bbox 208 1321 492 1356; x_wconf 76' lang='lat' dir='ltr'><strong>panhypersrhastns.</strong></span> <span class='ocrx_word' id='word_1_279' title='bbox 519 1320 588 1347; x_wconf 84' lang='lat' dir='ltr'><strong>nltra</strong></span> <span class='ocrx_word' id='word_1_280' title='bbox 612 1327 693 1355; x_wconf 89' lang='lat' dir='ltr'><strong>quem</strong></span> <span class='ocrx_word' id='word_1_281' title='bbox 722 1322 834 1348; x_wconf 87' lang='lat' dir='ltr'><strong>ambitio</strong></span> <span class='ocrx_word' id='word_1_282' title='bbox 858 1330 922 1356; x_wconf 87' lang='lat' dir='ltr'><strong>pro-</strong></span> 
     </span>
    </p>
   </div>
   <div class='ocr_carea' id='block_1_44' title="bbox 133 1367 924 1402">
    <p class='ocr_par' dir='ltr' id='par_1_44' title="bbox 133 1367 924 1402">
     <span class='ocr_line' id='line_1_44' title="bbox 133 1367 924 1402; baseline 0 -9"><span class='ocrx_word' id='word_1_283' title='bbox 133 1368 207 1402; x_wconf 75' lang='lat' dir='ltr'><strong>gredi</strong></span> <span class='ocrx_word' id='word_1_284' title='bbox 224 1374 279 1393; x_wconf 88' lang='lat' dir='ltr'><strong>non</strong></span> <span class='ocrx_word' id='word_1_285' title='bbox 298 1374 377 1401; x_wconf 75' lang='lat' dir='ltr'><strong>posse</strong></span> <span class='ocrx_word' id='word_1_286' title='bbox 394 1367 546 1398; x_wconf 81' lang='lat' dir='ltr'><strong>videbatur,</strong></span> <span class='ocrx_word' id='word_1_287' title='bbox 561 1367 666 1393; x_wconf 85' lang='lat' dir='ltr'><strong>invenit</strong></span> <span class='ocrx_word' id='word_1_288' title='bbox 682 1367 860 1401; x_wconf 81' lang='lat' dir='ltr'><strong>sequentibus</strong></span> <span class='ocrx_word' id='word_1_289' title='bbox 874 1374 924 1393; x_wconf 90' lang='lat' dir='ltr'><strong>an-</strong></span> 
     </span>
    </p>
   </div>
   <div class='ocr_carea' id='block_1_45' title="bbox 134 1411 922 1447">
    <p class='ocr_par' dir='ltr' id='par_1_45' title="bbox 134 1411 922 1447">
     <span class='ocr_line' id='line_1_45' title="bbox 134 1411 922 1447; baseline -0.003 -8"><span class='ocrx_word' id='word_1_290' title='bbox 134 1414 176 1439; x_wconf 80' lang='lat' dir='ltr'><strong>tris</strong></span> <span class='ocrx_word' id='word_1_291' title='bbox 190 1419 284 1446; x_wconf 86' lang='lat' dir='ltr'><strong>parem</strong></span> <span class='ocrx_word' id='word_1_292' title='bbox 308 1411 441 1438; x_wconf 81' lang='lat' dir='ltr'><strong>Joannem</strong></span> <span class='ocrx_word' id='word_1_293' title='bbox 457 1412 689 1443; x_wconf 82' lang='lat' dir='ltr'><strong>Cantaruzenutn,</strong></span> <span class='ocrx_word' id='word_1_294' title='bbox 719 1420 847 1447; x_wconf 75' lang='lat' dir='ltr'><strong>maguum</strong></span> <span class='ocrx_word' id='word_1_295' title='bbox 873 1412 922 1438; x_wconf 86' lang='lat' dir='ltr'><strong>do-</strong></span> 
     </span>
    </p>
   </div>
   <div class='ocr_carea' id='block_1_46' title="bbox 135 1457 922 1492">
    <p class='ocr_par' dir='ltr' id='par_1_46' title="bbox 135 1457 922 1492">
     <span class='ocr_line' id='line_1_46' title="bbox 135 1457 922 1492; baseline -0.003 -8"><span class='ocrx_word' id='word_1_296' title='bbox 135 1459 293 1489; x_wconf 80' lang='lat' dir='ltr'><strong>mesticum,</strong></span> <span class='ocrx_word' id='word_1_297' title='bbox 312 1461 340 1485; x_wconf 89' lang='lat' dir='ltr'><strong>et</strong></span> <span class='ocrx_word' id='word_1_298' title='bbox 353 1457 434 1492; x_wconf 87' lang='lat' dir='ltr'><strong>paulo</strong></span> <span class='ocrx_word' id='word_1_299' title='bbox 449 1461 508 1492; x_wconf 90' lang='lat' dir='ltr'><strong>post</strong></span> <span class='ocrx_word' id='word_1_300' title='bbox 523 1458 652 1492; x_wconf 84' lang='lat' dir='ltr'><strong>majorem</strong></span> <span class='ocrx_word' id='word_1_301' title='bbox 680 1464 712 1484; x_wconf 89' lang='lat' dir='ltr'><strong>ac</strong></span> <span class='ocrx_word' id='word_1_302' title='bbox 741 1457 922 1492; x_wconf 83' lang='lat' dir='ltr'><strong>superiorem,</strong></span> 
     </span>
    </p>
   </div>
   <div class='ocr_carea' id='block_1_47' title="bbox 136 1505 924 1541">
    <p class='ocr_par' dir='ltr' id='par_1_47' title="bbox 136 1505 924 1541">
     <span class='ocr_line' id='line_1_47' title="bbox 136 1505 924 1541; baseline 0 -9"><span class='ocrx_word' id='word_1_303' title='bbox 136 1511 165 1532; x_wconf 91' lang='lat' dir='ltr'><strong>ut</strong></span> <span class='ocrx_word' id='word_1_304' title='bbox 180 1511 207 1534; x_wconf 90' lang='lat' dir='ltr'><strong>ct</strong></span> <span class='ocrx_word' id='word_1_305' title='bbox 223 1505 477 1541; x_wconf 80' lang='lat' dir='ltr'><strong>protOrestiarium.</strong></span> <span class='ocrx_word' id='word_1_306' title='bbox 494 1506 531 1532; x_wconf 81' lang='lat' dir='ltr'><strong>Ita</strong></span> <span class='ocrx_word' id='word_1_307' title='bbox 554 1513 602 1533; x_wconf 82' lang='lat' dir='ltr'><strong>ceu</strong></span> <span class='ocrx_word' id='word_1_308' title='bbox 619 1506 674 1540; x_wconf 83' lang='lat' dir='ltr'><strong>pila</strong></span> <span class='ocrx_word' id='word_1_309' title='bbox 687 1505 816 1533; x_wconf 87' lang='lat' dir='ltr'><strong>ludebant</strong></span> <span class='ocrx_word' id='word_1_310' title='bbox 829 1505 873 1532; x_wconf 86' lang='lat' dir='ltr'><strong>isti</strong></span> <span class='ocrx_word' id='word_1_311' title='bbox 897 1509 924 1532; x_wconf 89' lang='lat' dir='ltr'><strong>et</strong></span> 
     </span>
    </p>
   </div>
   <div class='ocr_carea' id='block_1_48' title="bbox 134 1552 922 1581">
    <p class='ocr_par' dir='ltr' id='par_1_48' title="bbox 134 1552 922 1581">
     <span class='ocr_line' id='line_1_48' title="bbox 134 1552 922 1581; baseline -0.004 -1"><span class='ocrx_word' id='word_1_312' title='bbox 134 1554 217 1581; x_wconf 85' lang='lat' dir='ltr'><strong>rebus</strong></span> <span class='ocrx_word' id='word_1_313' title='bbox 246 1559 273 1580; x_wconf 87' lang='lat' dir='ltr'><strong>et</strong></span> <span class='ocrx_word' id='word_1_314' title='bbox 289 1553 449 1580; x_wconf 76' lang='lat' dir='ltr'><strong>nominibus</strong></span> <span class='ocrx_word' id='word_1_315' title='bbox 480 1552 561 1579; x_wconf 80' lang='lat' dir='ltr'><strong>modo</strong></span> <span class='ocrx_word' id='word_1_316' title='bbox 580 1553 606 1579; x_wconf 92' lang='lat' dir='ltr'><strong>in</strong></span> <span class='ocrx_word' id='word_1_317' title='bbox 631 1553 716 1580; x_wconf 88' lang='lat' dir='ltr'><strong>altum</strong></span> <span class='ocrx_word' id='word_1_318' title='bbox 748 1552 827 1579; x_wconf 82' lang='lat' dir='ltr'><strong>elatis</strong></span> <span class='ocrx_word' id='word_1_319' title='bbox 842 1552 922 1579; x_wconf 90' lang='lat' dir='ltr'><strong>modo</strong></span> 
     </span>
    </p>
   </div>
   <div class='ocr_carea' id='block_1_49' title="bbox 134 1586 959 1634">
    <p class='ocr_par' dir='ltr' id='par_1_49' title="bbox 134 1586 959 1634">
     <span class='ocr_line' id='line_1_49' title="bbox 134 1586 959 1634; baseline -0.004 -7"><span class='ocrx_word' id='word_1_320' title='bbox 134 1600 262 1627; x_wconf 87' lang='lat' dir='ltr'><strong>deorsum</strong></span> <span class='ocrx_word' id='word_1_321' title='bbox 301 1599 415 1634; x_wconf 87' lang='lat' dir='ltr'><strong>pressis.</strong></span> <span class='ocrx_word' id='word_1_322' title='bbox 445 1598 620 1626; x_wconf 80' lang='lat' dir='ltr'><strong>Andronicus</strong></span> <span class='ocrx_word' id='word_1_323' title='bbox 656 1599 749 1625; x_wconf 81' lang='lat' dir='ltr'><strong>senior</strong></span> <span class='ocrx_word' id='word_1_324' title='bbox 775 1586 959 1633; x_wconf 80' lang='lat' dir='ltr'><strong>imperatorc</strong></span> 
     </span>
    </p>
   </div>
   <div class='ocr_carea' id='block_1_50' title="bbox 134 1644 924 1681">
    <p class='ocr_par' dir='ltr' id='par_1_50' title="bbox 134 1644 924 1681">
     <span class='ocr_line' id='line_1_50' title="bbox 134 1644 924 1681; baseline -0.005 -7"><span class='ocrx_word' id='word_1_325' title='bbox 134 1645 266 1674; x_wconf 77' lang='lat' dir='ltr'><strong>Joannem</strong></span> <span class='ocrx_word' id='word_1_326' title='bbox 282 1651 410 1681; x_wconf 82' lang='lat' dir='ltr'><strong>nepotem</strong></span> <span class='ocrx_word' id='word_1_327' title='bbox 431 1653 510 1673; x_wconf 88' lang='lat' dir='ltr'><strong>suum</strong></span> <span class='ocrx_word' id='word_1_328' title='bbox 528 1644 771 1679; x_wconf 85' lang='lat' dir='ltr'><strong>panhypersebasti</strong></span> <span class='ocrx_word' id='word_1_329' title='bbox 794 1644 924 1679; x_wconf 77' lang='lat' dir='ltr'><strong>dignitate</strong></span> 
     </span>
    </p>
   </div>
   <div class='ocr_carea' id='block_1_51' title="bbox 135 1691 924 1727">
    <p class='ocr_par' dir='ltr' id='par_1_51' title="bbox 135 1691 924 1727">
     <span class='ocr_line' id='line_1_51' title="bbox 135 1691 924 1727; baseline -0.003 -9"><span class='ocrx_word' id='word_1_330' title='bbox 135 1692 269 1719; x_wconf 79' lang='lat' dir='ltr'><strong>decoratis</strong></span> <span class='ocrx_word' id='word_1_331' title='bbox 285 1700 343 1718; x_wconf 80' lang='lat' dir='ltr'><strong>eum</strong></span> <span class='ocrx_word' id='word_1_332' title='bbox 359 1691 435 1727; x_wconf 81' lang='lat' dir='ltr'><strong>longe.</strong></span> <span class='ocrx_word' id='word_1_333' title='bbox 449 1691 626 1725; x_wconf 71' lang='lat' dir='ltr'><strong>augustiorem</strong></span> <span class='ocrx_word' id='word_1_334' title='bbox 642 1691 727 1724; x_wconf 70' lang='lat' dir='ltr'><strong>e/fecit</strong></span> <span class='ocrx_word' id='word_1_335' title='bbox 742 1697 822 1724; x_wconf 83' lang='lat' dir='ltr'><strong>quant</strong></span> <span class='ocrx_word' id='word_1_336' title='bbox 844 1694 924 1716; x_wconf 84' lang='lat' dir='ltr'><strong>antea</strong></span> 
     </span>
    </p>
   </div>
   <div class='ocr_carea' id='block_1_52' title="bbox 135 1734 925 1771">
    <p class='ocr_par' dir='ltr' id='par_1_52' title="bbox 135 1734 925 1771">
     <span class='ocr_line' id='line_1_52' title="bbox 135 1734 925 1771; baseline -0.006 -7"><span class='ocrx_word' id='word_1_337' title='bbox 135 1737 227 1771; x_wconf 71' lang='lat' dir='ltr'><strong>quit,</strong></span> <span class='ocrx_word' id='word_1_338' title='bbox 256 1736 387 1763; x_wconf 68' lang='lat' dir='ltr'><strong>concessis</strong></span> <span class='ocrx_word' id='word_1_339' title='bbox 416 1734 586 1767; x_wconf 76' lang='lat' dir='ltr'><strong>vestimen&#39;tis,</strong></span> <span class='ocrx_word' id='word_1_340' title='bbox 606 1734 702 1764; x_wconf 75' lang='lat' dir='ltr'><strong>calceis</strong></span> <span class='ocrx_word' id='word_1_341' title='bbox 724 1739 748 1760; x_wconf 89' lang='lat' dir='ltr'><strong>et</strong></span> <span class='ocrx_word' id='word_1_342' title='bbox 763 1734 822 1767; x_wconf 85' lang='lat' dir='ltr'><strong>equi</strong></span> <span class='ocrx_word' id='word_1_343' title='bbox 846 1741 925 1760; x_wconf 83' lang='lat' dir='ltr'><strong>orna-</strong></span> 
     </span>
    </p>
   </div>
   <div class='ocr_carea' id='block_1_53' title="bbox 135 1780 924 1815">
    <p class='ocr_par' dir='ltr' id='par_1_53' title="bbox 135 1780 924 1815">
     <span class='ocr_line' id='line_1_53' title="bbox 135 1780 924 1815; baseline -0.008 -4"><span class='ocrx_word' id='word_1_344' title='bbox 135 1784 229 1811; x_wconf 74' lang='lat' dir='ltr'><strong>mentis</strong></span> <span class='ocrx_word' id='word_1_345' title='bbox 241 1782 308 1809; x_wconf 83' lang='lat' dir='ltr'><strong>lutei</strong></span> <span class='ocrx_word' id='word_1_346' title='bbox 322 1782 431 1814; x_wconf 70' lang='lat' dir='ltr'><strong>colat-is,</strong></span> <span class='ocrx_word' id='word_1_347' title='bbox 449 1787 476 1808; x_wconf 88' lang='lat' dir='ltr'><strong>ut</strong></span> <span class='ocrx_word' id='word_1_348' title='bbox 493 1786 562 1808; x_wconf 78' lang='lat' dir='ltr'><strong>tuter</strong></span> <span class='ocrx_word' id='word_1_349' title='bbox 581 1781 780 1815; x_wconf 82' lang='lat' dir='ltr'><strong>imperatoriam</strong></span> <span class='ocrx_word' id='word_1_350' title='bbox 801 1780 924 1806; x_wconf 82' lang='lat' dir='ltr'><strong>nobilita-</strong></span> 
     </span>
    </p>
   </div>
   <div class='ocr_carea' id='block_1_54' title="bbox 135 1824 924 1861">
    <p class='ocr_par' dir='ltr' id='par_1_54' title="bbox 135 1824 924 1861">
     <span class='ocr_line' id='line_1_54' title="bbox 135 1824 924 1861; baseline -0.008 -3"><span class='ocrx_word' id='word_1_351' title='bbox 135 1837 184 1858; x_wconf 76' lang='lat' dir='ltr'><strong>tem</strong></span> <span class='ocrx_word' id='word_1_352' title='bbox 197 1831 315 1857; x_wconf 70' lang='lat' dir='ltr'><strong>maxime</strong></span> <span class='ocrx_word' id='word_1_353' title='bbox 329 1829 444 1856; x_wconf 74' lang='lat' dir='ltr'><strong>illustris</strong></span> <span class='ocrx_word' id='word_1_354' title='bbox 460 1833 537 1857; x_wconf 73' lang='lat' dir='ltr'><strong>esset,</strong></span> <span class='ocrx_word' id='word_1_355' title='bbox 551 1834 580 1854; x_wconf 88' lang='lat' dir='ltr'><strong>ttt</strong></span> <span class='ocrx_word' id='word_1_356' title='bbox 595 1827 632 1854; x_wconf 78' lang='lat' dir='ltr'><strong>ait</strong></span> <span class='ocrx_word' id='word_1_357' title='bbox 643 1826 778 1861; x_wconf 78' lang='lat' dir='ltr'><strong>Gregoras</strong></span> <span class='ocrx_word' id='word_1_358' title='bbox 790 1826 808 1853; x_wconf 93' lang='lat' dir='ltr'><strong>l.</strong></span> <span class='ocrx_word' id='word_1_359' title='bbox 822 1834 871 1853; x_wconf 87' lang='lat' dir='ltr'><strong>vn.</strong></span> <span class='ocrx_word' id='word_1_360' title='bbox 889 1824 924 1852; x_wconf 90' lang='lat' dir='ltr'><strong>Ut</strong></span> 
     </span>
    </p>
   </div>
   <div class='ocr_carea' id='block_1_55' title="bbox 135 1872 922 1910">
    <p class='ocr_par' dir='ltr' id='par_1_55' title="bbox 135 1872 922 1910">
     <span class='ocr_line' id='line_1_55' title="bbox 135 1872 922 1910; baseline -0.008 -6"><span class='ocrx_word' id='word_1_361' title='bbox 135 1884 226 1905; x_wconf 81' lang='lat' dir='ltr'><strong>autem</strong></span> <span class='ocrx_word' id='word_1_362' title='bbox 246 1884 317 1903; x_wconf 82' lang='lat' dir='ltr'><strong>uxor</strong></span> <span class='ocrx_word' id='word_1_363' title='bbox 334 1877 455 1910; x_wconf 69' lang='lat' dir='ltr'><strong>despotze</strong></span> <span class='ocrx_word' id='word_1_364' title='bbox 469 1875 601 1907; x_wconf 68' lang='lat' dir='ltr'><strong>despwna,</strong></span> <span class='ocrx_word' id='word_1_365' title='bbox 620 1873 738 1901; x_wconf 65' lang='lat' dir='ltr'><strong>Cmsaris</strong></span> <span class='ocrx_word' id='word_1_366' title='bbox 762 1872 922 1904; x_wconf 61' lang='lat' dir='ltr'><strong>Caesar-ina,</strong></span> 
     </span>
    </p>
   </div>
   <div class='ocr_carea' id='block_1_56' title="bbox 135 1919 921 1953">
    <p class='ocr_par' dir='ltr' id='par_1_56' title="bbox 135 1919 921 1953">
     <span class='ocr_line' id='line_1_56' title="bbox 135 1919 921 1953; baseline -0.005 -3"><span class='ocrx_word' id='word_1_367' title='bbox 135 1922 364 1950; x_wconf 80' lang='lat' dir='ltr'><strong>sebastocratoris</strong></span> <span class='ocrx_word' id='word_1_368' title='bbox 379 1920 631 1948; x_wconf 76' lang='lat' dir='ltr'><strong>sebastocratoriua</strong></span> <span class='ocrx_word' id='word_1_369' title='bbox 647 1919 719 1946; x_wconf 89' lang='lat' dir='ltr'><strong>dicta</strong></span> <span class='ocrx_word' id='word_1_370' title='bbox 743 1923 785 1945; x_wconf 85' lang='lat' dir='ltr'><strong>est</strong></span> <span class='ocrx_word' id='word_1_371' title='bbox 809 1919 882 1953; x_wconf 80' lang='lat' dir='ltr'><strong>(ride</strong></span> <span class='ocrx_word' id='word_1_372' title='bbox 897 1925 921 1946; x_wconf 90' lang='lat' dir='ltr'><strong>c.</strong></span> 
     </span>
    </p>
   </div>
   <div class='ocr_carea' id='block_1_57' title="bbox 135 1965 918 2003">
    <p class='ocr_par' dir='ltr' id='par_1_57' title="bbox 135 1965 918 2003">
     <span class='ocr_line' id='line_1_57' title="bbox 135 1965 918 2003; baseline -0.008 -6"><span class='ocrx_word' id='word_1_373' title='bbox 135 1970 183 1997; x_wconf 91' lang='lat' dir='ltr'><strong>ult.</strong></span> <span class='ocrx_word' id='word_1_374' title='bbox 202 1969 314 2003; x_wconf 80' lang='lat' dir='ltr'><strong>Codini)</strong></span> <span class='ocrx_word' id='word_1_375' title='bbox 327 1988 336 2000; x_wconf 90' lang='lat'><strong>,</strong></span> <span class='ocrx_word' id='word_1_376' title='bbox 357 1968 394 1995; x_wconf 88' lang='lat' dir='ltr'><strong>ita</strong></span> <span class='ocrx_word' id='word_1_377' title='bbox 422 1975 489 1994; x_wconf 74' lang='lat' dir='ltr'><strong>uxor</strong></span> <span class='ocrx_word' id='word_1_378' title='bbox 507 1965 751 2001; x_wconf 82' lang='lat' dir='ltr'><strong>panhypersebasti</strong></span> <span class='ocrx_word' id='word_1_379' title='bbox 767 1965 918 1999; x_wconf 69' lang='lat' dir='ltr'><strong>pan/typa-</strong></span> 
     </span>
    </p>
   </div>
   <div class='ocr_carea' id='block_1_58' title="bbox 134 2010 923 2047">
    <p class='ocr_par' dir='ltr' id='par_1_58' title="bbox 134 2010 923 2047">
     <span class='ocr_line' id='line_1_58' title="bbox 134 2010 923 2047; baseline -0.006 -5"><span class='ocrx_word' id='word_1_380' title='bbox 134 2017 240 2042; x_wconf 72' lang='lat' dir='ltr'><strong>sebasta</strong></span> <span class='ocrx_word' id='word_1_381' title='bbox 266 2014 374 2047; x_wconf 84' lang='lat' dir='ltr'><strong>audiit;</strong></span> <span class='ocrx_word' id='word_1_382' title='bbox 401 2012 491 2047; x_wconf 86' lang='lat' dir='ltr'><strong>qualis</strong></span> <span class='ocrx_word' id='word_1_383' title='bbox 518 2011 590 2046; x_wconf 82' lang='lat' dir='ltr'><strong>apud</strong></span> <span class='ocrx_word' id='word_1_384' title='bbox 609 2010 756 2046; x_wconf 79' lang='lat' dir='ltr'><strong>Gregoram</strong></span> <span class='ocrx_word' id='word_1_385' title='bbox 774 2010 794 2038; x_wconf 88' lang='lat' dir='ltr'><strong>l.</strong></span> <span class='ocrx_word' id='word_1_386' title='bbox 812 2018 841 2037; x_wconf 87' lang='grc' dir='ltr'>ιιι</span> <span class='ocrx_word' id='word_1_387' title='bbox 870 2010 923 2037; x_wconf 90' lang='lat' dir='ltr'><strong>tilia</strong></span> 
     </span>
    </p>
   </div>
   <div class='ocr_carea' id='block_1_59' title="bbox 134 2056 923 2091">
    <p class='ocr_par' dir='ltr' id='par_1_59' title="bbox 134 2056 923 2091">
     <span class='ocr_line' id='line_1_59' title="bbox 134 2056 923 2091; baseline -0.008 -2"><span class='ocrx_word' id='word_1_388' title='bbox 134 2060 271 2088; x_wconf 86' lang='lat' dir='ltr'><strong>Theodori</strong></span> <span class='ocrx_word' id='word_1_389' title='bbox 297 2059 462 2087; x_wconf 70' lang='lat' dir='ltr'><strong>Hctochitaa.</strong></span> <span class='ocrx_word' id='word_1_390' title='bbox 479 2057 656 2085; x_wconf 86' lang='lat' dir='ltr'><strong>matrimonio</strong></span> <span class='ocrx_word' id='word_1_391' title='bbox 668 2057 763 2091; x_wconf 77' lang='lat' dir='ltr'><strong>juncta</strong></span> <span class='ocrx_word' id='word_1_392' title='bbox 792 2056 923 2091; x_wconf 64' lang='lat' dir='ltr'><strong>pra-dicto</strong></span> 
     </span>
    </p>
   </div>
   <div class='ocr_carea' id='block_1_60' title="bbox 133 2105 518 2141">
    <p class='ocr_par' dir='ltr' id='par_1_60' title="bbox 133 2105 518 2141">
     <span class='ocr_line' id='line_1_60' title="bbox 133 2105 518 2141; baseline -0.01 -6"><span class='ocrx_word' id='word_1_393' title='bbox 133 2107 146 2135; x_wconf 79' lang='lat' dir='ltr'><strong>J</strong></span> <span class='ocrx_word' id='word_1_394' title='bbox 159 2108 232 2135; x_wconf 69' lang='lat' dir='ltr'><strong>tanni</strong></span> <span class='ocrx_word' id='word_1_395' title='bbox 251 2105 518 2141; x_wconf 81' lang='lat' dir='ltr'><strong>panhypersehasto.</strong></span> 
     </span>
    </p>
   </div>
   <div class='ocr_carea' id='block_1_61' title="bbox 167 2147 922 2190">
    <p class='ocr_par' dir='ltr' id='par_1_61' title="bbox 167 2147 922 2190">
     <span class='ocr_line' id='line_1_61' title="bbox 167 2147 922 2190; baseline -0.007 -10"><span class='ocrx_word' id='word_1_396' title='bbox 167 2153 219 2190; x_wconf 91' lang='lat'><strong>[&#39;0</strong></span> <span class='ocrx_word' id='word_1_397' title='bbox 233 2150 537 2185; x_wconf 67' lang='grc' dir='ltr'>παγινπερσὲσαστος.</span> <span class='ocrx_word' id='word_1_398' title='bbox 555 2149 592 2176; x_wconf 87' lang='lat' dir='ltr'><strong>De</strong></span> <span class='ocrx_word' id='word_1_399' title='bbox 622 2148 700 2184; x_wconf 87' lang='lat' dir='ltr'><strong>cujus</strong></span> <span class='ocrx_word' id='word_1_400' title='bbox 727 2148 860 2183; x_wconf 73' lang='lat' dir='ltr'><strong>dignitate</strong></span> <span class='ocrx_word' id='word_1_401' title='bbox 887 2147 922 2175; x_wconf 83' lang='lat' dir='ltr'><strong>ab</strong></span> 
     </span>
    </p>
   </div>
   <div class='ocr_carea' id='block_1_62' title="bbox 132 2194 924 2230">
    <p class='ocr_par' dir='ltr' id='par_1_62' title="bbox 132 2194 924 2230">
     <span class='ocr_line' id='line_1_62' title="bbox 132 2194 924 2230; baseline -0.003 -7"><span class='ocrx_word' id='word_1_402' title='bbox 132 2201 228 2227; x_wconf 69' lang='grc' dir='ltr'>Αιριῖο</span> <span class='ocrx_word' id='word_1_403' title='bbox 259 2198 402 2226; x_wconf 77' lang='lat' dir='ltr'><strong>Comiteno</strong></span> <span class='ocrx_word' id='word_1_404' title='bbox 432 2196 541 2223; x_wconf 87' lang='lat' dir='ltr'><strong>inventa</strong></span> <span class='ocrx_word' id='word_1_405' title='bbox 576 2200 674 2230; x_wconf 72' lang='lat' dir='ltr'><strong>prmter</strong></span> <span class='ocrx_word' id='word_1_406' title='bbox 703 2194 837 2221; x_wconf 78' lang='lat' dir='ltr'><strong>Zonaratn</strong></span> <span class='ocrx_word' id='word_1_407' title='bbox 866 2194 924 2221; x_wconf 68' lang='lat' dir='ltr'><strong>haec</strong></span> 
     </span>
    </p>
   </div>
   <div class='ocr_carea' id='block_1_63' title="bbox 976 948 1763 982">
    <p class='ocr_par' dir='ltr' id='par_1_63' title="bbox 976 948 1763 982">
     <span class='ocr_line' id='line_1_63' title="bbox 976 948 1763 982; baseline 0.008 -8"><span class='ocrx_word' id='word_1_408' title='bbox 976 948 1090 975; x_wconf 81' lang='lat' dir='ltr'><strong>ciarium</strong></span> <span class='ocrx_word' id='word_1_409' title='bbox 1103 955 1233 982; x_wconf 85' lang='lat' dir='ltr'><strong>quantum</strong></span> <span class='ocrx_word' id='word_1_410' title='bbox 1249 951 1494 978; x_wconf 76' lang='lat' dir='ltr'><strong>calceamentorum</strong></span> <span class='ocrx_word' id='word_1_411' title='bbox 1510 959 1622 979; x_wconf 84' lang='lat' dir='ltr'><strong>necesse</strong></span> <span class='ocrx_word' id='word_1_412' title='bbox 1645 957 1697 980; x_wconf 81' lang='lat' dir='ltr'><strong>est.</strong></span> <span class='ocrx_word' id='word_1_413' title='bbox 1711 952 1763 980; x_wconf 76' lang='lat' dir='ltr'><strong>Vc-</strong></span> 
     </span>
    </p>
   </div>
   <div class='ocr_carea' id='block_1_64' title="bbox 975 995 1763 1029">
    <p class='ocr_par' dir='ltr' id='par_1_64' title="bbox 975 995 1763 1029">
     <span class='ocr_line' id='line_1_64' title="bbox 975 995 1763 1029; baseline 0.005 -8"><span class='ocrx_word' id='word_1_414' title='bbox 975 995 1100 1022; x_wconf 81' lang='lat' dir='ltr'><strong>stiarium</strong></span> <span class='ocrx_word' id='word_1_415' title='bbox 1128 995 1154 1022; x_wconf 89' lang='lat' dir='ltr'><strong>in</strong></span> <span class='ocrx_word' id='word_1_416' title='bbox 1173 996 1316 1029; x_wconf 80' lang='lat' dir='ltr'><strong>postremis</strong></span> <span class='ocrx_word' id='word_1_417' title='bbox 1344 996 1421 1024; x_wconf 87' lang='lat' dir='ltr'><strong>libris</strong></span> <span class='ocrx_word' id='word_1_418' title='bbox 1437 996 1544 1024; x_wconf 86' lang='lat' dir='ltr'><strong>Codicis</strong></span> <span class='ocrx_word' id='word_1_419' title='bbox 1563 1002 1590 1024; x_wconf 88' lang='lat' dir='ltr'><strong>et</strong></span> <span class='ocrx_word' id='word_1_420' title='bbox 1618 998 1643 1024; x_wconf 91' lang='lat' dir='ltr'><strong>in</strong></span> <span class='ocrx_word' id='word_1_421' title='bbox 1663 997 1763 1025; x_wconf 72' lang='lat' dir='ltr'><strong>Notitia</strong></span> 
     </span>
    </p>
   </div>
   <div class='ocr_carea' id='block_1_65' title="bbox 977 1041 1763 1080">
    <p class='ocr_par' dir='ltr' id='par_1_65' title="bbox 977 1041 1763 1080">
     <span class='ocr_line' id='line_1_65' title="bbox 977 1041 1763 1080; baseline 0.005 -13"><span class='ocrx_word' id='word_1_422' title='bbox 977 1041 1082 1075; x_wconf 87' lang='lat' dir='ltr'><strong>imperii</strong></span> <span class='ocrx_word' id='word_1_423' title='bbox 1098 1041 1190 1076; x_wconf 85' lang='lat' dir='ltr'><strong>accipe</strong></span> <span class='ocrx_word' id='word_1_424' title='bbox 1201 1061 1209 1073; x_wconf 93' lang='lat'><strong>,</strong></span> <span class='ocrx_word' id='word_1_425' title='bbox 1230 1042 1256 1068; x_wconf 93' lang='lat' dir='ltr'><strong>in</strong></span> <span class='ocrx_word' id='word_1_426' title='bbox 1277 1050 1332 1075; x_wconf 88' lang='lat' dir='ltr'><strong>quo</strong></span> <span class='ocrx_word' id='word_1_427' title='bbox 1351 1047 1440 1070; x_wconf 82' lang='lat' dir='ltr'><strong>vestes</strong></span> <span class='ocrx_word' id='word_1_428' title='bbox 1457 1044 1589 1080; x_wconf 80' lang='lat' dir='ltr'><strong>principis</strong></span> <span class='ocrx_word' id='word_1_429' title='bbox 1605 1044 1763 1071; x_wconf 86' lang='lat' dir='ltr'><strong>conduntur</strong></span> 
     </span>
    </p>
   </div>
   <div class='ocr_carea' id='block_1_66' title="bbox 976 1087 1764 1122">
    <p class='ocr_par' dir='ltr' id='par_1_66' title="bbox 976 1087 1764 1122">
     <span class='ocr_line' id='line_1_66' title="bbox 976 1087 1764 1122; baseline 0.005 -9"><span class='ocrx_word' id='word_1_430' title='bbox 976 1091 1003 1113; x_wconf 76' lang='lat' dir='ltr'><strong>et</strong></span> <span class='ocrx_word' id='word_1_431' title='bbox 1020 1092 1198 1121; x_wconf 83' lang='lat' dir='ltr'><strong>reponuntur.</strong></span> <span class='ocrx_word' id='word_1_432' title='bbox 1213 1087 1417 1122; x_wconf 80' lang='lat' dir='ltr'><strong>Moschopnlus,</strong></span> <span class='ocrx_word' id='word_1_433' title='bbox 1431 1089 1477 1116; x_wconf 86' lang='lat' dir='ltr'><strong>lib.</strong></span> <span class='ocrx_word' id='word_1_434' title='bbox 1492 1091 1536 1117; x_wconf 91' lang='lat' dir='ltr'><strong>cui</strong></span> <span class='ocrx_word' id='word_1_435' title='bbox 1553 1090 1651 1117; x_wconf 87' lang='lat' dir='ltr'><strong>titttlus</strong></span> <span class='ocrx_word' id='word_1_436' title='bbox 1665 1090 1764 1116; x_wconf 83' lang='grc' dir='ltr'>Συλλο-</span> 
     </span>
    </p>
   </div>
   <div class='ocr_carea' id='block_1_67' title="bbox 976 1132 1760 1170">
    <p class='ocr_par' dir='ltr' id='par_1_67' title="bbox 976 1132 1760 1170">
     <span class='ocr_line' id='line_1_67' title="bbox 976 1132 1760 1170; baseline 0.004 -13"><span class='ocrx_word' id='word_1_437' title='bbox 976 1132 1011 1166; x_wconf 82' lang='grc' dir='ltr'><strong>γὴ</strong></span> <span class='ocrx_word' id='word_1_438' title='bbox 1034 1132 1164 1159; x_wconf 80' lang='grc' dir='ltr'><strong>Ἀττικῶν</strong></span> <span class='ocrx_word' id='word_1_439' title='bbox 1184 1133 1323 1168; x_wconf 81' lang='grc' dir='ltr'><strong>ὀνομάτων</strong></span> <span class='ocrx_word' id='word_1_440' title='bbox 1340 1140 1349 1149; x_wconf 80' lang='grc'><strong>⁹</strong></span> <span class='ocrx_word' id='word_1_441' title='bbox 1374 1133 1574 1169; x_wconf 74' lang='grc' dir='ltr'>βεστιοπράτης</span> <span class='ocrx_word' id='word_1_442' title='bbox 1599 1134 1612 1160; x_wconf 72' lang='grc' dir='ltr'>ὁ</span> <span class='ocrx_word' id='word_1_443' title='bbox 1633 1135 1739 1170; x_wconf 76' lang='grc' dir='ltr'>ρἁτης</span> <span class='ocrx_word' id='word_1_444' title='bbox 1753 1143 1760 1151; x_wconf 89' lang='grc'>·</span> 
     </span>
    </p>
   </div>
   <div class='ocr_carea' id='block_1_68' title="bbox 977 1176 1764 1218">
    <p class='ocr_par' dir='ltr' id='par_1_68' title="bbox 977 1176 1764 1218">
     <span class='ocr_line' id='line_1_68' title="bbox 977 1176 1764 1218; baseline 0.004 -14"><span class='ocrx_word' id='word_1_445' title='bbox 977 1177 1072 1211; x_wconf 80' lang='grc' dir='ltr'>βεστίσ.</span> <span class='ocrx_word' id='word_1_446' title='bbox 1086 1178 1140 1212; x_wconf 80' lang='grc' dir='ltr'>γὰρ</span> <span class='ocrx_word' id='word_1_447' title='bbox 1158 1178 1232 1218; x_wconf 41' lang='grc' dir='ltr'>παρα</span> <span class='ocrx_word' id='word_1_448' title='bbox 1253 1178 1400 1212; x_wconf 80' lang='grc' dir='ltr'>Ῥωμαίοις</span> <span class='ocrx_word' id='word_1_449' title='bbox 1427 1180 1462 1206; x_wconf 86' lang='grc' dir='ltr'><strong>τὰ</strong></span> <span class='ocrx_word' id='word_1_450' title='bbox 1480 1180 1585 1213; x_wconf 80' lang='grc' dir='ltr'>ίμάιια,</span> <span class='ocrx_word' id='word_1_451' title='bbox 1614 1179 1644 1212; x_wconf 71' lang='grc' dir='ltr'><strong>ἐξ</strong></span> <span class='ocrx_word' id='word_1_452' title='bbox 1661 1176 1691 1206; x_wconf 74' lang='grc' dir='ltr'>οὖ</span> <span class='ocrx_word' id='word_1_453' title='bbox 1716 1181 1764 1207; x_wconf 79' lang='grc' dir='ltr'>καὶ</span> 
     </span>
    </p>
   </div>
   <div class='ocr_carea' id='block_1_69' title="bbox 977 1221 1763 1260">
    <p class='ocr_par' dir='ltr' id='par_1_69' title="bbox 977 1221 1763 1260">
     <span class='ocr_line' id='line_1_69' title="bbox 977 1221 1763 1260; baseline 0.005 -11"><span class='ocrx_word' id='word_1_454' title='bbox 977 1223 1129 1258; x_wconf 77' lang='grc' dir='ltr'>βεστιάριον</span> <span class='ocrx_word' id='word_1_455' title='bbox 1143 1223 1256 1258; x_wconf 80' lang='grc' dir='ltr'>κυρίως,</span> <span class='ocrx_word' id='word_1_456' title='bbox 1273 1224 1301 1250; x_wconf 83' lang='grc' dir='ltr'>ὲν</span> <span class='ocrx_word' id='word_1_457' title='bbox 1315 1221 1336 1257; x_wconf 84' lang='grc' dir='ltr'>ᾧ</span> <span class='ocrx_word' id='word_1_458' title='bbox 1349 1225 1382 1250; x_wconf 78' lang='grc' dir='ltr'><strong>τὰ</strong></span> <span class='ocrx_word' id='word_1_459' title='bbox 1410 1224 1537 1259; x_wconf 78' lang='grc' dir='ltr'>βασιλικὰ</span> <span class='ocrx_word' id='word_1_460' title='bbox 1561 1225 1695 1260; x_wconf 70' lang='grc' dir='ltr'>ἐνδύματα</span> <span class='ocrx_word' id='word_1_461' title='bbox 1712 1235 1763 1260; x_wconf 86' lang='grc' dir='ltr'><strong>φυ-</strong></span> 
     </span>
    </p>
   </div>
   <div class='ocr_carea' id='block_1_70' title="bbox 976 1271 1761 1306">
    <p class='ocr_par' dir='ltr' id='par_1_70' title="bbox 976 1271 1761 1306">
     <span class='ocr_line' id='line_1_70' title="bbox 976 1271 1761 1306; baseline 0.004 -8"><span class='ocrx_word' id='word_1_462' title='bbox 976 1271 1129 1298; x_wconf 78' lang='grc' dir='ltr'>λάσσονται.</span> <span class='ocrx_word' id='word_1_463' title='bbox 1145 1272 1305 1299; x_wconf 87' lang='lat' dir='ltr'><strong>Guillelmus</strong></span> <span class='ocrx_word' id='word_1_464' title='bbox 1320 1271 1428 1306; x_wconf 82' lang='lat' dir='ltr'><strong>Tyrius,</strong></span> <span class='ocrx_word' id='word_1_465' title='bbox 1445 1272 1467 1298; x_wconf 85' lang='lat' dir='ltr'><strong>l.</strong></span> <span class='ocrx_word' id='word_1_466' title='bbox 1485 1280 1504 1299; x_wconf 88' lang='grc' dir='ltr'><strong>ιι</strong></span> <span class='ocrx_word' id='word_1_467' title='bbox 1518 1271 1555 1299; x_wconf 80' lang='lat' dir='ltr'><strong>De</strong></span> <span class='ocrx_word' id='word_1_468' title='bbox 1585 1273 1651 1300; x_wconf 82' lang='lat' dir='ltr'><strong>bella</strong></span> <span class='ocrx_word' id='word_1_469' title='bbox 1667 1281 1761 1301; x_wconf 74' lang='lat' dir='ltr'><strong>sacro:</strong></span> 
     </span>
    </p>
   </div>
   <div class='ocr_carea' id='block_1_71' title="bbox 977 1317 1763 1352">
    <p class='ocr_par' dir='ltr' id='par_1_71' title="bbox 977 1317 1763 1352">
     <span class='ocr_line' id='line_1_71' title="bbox 977 1317 1763 1352; baseline 0.003 -8"><span class='ocrx_word' id='word_1_470' title='bbox 977 1317 1035 1350; x_wconf 78' lang='lat' dir='ltr'><strong>Quo</strong></span> <span class='ocrx_word' id='word_1_471' title='bbox 1066 1318 1136 1352; x_wconf 79' lang='lat' dir='ltr'><strong>facta</strong></span> <span class='ocrx_word' id='word_1_472' title='bbox 1164 1325 1195 1344; x_wconf 75' lang='lat' dir='ltr'><strong>ea:</strong></span> <span class='ocrx_word' id='word_1_473' title='bbox 1222 1317 1403 1352; x_wconf 74' lang='lat' dir='ltr'><strong>imperialibus</strong></span> <span class='ocrx_word' id='word_1_474' title='bbox 1434 1319 1566 1346; x_wconf 72' lang='lat' dir='ltr'><strong>vestiariis</strong></span> <span class='ocrx_word' id='word_1_475' title='bbox 1587 1319 1676 1346; x_wconf 82' lang='lat' dir='ltr'><strong>oblata</strong></span> <span class='ocrx_word' id='word_1_476' title='bbox 1702 1325 1763 1347; x_wconf 73' lang='lat' dir='ltr'><strong>sunt</strong></span> 
     </span>
    </p>
   </div>
   <div class='ocr_carea' id='block_1_72' title="bbox 976 1364 1764 1400">
    <p class='ocr_par' dir='ltr' id='par_1_72' title="bbox 976 1364 1764 1400">
     <span class='ocr_line' id='line_1_72' title="bbox 976 1364 1764 1400; baseline 0.004 -10"><span class='ocrx_word' id='word_1_477' title='bbox 976 1364 1103 1399; x_wconf 71' lang='lat' dir='ltr'><strong>prtetlicto</strong></span> <span class='ocrx_word' id='word_1_478' title='bbox 1121 1364 1175 1390; x_wconf 80' lang='lat' dir='ltr'><strong>viro</strong></span> <span class='ocrx_word' id='word_1_479' title='bbox 1193 1364 1218 1389; x_wconf 82' lang='lat' dir='ltr'><strong>in</strong></span> <span class='ocrx_word' id='word_1_480' title='bbox 1237 1372 1304 1390; x_wconf 87' lang='lat' dir='ltr'><strong>auro</strong></span> <span class='ocrx_word' id='word_1_481' title='bbox 1318 1364 1440 1396; x_wconf 73' lang='lat' dir='ltr'><strong>vestibus,</strong></span> <span class='ocrx_word' id='word_1_482' title='bbox 1454 1364 1523 1391; x_wconf 71' lang='lat' dir='ltr'><strong>vasis</strong></span> <span class='ocrx_word' id='word_1_483' title='bbox 1539 1369 1564 1391; x_wconf 90' lang='lat' dir='ltr'><strong>et</strong></span> <span class='ocrx_word' id='word_1_484' title='bbox 1589 1366 1710 1400; x_wconf 68' lang='lat' dir='ltr'><strong>pretiosis</strong></span> <span class='ocrx_word' id='word_1_485' title='bbox 1725 1367 1764 1393; x_wconf 83' lang='lat' dir='ltr'><strong>la-</strong></span> 
     </span>
    </p>
   </div>
   <div class='ocr_carea' id='block_1_73' title="bbox 975 1409 1765 1445">
    <p class='ocr_par' dir='ltr' id='par_1_73' title="bbox 975 1409 1765 1445">
     <span class='ocr_line' id='line_1_73' title="bbox 975 1409 1765 1445; baseline 0.004 -9"><span class='ocrx_word' id='word_1_486' title='bbox 975 1410 1094 1445; x_wconf 74' lang='lat' dir='ltr'><strong>pidibus.</strong></span> <span class='ocrx_word' id='word_1_487' title='bbox 1110 1409 1194 1437; x_wconf 79' lang='lat' dir='ltr'><strong>Vides</strong></span> <span class='ocrx_word' id='word_1_488' title='bbox 1214 1409 1241 1436; x_wconf 91' lang='lat' dir='ltr'><strong>in</strong></span> <span class='ocrx_word' id='word_1_489' title='bbox 1260 1410 1390 1437; x_wconf 84' lang='lat' dir='ltr'><strong>vestiario</strong></span> <span class='ocrx_word' id='word_1_490' title='bbox 1406 1417 1459 1437; x_wconf 94' lang='lat' dir='ltr'><strong>non</strong></span> <span class='ocrx_word' id='word_1_491' title='bbox 1475 1416 1559 1438; x_wconf 73' lang='lat' dir='ltr'><strong>vestes</strong></span> <span class='ocrx_word' id='word_1_492' title='bbox 1573 1412 1722 1443; x_wconf 87' lang='lat' dir='ltr'><strong>modo,sed</strong></span> <span class='ocrx_word' id='word_1_493' title='bbox 1738 1417 1765 1439; x_wconf 76' lang='lat' dir='ltr'><strong>et</strong></span> 
     </span>
    </p>
   </div>
   <div class='ocr_carea' id='block_1_74' title="bbox 977 1455 1763 1491">
    <p class='ocr_par' dir='ltr' id='par_1_74' title="bbox 977 1455 1763 1491">
     <span class='ocr_line' id='line_1_74' title="bbox 977 1455 1763 1491; baseline 0.004 -9"><span class='ocrx_word' id='word_1_494' title='bbox 977 1464 1088 1488; x_wconf 86' lang='lat' dir='ltr'><strong>aurum,</strong></span> <span class='ocrx_word' id='word_1_495' title='bbox 1103 1463 1178 1488; x_wconf 84' lang='lat' dir='ltr'><strong>vasa,</strong></span> <span class='ocrx_word' id='word_1_496' title='bbox 1198 1455 1301 1490; x_wconf 87' lang='lat' dir='ltr'><strong>lapides</strong></span> <span class='ocrx_word' id='word_1_497' title='bbox 1316 1457 1454 1490; x_wconf 86' lang='lat' dir='ltr'><strong>pretiosos</strong></span> <span class='ocrx_word' id='word_1_498' title='bbox 1471 1456 1578 1491; x_wconf 88' lang='lat' dir='ltr'><strong>reponi,</strong></span> <span class='ocrx_word' id='word_1_499' title='bbox 1604 1458 1675 1485; x_wconf 82' lang='lat' dir='ltr'><strong>unde</strong></span> <span class='ocrx_word' id='word_1_500' title='bbox 1695 1466 1763 1485; x_wconf 89' lang='lat' dir='ltr'><strong>non-</strong></span> 
     </span>
    </p>
   </div>
   <div class='ocr_carea' id='block_1_75' title="bbox 979 1502 1764 1543">
    <p class='ocr_par' dir='ltr' id='par_1_75' title="bbox 979 1502 1764 1543">
     <span class='ocr_line' id='line_1_75' title="bbox 979 1502 1764 1543; baseline 0.003 -14"><span class='ocrx_word' id='word_1_501' title='bbox 979 1503 1045 1530; x_wconf 92' lang='lat' dir='ltr'><strong>nulli</strong></span> <span class='ocrx_word' id='word_1_502' title='bbox 1066 1502 1186 1529; x_wconf 80' lang='lat' dir='ltr'><strong>vestiarii</strong></span> <span class='ocrx_word' id='word_1_503' title='bbox 1203 1502 1378 1543; x_wconf 73' lang='lat' dir='ltr'><strong>tltesaurique</strong></span> <span class='ocrx_word' id='word_1_504' title='bbox 1395 1510 1477 1529; x_wconf 82' lang='lat' dir='ltr'><strong>unatn</strong></span> <span class='ocrx_word' id='word_1_505' title='bbox 1497 1503 1683 1537; x_wconf 85' lang='lat' dir='ltr'><strong>acceptioncm</strong></span> <span class='ocrx_word' id='word_1_506' title='bbox 1697 1512 1764 1531; x_wconf 90' lang='lat' dir='ltr'><strong>con-</strong></span> 
     </span>
    </p>
   </div>
   <div class='ocr_carea' id='block_1_76' title="bbox 979 1547 1765 1582">
    <p class='ocr_par' dir='ltr' id='par_1_76' title="bbox 979 1547 1765 1582">
     <span class='ocr_line' id='line_1_76' title="bbox 979 1547 1765 1582; baseline 0.003 -7"><span class='ocrx_word' id='word_1_507' title='bbox 979 1548 1103 1576; x_wconf 86' lang='lat' dir='ltr'><strong>tendunt.</strong></span> <span class='ocrx_word' id='word_1_508' title='bbox 1121 1547 1271 1575; x_wconf 86' lang='lat' dir='ltr'><strong>Vestiarius</strong></span> <span class='ocrx_word' id='word_1_509' title='bbox 1289 1547 1381 1582; x_wconf 73' lang='lat' dir='ltr'><strong>itaque</strong></span> <span class='ocrx_word' id='word_1_510' title='bbox 1396 1549 1441 1582; x_wconf 82' lang='lat' dir='ltr'><strong>qui</strong></span> <span class='ocrx_word' id='word_1_511' title='bbox 1468 1548 1654 1582; x_wconf 85' lang='lat' dir='ltr'><strong>hujuscemodi</strong></span> <span class='ocrx_word' id='word_1_512' title='bbox 1674 1553 1765 1580; x_wconf 82' lang='lat' dir='ltr'><strong>curat.</strong></span> 
     </span>
    </p>
   </div>
   <div class='ocr_carea' id='block_1_77' title="bbox 978 1592 1761 1629">
    <p class='ocr_par' dir='ltr' id='par_1_77' title="bbox 978 1592 1761 1629">
     <span class='ocr_line' id='line_1_77' title="bbox 978 1592 1761 1629; baseline 0.003 -9"><span class='ocrx_word' id='word_1_513' title='bbox 978 1594 1089 1628; x_wconf 74' lang='lat' dir='ltr'><strong>profert,</strong></span> <span class='ocrx_word' id='word_1_514' title='bbox 1110 1592 1242 1624; x_wconf 83' lang='lat' dir='ltr'><strong>recondit,</strong></span> <span class='ocrx_word' id='word_1_515' title='bbox 1272 1597 1404 1620; x_wconf 71' lang='lat' dir='ltr'><strong>assert-at.</strong></span> <span class='ocrx_word' id='word_1_516' title='bbox 1430 1593 1454 1620; x_wconf 86' lang='lat' dir='ltr'><strong>ls</strong></span> <span class='ocrx_word' id='word_1_517' title='bbox 1470 1593 1621 1629; x_wconf 75' lang='grc' dir='ltr'>βεστιάριος</span> <span class='ocrx_word' id='word_1_518' title='bbox 1648 1594 1761 1628; x_wconf 82' lang='lat' dir='ltr'><strong>Graecis,</strong></span> 
     </span>
    </p>
   </div>
   <div class='ocr_carea' id='block_1_78' title="bbox 977 1638 1763 1668">
    <p class='ocr_par' dir='ltr' id='par_1_78' title="bbox 977 1638 1763 1668">
     <span class='ocr_line' id='line_1_78' title="bbox 977 1638 1763 1668; baseline 0 -1"><span class='ocrx_word' id='word_1_519' title='bbox 977 1645 1006 1667; x_wconf 92' lang='lat' dir='ltr'><strong>ut</strong></span> <span class='ocrx_word' id='word_1_520' title='bbox 1021 1639 1134 1666; x_wconf 72' lang='lat' dir='ltr'><strong>Zonarze</strong></span> <span class='ocrx_word' id='word_1_521' title='bbox 1153 1639 1179 1666; x_wconf 90' lang='lat' dir='ltr'><strong>in</strong></span> <span class='ocrx_word' id='word_1_522' title='bbox 1194 1639 1326 1668; x_wconf 82' lang='lat' dir='ltr'><strong>Eudocia.</strong></span> <span class='ocrx_word' id='word_1_523' title='bbox 1349 1638 1448 1666; x_wconf 80' lang='lat' dir='ltr'><strong>Joanni</strong></span> <span class='ocrx_word' id='word_1_524' title='bbox 1478 1640 1648 1668; x_wconf 83' lang='lat' dir='ltr'><strong>Damasceno</strong></span> <span class='ocrx_word' id='word_1_525' title='bbox 1666 1648 1763 1667; x_wconf 83' lang='lat' dir='ltr'><strong>mona-</strong></span> 
     </span>
    </p>
   </div>
   <div class='ocr_carea' id='block_1_79' title="bbox 976 1684 1762 1721">
    <p class='ocr_par' dir='ltr' id='par_1_79' title="bbox 976 1684 1762 1721">
     <span class='ocr_line' id='line_1_79' title="bbox 976 1684 1762 1721; baseline 0.001 -9"><span class='ocrx_word' id='word_1_526' title='bbox 976 1685 1028 1713; x_wconf 90' lang='lat' dir='ltr'><strong>cho</strong></span> <span class='ocrx_word' id='word_1_527' title='bbox 1045 1689 1072 1712; x_wconf 85' lang='lat' dir='ltr'><strong>et</strong></span> <span class='ocrx_word' id='word_1_528' title='bbox 1089 1685 1161 1712; x_wconf 86' lang='lat' dir='ltr'><strong>aliis.</strong></span> <span class='ocrx_word' id='word_1_529' title='bbox 1190 1684 1320 1719; x_wconf 86' lang='lat' dir='ltr'><strong>Princeps</strong></span> <span class='ocrx_word' id='word_1_530' title='bbox 1350 1685 1472 1712; x_wconf 89' lang='lat' dir='ltr'><strong>omnium</strong></span> <span class='ocrx_word' id='word_1_531' title='bbox 1503 1685 1762 1721; x_wconf 78' lang='grc' dir='ltr'>πρωτοὸεστιάριος,</span> 
     </span>
    </p>
   </div>
   <div class='ocr_carea' id='block_1_80' title="bbox 976 1731 1761 1767">
    <p class='ocr_par' dir='ltr' id='par_1_80' title="bbox 976 1731 1761 1767">
     <span class='ocr_line' id='line_1_80' title="bbox 976 1731 1761 1767; baseline 0.003 -9"><span class='ocrx_word' id='word_1_532' title='bbox 976 1731 1010 1758; x_wconf 86' lang='lat' dir='ltr'><strong>de</strong></span> <span class='ocrx_word' id='word_1_533' title='bbox 1024 1739 1078 1766; x_wconf 87' lang='lat' dir='ltr'><strong>quo</strong></span> <span class='ocrx_word' id='word_1_534' title='bbox 1095 1731 1122 1758; x_wconf 91' lang='lat' dir='ltr'><strong>in</strong></span> <span class='ocrx_word' id='word_1_535' title='bbox 1141 1731 1282 1766; x_wconf 76' lang='lat' dir='ltr'><strong>praesenti,</strong></span> <span class='ocrx_word' id='word_1_536' title='bbox 1297 1732 1377 1766; x_wconf 88' lang='lat' dir='ltr'><strong>cujus</strong></span> <span class='ocrx_word' id='word_1_537' title='bbox 1397 1739 1497 1759; x_wconf 88' lang='lat' dir='ltr'><strong>nomen</strong></span> <span class='ocrx_word' id='word_1_538' title='bbox 1508 1732 1565 1766; x_wconf 88' lang='lat' dir='ltr'><strong>jam</strong></span> <span class='ocrx_word' id='word_1_539' title='bbox 1582 1740 1597 1759; x_wconf 88' lang='lat' dir='ltr'><strong>a</strong></span> <span class='ocrx_word' id='word_1_540' title='bbox 1616 1733 1761 1767; x_wconf 87' lang='lat' dir='ltr'><strong>Theophili</strong></span> 
     </span>
    </p>
   </div>
   <div class='ocr_carea' id='block_1_81' title="bbox 977 1777 1763 1812">
    <p class='ocr_par' dir='ltr' id='par_1_81' title="bbox 977 1777 1763 1812">
     <span class='ocr_line' id='line_1_81' title="bbox 977 1777 1763 1812; baseline 0.003 -8"><span class='ocrx_word' id='word_1_541' title='bbox 977 1777 1145 1812; x_wconf 85' lang='lat' dir='ltr'><strong>temporibus</strong></span> <span class='ocrx_word' id='word_1_542' title='bbox 1163 1778 1284 1812; x_wconf 78' lang='lat' dir='ltr'><strong>agnitum</strong></span> <span class='ocrx_word' id='word_1_543' title='bbox 1301 1778 1370 1811; x_wconf 88' lang='lat' dir='ltr'><strong>apud</strong></span> <span class='ocrx_word' id='word_1_544' title='bbox 1386 1777 1592 1812; x_wconf 75' lang='lat' dir='ltr'><strong>Theophanem.</strong></span> <span class='ocrx_word' id='word_1_545' title='bbox 1620 1785 1635 1805; x_wconf 91' lang='lat' dir='ltr'><strong>a</strong></span> <span class='ocrx_word' id='word_1_546' title='bbox 1658 1779 1763 1806; x_wconf 61' lang='lat' dir='ltr'><strong>caeteris</strong></span> 
     </span>
    </p>
   </div>
   <div class='ocr_carea' id='block_1_82' title="bbox 975 1823 1763 1858">
    <p class='ocr_par' dir='ltr' id='par_1_82' title="bbox 975 1823 1763 1858">
     <span class='ocr_line' id='line_1_82' title="bbox 975 1823 1763 1858; baseline 0 -8"><span class='ocrx_word' id='word_1_547' title='bbox 975 1823 1075 1851; x_wconf 82' lang='lat' dir='ltr'><strong>deinde</strong></span> <span class='ocrx_word' id='word_1_548' title='bbox 1093 1824 1233 1850; x_wconf 83' lang='lat' dir='ltr'><strong>historicis</strong></span> <span class='ocrx_word' id='word_1_549' title='bbox 1249 1830 1422 1858; x_wconf 82' lang='lat' dir='ltr'><strong>usurpatum.</strong></span> <span class='ocrx_word' id='word_1_550' title='bbox 1439 1831 1454 1850; x_wconf 90' lang='lat' dir='ltr'><strong>a</strong></span> <span class='ocrx_word' id='word_1_551' title='bbox 1483 1825 1589 1858; x_wconf 81' lang='lat' dir='ltr'><strong>magnis</strong></span> <span class='ocrx_word' id='word_1_552' title='bbox 1619 1825 1687 1852; x_wconf 88' lang='lat' dir='ltr'><strong>viris</strong></span> <span class='ocrx_word' id='word_1_553' title='bbox 1704 1833 1763 1851; x_wconf 84' lang='lat' dir='ltr'><strong>am-</strong></span> 
     </span>
    </p>
   </div>
   <div class='ocr_carea' id='block_1_83' title="bbox 976 1869 1765 1904">
    <p class='ocr_par' dir='ltr' id='par_1_83' title="bbox 976 1869 1765 1904">
     <span class='ocr_line' id='line_1_83' title="bbox 976 1869 1765 1904; baseline 0.003 -9"><span class='ocrx_word' id='word_1_554' title='bbox 976 1869 1073 1896; x_wconf 89' lang='lat' dir='ltr'><strong>bitum.</strong></span> <span class='ocrx_word' id='word_1_555' title='bbox 1102 1869 1360 1904; x_wconf 82' lang='lat' dir='ltr'><strong>Panhypersebasto</strong></span> <span class='ocrx_word' id='word_1_556' title='bbox 1378 1869 1500 1896; x_wconf 89' lang='lat' dir='ltr'><strong>nondum</strong></span> <span class='ocrx_word' id='word_1_557' title='bbox 1534 1870 1687 1897; x_wconf 85' lang='lat' dir='ltr'><strong>institutoa</strong></span> <span class='ocrx_word' id='word_1_558' title='bbox 1716 1871 1765 1897; x_wconf 88' lang='lat' dir='ltr'><strong>do-</strong></span> 
     </span>
    </p>
   </div>
   <div class='ocr_carea' id='block_1_84' title="bbox 975 1914 1764 1949">
    <p class='ocr_par' dir='ltr' id='par_1_84' title="bbox 975 1914 1764 1949">
     <span class='ocr_line' id='line_1_84' title="bbox 975 1914 1764 1949; baseline -0.001 -7"><span class='ocrx_word' id='word_1_559' title='bbox 975 1915 1088 1942; x_wconf 86' lang='lat' dir='ltr'><strong>mestico</strong></span> <span class='ocrx_word' id='word_1_560' title='bbox 1101 1915 1234 1949; x_wconf 80' lang='lat' dir='ltr'><strong>dignitate</strong></span> <span class='ocrx_word' id='word_1_561' title='bbox 1254 1915 1392 1942; x_wconf 82' lang='lat' dir='ltr'><strong>secundus</strong></span> <span class='ocrx_word' id='word_1_562' title='bbox 1408 1914 1470 1945; x_wconf 82' lang='lat' dir='ltr'><strong>fuit.</strong></span> <span class='ocrx_word' id='word_1_563' title='bbox 1498 1920 1613 1943; x_wconf 80' lang='lat' dir='ltr'><strong>auctore</strong></span> <span class='ocrx_word' id='word_1_564' title='bbox 1642 1916 1764 1943; x_wconf 76' lang='lat' dir='ltr'><strong>Ccdrcno</strong></span> 
     </span>
    </p>
   </div>
   <div class='ocr_carea' id='block_1_85' title="bbox 974 1957 1764 1996">
    <p class='ocr_par' dir='ltr' id='par_1_85' title="bbox 974 1957 1764 1996">
     <span class='ocr_line' id='line_1_85' title="bbox 974 1957 1764 1996; baseline -0.001 -7"><span class='ocrx_word' id='word_1_565' title='bbox 974 1962 1003 1990; x_wconf 90' lang='lat' dir='ltr'><strong>in</strong></span> <span class='ocrx_word' id='word_1_566' title='bbox 1028 1961 1212 1989; x_wconf 83' lang='lat' dir='ltr'><strong>Constantino</strong></span> <span class='ocrx_word' id='word_1_567' title='bbox 1240 1961 1356 1988; x_wconf 78' lang='lat' dir='ltr'><strong>Rotnani</strong></span> <span class='ocrx_word' id='word_1_568' title='bbox 1384 1962 1461 1989; x_wconf 90' lang='lat' dir='ltr'><strong>lilio:</strong></span> <span class='ocrx_word' id='word_1_569' title='bbox 1491 1961 1626 1989; x_wconf 76' lang='grc' dir='ltr'><strong>Νικόλαον</strong></span> <span class='ocrx_word' id='word_1_570' title='bbox 1651 1963 1703 1996; x_wconf 79' lang='grc' dir='ltr'><strong>γὰρ</strong></span> <span class='ocrx_word' id='word_1_571' title='bbox 1717 1957 1764 1988; x_wconf 62' lang='grc' dir='ltr'><strong>τὶν</strong></span> 
     </span>
    </p>
   </div>
   <div class='ocr_carea' id='block_1_86' title="bbox 975 2006 1762 2043">
    <p class='ocr_par' dir='ltr' id='par_1_86' title="bbox 975 2006 1762 2043">
     <span class='ocr_line' id='line_1_86' title="bbox 975 2006 1762 2043; baseline 0 -9"><span class='ocrx_word' id='word_1_572' title='bbox 975 2007 1084 2043; x_wconf 78' lang='grc' dir='ltr'>πρῶτον</span> <span class='ocrx_word' id='word_1_573' title='bbox 1101 2006 1185 2033; x_wconf 75' lang='grc' dir='ltr'>αὑτοῦ</span> <span class='ocrx_word' id='word_1_574' title='bbox 1202 2006 1402 2043; x_wconf 65' lang='grc' dir='ltr'><strong>θαλαμηπόλων</strong></span> <span class='ocrx_word' id='word_1_575' title='bbox 1411 2006 1573 2041; x_wconf 78' lang='grc' dir='ltr'>δομὲστικον</span> <span class='ocrx_word' id='word_1_576' title='bbox 1595 2007 1762 2041; x_wconf 73' lang='grc' dir='ltr'>προεὸάλετο</span> 
     </span>
    </p>
   </div>
   <div class='ocr_carea' id='block_1_87' title="bbox 973 2053 1762 2089">
    <p class='ocr_par' dir='ltr' id='par_1_87' title="bbox 973 2053 1762 2089">
     <span class='ocr_line' id='line_1_87' title="bbox 973 2053 1762 2089; baseline -0.001 -8"><span class='ocrx_word' id='word_1_577' title='bbox 973 2055 1028 2081; x_wconf 80' lang='grc' dir='ltr'>τῶν</span> <span class='ocrx_word' id='word_1_578' title='bbox 1040 2053 1144 2089; x_wconf 82' lang='grc' dir='ltr'>σχολῶν</span> <span class='ocrx_word' id='word_1_579' title='bbox 1161 2053 1207 2080; x_wconf 80' lang='grc' dir='ltr'>καὶ</span> <span class='ocrx_word' id='word_1_580' title='bbox 1224 2054 1483 2088; x_wconf 77' lang='grc' dir='ltr'>παρακοιμώμενον,</span> <span class='ocrx_word' id='word_1_581' title='bbox 1501 2053 1658 2087; x_wconf 75' lang='grc' dir='ltr'>Νικηφόρον</span> <span class='ocrx_word' id='word_1_582' title='bbox 1671 2053 1699 2079; x_wconf 83' lang='grc' dir='ltr'><strong>δὲ</strong></span> <span class='ocrx_word' id='word_1_583' title='bbox 1716 2053 1762 2080; x_wconf 78' lang='grc' dir='ltr'>τὸν</span> 
     </span>
    </p>
   </div>
   <div class='ocr_carea' id='block_1_88' title="bbox 977 2098 1762 2135">
    <p class='ocr_par' dir='ltr' id='par_1_88' title="bbox 977 2098 1762 2135">
     <span class='ocr_line' id='line_1_88' title="bbox 977 2098 1762 2135; baseline 0.001 -9"><span class='ocrx_word' id='word_1_584' title='bbox 977 2100 1036 2135; x_wconf 74' lang='grc' dir='ltr'>μετ’</span> <span class='ocrx_word' id='word_1_585' title='bbox 1049 2101 1153 2126; x_wconf 68' lang='grc' dir='ltr'>ἐκεῖνον</span> <span class='ocrx_word' id='word_1_586' title='bbox 1171 2099 1204 2126; x_wconf 71' lang='grc' dir='ltr'>τὰ</span> <span class='ocrx_word' id='word_1_587' title='bbox 1217 2099 1358 2134; x_wconf 80' lang='grc' dir='ltr'>δευτερεῖα</span> <span class='ocrx_word' id='word_1_588' title='bbox 1373 2098 1489 2133; x_wconf 78' lang='grc' dir='ltr'>φέροντα</span> <span class='ocrx_word' id='word_1_589' title='bbox 1503 2098 1762 2134; x_wconf 56' lang='grc' dir='ltr'>πρωτοὼστιάριον.</span> 
     </span>
    </p>
   </div>
   <div class='ocr_carea' id='block_1_89' title="bbox 975 2144 1763 2180">
    <p class='ocr_par' dir='ltr' id='par_1_89' title="bbox 975 2144 1763 2180">
     <span class='ocr_line' id='line_1_89' title="bbox 975 2144 1763 2180; baseline -0.003 -7"><span class='ocrx_word' id='word_1_590' title='bbox 975 2145 1011 2173; x_wconf 88' lang='lat' dir='ltr'><strong>Ut</strong></span> <span class='ocrx_word' id='word_1_591' title='bbox 1023 2146 1174 2173; x_wconf 85' lang='lat' dir='ltr'><strong>domestico</strong></span> <span class='ocrx_word' id='word_1_592' title='bbox 1189 2147 1340 2180; x_wconf 78' lang='lat' dir='ltr'><strong>proximus,</strong></span> <span class='ocrx_word' id='word_1_593' title='bbox 1355 2152 1386 2170; x_wconf 86' lang='lat' dir='ltr'><strong>ac</strong></span> <span class='ocrx_word' id='word_1_594' title='bbox 1398 2151 1454 2170; x_wconf 87' lang='lat' dir='ltr'><strong>rem</strong></span> <span class='ocrx_word' id='word_1_595' title='bbox 1470 2144 1627 2171; x_wconf 90' lang='lat' dir='ltr'><strong>vestiariam</strong></span> <span class='ocrx_word' id='word_1_596' title='bbox 1642 2149 1763 2171; x_wconf 76' lang='lat' dir='ltr'><strong>trartaus</strong></span> 
     </span>
    </p>
   </div>
   <div class='ocr_carea' id='block_1_90' title="bbox 975 2190 1763 2225">
    <p class='ocr_par' dir='ltr' id='par_1_90' title="bbox 975 2190 1763 2225">
     <span class='ocr_line' id='line_1_90' title="bbox 975 2190 1763 2225; baseline 0 -7"><span class='ocrx_word' id='word_1_597' title='bbox 975 2199 1069 2219; x_wconf 83' lang='lat' dir='ltr'><strong>sacras</strong></span> <span class='ocrx_word' id='word_1_598' title='bbox 1085 2192 1188 2218; x_wconf 87' lang='lat' dir='ltr'><strong>Christi</strong></span> <span class='ocrx_word' id='word_1_599' title='bbox 1206 2191 1307 2218; x_wconf 77' lang='lat' dir='ltr'><strong>fascias</strong></span> <span class='ocrx_word' id='word_1_600' title='bbox 1339 2191 1365 2217; x_wconf 92' lang='lat' dir='ltr'><strong>in</strong></span> <span class='ocrx_word' id='word_1_601' title='bbox 1386 2190 1573 2218; x_wconf 79' lang='lat' dir='ltr'><strong>ecclesiastira</strong></span> <span class='ocrx_word' id='word_1_602' title='bbox 1589 2191 1763 2225; x_wconf 82' lang='lat' dir='ltr'><strong>proressiono</strong></span> 
     </span>
    </p>
   </div>
   <div class='ocr_carea' id='block_1_91' title="bbox 131 2235 924 2279">
    <p class='ocr_par' dir='ltr' id='par_1_91' title="bbox 131 2241 923 2278">
     <span class='ocr_line' id='line_1_91' title="bbox 131 2241 923 2278; baseline -0.008 -5"><span class='ocrx_word' id='word_1_603' title='bbox 131 2248 208 2273; x_wconf 80' lang='lat' dir='ltr'><strong>Anna</strong></span> <span class='ocrx_word' id='word_1_604' title='bbox 226 2245 303 2272; x_wconf 79' lang='lat' dir='ltr'><strong>lilia:</strong></span> <span class='ocrx_word' id='word_1_605' title='bbox 319 2243 386 2270; x_wconf 77' lang='grc' dir='ltr'>Κατ’</span> <span class='ocrx_word' id='word_1_606' title='bbox 402 2244 489 2270; x_wconf 76' lang='grc' dir='ltr'>ἐκεῖνο</span> <span class='ocrx_word' id='word_1_607' title='bbox 515 2243 543 2269; x_wconf 81' lang='grc' dir='ltr'><strong>δὲ</strong></span> <span class='ocrx_word' id='word_1_608' title='bbox 560 2241 657 2278; x_wconf 80' lang='grc' dir='ltr'><strong>καιροῦ</strong></span> <span class='ocrx_word' id='word_1_609' title='bbox 678 2242 822 2277; x_wconf 80' lang='grc' dir='ltr'>τετίμηται</span> <span class='ocrx_word' id='word_1_610' title='bbox 848 2243 896 2269; x_wconf 69' lang='grc' dir='ltr'>καὶ</span> <span class='ocrx_word' id='word_1_611' title='bbox 910 2242 923 2267; x_wconf 80' lang='grc' dir='ltr'><strong>ὁ</strong></span> 
     </span>
    </p>
   </div>
   <div class='ocr_carea' id='block_1_92' title="bbox 976 2235 1763 2279">
    <p class='ocr_par' dir='ltr' id='par_1_92' title="bbox 977 2235 1763 2272">
     <span class='ocr_line' id='line_1_92' title="bbox 977 2235 1763 2272; baseline 0 -9"><span class='ocrx_word' id='word_1_612' title='bbox 977 2243 1084 2272; x_wconf 76' lang='lat' dir='ltr'><strong>gestare</strong></span> <span class='ocrx_word' id='word_1_613' title='bbox 1096 2237 1223 2264; x_wconf 85' lang='lat' dir='ltr'><strong>manibus</strong></span> <span class='ocrx_word' id='word_1_614' title='bbox 1244 2237 1327 2263; x_wconf 86' lang='lat' dir='ltr'><strong>audet</strong></span> <span class='ocrx_word' id='word_1_615' title='bbox 1343 2236 1414 2269; x_wconf 88' lang='lat' dir='ltr'><strong>apud</strong></span> <span class='ocrx_word' id='word_1_616' title='bbox 1426 2235 1578 2263; x_wconf 78' lang='lat' dir='ltr'><strong>Ccdrenum</strong></span> <span class='ocrx_word' id='word_1_617' title='bbox 1593 2235 1617 2262; x_wconf 91' lang='lat' dir='ltr'><strong>in</strong></span> <span class='ocrx_word' id='word_1_618' title='bbox 1632 2235 1763 2263; x_wconf 80' lang='lat' dir='ltr'><strong>Michacle</strong></span> 
     </span>
    </p>
   </div>
   <div class='ocr_carea' id='block_1_93' title="bbox 131 2287 925 2327">
    <p class='ocr_par' dir='ltr' id='par_1_93' title="bbox 131 2287 925 2327">
     <span class='ocr_line' id='line_1_93' title="bbox 131 2287 925 2327; baseline -0.009 -8"><span class='ocrx_word' id='word_1_619' title='bbox 131 2292 307 2327; x_wconf 78' lang='grc' dir='ltr'>τσρωνείτης</span> <span class='ocrx_word' id='word_1_620' title='bbox 331 2291 380 2317; x_wconf 76' lang='grc' dir='ltr'>καὶ</span> <span class='ocrx_word' id='word_1_621' title='bbox 407 2289 531 2324; x_wconf 63' lang='grc' dir='ltr'>γαμϐρὺς</span> <span class='ocrx_word' id='word_1_622' title='bbox 546 2289 588 2314; x_wconf 76' lang='grc' dir='ltr'><strong>ἐπ’</strong></span> <span class='ocrx_word' id='word_1_623' title='bbox 611 2288 711 2323; x_wconf 77' lang='grc' dir='ltr'>ἀδελφῇ</span> <span class='ocrx_word' id='word_1_624' title='bbox 729 2288 775 2314; x_wconf 82' lang='grc' dir='ltr'>τοῦ</span> <span class='ocrx_word' id='word_1_625' title='bbox 794 2287 925 2323; x_wconf 80' lang='grc' dir='ltr'>βασιλέως</span> 
     </span>
    </p>
   </div>
   <div class='ocr_carea' id='block_1_94' title="bbox 132 2333 922 2373">
    <p class='ocr_par' dir='ltr' id='par_1_94' title="bbox 132 2333 922 2373">
     <span class='ocr_line' id='line_1_94' title="bbox 132 2333 922 2373; baseline -0.008 -8"><span class='ocrx_word' id='word_1_626' title='bbox 132 2337 358 2373; x_wconf 60' lang='grc' dir='ltr'>πρωτοσέῶιστός</span> <span class='ocrx_word' id='word_1_627' title='bbox 378 2344 408 2362; x_wconf 88' lang='grc' dir='ltr'><strong>τε</strong></span> <span class='ocrx_word' id='word_1_628' title='bbox 438 2336 485 2361; x_wconf 80' lang='grc' dir='ltr'>καὶ</span> <span class='ocrx_word' id='word_1_629' title='bbox 506 2334 765 2370; x_wconf 73' lang='grc' dir='ltr'>πρωτοόεστιάριος.</span> <span class='ocrx_word' id='word_1_630' title='bbox 789 2333 858 2360; x_wconf 78' lang='grc' dir='ltr'>Μετ’</span> <span class='ocrx_word' id='word_1_631' title='bbox 891 2333 922 2359; x_wconf 83' lang='grc' dir='ltr'>οὐ</span> 
     </span>
    </p>
   </div>
   <div class='ocr_carea' id='block_1_95' title="bbox 132 2380 924 2418">
    <p class='ocr_par' dir='ltr' id='par_1_95' title="bbox 132 2380 924 2418">
     <span class='ocr_line' id='line_1_95' title="bbox 132 2380 924 2418; baseline -0.008 -6"><span class='ocrx_word' id='word_1_632' title='bbox 132 2387 200 2412; x_wconf 74' lang='grc' dir='ltr'>πολὺ</span> <span class='ocrx_word' id='word_1_633' title='bbox 221 2385 251 2411; x_wconf 72' lang='grc' dir='ltr'><strong>δὲ</strong></span> <span class='ocrx_word' id='word_1_634' title='bbox 272 2383 320 2410; x_wconf 72' lang='grc' dir='ltr'>καὶ</span> <span class='ocrx_word' id='word_1_635' title='bbox 344 2381 601 2418; x_wconf 79' lang='grc' dir='ltr'>πανυπερσέὸαστος</span> <span class='ocrx_word' id='word_1_636' title='bbox 628 2381 710 2416; x_wconf 76' lang='lat'><strong>178</strong></span> <span class='ocrx_word' id='word_1_637' title='bbox 735 2380 924 2408; x_wconf 80' lang='grc' dir='ltr'>ἀναδείκνυται</span> 
     </span>
    </p>
   </div>
   <div class='ocr_carea' id='block_1_96' title="bbox 133 2424 924 2464">
    <p class='ocr_par' dir='ltr' id='par_1_96' title="bbox 133 2424 924 2464">
     <span class='ocr_line' id='line_1_96' title="bbox 133 2424 924 2464; baseline -0.008 -7"><span class='ocrx_word' id='word_1_638' title='bbox 133 2431 179 2457; x_wconf 66' lang='grc' dir='ltr'>καὶ</span> <span class='ocrx_word' id='word_1_639' title='bbox 191 2429 342 2464; x_wconf 74' lang='grc' dir='ltr'>σύντροφο;</span> <span class='ocrx_word' id='word_1_640' title='bbox 358 2429 404 2453; x_wconf 77' lang='grc' dir='ltr'>τοῦ</span> <span class='ocrx_word' id='word_1_641' title='bbox 418 2427 554 2461; x_wconf 80' lang='grc' dir='ltr'>Καίσαρος</span> <span class='ocrx_word' id='word_1_642' title='bbox 570 2426 685 2460; x_wconf 84' lang='grc' dir='ltr'>γίνεται.</span> <span class='ocrx_word' id='word_1_643' title='bbox 698 2425 808 2452; x_wconf 76' lang='grc' dir='ltr'>Τούτων</span> <span class='ocrx_word' id='word_1_644' title='bbox 821 2425 850 2451; x_wconf 81' lang='grc' dir='ltr'><strong>δὲ</strong></span> <span class='ocrx_word' id='word_1_645' title='bbox 869 2424 924 2451; x_wconf 83' lang='grc' dir='ltr'><strong>τῶν</strong></span> 
     </span>
    </p>
   </div>
   <div class='ocr_carea' id='block_1_97' title="bbox 134 2471 925 2510">
    <p class='ocr_par' dir='ltr' id='par_1_97' title="bbox 134 2471 925 2510">
     <span class='ocr_line' id='line_1_97' title="bbox 134 2471 925 2510; baseline -0.006 -8"><span class='ocrx_word' id='word_1_646' title='bbox 134 2476 300 2510; x_wconf 74' lang='grc' dir='ltr'><strong>ἀξιωμάτων</strong></span> <span class='ocrx_word' id='word_1_647' title='bbox 310 2475 361 2508; x_wconf 80' lang='grc' dir='ltr'>τὴν</span> <span class='ocrx_word' id='word_1_648' title='bbox 375 2472 549 2507; x_wconf 76' lang='grc' dir='ltr'>καινοτομίαν</span> <span class='ocrx_word' id='word_1_649' title='bbox 566 2473 580 2498; x_wconf 84' lang='grc' dir='ltr'>ὁ</span> <span class='ocrx_word' id='word_1_650' title='bbox 594 2472 658 2506; x_wconf 70' lang='grc' dir='ltr'>ἐμὸς</span> <span class='ocrx_word' id='word_1_651' title='bbox 673 2472 764 2506; x_wconf 76' lang='grc' dir='ltr'>πατὴρ</span> <span class='ocrx_word' id='word_1_652' title='bbox 778 2471 925 2506; x_wconf 80' lang='grc' dir='ltr'>προσεξεύ-</span> 
     </span>
    </p>
   </div>
   <div class='ocr_carea' id='block_1_98' title="bbox 135 2517 925 2557">
    <p class='ocr_par' dir='ltr' id='par_1_98' title="bbox 135 2517 925 2557">
     <span class='ocr_line' id='line_1_98' title="bbox 135 2517 925 2557; baseline -0.008 -9"><span class='ocrx_word' id='word_1_653' title='bbox 135 2531 199 2557; x_wconf 72' lang='grc' dir='ltr'>ρατο</span> <span class='ocrx_word' id='word_1_654' title='bbox 215 2520 334 2554; x_wconf 68' lang='grc' dir='ltr'><strong>ξυνθεὶς,</strong></span> <span class='ocrx_word' id='word_1_655' title='bbox 354 2520 408 2550; x_wconf 74' lang='grc' dir='ltr'>τοῖς</span> <span class='ocrx_word' id='word_1_656' title='bbox 422 2519 450 2545; x_wconf 67' lang='grc' dir='ltr'><strong>δὲ</strong></span> <span class='ocrx_word' id='word_1_657' title='bbox 465 2519 511 2545; x_wconf 77' lang='grc' dir='ltr'>καὶ</span> <span class='ocrx_word' id='word_1_658' title='bbox 527 2518 778 2554; x_wconf 82' lang='grc' dir='ltr'>παραχρησάμενος</span> <span class='ocrx_word' id='word_1_659' title='bbox 790 2525 797 2532; x_wconf 91' lang='grc'><strong>·</strong></span> <span class='ocrx_word' id='word_1_660' title='bbox 815 2517 845 2543; x_wconf 82' lang='grc' dir='ltr'>τδ</span> <span class='ocrx_word' id='word_1_661' title='bbox 875 2517 925 2551; x_wconf 84' lang='grc' dir='ltr'>μὲν</span> 
     </span>
    </p>
   </div>
   <div class='ocr_carea' id='block_1_99' title="bbox 133 2563 923 2602">
    <p class='ocr_par' dir='ltr' id='par_1_99' title="bbox 133 2563 923 2602">
     <span class='ocr_line' id='line_1_99' title="bbox 133 2563 923 2602; baseline -0.006 -8"><span class='ocrx_word' id='word_1_662' title='bbox 133 2570 186 2602; x_wconf 77' lang='grc' dir='ltr'><strong>γὰρ</strong></span> <span class='ocrx_word' id='word_1_663' title='bbox 201 2564 461 2600; x_wconf 65' lang='grc' dir='ltr'>πανυπερτέὄαστθς</span> <span class='ocrx_word' id='word_1_664' title='bbox 476 2564 523 2591; x_wconf 75' lang='grc' dir='ltr'>καὶ</span> <span class='ocrx_word' id='word_1_665' title='bbox 536 2564 775 2599; x_wconf 78' lang='grc' dir='ltr'>σεϐαστοκράτωρ,</span> <span class='ocrx_word' id='word_1_666' title='bbox 793 2564 840 2590; x_wconf 75' lang='grc' dir='ltr'>καὶ</span> <span class='ocrx_word' id='word_1_667' title='bbox 873 2563 923 2589; x_wconf 82' lang='grc' dir='ltr'>ὅσα</span> 
     </span>
    </p>
   </div>
   <div class='ocr_carea' id='block_1_100' title="bbox 134 2609 922 2646">
    <p class='ocr_par' dir='ltr' id='par_1_100' title="bbox 134 2609 922 2646">
     <span class='ocr_line' id='line_1_100' title="bbox 134 2609 922 2646; baseline -0.005 -7"><span class='ocrx_word' id='word_1_668' title='bbox 134 2613 263 2645; x_wconf 75' lang='grc' dir='ltr'>τοιαῦτα,</span> <span class='ocrx_word' id='word_1_669' title='bbox 280 2611 483 2638; x_wconf 79' lang='grc' dir='ltr'>συντεθεικέναι</span> <span class='ocrx_word' id='word_1_670' title='bbox 505 2611 753 2646; x_wconf 80' lang='grc' dir='ltr'>παραχρησάμενος</span> <span class='ocrx_word' id='word_1_671' title='bbox 779 2609 922 2644; x_wconf 79' lang='grc' dir='ltr'>φαίνεται·</span> 
     </span>
    </p>
   </div>
   <div class='ocr_carea' id='block_1_101' title="bbox 134 2653 923 2691">
    <p class='ocr_par' dir='ltr' id='par_1_101' title="bbox 134 2653 923 2691">
     <span class='ocr_line' id='line_1_101' title="bbox 134 2653 923 2691; baseline -0.006 -7"><span class='ocrx_word' id='word_1_672' title='bbox 134 2658 261 2684; x_wconf 70' lang='grc' dir='ltr'>σεϐαστοὶ</span> <span class='ocrx_word' id='word_1_673' title='bbox 276 2656 334 2691; x_wconf 79' lang='grc' dir='ltr'><strong>γὰρ</strong></span> <span class='ocrx_word' id='word_1_674' title='bbox 344 2656 370 2682; x_wconf 80' lang='grc' dir='ltr'>οἱ</span> <span class='ocrx_word' id='word_1_675' title='bbox 388 2655 506 2690; x_wconf 77' lang='grc' dir='ltr'>βασιλεῖς</span> <span class='ocrx_word' id='word_1_676' title='bbox 528 2654 662 2682; x_wconf 77' lang='grc' dir='ltr'>ἀνέκαθεν</span> <span class='ocrx_word' id='word_1_677' title='bbox 694 2654 791 2685; x_wconf 82' lang='grc' dir='ltr'>κοινῶς</span> <span class='ocrx_word' id='word_1_678' title='bbox 811 2653 923 2688; x_wconf 84' lang='grc' dir='ltr'>ὠνομά-</span> 
     </span>
    </p>
   </div>
   <div class='ocr_carea' id='block_1_102' title="bbox 133 2699 924 2737">
    <p class='ocr_par' dir='ltr' id='par_1_102' title="bbox 133 2699 924 2737">
     <span class='ocr_line' id='line_1_102' title="bbox 133 2699 924 2737; baseline -0.008 -6"><span class='ocrx_word' id='word_1_679' title='bbox 133 2706 220 2736; x_wconf 71' lang='grc' dir='ltr'>ζοντο,</span> <span class='ocrx_word' id='word_1_680' title='bbox 237 2704 285 2730; x_wconf 77' lang='grc' dir='ltr'>καὶ</span> <span class='ocrx_word' id='word_1_681' title='bbox 304 2700 340 2737; x_wconf 77' lang='grc' dir='ltr'>ἦν</span> <span class='ocrx_word' id='word_1_682' title='bbox 357 2700 511 2733; x_wconf 74' lang='grc' dir='ltr'>ἰδιαζόντως</span> <span class='ocrx_word' id='word_1_683' title='bbox 527 2702 565 2732; x_wconf 78' lang='grc' dir='ltr'><strong>εἰς</strong></span> <span class='ocrx_word' id='word_1_684' title='bbox 579 2701 694 2736; x_wconf 75' lang='grc' dir='ltr'>βασιλέα</span> <span class='ocrx_word' id='word_1_685' title='bbox 716 2700 863 2735; x_wconf 71' lang='grc' dir='ltr'>λεγόμενον</span> <span class='ocrx_word' id='word_1_686' title='bbox 892 2699 924 2725; x_wconf 83' lang='grc' dir='ltr'><strong>τὺ</strong></span> 
     </span>
    </p>
   </div>
   <div class='ocr_carea' id='block_1_103' title="bbox 133 2745 923 2782">
    <p class='ocr_par' dir='ltr' id='par_1_103' title="bbox 133 2745 923 2782">
     <span class='ocr_line' id='line_1_103' title="bbox 133 2745 923 2782; baseline -0.004 -7"><span class='ocrx_word' id='word_1_687' title='bbox 133 2749 178 2776; x_wconf 67' lang='grc' dir='ltr'>τιιῦ</span> <span class='ocrx_word' id='word_1_688' title='bbox 187 2748 324 2775; x_wconf 69' lang='grc' dir='ltr'>σεδειστοῦ</span> <span class='ocrx_word' id='word_1_689' title='bbox 334 2747 422 2782; x_wconf 75' lang='grc' dir='ltr'>ὃνομα</span> <span class='ocrx_word' id='word_1_690' title='bbox 435 2755 443 2762; x_wconf 93' lang='grc'>·</span> <span class='ocrx_word' id='word_1_691' title='bbox 460 2746 538 2777; x_wconf 74' lang='grc' dir='ltr'>αὐτὸς</span> <span class='ocrx_word' id='word_1_692' title='bbox 549 2746 576 2773; x_wconf 77' lang='grc' dir='ltr'><strong>δὲ</strong></span> <span class='ocrx_word' id='word_1_693' title='bbox 592 2748 631 2778; x_wconf 85' lang='grc' dir='ltr'><strong>εἰς</strong></span> <span class='ocrx_word' id='word_1_694' title='bbox 643 2746 673 2773; x_wconf 74' lang='grc' dir='ltr'>τὸ</span> <span class='ocrx_word' id='word_1_695' title='bbox 686 2746 840 2781; x_wconf 79' lang='grc' dir='ltr'>κοινότερον</span> <span class='ocrx_word' id='word_1_696' title='bbox 856 2745 923 2778; x_wconf 75' lang='grc' dir='ltr'><strong>πρό-</strong></span> 
     </span>
    </p>
   </div>
   <div class='ocr_carea' id='block_1_104' title="bbox 133 2791 922 2830">
    <p class='ocr_par' dir='ltr' id='par_1_104' title="bbox 133 2791 922 2830">
     <span class='ocr_line' id='line_1_104' title="bbox 133 2791 922 2830; baseline -0.005 -8"><span class='ocrx_word' id='word_1_697' title='bbox 133 2803 210 2830; x_wconf 75' lang='grc' dir='ltr'>τερον</span> <span class='ocrx_word' id='word_1_698' title='bbox 223 2795 379 2829; x_wconf 70' lang='grc' dir='ltr'>κατήνεγκε</span> <span class='ocrx_word' id='word_1_699' title='bbox 391 2792 441 2827; x_wconf 78' lang='grc' dir='ltr'>τὴν</span> <span class='ocrx_word' id='word_1_700' title='bbox 453 2791 581 2827; x_wconf 83' lang='grc' dir='ltr'>τοιαύτην</span> <span class='ocrx_word' id='word_1_701' title='bbox 595 2792 683 2824; x_wconf 80' lang='grc' dir='ltr'>ἀξίαν.</span> <span class='ocrx_word' id='word_1_702' title='bbox 699 2792 761 2818; x_wconf 84' lang='lat' dir='ltr'><strong>Erat</strong></span> <span class='ocrx_word' id='word_1_703' title='bbox 772 2791 857 2823; x_wconf 84' lang='lat' dir='ltr'><strong>enim,</strong></span> <span class='ocrx_word' id='word_1_704' title='bbox 869 2799 922 2818; x_wconf 92' lang='lat' dir='ltr'><strong>non</strong></span> 
     </span>
    </p>
   </div>
   <div class='ocr_carea' id='block_1_105' title="bbox 133 2838 924 2873">
    <p class='ocr_par' dir='ltr' id='par_1_105' title="bbox 133 2838 924 2873">
     <span class='ocr_line' id='line_1_105' title="bbox 133 2838 924 2873; baseline -0.005 -5"><span class='ocrx_word' id='word_1_705' title='bbox 133 2841 242 2869; x_wconf 67' lang='lat' dir='ltr'><strong>Caesare</strong></span> <span class='ocrx_word' id='word_1_706' title='bbox 259 2841 355 2872; x_wconf 81' lang='lat' dir='ltr'><strong>modo.</strong></span> <span class='ocrx_word' id='word_1_707' title='bbox 376 2839 426 2867; x_wconf 77' lang='lat' dir='ltr'><strong>sed</strong></span> <span class='ocrx_word' id='word_1_708' title='bbox 442 2843 469 2865; x_wconf 84' lang='lat' dir='ltr'><strong>et</strong></span> <span class='ocrx_word' id='word_1_709' title='bbox 482 2838 641 2870; x_wconf 86' lang='lat' dir='ltr'><strong>domestico,</strong></span> <span class='ocrx_word' id='word_1_710' title='bbox 656 2838 924 2873; x_wconf 79' lang='lat' dir='ltr'><strong>panhypersebastus</strong></span> 
     </span>
    </p>
   </div>
   <div class='ocr_carea' id='block_1_106' title="bbox 135 2883 921 2922">
    <p class='ocr_par' dir='ltr' id='par_1_106' title="bbox 135 2883 921 2922">
     <span class='ocr_line' id='line_1_106' title="bbox 135 2883 921 2922; baseline -0.005 -8"><span class='ocrx_word' id='word_1_711' title='bbox 135 2887 276 2922; x_wconf 80' lang='lat' dir='ltr'><strong>humilior,</strong></span> <span class='ocrx_word' id='word_1_712' title='bbox 293 2885 368 2914; x_wconf 86' lang='lat' dir='ltr'><strong>unde</strong></span> <span class='ocrx_word' id='word_1_713' title='bbox 397 2889 425 2912; x_wconf 87' lang='lat' dir='ltr'><strong>et</strong></span> <span class='ocrx_word' id='word_1_714' title='bbox 445 2883 734 2919; x_wconf 59' lang='lat' dir='ltr'><strong>panhypcrsebastumI</strong></span> <span class='ocrx_word' id='word_1_715' title='bbox 753 2891 768 2911; x_wconf 89' lang='lat' dir='ltr'><strong>a</strong></span> <span class='ocrx_word' id='word_1_716' title='bbox 786 2891 840 2919; x_wconf 81' lang='lat' dir='ltr'><strong>quo</strong></span> <span class='ocrx_word' id='word_1_717' title='bbox 869 2883 921 2911; x_wconf 87' lang='lat' dir='ltr'><strong>sibi</strong></span> 
     </span>
    </p>
   </div>
   <div class='ocr_carea' id='block_1_107' title="bbox 979 2281 1764 2318">
    <p class='ocr_par' dir='ltr' id='par_1_107' title="bbox 979 2281 1764 2318">
     <span class='ocr_line' id='line_1_107' title="bbox 979 2281 1764 2318; baseline -0.001 -8"><span class='ocrx_word' id='word_1_718' title='bbox 979 2282 1163 2318; x_wconf 74' lang='lat' dir='ltr'><strong>l‘aphlagone.</strong></span> <span class='ocrx_word' id='word_1_719' title='bbox 1193 2282 1232 2308; x_wconf 91' lang='lat' dir='ltr'><strong>llli</strong></span> <span class='ocrx_word' id='word_1_720' title='bbox 1258 2282 1292 2309; x_wconf 88' lang='lat' dir='ltr'><strong>ad</strong></span> <span class='ocrx_word' id='word_1_721' title='bbox 1323 2281 1483 2309; x_wconf 71' lang='lat' dir='ltr'><strong>cubirulum</strong></span> <span class='ocrx_word' id='word_1_722' title='bbox 1511 2281 1686 2315; x_wconf 79' lang='lat' dir='ltr'><strong>imperatoris</strong></span> <span class='ocrx_word' id='word_1_723' title='bbox 1714 2290 1764 2309; x_wconf 84' lang='lat' dir='ltr'><strong>nec</strong></span> 
     </span>
    </p>
   </div>
   <div class='ocr_carea' id='block_1_108' title="bbox 978 2327 1763 2363">
    <p class='ocr_par' dir='ltr' id='par_1_108' title="bbox 978 2327 1763 2363">
     <span class='ocr_line' id='line_1_108' title="bbox 978 2327 1763 2363; baseline -0.001 -8"><span class='ocrx_word' id='word_1_724' title='bbox 978 2337 1032 2356; x_wconf 94' lang='lat' dir='ltr'><strong>non</strong></span> <span class='ocrx_word' id='word_1_725' title='bbox 1049 2329 1075 2356; x_wconf 88' lang='lat' dir='ltr'><strong>in</strong></span> <span class='ocrx_word' id='word_1_726' title='bbox 1096 2328 1156 2363; x_wconf 87' lang='lat' dir='ltr'><strong>ipso</strong></span> <span class='ocrx_word' id='word_1_727' title='bbox 1173 2335 1252 2355; x_wconf 84' lang='lat' dir='ltr'><strong>sacro</strong></span> <span class='ocrx_word' id='word_1_728' title='bbox 1268 2327 1395 2355; x_wconf 88' lang='lat' dir='ltr'><strong>cubiculo</strong></span> <span class='ocrx_word' id='word_1_729' title='bbox 1413 2328 1535 2353; x_wconf 85' lang='lat' dir='ltr'><strong>dormire</strong></span> <span class='ocrx_word' id='word_1_730' title='bbox 1558 2327 1598 2354; x_wconf 80' lang='lat' dir='ltr'><strong>fas</strong></span> <span class='ocrx_word' id='word_1_731' title='bbox 1624 2331 1692 2354; x_wconf 84' lang='lat' dir='ltr'><strong>erat.</strong></span> <span class='ocrx_word' id='word_1_732' title='bbox 1709 2327 1763 2354; x_wconf 66' lang='lat' dir='ltr'><strong>Lc-o</strong></span> 
     </span>
    </p>
   </div>
   <div class='ocr_carea' id='block_1_109' title="bbox 977 2372 1764 2408">
    <p class='ocr_par' dir='ltr' id='par_1_109' title="bbox 977 2372 1764 2408">
     <span class='ocr_line' id='line_1_109' title="bbox 977 2372 1764 2408; baseline -0.003 -6"><span class='ocrx_word' id='word_1_733' title='bbox 977 2375 1180 2402; x_wconf 83' lang='lat' dir='ltr'><strong>Grammaticus</strong></span> <span class='ocrx_word' id='word_1_734' title='bbox 1197 2374 1224 2400; x_wconf 93' lang='lat' dir='ltr'><strong>in</strong></span> <span class='ocrx_word' id='word_1_735' title='bbox 1240 2373 1372 2400; x_wconf 81' lang='lat' dir='ltr'><strong>Michaele</strong></span> <span class='ocrx_word' id='word_1_736' title='bbox 1383 2372 1525 2408; x_wconf 87' lang='lat' dir='ltr'><strong>Theophili</strong></span> <span class='ocrx_word' id='word_1_737' title='bbox 1544 2372 1619 2400; x_wconf 87' lang='lat' dir='ltr'><strong>tilio:</strong></span> <span class='ocrx_word' id='word_1_738' title='bbox 1638 2373 1764 2400; x_wconf 76' lang='grc' dir='ltr'>Ἔνδιθεν</span> 
     </span>
    </p>
   </div>
   <div class='ocr_carea' id='block_1_110' title="bbox 976 2417 1762 2457">
    <p class='ocr_par' dir='ltr' id='par_1_110' title="bbox 976 2417 1762 2457">
     <span class='ocr_line' id='line_1_110' title="bbox 976 2417 1762 2457; baseline -0.004 -9"><span class='ocrx_word' id='word_1_739' title='bbox 976 2422 1003 2448; x_wconf 81' lang='grc' dir='ltr'><strong>δὲ</strong></span> <span class='ocrx_word' id='word_1_740' title='bbox 1016 2421 1061 2448; x_wconf 80' lang='grc' dir='ltr'>τοῦ</span> <span class='ocrx_word' id='word_1_741' title='bbox 1077 2421 1206 2452; x_wconf 81' lang='grc' dir='ltr'>κοιτῶνος</span> <span class='ocrx_word' id='word_1_742' title='bbox 1223 2417 1258 2456; x_wconf 84' lang='grc' dir='ltr'>ἦν</span> <span class='ocrx_word' id='word_1_743' title='bbox 1282 2419 1488 2451; x_wconf 77' lang='grc' dir='ltr'>Βασιλισκιανὸς</span> <span class='ocrx_word' id='word_1_744' title='bbox 1514 2420 1547 2454; x_wconf 87' lang='grc' dir='ltr'><strong>τῇ</strong></span> <span class='ocrx_word' id='word_1_745' title='bbox 1567 2418 1692 2457; x_wconf 69' lang='grc' dir='ltr'>βουλήσει</span> <span class='ocrx_word' id='word_1_746' title='bbox 1716 2420 1762 2446; x_wconf 78' lang='grc' dir='ltr'>τοῦ</span> 
     </span>
    </p>
   </div>
   <div class='ocr_carea' id='block_1_111' title="bbox 977 2464 1763 2502">
    <p class='ocr_par' dir='ltr' id='par_1_111' title="bbox 977 2464 1763 2502">
     <span class='ocr_line' id='line_1_111' title="bbox 977 2464 1763 2502; baseline -0.005 -8"><span class='ocrx_word' id='word_1_747' title='bbox 977 2468 1112 2502; x_wconf 79' lang='grc' dir='ltr'>βασιλέως</span> <span class='ocrx_word' id='word_1_748' title='bbox 1123 2466 1251 2498; x_wconf 78' lang='grc' dir='ltr'>ὑπνώσας</span> <span class='ocrx_word' id='word_1_749' title='bbox 1265 2467 1293 2492; x_wconf 84' lang='grc' dir='ltr'>ὲν</span> <span class='ocrx_word' id='word_1_750' title='bbox 1309 2467 1342 2500; x_wconf 86' lang='grc' dir='ltr'>τῇ</span> <span class='ocrx_word' id='word_1_751' title='bbox 1367 2465 1445 2501; x_wconf 83' lang='grc' dir='ltr'>κλίνῃ</span> <span class='ocrx_word' id='word_1_752' title='bbox 1459 2464 1505 2491; x_wconf 80' lang='grc' dir='ltr'>τοῦ</span> <span class='ocrx_word' id='word_1_753' title='bbox 1526 2465 1681 2492; x_wconf 79' lang='grc' dir='ltr'>Ῥεντακίου</span> <span class='ocrx_word' id='word_1_754' title='bbox 1695 2465 1763 2499; x_wconf 77' lang='grc' dir='ltr'><strong>πρὸς</strong></span> 
     </span>
    </p>
   </div>
   <div class='ocr_carea' id='block_1_112' title="bbox 976 2511 1762 2549">
    <p class='ocr_par' dir='ltr' id='par_1_112' title="bbox 976 2511 1762 2549">
     <span class='ocr_line' id='line_1_112' title="bbox 976 2511 1762 2549; baseline -0.003 -10"><span class='ocrx_word' id='word_1_755' title='bbox 976 2513 1100 2549; x_wconf 81' lang='grc' dir='ltr'>φυλακὴν</span> <span class='ocrx_word' id='word_1_756' title='bbox 1115 2513 1208 2540; x_wconf 76' lang='grc' dir='ltr'>αὑτοῦ.</span> <span class='ocrx_word' id='word_1_757' title='bbox 1226 2511 1290 2539; x_wconf 82' lang='lat' dir='ltr'><strong>Erat</strong></span> <span class='ocrx_word' id='word_1_758' title='bbox 1304 2511 1453 2539; x_wconf 82' lang='lat' dir='ltr'><strong>Rentacius</strong></span> <span class='ocrx_word' id='word_1_759' title='bbox 1466 2511 1510 2538; x_wconf 84' lang='lat' dir='ltr'><strong>ille</strong></span> <span class='ocrx_word' id='word_1_760' title='bbox 1524 2511 1762 2546; x_wconf 85' lang='lat' dir='ltr'><strong>protovestiarius,</strong></span> 
     </span>
    </p>
   </div>
   <div class='ocr_carea' id='block_1_113' title="bbox 975 2557 1763 2596">
    <p class='ocr_par' dir='ltr' id='par_1_113' title="bbox 975 2557 1763 2596">
     <span class='ocr_line' id='line_1_113' title="bbox 975 2557 1763 2596; baseline -0.005 -8"><span class='ocrx_word' id='word_1_761' title='bbox 975 2561 1053 2596; x_wconf 85' lang='lat' dir='ltr'><strong>prius</strong></span> <span class='ocrx_word' id='word_1_762' title='bbox 1069 2560 1162 2595; x_wconf 79' lang='lat' dir='ltr'><strong>aliquo</strong></span> <span class='ocrx_word' id='word_1_763' title='bbox 1176 2564 1299 2594; x_wconf 85' lang='lat' dir='ltr'><strong>tempore</strong></span> <span class='ocrx_word' id='word_1_764' title='bbox 1320 2566 1334 2584; x_wconf 82' lang='lat' dir='ltr'><strong>a</strong></span> <span class='ocrx_word' id='word_1_765' title='bbox 1352 2558 1485 2586; x_wconf 79' lang='lat' dir='ltr'><strong>ltiichaele</strong></span> <span class='ocrx_word' id='word_1_766' title='bbox 1499 2558 1534 2585; x_wconf 76' lang='lat' dir='ltr'><strong>ad</strong></span> <span class='ocrx_word' id='word_1_767' title='bbox 1551 2557 1715 2585; x_wconf 77' lang='lat' dir='ltr'><strong>monendum</strong></span> <span class='ocrx_word' id='word_1_768' title='bbox 1732 2558 1763 2584; x_wconf 85' lang='lat' dir='ltr'><strong>dc</strong></span> 
     </span>
    </p>
   </div>
   <div class='ocr_carea' id='block_1_114' title="bbox 976 2605 1763 2639">
    <p class='ocr_par' dir='ltr' id='par_1_114' title="bbox 976 2605 1763 2639">
     <span class='ocr_line' id='line_1_114' title="bbox 976 2605 1763 2639; baseline -0.008 -5"><span class='ocrx_word' id='word_1_769' title='bbox 976 2606 1078 2634; x_wconf 83' lang='lat' dir='ltr'><strong>Basilio</strong></span> <span class='ocrx_word' id='word_1_770' title='bbox 1106 2605 1265 2633; x_wconf 88' lang='lat' dir='ltr'><strong>coronando</strong></span> <span class='ocrx_word' id='word_1_771' title='bbox 1280 2605 1467 2639; x_wconf 88' lang='lat' dir='ltr'><strong>patriarcham</strong></span> <span class='ocrx_word' id='word_1_772' title='bbox 1485 2605 1596 2637; x_wconf 82' lang='lat' dir='ltr'><strong>missus,</strong></span> <span class='ocrx_word' id='word_1_773' title='bbox 1622 2608 1648 2630; x_wconf 86' lang='lat' dir='ltr'><strong>et</strong></span> <span class='ocrx_word' id='word_1_774' title='bbox 1673 2607 1763 2629; x_wconf 74' lang='lat' dir='ltr'><strong>vestes</strong></span> 
     </span>
    </p>
   </div>
   <div class='ocr_carea' id='block_1_115' title="bbox 975 2646 1727 2686">
    <p class='ocr_par' dir='ltr' id='par_1_115' title="bbox 975 2646 1727 2686">
     <span class='ocr_line' id='line_1_115' title="bbox 975 2646 1727 2686; baseline -0.008 -7"><span class='ocrx_word' id='word_1_775' title='bbox 975 2652 1132 2686; x_wconf 79' lang='lat' dir='ltr'><strong>regiumqne</strong></span> <span class='ocrx_word' id='word_1_776' title='bbox 1147 2656 1306 2685; x_wconf 86' lang='lat' dir='ltr'><strong>apparatum</strong></span> <span class='ocrx_word' id='word_1_777' title='bbox 1320 2657 1428 2677; x_wconf 89' lang='lat' dir='ltr'><strong>omnem</strong></span> <span class='ocrx_word' id='word_1_778' title='bbox 1444 2650 1609 2684; x_wconf 82' lang='lat' dir='ltr'><strong>prolaturus.</strong></span> <span class='ocrx_word' id='word_1_779' title='bbox 1626 2647 1701 2675; x_wconf 77' lang='lat' dir='ltr'><strong>Cotta</strong></span> <span class='ocrx_word' id='word_1_780' title='bbox 1717 2646 1727 2683; x_wconf 95' lang='lat'>]</span> 
     </span>
    </p>
   </div>
   <div class='ocr_carea' id='block_1_116' title="bbox 1009 2694 1761 2732">
    <p class='ocr_par' dir='ltr' id='par_1_116' title="bbox 1009 2694 1761 2732">
     <span class='ocr_line' id='line_1_116' title="bbox 1009 2694 1761 2732; baseline -0.008 -7"><span class='ocrx_word' id='word_1_781' title='bbox 1009 2698 1040 2725; x_wconf 87' lang='lat' dir='ltr'><strong>P.</strong></span> <span class='ocrx_word' id='word_1_782' title='bbox 1052 2697 1080 2726; x_wconf 86' lang='lat'><strong>9.</strong></span> <span class='ocrx_word' id='word_1_783' title='bbox 1097 2697 1125 2724; x_wconf 91' lang='grc'><em>’0</em></span> <span class='ocrx_word' id='word_1_784' title='bbox 1133 2696 1228 2732; x_wconf 76' lang='grc' dir='ltr'>μέγας</span> <span class='ocrx_word' id='word_1_785' title='bbox 1245 2697 1330 2730; x_wconf 77' lang='grc' dir='ltr'>δούε.</span> <span class='ocrx_word' id='word_1_786' title='bbox 1342 2697 1441 2725; x_wconf 83' lang='lat' dir='ltr'><strong>Notum</strong></span> <span class='ocrx_word' id='word_1_787' title='bbox 1453 2701 1495 2724; x_wconf 83' lang='lat' dir='ltr'><strong>est</strong></span> <span class='ocrx_word' id='word_1_788' title='bbox 1506 2695 1575 2723; x_wconf 88' lang='lat' dir='ltr'><strong>unde</strong></span> <span class='ocrx_word' id='word_1_789' title='bbox 1586 2694 1670 2722; x_wconf 69' lang='grc' dir='ltr'><strong>(ἰηιξεί</strong></span> <span class='ocrx_word' id='word_1_790' title='bbox 1685 2694 1761 2720; x_wconf 83' lang='lat' dir='ltr'><strong>ducis</strong></span> 
     </span>
    </p>
   </div>
   <div class='ocr_carea' id='block_1_117' title="bbox 974 2739 1757 2779">
    <p class='ocr_par' dir='ltr' id='par_1_117' title="bbox 974 2739 1757 2779">
     <span class='ocr_line' id='line_1_117' title="bbox 974 2739 1757 2779; baseline -0.009 -7"><span class='ocrx_word' id='word_1_791' title='bbox 974 2752 1075 2772; x_wconf 88' lang='lat' dir='ltr'><strong>nomen</strong></span> <span class='ocrx_word' id='word_1_792' title='bbox 1089 2744 1256 2779; x_wconf 83' lang='lat' dir='ltr'><strong>acceperint.</strong></span> <span class='ocrx_word' id='word_1_793' title='bbox 1272 2743 1338 2770; x_wconf 92' lang='lat' dir='ltr'><strong>Inde</strong></span> <span class='ocrx_word' id='word_1_794' title='bbox 1363 2743 1491 2770; x_wconf 81' lang='grc' dir='ltr'>δούκαινα</span> <span class='ocrx_word' id='word_1_795' title='bbox 1509 2741 1588 2768; x_wconf 81' lang='lat' dir='ltr'><strong>ducis</strong></span> <span class='ocrx_word' id='word_1_796' title='bbox 1611 2748 1690 2769; x_wconf 77' lang='lat' dir='ltr'><strong>uxor.</strong></span> <span class='ocrx_word' id='word_1_797' title='bbox 1708 2739 1757 2766; x_wconf 87' lang='lat' dir='ltr'><strong>Ni-</strong></span> 
     </span>
    </p>
   </div>
   <div class='ocr_carea' id='block_1_118' title="bbox 974 2785 1761 2820">
    <p class='ocr_par' dir='ltr' id='par_1_118' title="bbox 974 2785 1761 2820">
     <span class='ocr_line' id='line_1_118' title="bbox 974 2785 1761 2820; baseline -0.01 -2"><span class='ocrx_word' id='word_1_798' title='bbox 974 2796 1041 2819; x_wconf 70' lang='lat' dir='ltr'><strong>cctae</strong></span> <span class='ocrx_word' id='word_1_799' title='bbox 1072 2790 1100 2817; x_wconf 91' lang='lat' dir='ltr'><strong>in</strong></span> <span class='ocrx_word' id='word_1_800' title='bbox 1133 2789 1231 2817; x_wconf 68' lang='lat' dir='ltr'><strong>Alexio</strong></span> <span class='ocrx_word' id='word_1_801' title='bbox 1261 2789 1437 2817; x_wconf 85' lang='lat' dir='ltr'><strong>Conmenol.</strong></span> <span class='ocrx_word' id='word_1_802' title='bbox 1454 2796 1473 2820; x_wconf 84' lang='grc' dir='ltr'>ι,</span> <span class='ocrx_word' id='word_1_803' title='bbox 1488 2787 1595 2818; x_wconf 45' lang='lat' dir='ltr'><strong>ama;</strong></span> <span class='ocrx_word' id='word_1_804' title='bbox 1624 2785 1761 2817; x_wconf 74' lang='grc' dir='ltr'><strong>δουκάόος,</strong></span> 
     </span>
    </p>
   </div>
   <div class='ocr_carea' id='block_1_119' title="bbox 973 2830 1760 2869">
    <p class='ocr_par' dir='ltr' id='par_1_119' title="bbox 973 2830 1760 2869">
     <span class='ocr_line' id='line_1_119' title="bbox 973 2830 1760 2869; baseline -0.009 -9"><span class='ocrx_word' id='word_1_805' title='bbox 973 2833 1091 2866; x_wconf 80' lang='grc' dir='ltr'>δουκάδι.</span> <span class='ocrx_word' id='word_1_806' title='bbox 1106 2834 1233 2861; x_wconf 86' lang='grc' dir='ltr'>δουκάδα.</span> <span class='ocrx_word' id='word_1_807' title='bbox 1247 2833 1373 2869; x_wconf 84' lang='lat' dir='ltr'><strong>Synodus</strong></span> <span class='ocrx_word' id='word_1_808' title='bbox 1391 2831 1547 2860; x_wconf 81' lang='lat' dir='ltr'><strong>Florentina</strong></span> <span class='ocrx_word' id='word_1_809' title='bbox 1563 2840 1569 2857; x_wconf 90' lang='lat'>:</span> <span class='ocrx_word' id='word_1_810' title='bbox 1595 2830 1648 2857; x_wconf 81' lang='grc' dir='ltr'><strong>Καὶ</strong></span> <span class='ocrx_word' id='word_1_811' title='bbox 1672 2830 1696 2855; x_wconf 83' lang='grc' dir='ltr'>οἱ</span> <span class='ocrx_word' id='word_1_812' title='bbox 1713 2837 1760 2863; x_wconf 85' lang='grc' dir='ltr'>με-</span> 
     </span>
    </p>
   </div>
   <div class='ocr_carea' id='block_1_120' title="bbox 974 2874 1765 2916">
    <p class='ocr_par' dir='ltr' id='par_1_120' title="bbox 974 2874 1765 2916">
     <span class='ocr_line' id='line_1_120' title="bbox 974 2874 1765 2916; baseline -0.011 -7"><span class='ocrx_word' id='word_1_813' title='bbox 974 2881 1051 2916; x_wconf 75' lang='grc' dir='ltr'>γάλοι</span> <span class='ocrx_word' id='word_1_814' title='bbox 1062 2880 1188 2913; x_wconf 78' lang='grc' dir='ltr'>αὐθέντες</span> <span class='ocrx_word' id='word_1_815' title='bbox 1202 2880 1256 2908; x_wconf 78' lang='grc' dir='ltr'>καὶ·</span> <span class='ocrx_word' id='word_1_816' title='bbox 1270 2879 1387 2916; x_wconf 73' lang='grc' dir='ltr'><strong>ρηγάδες</strong></span> <span class='ocrx_word' id='word_1_817' title='bbox 1414 2878 1460 2904; x_wconf 72' lang='grc' dir='ltr'>καὶ</span> <span class='ocrx_word' id='word_1_818' title='bbox 1483 2877 1620 2909; x_wconf 67' lang='grc' dir='ltr'><strong>ὼυκάδες.</strong></span> <span class='ocrx_word' id='word_1_819' title='bbox 1635 2874 1765 2910; x_wconf 72' lang='lat' dir='ltr'><strong>Legimus</strong></span> 
     </span>
    </p>
   </div>
  </div>
