2041 3144
175 143 229 175 233

718 144 912 176 GRETSERI
929 145 977 177 ET
993 146 1113 178 GOARI
1135 149 1256 182 NOTAE.

1744 151 1796 185 234

177 199 246 235 μετὰ
274 198 358 226 λίθων
385 199 533 234 λαμπρῶν.
551 199 621 228 Hinc
637 201 658 228 si
677 202 724 228 τοῦ
741 202 787 229 ἐπὶ
804 203 954 230 κανικλείοι

1014 202 1109 231 iisdem
1118 204 1294 233 librariorum
1308 205 1373 233 vitio
1381 209 1408 232 et
1421 200 1549 233 nliiuitate
1559 213 1656 233 vocum
1667 207 1794 234 mendum

174 246 314 280 ὸφςρίκιον,
331 251 360 273 ut
378 245 461 273 habet
479 247 591 274 Nicetas
606 248 632 273 in
647 247 756 281 Alexio,
769 255 811 280 ut,
827 249 855 280 5,
872 256 961 276 came-

175 292 239 319 rari-i
255 299 318 318 cum
347 292 491 320 Gunthero
515 293 555 319 vel
570 293 724 320 cancellarii
746 301 808 320 cum
825 293 961 322 Radevico

177 338 316 372 proprium
330 337 428 364 debeat
439 345 575 371 asserere,
586 346 680 373 mquus
693 339 777 366 lector
786 339 959 374 iudicaverit.

178 384 243 411 Illud
255 383 330 411 circa
345 382 447 410 Leonis
456 384 577 411 Armenii
588 389 710 419 tempora
726 385 960 419 primoinventum

178 431 217 458 vel
238 430 363 457 auditum
386 438 418 457 ex
430 429 598 464 Theophane
612 436 639 459 et
653 431 775 460 Cedreno
789 432 815 458 iu
828 432 886 467 ejus
902 433 960 459 Vita

178 477 306 511 cOnjicio.
323 476 423 504 Munus
450 477 531 503 etiam
558 477 682 510 ejusdem
705 476 960 512 fuitimperatorum

179 521 424 556 subscriptionibus
439 522 575 549 attestari.
593 521 638 549 Sic
653 530 714 549 cum
728 523 962 556 subscripsisscut

177 570 278 592 octavae
291 565 386 600 synodi
400 565 500 593 actioni
512 565 626 592 decimae
643 566 822 600 imperatores
831 566 960 600 Basilius,

177 610 370 638 Constantinus
382 616 409 638 ct
426 611 492 642 Lco.
503 612 623 639 exaratis
638 612 767 639 nimirum
783 617 845 640 ante
862 613 960 648 scripta

178 657 287 684 nomina
304 658 444 691 crucibus,
461 658 492 684 τὸ
505 659 554 692 τῆς
565 659 676 693 γραφῆς
695 659 843 686 ὑπόλοιπον
856 660 961 694 γέγρα-

177 713 211 737 ea
221 703 410 738 Χριστοφόρος
434 706 675 740 πρωτασηκρήτης
706 706 755 732 καὶ
768 706 813 732 ἐπὶ
824 706 872 732 τοῦ
886 714 962 734 κανί-

177 749 278 776 atis-fw.
293 748 350 776 [loc
365 754 408 776 est
433 749 581 784 unicuique
603 750 707 777 nomini
726 751 830 784 scripto
842 751 899 786 ipse
912 759 961 779 sua

177 803 257 822 manu
283 795 421 830 adiunxit.
443 796 472 822 ἐν
490 796 605 831 Χριστῷ
630 796 690 831 Θεῷ
709 797 804 829 πιστὸς
822 798 959 832 βασιλεύς.

1012 249 1155 284 irrepsisse
1168 251 1343 286 conjicimus.
1359 251 1456 287 Gonni

1048 294 1079 322 P.
1095 296 1138 324 l5.
1157 296 1269 330 Magnus
1290 297 1408 331 bajulua.
1436 298 1602 333 Prcdugogus
1621 299 1663 325 vel
1679 299 1799 333 imperzh

1013 341 1090 373 toris,
1106 348 1167 368 cutn
1189 341 1285 376 junior
1306 348 1389 374 esset,
1409 343 1451 369 vel
1476 343 1593 370 ﬁliorum
1610 344 1795 379 imperatoris.

1013 384 1224 420 Moschopulus:
1245 387 1419 421 Παιδαγωγὺς
1432 390 1479 415 καὶ
1493 389 1680 424 παιδοτρίὸης,
1692 391 1705 416 6
1719 390 1795 423 λεγό-

1013 440 1094 465 μενος
1115 432 1248 466 βαῖουλος.
1282 434 1443 461 Cotlrcnus:
1471 434 1610 466 Θεοδόσιος
1631 435 1645 461 6
1669 435 1798 470 βασιλεὺς

1017 477 1154 512 Ἀντίοχον
1170 479 1350 513 πραιπόσιτον
1368 480 1415 507 καὶ
1431 480 1586 515 πατρίκιον,
1602 481 1647 507 τὸν
1671 482 1797 516 βαῖουλον

1012 522 1095 549 αὑτοῦ
1108 525 1202 551 παπᾶν
1216 526 1339 560 ἐποίησε.
1359 527 1445 553 liliam
1459 526 1546 554 Latini
1567 529 1617 555 hoc
1632 528 1793 554 vocabulum

1012 567 1064 594 hac
1086 568 1196 595 notione
1210 574 1387 603 usurparunt.
1407 569 1500 604 Lupus
1515 570 1698 598 Ferrarieusis
1710 571 1794 604 epi.~.t.

1012 613 1045 640 54
1065 622 1071 639 :
1089 613 1149 640 Non
1166 623 1227 649 ergo
1243 615 1416 642 atlmiltentur
1430 625 1445 642 a
1462 616 1533 643 vobis
1559 617 1713 649 munitores,
1730 625 1795 650 quas

1012 659 1116 694 bajulos
1132 660 1224 694 vulgus
1256 661 1382 694 appellat,
1402 670 1432 688 ne
1453 662 1567 696 gloriam
1592 669 1708 690 vestram
1727 663 1797 689 intrr

1011 713 1038 731 se
1054 706 1104 739 ipsi
1121 707 1285 740 partiuntur.
1311 706 1488 741 Hincmarus,
1505 709 1588 742 epist.
1607 709 1635 740 2.
1663 709 1695 735 ad
1710 709 1796 736 Carr.-

1012 751 1067 778 lum
1085 751 1214 780 Crassum
1238 753 1306 787 imp.
1321 761 1346 782 c.
1363 754 1379 780 Ξ
1394 763 1400 781 :
1419 753 1482 781 ιαιὶι
1497 754 1651 787 juvenibus.
1672 755 1796 789 ﬁdelibus

1011 797 1076 831 ﬁliis
1088 798 1194 829 'vestris.
1223 799 1328 833 regibus
1345 801 1454 832 nostris,
1470 807 1592 828 maturos
1608 810 1639 828 ac
1656 802 1797 836 prudentes

176 841 255 868 Addit
282 842 341 869 haec
369 841 545 876 Bullengerus
568 843 691 875 auctoris
719 843 802 871 tacito
829 845 957 872 nomine:
976 851 997 881 Β
1011 847 1091 878 atque
1105 843 1205 871 sobrios
1219 845 1322 878 bajulos
1336 846 1448 880 singulis
1479 847 1642 879 constituite.
1655 848 1734 882 211
1753 849 1798 882 qui

175 887 304 921 Μανουὴλ
330 885 388 921 εἶχε
404 887 434 914 τδ
449 885 566 921 σύνηθες
579 887 748 923 κανίκὶωμα
762 889 807 915 καὶ
822 889 869 916 τοῦ
881 889 958 924 βασι-

175 933 243 964 λέως
254 933 421 968 ὑπογραφὴν
447 932 559 968 ταύτην,
578 934 711 970 Μανουὴλ
728 935 757 961 έν
772 935 884 971 Χριστῷ
898 936 958 971 Θεῷ

177 970 270 1010 mark
282 978 422 1013 βασιλεὺς,
432 979 478 1005 καὶ
493 979 615 1008 κάτωθεν
628 981 834 1017 ἀπῃωρημένην
845 970 958 1018 βοῦλὶαν

175 1024 278 1059 χρυσῆν
307 1024 352 1050 διὰ
371 1024 491 1059 μετάεης
518 1025 620 1058 ὀξείας,
636 1027 682 1052 καὶ
700 1026 799 1060 ἔξωθεν
814 1027 843 1053 τὺ
857 1027 900 1054 διὰ
911 1027 958 1054 τοῦ

175 1071 221 1095 ἐπὶ
236 1070 391 1097 κανικλειου
421 1071 468 1097 καὶ
484 1071 651 1099 δικαιοδότου
666 1071 817 1107 Θεοδώρου.
836 1072 913 1106 Quod
932 1074 957 1100 in

177 1115 413 1144 Christianissima
440 1117 516 1145 curia
541 1123 730 1153 exsequuntur
746 1119 896 1152 srcretarii,
913 1119 958 1146 ubi

176 1161 305 1196 principis
314 1163 513 1198 subscriptione
527 1163 643 1192 inferius
650 1165 714 1192 vela
729 1169 804 1200 tergo
818 1165 957 1200 proprium

175 1215 274 1234 nomen
295 1202 446 1242 apponunt.
475 1209 511 1237 Er
534 1209 576 1237 his
602 1210 636 1237 de
663 1210 780 1238 canicteo
796 1217 822 1238 et
833 1212 957 1240 canicula

175 1253 296 1280 collectis
309 1261 323 1280 a
339 1253 467 1282 Gretsero
480 1255 600 1290 copiosis
618 1257 784 1284 testimoniis
804 1257 958 1286 desiderata

176 1299 220 1326 lux
238 1300 367 1328 accessit.

210 1366 241 1394 Ρ.
260 1367 302 1393 l2.
320 1367 552 1403 [Συμπένθερος.
571 1369 620 1402 Qui
639 1369 722 1396 lilium
739 1370 780 1397 vel
797 1371 877 1398 liliam
894 1371 959 1399 alte-

178 1411 233 1438 rius
251 1413 307 1440 lilio
322 1413 363 1440 vel
378 1413 439 1440 ﬁliae
452 1414 479 1440 in
493 1415 695 1442 matrimonium
712 1415 795 1448 locat,
810 1416 838 1443 fit
850 1416 874 1444 ei
889 1426 958 1451 συμ-

176 1458 319 1493 πένθερος.
348 1459 484 1488 lunumeri
510 1468 576 1488 vero
604 1463 788 1490 aconsoceris
801 1462 957 1498 huiusmodi

175 1503 294 1531 distincti
311 1505 468 1540 dignitatem
484 1506 598 1534 caniclei
614 1507 800 1536 obtinuerunt.

209 1568 275 1596 Ibid.
294 1569 640 1607 ['Ozadperoc.Corrupla
660 1573 922 1610 lcetiocorrigitur,
936 1576 959 1603 si

174 1615 303 1650 lcgaturé
317 1616 454 1651 Χοῦμνος.
486 1617 547 1646 ista:
570 1626 636 1646 vero
663 1619 862 1648 emendationis
880 1621 960 1649 insli-

175 1660 279 1687 tuenda:
309 1665 375 1688 sunt
405 1662 537 1690 rationes.
563 1663 665 1696 Prima,
688 1665 759 1698 quod
778 1665 908 1694 inusitata
922 1668 959 1695 sit

173 1704 265 1732 Graeca
293 1706 403 1740 phrasis
417 1707 450 1734 ad
467 1708 571 1744 adeptae
594 1710 734 1744 dignitatis
765 1711 895 1739 indicium
911 1714 958 1740 ὲπῑ

173 1751 218 1777 τοῦ
237 1752 395 1779 κανικλείου
410 1753 543 1787 ὀχεῖσθαι.
556 1754 682 1782 Secunda
700 1757 783 1791 quod.
798 1764 858 1784 cum
874 1757 958 1784 inter-

174 1803 233 1830 pres
247 1797 398 1825 reddiderit
411 1799 455 1826 hic
467 1801 501 1826 ad
516 1801 673 1836 dignitatem
686 1803 768 1834 eve/ti.
781 1803 806 1829 in
819 1811 958 1830 commcn-

173 1843 248 1870 tariis
258 1844 363 1877 absque
392 1849 503 1873 auctore
531 1848 657 1880 exposuit
671 1849 833 1880 canicleum.
851 1855 879 1876 ut
893 1859 958 1886 equo

172 1889 315 1922 teneretur,
338 1890 364 1916 in
387 1890 487 1923 palatio
518 1891 564 1926 jus
596 1893 736 1921 habuisse.
766 1894 868 1928 Tertia,
895 1903 956 1923 cum

173 1934 297 1966 praesenti
314 1934 368 1962 hoc
388 1935 477 1970 capite
493 1940 602 1964 constet
631 1943 770 1966 auctorem
797 1940 879 1974 paulo
896 1945 958 1976 post

172 1978 356 2007 Andronicum
390 1981 536 2014 seniorem,
553 1983 586 2010 tle
610 1991 665 2018 quo
682 1985 802 2019 scripsit,
820 1985 954 2019 ﬂoruisse.

172 2033 223 2052 non
235 2025 416 2061 incongruum
427 2031 467 2054 est
481 2035 542 2054 eum
553 2028 587 2055 de
599 2034 738 2056 comtaneo
749 2030 801 2058 sibi
820 2032 953 2065 canicleo.

171 2071 215 2104 qui
232 2078 367 2098 cousocer
385 2072 562 2106 imperatoris
590 2073 685 2107 fuerit,
699 2075 831 2104 habuisse
847 2085 953 2105 sermo-

170 2123 247 2142 nem:
267 2117 295 2144 is
316 2121 409 2144 autem
433 2117 484 2145 luit
497 2119 655 2154 Νικηφόρος
673 2121 687 2148 6
706 2121 843 2156 Χοῠμνος,
871 2131 951 2158 quem

169 2159 304 2195 Gregoras
330 2161 357 2189 in
381 2162 537 2191 Andronico
562 2165 581 2192 Ι.
610 2173 656 2199 vu,
684 2174 710 2200 p.
732 2167 783 2194 l68
803 2172 857 2195 vet.
872 2169 949 2198 edit..

169 2205 327 2241 Νικηφόρον
355 2207 402 2233 τὸν
432 2209 478 2234 ἐπὶ
505 2209 552 2236 τοῦ
583 2211 740 2238 κανικλεεου
771 2213 903 2245 nominat,
918 2214 952 2241 de

168 2256 222 2282 quo
250 2249 469 2283 Cantacuzenus,
486 2259 505 2284 ι,
533 2253 581 2280 με
605 2254 633 2281 ’0
653 2255 700 2281 ἐπὶ
719 2255 765 2282 τοῦ
798 2257 952 2284 κανικλεὶου

168 2292 326 2329 Νικηφόρος
343 2294 357 2320 6
378 2295 501 2330 Χοῦμνος
518 2297 598 2331 σοφὸς
610 2298 680 2333 ἀνὴρ
699 2300 747 2326 καὶ
762 2300 913 2333 θαυμάσιος
924 2302 952 2327 ὲν

167 2339 310 2373 φρονήσει,
343 2339 444 2375 πολλῆς
457 2350 485 2367 τε
502 2342 649 2369 ἀπολαύων
674 2345 742 2379 πρὸς
760 2345 893 2379 βασιλέως
907 2347 951 2372 αὺ-

167 2384 239 2413 νοξας
254 2392 286 2410 τε
301 2384 350 2410 καὶ
376 2387 468 2420 τιμῆς,
482 2387 515 2412 δι’
535 2387 568 2422 ἢν
582 2389 630 2414 καὶ
644 2389 693 2424 τὴν
707 2390 789 2417 αὑτοῦ
811 2391 950 2427 θυγατέρα

166 2429 285 2464 Εἰρήνην
295 2430 335 2465 τῷ
351 2431 401 2465 υζῷ
413 2432 493 2458 αὑτοῦ
503 2432 622 2470 δεσπότῃ
642 2434 753 2472 Ἰωάννῃ
771 2437 840 2470 πρὸς
859 2439 948 2472 γάμου

167 2476 310 2501 κοινωνίαν
327 2475 430 2511 ἢγαγεν
442 2478 456 2503 6
473 2477 612 2512 βασιλεύς,
628 2479 662 2506 Ει
675 2481 800 2514 quamvis
812 2482 949 2510 Pontanus

167 2520 303 2556 interpres
321 2523 387 2548 olim
406 2523 501 2557 legerit
515 2524 662 2560 ὀχούμενος
679 2532 710 2552 ac
724 2527 874 2555 reddiderit
889 2529 946 2556 vehi

165 2567 279 2599 solebat.
308 2569 414 2595 nullum
430 2574 520 2596 tamen
553 2569 613 2604 ejus
627 2571 948 2608 sententiaconsequitur

165 2620 288 2645 sensum,
305 2613 331 2640 Ν
335 2614 472 2648 itephorur
487 2615 532 2650 qui
544 2616 660 2643 canicleo
669 2623 781 2651 prtremt
795 2623 818 2645 et
835 2619 891 2646 vehi
905 2627 948 2646 so-

164 2659 241 2687 lebat.
263 2659 330 2687 Eam
343 2661 440 2688 obrem
456 2669 543 2689 novus
555 2662 715 2691 scholiastes
733 2665 860 2700 ascripsit
873 2673 945 2694 mar-

164 2706 239 2740 gini:
264 2707 403 2741 interpres
428 2707 491 2743 legit
513 2709 672 2744 ὀχούμενος.
701 2711 793 2745 male;
828 2721 890 2740 nam
905 2718 946 2742 est

163 2754 176 2779 6
189 2753 328 2788 Χοῦμνος.
349 2753 462 2787 Ultima.
476 2762 536 2790 quae
551 2756 627 2783 litem
648 2763 755 2784 omnetn
779 2759 895 2794 dirimit,
909 2768 943 2787 cx

163 2798 253 2833 Regiis
278 2799 482 2832 exemplaribus
505 2801 619 2835 petitur.
632 2802 658 2829 in
676 2803 774 2838 quibus
793 2812 846 2832 non
864 2805 941 2841 ὀχού-

162 2852 249 2878 μενος,
276 2845 325 2873 sed
345 2846 361 2872 6
382 2844 505 2879 Χοῦμνος
527 2847 670 2875 manifeste
684 2882 688 2885 .
704 2849 819 2884 legitur;
846 2857 872 2878 ct
902 2859 935 2880 ex

333 2891 466 2921 Pnnon.
489 2893 548 2922 Gn.
570 2893 686 2924 CLVII.

1013 889 1115 916 oderint
1139 891 1280 924 avaritiam
1303 896 1327 917 et
1343 900 1386 918 eos
1402 893 1477 918 verba
1489 897 1512 919 et
1532 893 1650 926 exemplo
1664 894 1797 927 iustitiam

1012 934 1120 970 diligere
1141 936 1263 969 doceant,
1293 938 1435 964 secundum
1459 938 1623 973 Scripturam
1648 942 1796 968 dicentem:

1014 982 1118 1017 Diligite
1145 983 1292 1016 justitiam,
1333 985 1379 1019 qui
1403 985 1535 1018 judicatit
1560 992 1670 1014 terram.
1693 986 1793 1014 Eadem

1012 1028 1092 1060 epist.
1109 1035 1134 1055 c.
1151 1028 1168 1054 6
1184 1037 1190 1054 :
1210 1028 1267 1063 Ipsi
1284 1034 1371 1057 autem
1391 1030 1477 1064 bajult’
1490 1040 1646 1066 magnopere
1657 1034 1794 1065 providere

1012 1077 1103 1104 debent
1117 1085 1148 1104 ne
1166 1086 1243 1110 super
1258 1079 1342 1106 socios
1357 1087 1418 1106 suo:
1429 1088 1455 1106 se
1470 1080 1610 1114 extollant,
1627 1081 1673 1108 sed
1688 1080 1792 1117 [agant]

1013 1121 1088 1152 iuxta
1104 1121 1271 1157 Scripturam
1293 1123 1422 1151 dicentem
1437 1131 1447 1151 :
1466 1125 1590 1157 «Quanto
1617 1134 1728 1160 magnus
1755 1134 1793 1158 es.

1013 1167 1123 1194 humilia
1147 1172 1171 1194 te
1186 1169 1210 1195 in
1228 1169 1360 1202 omnibus,
1378 1175 1401 1196 et
1429 1178 1517 1196 coram
1534 1170 1585 1197 Deo
1611 1170 1724 1198 invenies
1732 1180 1796 1206 gra-

1013 1212 1086 1239 tiam.
1095 1221 1104 1237 )
1116 1212 1188 1240 idem
1204 1213 1284 1248 epist.
1294 1214 1321 1246 5,
1331 1214 1371 1241 c.l
1387 1214 1525 1249 :Legimus
1540 1217 1669 1250 quonwdo
1680 1217 1796 1244 Alexan-

1013 1257 1059 1283 der
1068 1258 1094 1284 in
1109 1259 1220 1292 pueritia
1235 1267 1281 1285 sua
1292 1259 1382 1286 habuit
1395 1259 1513 1293 bajulum
1530 1262 1633 1288 nomine
1643 1261 1794 1295 Luonidem,

1013 1304 1101 1331 citatis
1132 1305 1247 1332 moribus
1271 1311 1294 1333 et
1316 1306 1488 1339 incomposito
1520 1308 1622 1335 incessu
1642 1309 1794 1340 notabilem,

1012 1358 1071 1385 qua’
1085 1358 1150 1384 puer
1162 1352 1240 1384 quasi
1260 1352 1301 1378 lac
1321 1353 1501 1379 adulterinum
1518 1362 1611 1389 angens
1628 1355 1660 1381 ab
1674 1364 1704 1382 eo
1719 1364 1793 1382 sum-

1011 1394 1073 1428 psit.
1106 1394 1179 1422 Unde
1201 1396 1228 1422 in
1247 1397 1340 1423 adulta
1357 1402 1433 1424 (etate
1457 1399 1561 1432 sapiens
1574 1404 1598 1426 et
1611 1407 1656 1426 rea:
1677 1401 1751 1435 fortis
1767 1409 1794 1427 se

1012 1441 1096 1474 ipsum
1113 1442 1349 1475 reprehendebant
1365 1444 1448 1470 vitare
1465 1444 1576 1476 volebat,
1591 1446 1636 1472 sed
1649 1451 1676 1472 ut
1688 1446 1793 1481 legitur.

1013 1493 1070 1512 cum
1090 1487 1178 1513 omnia
1201 1495 1280 1522 regna
1300 1488 1401 1521 vicerit,
1417 1490 1444 1528 in
1465 1489 1513 1516 hoc
1540 1498 1568 1516 se
1594 1491 1677 1524 ipsum
1695 1493 1796 1520 viatere

974 1526 995 1554 C
1012 1532 1061 1557 non
1080 1533 1175 1565 potuit.
1196 1532 1294 1560 GnE'rs.

1027 1577 1194 1613 -[Βαῖουλο;,
1220 1581 1265 1614 qui
1302 1580 1418 1615 βάγυλος
1445 1589 1554 1618 quoque
1579 1582 1741 1619 Theophani
1765 1585 1792 1612 iu

1009 1622 1100 1651 Leone
1122 1623 1289 1660 Copronymi
1308 1624 1339 1651 Γ.
1364 1626 1506 1660 scribitur,
1536 1628 1685 1664 ἐπίτροπος
1703 1631 1794 1657 καλεῖ-

1008 1675 1064 1698 ται,
1078 1668 1117 1695 ait
1137 1667 1283 1704 Grcgoras,
1299 1679 1336 1703 tv,
1352 1671 1378 1698 9.
1397 1671 1588 1708 Moschopulus
1616 1676 1793 1710 παιδαγωγὸν

1009 1713 1055 1738 καὶ
1072 1714 1249 1750 παιδοτρίϐην
1259 1715 1304 1742 τὸν
1321 1717 1445 1751 putati/ou
1457 1719 1566 1747 asserit.
1587 1719 1624 1747 De
1639 1720 1792 1749 Throdosio

1007 1759 1284 1790 ThcodosiiJunioris
1304 1763 1396 1799 hajulo
1407 1764 1584 1800 Theophanes
1597 1771 1625 1794 et
1639 1767 1790 1802 Cedrenus.

1008 1805 1034 1831 in
1048 1813 1127 1839 quem
1151 1814 1201 1834 nos
1224 1807 1287 1841 alia,
1306 1810 1437 1845 pluraque
1455 1810 1496 1837 vir
1520 1812 1721 1841 eruditissimus
1739 1814 1791 1840 Fa-

1009 1850 1102 1878 brotus
1128 1853 1249 1888 collegit,
1267 1862 1299 1881 ac
1316 1862 1331 1882 a
1352 1856 1471 1883 Meursio
1501 1856 1621 1885 diversa.
1638 1858 1699 1886 llaec
1712 1859 1792 1887 nobis

1007 1897 1052 1930 qui
1069 1905 1169 1931 pueros
1195 1906 1249 1926 non
1265 1900 1386 1934 regituus
1406 1901 1440 1928 de
1462 1901 1555 1936 bajulo
1569 1903 1646 1936 satis,
1671 1911 1705 1930 ne
1721 1903 1791 1932 forte

1007 1940 1095 1969 aliena
1121 1943 1193 1970 dicta
1223 1944 1275 1971 huc
1289 1951 1470 1980 congerentes
1500 1947 1615 1980 iplatncs
1644 1949 1724 1984 hajuli
1744 1950 1791 1977 lia:

1008 1994 1079 2015 mus.
1092 1987 1180 2016 ϐολῇ.

1007 2043 1445 2082 (1)(Ζέτρξρςῖῌξᾉυοτ1οῐζ
1466 2049 1614 2077 CODlNEO
1650 2052 1690 2079 AC
1726 2053 1789 2082 MU.

1073 2078 1165 2108 ΤΑΤο
1183 2079 1349 2109 NONNllllL
1366 2081 1492 2111 0Rl)lNE
1510 2078 1722 2122 DlSPOSlTUS,

1040 2143 1071 2163 ex
1088 2141 1151 2164 octo
1161 2137 1272 2166 circiter
1288 2139 1379 2174 Regiis
1394 2140 1459 2181 MSS
1469 2142 1500 2168 ad
1517 2142 1631 2171 invicem
1647 2145 1754 2174 collatis

1311 2181 1480 2209 exscriptus.

1039 2220 1074 2243 α’.
1091 2218 1105 2244 6
1117 2218 1260 2253 δεσπότης.
1291 2218 1323 2254 β’.
1340 2220 1354 2246 6
1368 2221 1606 2258 σεϐαστοκράτωρ.
1639 2223 1673 2258 γ’.
1696 2226 1710 2252 6
1725 2228 1787 2253 κατο-

1005 2270 1067 2297 σαρ.
1078 2263 1110 2291 δ’.
1125 2263 1140 2289 6
1159 2265 1430 2299 πανυπερσέὃαστος.
1448 2267 1479 2295 ε’.
1493 2269 1507 2294 6
1528 2270 1786 2307 rrpmro6rart6pto;.

1004 2310 1042 2339 ς’.
1059 2307 1074 2334 6
1091 2308 1178 2343 μέγας
1190 2309 1264 2342 δοὺξ.
1276 2310 1332 2342 ζ’.ὀ
1348 2312 1433 2345 μέγας
1449 2313 1616 2348 δομὲστικος.
1635 2319 1669 2350 η’.
1683 2318 1697 2343 6
1714 2327 1785 2353 πρω-

1001 2353 1170 2389 τοστρὰτωρ.
1185 2353 1217 2381 θ’.
1235 2356 1248 2381 6
1266 2356 1355 2390 μέγας
1372 2356 1527 2393 λογοθέτης,
1545 2362 1569 2387 ι’.
1580 2361 1593 2387 6
1607 2361 1692 2397 μέγας
1705 2371 1787 2398 στρα-

1001 2399 1179 2435 τοπεδάρχης.
1197 2401 1241 2428 ια’.
1253 2401 1267 2427 6
1286 2402 1370 2435 μέγας
1383 2405 1593 2439 πριμμικήριος.
1608 2407 1652 2441 ιβ’.
1671 2409 1684 2433 ὁ
1699 2409 1788 2443 μέγας

1001 2445 1190 2477 κονοσταῦλος.
1202 2449 1247 2480 ιγ’.
1264 2446 1278 2472 6
1290 2447 1336 2474 ἐπὶ
1351 2447 1398 2474 τοῦ
1415 2450 1579 2479 κανικλειου.
1606 2451 1647 2480 ιδ’.
1671 2454 1685 2480 6
1711 2463 1786 2489 πρω-

1000 2489 1171 2520 τοσέὸαστος.
1190 2494 1231 2517 ιε’.
1243 2491 1256 2516 ὀ
1272 2491 1317 2518 ἐπὶ
1330 2493 1441 2528 κέρνης.
1459 2497 1507 2526 ις’.
1535 2496 1549 2522 6
1569 2499 1785 2534 παρακοιμώμε-

999 2542 1044 2565 νος
1053 2534 1103 2568 τῆς
1121 2535 1242 2571 μεγάλης
1263 2537 1418 2572 σφενδόνης.
1446 2540 1489 2571 ιζ’.
1504 2541 1518 2567 6
1534 2544 1784 2579 παρακοιμώμενος

998 2578 1045 2606 τοῦ
1061 2580 1201 2612 κοιτῶνος.
1222 2580 1268 2616 ιη’.
1282 2583 1297 2609 6
1313 2583 1400 2618 μέγας
1417 2584 1550 2620 βαῒουλος.
1587 2588 1631 2614 ιϐ’.
1658 2590 1672 2615 6
1689 2578 1784 2624 κουρο-

999 2624 1132 2659 παλάτης.
1150 2629 1185 2653 κ’.
1200 2626 1215 2652 6
1234 2627 1512 2665 πρωτοόεστιαριτης.
1527 2630 1579 2659 κα’.
1601 2634 1614 2659 6
1625 2632 1782 2667 δομέστικος

997 2670 1046 2704 τῆς
1062 2670 1205 2706 βασιλικῆς
1218 2673 1367 2708 τραπέζης.
1383 2673 1436 2709 κβ’.
1448 2676 1462 2701 6
1476 2675 1522 2702 ὲπὶ
1535 2676 1682 2712 τραπέζης.
1697 2681 1749 2711 κγ’.
1767 2681 1781 2706 6

996 2715 1142 2752 ὶογοθέτης
1157 2717 1203 2744 τοῦ
1218 2717 1340 2747 Γενικοῦ,
1355 2718 1406 2746 κδ’.
1430 2721 1444 2747 6
1460 2721 1546 2755 μέγας
1563 2721 1677 2752 πατιὶας.
1704 2722 1753 2750 κε’.
1767 2726 1781 2751 6

995 2760 1126 2797 ἔπαρχος.
1159 2761 1217 2794 κς’.
1232 2763 1246 2789 6
1272 2764 1357 2798 μέγας
1371 2765 1561 2801 δρουγγάριοις
1576 2767 1624 2801 τῆς
1641 2768 1780 2805 βασιλικῆς

997 2807 1102 2842 βίγλης.
1117 2808 1168 2840 κζ’.
1180 2809 1194 2834 6
1207 2810 1291 2843 μέγας
1307 2811 1512 2846 ἑταιρειάρχης.
1542 2811 1595 2847 κη’.
1607 2814 1621 2839 6
1635 2813 1781 2852 λογοθέτης

992 2852 1037 2881 τοῦ
1058 2853 1169 2889 δρόμου.
1202 2855 1254 2883 κο’.
1281 2857 1294 2882 6
1317 2855 1419 2887 ὕπατος
1443 2857 1496 2883 τῶν
1521 2858 1681 2893 φιλοσόφων.
1713 2860 1746 2891 λ’,
1764 2863 1778 2890 ὁ

1522 2905 1542 2936 8
