2041 3144
252 178 316 206 ’ΞΠ

813 176 851 206 IN
872 176 1018 206 LIBRUM
1039 177 1087 207 DV.
1106 178 1266 209 l'FFlCIlS
1285 180 1338 210 (ΣΡ.

1831 179 1879 211 2H

265 232 387 266 patrii-iis
402 231 480 265 plana
495 231 559 258 sint.
579 235 605 258 et
632 230 810 264 πατρικιότης
825 238 872 257 seu
897 232 1052 264 patricia/ua
1065 236 1088 264 Α
1105 237 1133 258 ιιι
1148 233 1182 259 ila
1218 233 1323 268 loquar,
1341 235 1510 269 capilaneattt
1551 234 1655 261 socium
1689 234 1878 262 attribuerunt.

266 276 336 311 apud
352 276 535 304 Justinianum
543 276 648 304 Novell.
662 276 706 308 58,
718 277 822 310 ctapud
838 276 1047 305 Constantinum

267 322 418 350 Manassem
434 322 460 348 in
476 322 612 350 Chronico
628 329 724 349 nomen
744 330 796 349 non
821 327 924 349 tantum
953 323 1048 350 nobili-

267 369 342 401 tatis,
359 372 388 395 ιιι
402 369 473 403 apud
491 373 597 394 veteres
614 368 749 395 Romanos
765 373 791 395 et
804 369 885 396 hodie
927 369 953 396 iu
982 377 1051 396 non-

267 414 349 441 ttu'lis
364 414 468 448 imperii
487 414 609 444 urbibus,
621 413 719 448 ubiqui
732 421 763 440 ex
777 415 920 449 precipuis
942 415 1051 442 l'amiliis

267 466 354 489 genus
389 459 492 485 ducunt
519 459 599 492 vulgo
627 459 735 493 patricii
763 459 890 492 audiunt,
906 461 952 487 sed
968 460 1050 488 etiam

265 503 405 537 dignitatis
427 503 550 530 officiiet
576 505 756 536 pr:el'ectur:e.
785 504 928 537 Dignitatis
957 514 1051 532 excut-

267 549 309 581 pla
326 547 413 574 adfert
427 548 560 576 Meursius
572 549 596 576 in
610 549 750 577 Glossario
761 558 792 577 ex
807 551 902 583 Suida,
919 551 1051 585 Procopio

265 596 292 618 ct
309 593 413 620 Malcho
429 594 455 620 in
473 594 636 630 Byzattticis.
651 596 709 629 Qua
728 597 838 624 notione
855 598 934 623 etiam
946 597 1052 630 patririi

266 645 364 665 nomen
380 639 506 673 accipies,
522 641 631 674 quando
648 642 725 669 audis
736 642 860 677 l’ipinum
878 648 904 670 et
924 643 1051 670 Carolum

268 683 393 719 Magnam
425 685 646 720 fuissepatricios
680 688 878 715 Romanorum.
907 688 995 716 Officii
1027 695 1053 715 et

268 729 436 761 praafecturte
477 732 632 767 exetnplum
678 738 721 760 cst
756 732 885 761 Salomon
929 735 1054 769 magister

268 774 370 802 ηιὶΙὶιίιε
387 781 411 802 ιιι
427 778 553 808 patricius
574 779 671 812 Africa:
687 779 759 813 apud
788 779 923 807 Victorem
941 780 1053 807 Tuunu-

268 823 377 848 ttensem
398 822 423 848 in
438 823 583 854 Chronico.
595 829 621 851 et
632 825 745 852 Amalus
761 825 890 859 patricius
913 827 1054 861 provincia

268 863 339 897 apud
355 864 468 892 Paulqu
481 867 627 894 Diacouum
645 869 662 895 I.
677 876 723 900 nt,
737 877 761 896 c.
773 869 790 897 5
804 869 838 895 De
850 872 933 905 gestis
949 871 1055 906 Longo—

270 909 428 938 bardorum.
446 911 521 939 Talia
535 913 626 940 itidem
642 914 774 946 patricius
788 915 829 942 vel
843 920 904 942 erat
921 916 962 942 vel
992 924 1051 944 esse
1069 914 1088 939 Β

269 954 375 981 volebat
390 955 434 982 ille
449 963 528 991 quem
549 957 601 984 sibi
619 956 734 985 Romani
759 959 907 992 elegetaut.
938 960 972 987 de
996 968 1051 995 quo

269 1000 338 1028 Otho
353 1000 564 1037 Frisingensisl.
582 1011 618 1030 vlt
643 1004 858 1033 Clironicic.51.
873 1004 1008 1038 Meursius
1023 1008 1050 1034 in

270 1045 411 1074 Glossario
419 1049 545 1080 patricias
557 1050 638 1077 nimis
654 1051 779 1084 extollit;
793 1059 854 1078 nam
868 1052 1050 1080 Occidentali-

269 1093 318 1120 bus
326 1094 454 1128 patricios
464 1093 639 1122 Romanorum
650 1096 793 1132 fuisse,qui
804 1098 885 1133 22o
892 1107 965 1126 nune
974 1107 1050 1134 reges

266 1139 446 1172 appellantur.
465 1141 531 1174 Quis
545 1147 624 1177 neget
640 1144 691 1170 hoc
709 1151 723 1170 a
739 1151 803 1171 vero
823 1145 904 1172 nimis
916 1150 1050 1172 remotum

265 1185 339 1212 esse?
355 1186 460 1213 Primus
478 1187 550 1214 enim
567 1188 682 1217 Carolus
705 1189 816 1224 Magnus
829 1195 856 1217 et
868 1191 913 1218 alii
927 1192 1051 1219 nomina-

267 1232 366 1259 bantur
377 1234 482 1267 patricii
492 1233 688 1262 Romanorum.
700 1236 740 1263 An
755 1237 815 1264 ideo
826 1245 902 1272 reges
916 1237 1052 1266 Romano-

268 1283 327 1304 rum
340 1273 470 1305 velerant
486 1280 526 1307 vel
549 1281 728 1308 habebantur?
747 1283 782 1310 At
801 1283 917 1312 Carolus
939 1285 1051 1317 Magnus

267 1326 408 1359 postquam
422 1325 604 1354 Romanorum
632 1328 777 1362 imperator
791 1335 899 1358 creatus
913 1336 938 1358 et
964 1332 1050 1365 palam

266 1370 455 1404 promulgatus
474 1373 614 1403 est,desiit
630 1375 761 1408 appellari
791 1377 921 1411 patricius
950 1378 1052 1406 Roma-

267 1420 375 1442 norum.
388 1415 458 1448 Quid
473 1418 543 1443 tum?
554 1426 588 1445 an
616 1419 688 1453 idco,
718 1428 780 1449 cum
813 1428 885 1450 esset
908 1425 1051 1458 patricius,

268 1469 313 1488 rex
343 1461 529 1490 Romanorum
549 1465 631 1491 erat?
661 1465 688 1492 Si
714 1467 775 1500 quis
803 1474 903 1495 cxterre
931 1471 1050 1497 unt'ouis

268 1508 399 1542 patricius
413 1509 531 1536 Venelus
543 1515 684 1538 crearetur
711 1512 764 1539 dux
789 1513 920 1548 Venetus,
943 1516 1050 1550 patricii

269 1557 366 1581 nomen
384 1554 476 1589 utique
493 1556 639 1583 omitteret.
662 1557 702 1584 An
721 1558 782 1586 ideo
797 1565 874 1587 antea
899 1569 944 1588 re:
964 1561 1051 1589 Vene-

269 1604 357 1626 torutn
376 1598 484 1627 fuisset?
501 1601 624 1629 Alienius
642 1610 656 1629 a
672 1610 736 1631 vero
751 1609 803 1637 est,
825 1606 897 1640 quod
922 1606 960 1633 ait
978 1607 1048 1633 idem

268 1646 399 1673 Glossarii
419 1647 558 1679 collector,
578 1649 761 1682 imperatorem
770 1651 845 1678 rebus
863 1652 1050 1680 ecclesiasticis

268 1695 395 1726 tauquam
410 1700 560 1726 supremum
577 1700 657 1729 caput
673 1696 822 1731 prie/uisse,
838 1702 862 1724 et
876 1698 963 1725 hacin
990 1700 1051 1734 [un-

269 1737 356 1764 ctione
371 1739 511 1772 patricium
527 1740 593 1767 vices
611 1741 668 1775 ejus
683 1743 776 1776 egisse.
795 1742 877 1777 quue
908 1746 1003 1779 prohat
1019 1753 1051 1772 ex

267 1785 452 1819 disputatione
476 1785 626 1822 Gregentii,
642 1787 685 1814 ubi
701 1788 768 1816 dicit
802 1789 891 1817 Erbau
919 1791 1044 1819 Judaeum

271 1830 396 1864 baptismi
418 1832 561 1865 undisjam
577 1833 710 1867 ablutum,
738 1840 858 1862 creatum
875 1845 935 1864 esse
954 1845 969 1864 a
988 1846 1050 1873 rege

269 1876 470 1904 llome'ritarum
486 1878 697 1913 ὑπεκκλησίονα,
706 1881 749 1914 qui
758 1880 873 1909 Meursio
889 1887 930 1910 est
937 1884 1050 1910 vicarius

271 1923 500 1958 regis,tanquam
541 1926 661 1959 supremi
694 1926 720 1953 in
750 1928 831 1955 rebus
856 1929 1052 1957 ecclesiasticis

268 1967 376 2002 capitis.
391 1967 443 1995 Sed
464 1967 599 1996 Meursius
615 1969 658 1997 hic
689 1971 772 1998 nimis
801 1977 894 2006 aperte
919 1973 1049 2008 anglizat:

268 2016 298 2040 ut
310 2013 381 2040 enim
398 2013 477 2049 Angli
495 2022 583 2049 regem
598 2023 677 2046 suum
694 2017 775 2044 veluti
787 2025 944 2052 supremum
959 2019 1052 2047 Eccle-

269 2058 317 2085 siae
327 2063 409 2093 caput
422 2065 599 2091 venerantur.
609 2061 644 2089 ita
657 2067 686 2089 et
699 2062 791 2090 Batavi
800 2071 879 2091 suum
905 2066 1049 2099 magistras

269 2112 326 2132 tum
342 2106 374 2132 ad
387 2106 459 2133 idem
472 2107 578 2134 culmen
588 2108 704 2136 evehere
716 2108 860 2143 incipiunt.
881 2114 912 2137 ut
937 2111 1048 2145 planum

269 2152 298 2179 lit
318 2159 379 2179 cum
393 2160 426 2180 ex
439 2153 501 2180 aliis
517 2155 706 2187 noretoribus,
719 2158 775 2182 tum
791 2163 822 2182 ex
834 2155 1050 2191 ilugoueGrotio

269 2200 296 2225 in
318 2199 418 2225 Pietate
442 2199 572 2226 Ordinum
599 2199 752 2228 Holluudiae
767 2201 815 2228 :iu
845 2209 899 2236 quo
932 2207 1048 2230 tameua

268 2251 338 2277 puro
349 2243 514 2272 Calvinismo
547 2250 574 2272 et
587 2246 769 2274 Puritanismo
789 2247 908 2274 iunnane
920 2253 1050 2282 quantum

270 2291 411 2322 recedunt,
427 2291 472 2325 qui
494 2291 649 2326 liujusmodi
670 2292 767 2326 capitis
799 2293 1053 2326 impatientissimus

271 2340 322 2368 est,
338 2344 424 2368 neque
441 2344 561 2371 unquam
577 2337 637 2370 ejus
656 2337 758 2372 absque
771 2338 846 2372 gravi
873 2339 1054 2367 detestatione

273 2383 407 2409 meminit.
423 2382 478 2410 Nec
489 2382 651 2418 Grcgeutius
669 2384 817 2419 quidquam
839 2385 872 2412 de
888 2385 939 2412 hoc
956 2386 1054 2413 vicera-

272 2428 326 2462 pite
344 2428 442 2460 innuit,
452 2428 507 2454 imo
520 2427 625 2455 futilem
638 2429 706 2456 hanc
717 2429 922 2464 persuasionem
935 2429 1054 2458 Meursio

272 2474 390 2501 eximere
406 2478 520 2507 poterat,
537 2473 559 2500 si
587 2474 708 2501 animum
740 2475 780 2502 vel
793 2475 930 2509 paululum
957 2478 1055 2502 adver-

272 2521 360 2547 tisset.
372 2519 440 2546 Nam
459 2519 662 2552 ὑπεκκλησίονα
673 2521 711 2547 ait
723 2528 783 2547 eum
802 2528 862 2548 esse
877 2521 923 2555 qui
954 2521 1053 2548 Roma-

273 2569 315 2595 nis
341 2570 453 2593 vocetur
487 2566 615 2598 putricius
650 2566 834 2593 etcattlcleon.
866 2566 932 2599 Quis
962 2572 1052 2593 autem

273 2619 392 2646 unquam
409 2611 513 2638 audivit
530 2610 686 2646 praefectum
702 2611 814 2639 canielei
832 2616 880 2638 aut
910 2612 1053 2646 patricium

273 2659 357 2686 luisse
372 2658 503 2685 vicarium
524 2658 644 2691 supremi
658 2657 753 2691 capitis
765 2657 792 2684 in
810 2657 891 2685 rebus
925 2657 1056 2685 ecclesia-

272 2706 359 2737 sticis,
373 2705 424 2733 hoc
437 2709 478 2732 est
490 2703 681 2738 imperatoris?
693 2702 767 2731 Licet
781 2703 852 2731 enim
869 2703 953 2731 Graeci
965 2707 1056 2739 poste-

273 2752 357 2779 riores
376 2756 405 2778 et
433 2751 586 2785 sequiores.
618 2754 759 2784 postquam
788 2757 802 2776 a
829 2749 930 2777 visibili
966 2756 1055 2784 eoque

274 2806 338 2826 vero
352 2799 442 2833 capite
460 2797 589 2824 Ecclesiae
617 2795 800 2830 desciverunt,
833 2796 990 2832 imperatori
1006 2804 1057 2824 suo

274 2844 404 2871 honorem
416 2844 534 2878 supremi
550 2842 644 2876 capitis
656 2843 812 2877 detulerint,
821 2850 958 2877 nunquam
969 2847 1059 2869 tamen

274 2890 415 2926 patricium
431 2895 477 2918 aut
497 2889 607 2918 caniclci
623 2890 762 2925 praesidem
775 2889 931 2924 imperatori
945 2889 972 2917 iu
993 2889 1053 2922 hoc,

1101 278 1200 306 Gns'rs.

1410 336 1522 377 carur
1539 335 1582 364 IV.

1115 397 1287 431 Explicantur
1303 396 1412 423 obscura
1427 394 1547 430 quwdam
1561 394 1685 420 vocabula
1696 401 1727 420 ea:
1741 394 1826 427 capite
1840 395 1864 420 5.

1138 464 1168 492 Ρ.
1184 464 1225 490 l5.
1245 463 1378 495 Σκιάδιον,
1398 462 1470 497 quod
1493 466 1520 490 et
1540 461 1641 493 σκιάδι,
1659 462 1690 487 ad
1710 461 1819 487 verbum
1842 465 1881 487 est

1103 509 1216 537 umbella
1233 517 1279 537 seu
1296 508 1489 539 umbraculum,
1505 512 1621 542 tegumen
1639 507 1745 540 capitis,
1764 506 1879 533 breviter

1102 556 1197 590 pileus,
1211 562 1265 589 quo
1280 554 1390 581 nomine
1402 553 1429 581 in
1442 552 1566 580 versione
1582 553 1717 587 prmcipue
1733 558 1799 578 usus
1811 558 1880 578 sum.

1103 601 1206 628 Gnsrs.
1479 623 1482 626 .

1138 647 1209 674 Ibid.
1230 645 1371 682 [Granium
1388 645 1476 673 solum
1489 649 1604 672 coronat
1621 649 1646 671 et
1659 643 1754 671 leviter
1788 644 1884 671 adum-

1104 692 1162 718 brat
1178 691 1207 716 τὸ
1224 690 1392 725 καλούμενον
1409 689 1540 721 σκιάδιον,
1572 696 1626 723 qua
1650 688 1684 715 de
1714 696 1798 716 causa
1832 696 1883 716 non

1104 736 1256 767 unibellam.
1276 744 1324 763 ceu
1339 743 1435 763 carens
1448 735 1585 770 protensis
1617 735 1644 762 in
1671 734 1788 762 frontem
1817 735 1883 766 oris,

1104 783 1150 810 sed
1162 782 1287 816 pileolum
1304 789 1336 808 ex
1353 789 1432 816 aequo
1450 782 1483 816 (si
1507 781 1627 808 medium
1663 785 1752 808 tamen
1775 788 1884 812 conum,

1106 828 1169 854 licet
1199 827 1350 860 modicum,
1379 827 1548 862 appinxeris)
1598 830 1682 861 caput
1708 826 1882 857 ambientem,

1106 875 1172 901 mihi
1189 874 1286 909 potiori
1302 874 1364 909 jure
1378 879 1468 905 sonat;
1485 881 1621 908 quemque
1633 872 1826 907 ὁλομάργαρον
1842 872 1884 899 hic

1103 925 1200 947 auctor
1217 925 1308 952 vocat,
1323 919 1507 954 Theophanes
1535 919 1612 954 prius
1629 918 1818 953 καμηλαύκιον
1830 918 1885 944 διὰ-

1101 966 1174 993 λιθον
1191 967 1269 997 dixit.
1283 964 1433 1000 Totilalque
1459 965 1610 992 Gothorum
1623 965 1678 999 regi
1705 964 1856 992 detractum
1870 972 1884 991 a

1101 1012 1214 1040 Narsete
1223 1011 1328 1046 Cpolim
1339 1012 1371 1038 ad
1379 1011 1563 1038 .lustinianum
1573 1010 1652 1044 221
1669 1009 1783 1037 missum
1793 1009 1819 1035 in
1827 1008 1884 1042 ejus

1102 1057 1162 1084 Vita
1176 1057 1309 1084 narravit.
1324 1056 1488 1091 anue,qua
1501 1055 1645 1090 desoripsi,
1662 1054 1747 1089 figura
1765 1053 1884 1080 σκιάδιον

1102 1102 1290 1137 ὀλομάργαρον
1303 1101 1429 1135 Gregora‘.
1439 1105 1465 1127 et
1476 1099 1655 1134 Chaleondyli
1677 1098 1799 1125 nonnulli
1821 1097 1885 1124 editi

1102 1146 1209 1173 codices
1218 1145 1422 1173 demonstrant:
1432 1144 1616 1179 eademque,si
1627 1150 1795 1177 gemmarum
1807 1149 1887 1177 gran-

1102 1193 1164 1219 dine
1172 1191 1555 1226 couspergerentur,usitatum
1566 1189 1616 1218 sibi
1626 1187 1888 1224 καμηλαύκιονϐτπ-

1102 1238 1126 1265 ci
1138 1237 1305 1264 recentiores
1317 1239 1556 1270 repraasentarent,
1569 1239 1595 1261 et
1604 1242 1665 1261 cum
1676 1234 1758 1261 Suida
1769 1233 1887 1260 σκιάδιον

1102 1283 1168 1318 ὅπερ
1185 1284 1262 1317 ἡμεῖς
1277 1281 1464 1316 καμηλαύκιον
1480 1280 1596 1314 λέγομεν
1610 1280 1799 1307 indubitanter
1814 1287 1888 1306 asse-

1103 1332 1239 1355 verarent.
1261 1327 1363 1354 Forsan
1388 1327 1482 1362 igitur,
1510 1330 1539 1353 ut
1566 1325 1660 1353 Totilaz
1695 1325 1887 1360 καμηλαύκιον

1102 1374 1221 1401 διὰ).ιοον
1242 1373 1268 1400 in
1287 1376 1369 1407 caput
1386 1372 1490 1408 recepit
1518 1371 1704 1403 Justinianus,
1727 1372 1764 1399 ita
1792 1373 1826 1399 ab
1854 1379 1887 1398 eo

1103 1419 1244 1454 proprium
1260 1418 1311 1446 sibi
1326 1418 1414 1445 fecere
1437 1419 1538 1454 posteri
1566 1418 1721 1446 Graecorum
1752 1419 1887 1453 principes

1104 1466 1228 1493 σκιάδιον
1237 1465 1441 1500 ὁλομάργαρον.
1459 1472 1514 1499 quo
1529 1464 1706 1499 imperatores
1721 1464 1795 1498 ipsos
1821 1472 1889 1491 non-

1103 1519 1240 1547 nunquam
1261 1511 1443 1538 redimitosiu
1476 1510 1591 1545 picturis
1621 1514 1647 1536 et
1675 1510 1888 1537 numismatibus

1103 1558 1268 1592 conspicias.
1284 1556 1317 1584 Et
1330 1556 1456 1583 diadema
1471 1564 1524 1583 non
1538 1557 1663 1584 alisimile
1677 1563 1691 1583 a
1709 1556 1889 1583 Constantino

1106 1604 1247 1631 inventum
1266 1603 1292 1630 iu
1312 1602 1354 1630 his
1363 1602 1481 1629 Cedreni
1494 1603 1582 1629 verbis
1595 1602 1738 1629 adnotahis
1754 1611 1760 1629 :
1778 1603 1846 1629 Φασὶ
1861 1601 1888 1636 δὲ

1106 1650 1187 1676 αὐτὸν
1205 1649 1312 1684 πρῶτον
1328 1649 1436 1676 πάντων
1450 1648 1502 1674 τῶν
1520 1647 1653 1682 βασιλέων
1665 1647 1808 1681 διαδήματι
1822 1648 1890 1682 χρή-

1107 1695 1204 1722 σασθαι
1215 1695 1264 1721 καὶ
1276 1694 1458 1729 μαργαρίταις
1474 1694 1522 1720 καὶ
1535 1688 1625 1725 ἄλλοις
1639 1693 1723 1725 λίθοις
1746 1693 1890 1728 περιεργό-

1105 1748 1184 1772 τερον
1199 1740 1376 1775 κοσμηῠῆναι.
1403 1739 1499 1774 Cum]
1639 1744 1643 1748 '

1143 1787 1194 1813 Aer
1208 1787 1303 1813 uiadii
1315 1794 1361 1813 seu
1374 1786 1435 1820 pilei
1451 1790 1493 1813 est
1510 1785 1601 1816 umbo,
1629 1785 1675 1811 der
1684 1789 1778 1812 sturm.
1792 1784 1890 1812 Junius

1107 1833 1208 1868 ubique
1223 1833 1421 1867 rertitreplum.
1436 1832 1523 1859 Aliam
1537 1832 1648 1866 insuper
1660 1832 1795 1858 notionem
1808 1831 1891 1859 habet

1106 1880 1119 1905 ὁ
1135 1879 1201 1914 ἀήρ,
1219 1878 1355 1913 signiﬁcat.
1372 1878 1444 1905 enim
1456 1877 1544 1905 velum
1561 1884 1608 1904 seu
1623 1882 1820 1911 tegumentum.
1836 1885 1891 1912 quo

1106 1928 1198 1952 sancta
1216 1928 1354 1958 teguntur.
1379 1922 1500 1957 Liturgia
1525 1921 1554 1949 S.
1578 1921 1767 1956 Chrysostomi
1786 1931 1792 1948 :
1815 1922 1846 1949 '0
1862 1922 1891 1948 δὲ

1106 1970 1196 2004 ἱερεὺς
1212 1970 1281 2004 ἄρας
1297 1969 1342 1995 τὸν
1357 1969 1426 2004 ἀέρα
1443 1967 1581 2002 ἐπιτίθησι
1598 1967 1637 2002 τῷ
1660 1967 1796 2002 ἀριστερῷ
1823 1967 1891 2002 ὤμῳ

1107 2016 1152 2042 τοῦ
1169 2016 1302 2042 διακόνου.
1320 2013 1386 2042 Ek:
1401 2014 1548 2049 ἁποτίθησι
1565 2014 1600 2040 τὰ
1631 2013 1799 2048 καλύμματα
1814 2015 1828 2040 ὁ
1853 2014 1892 2039 ts-

1108 2061 1171 2097 ρείις
1184 2061 1237 2087 ἀπὸ
1253 2060 1300 2087 τοῦ
1316 2060 1395 2094 ἁγίου
1407 2060 1499 2087 δίσκου
1510 2060 1557 2085 καὶ
1570 2059 1617 2085 τοῦ
1630 2058 1708 2091 ἁγίου
1744 2060 1890 2093 ποτηρίου,

1107 2108 1154 2134 τὸν
1173 2107 1202 2133 δὲ
1218 2107 1287 2142 ἀέρα
1301 2106 1391 2133 λαϐὼν
1405 2106 1459 2132 ἀπὸ
1466 2105 1520 2132 τῶν
1533 2105 1618 2140 ὤμων
1636 2105 1684 2130 τοῦ
1704 2105 1830 2132 διακόνου
1845 2106 1893 2131 καὶ

1108 2153 1246 2188 θυμιάσας
1277 2153 1358 2180 αὑτὸν
1382 2151 1564 2183 ὲπισκεπάζει
1584 2151 1618 2177 δι’
1639 2149 1722 2177 αὑτοῦ
1747 2152 1782 2177 τὰ
1814 2151 1891 2185 ἅγια.

1105 2199 1207 2226 Gas'rs.

1140 2243 1210 2271 Ibid.
1228 2243 1335 2280 [Aerem
1352 2243 1396 2271 hic
1420 2243 1566 2270 verberant
1587 2248 1614 2270 et
1630 2247 1724 2270 ventos
1739 2249 1894 2277 sequuntur

1105 2298 1167 2317 cum
1181 2289 1310 2320 Meursio.
1327 2291 1371 2322 qui
1390 2289 1458 2324 ἀέρα
1480 2289 1617 2316 sudarium
1643 2288 1804 2322 liturgicum,
1830 2288 1894 2321 pilei

1107 2336 1245 2363 umbonem
1263 2335 1306 2362 vel
1323 2336 1423 2370 replum
1436 2335 1662 2368 interpretantur.
1679 2334 1798 2361 Sensum
1818 2342 1896 2362 asse-

1107 2388 1206 2418 quetur
1226 2384 1270 2418 qui
1286 2382 1438 2409 doctissimi
1452 2381 1544 2408 Allatii
1562 2385 1679 2408 mentem
1710 2386 1854 2415 sequetur,
1869 2385 1895 2407 et

1105 2437 1139 2457 ex
1152 2428 1195 2462 eo,
1220 2429 1287 2456 mihi
1318 2428 1444 2455 rescribit
1468 2427 1523 2458 ille,
1548 2426 1620 2461 quod
1652 2427 1771 2460 despota:
1795 2434 1893 2453 nomen

1106 2479 1248 2502 exaratum
1267 2474 1347 2509 gerit,
1373 2473 1442 2508 ἀέρα
1472 2472 1593 2498 σχιαδίου
1623 2472 1768 2506 cingulum,
1796 2479 1892 2497 zonam

1107 2527 1155 2547 seu
1169 2520 1260 2546 vittam
1289 2519 1403 2545 frontem
1435 2517 1557 2552 proxime
1582 2517 1758 2547 ambientem.
1794 2517 1895 2543 referre

1108 2567 1245 2600 eonjiciet.
1260 2566 1414 2597 Rationem,
1433 2564 1586 2591 siarrisura
1603 2563 1639 2591 sit
1670 2563 1805 2592 incertus.
1833 2570 1897 2597 pro-

1107 2613 1203 2639 feram.
1221 2611 1439 2645 Aerlitnrgicus,
1464 2611 1487 2636 si
1516 2609 1681 2636 Germanum
1711 2609 1894 2643 patriarcham

1108 2659 1250 2686 docentem
1265 2657 1371 2687 audias.
1390 2656 1479 2683 velum
1492 2655 1579 2689 majus
1597 2659 1639 2682 est
1649 2655 1736 2682 sacris
1760 2655 1839 2682 donis
1867 2654 1894 2680 in

1108 2703 1187 2730 altari
1205 2702 1404 2738 superpositus,
1424 2702 1539 2736 ejusque
1558 2701 1609 2728 alis
1641 2705 1667 2728 et
1698 2701 1816 2732 ambitul
1843 2707 1895 2727 ecu

1109 2757 1172 2776 aere
1185 2749 1226 2776 vel
1237 2749 1337 2776 attinere
1362 2748 1437 2776 orbis
1464 2747 1589 2780 inferior,
1613 2747 1659 2773 illa
1681 2747 1895 2781 circumquaque

1108 2800 1254 2829 teguntur;
1274 2796 1387 2830 parique
1402 2795 1508 2822 ratione
1524 2793 1587 2828 pilai
1612 2801 1658 2819 aer
1685 2792 1824 2827 cingulum
1853 2795 1895 2817 est

1108 2842 1131 2869 ei
1142 2842 1375 2876 circumpositum,
1388 2840 1518 2875 gestantis
1528 2843 1610 2874 caput
1621 2843 1812 2866 coronaturum
1823 2837 1894 2870 ejus-

1110 2895 1163 2923 que
1177 2895 1274 2915 nontcn
1291 2895 1340 2923 per
1355 2886 1472 2915 universi
1491 2886 1557 2914 lines
1579 2885 1792 2920 circumquaque
1817 2888 1894 2918 spar-
