2041 3144
248 163 300 199 sit

782 169 823 200 IN
844 170 1000 203 LIBRUM
1026 172 1075 204 DE
1107 172 1272 204 OFFlCllS
1291 175 1346 206 ΟΡ.

1818 175 1871 210 248

251 230 288 254 ris
302 227 430 254 vurticcm
462 227 601 255 translatis
629 227 716 254 oculis
728 232 829 254 scrtum
862 235 1029 267 gemmeum,

1082 238 1128 262 to;
1152 229 1310 266 περιεῖλησε
1326 231 1370 258 τὸν
1384 230 1474 265 λύγον.
1489 230 1573 266 Cujus
1583 231 1635 259 alia
1651 231 1732 261 lectio
1747 234 1818 262 inter
1830 245 1871 263 va-

247 272 347 301 rassidi
360 271 401 298 vel
413 271 474 306 ejus
488 272 625 299 stemmati
639 272 772 305 eminens,
788 273 827 300 vel
854 274 887 300 ad
908 275 1030 302 dextram

247 318 589 345 aurcmvolitantisinstar
617 319 717 353 plumae
748 317 876 352 allixum,
906 320 1033 354 φοίνικας

247 365 287 392 vel
305 364 427 399 φοινίκια
440 365 581 396 vocitabis,
593 366 670 399 quasi
696 372 834 398 gemmeos
863 366 961 400 capitis
990 367 1031 394 vel

245 418 354 438 coronae
380 411 484 438 botros.
514 411 552 437 lta
578 411 674 438 scribit
693 410 828 446 Georgius
840 410 969 439 Coresius
985 411 1030 439 :id

246 461 382 483 testantur
398 456 509 491 antiqua
533 455 692 483 Grmeorum
710 456 906 491 imperatorum
923 457 1031 484 numis-

247 507 328 528 mata.
342 501 442 538 Ceam]

280 547 349 574 Ibid.
366 548 475 583 Ὶόὖχον
489 548 535 575 τοῦ
548 549 678 576 δεσπότου
695 549 753 576 sive
766 548 876 584 ρουχῐον
887 553 929 576 est
943 549 1028 584 ipsis-

243 594 312 621 sima
328 594 526 622 Germanorum
544 596 641 623 vocula
661 595 731 623 rock.
757 593 865 622 Nicetas
882 595 909 622 in
920 595 1027 623 Andro-

242 648 304 668 meo
317 641 338 668 l.
356 649 373 668 ll
386 649 394 668 :
409 640 549 676 Φοροῦντα
566 642 663 676 ροῦχον
679 643 790 676 σχιστὸν
816 641 897 676 μέχρι
912 641 959 667 καὶ
973 641 1027 668 τῶν

241 687 373 721 γονάτων.
387 686 535 722 llelgaldus
547 687 573 714 in
587 687 640 713 vita
655 687 726 722 regis
742 686 866 715 Roberti:
880 686 986 713 Enen:
1000 695 1028 714 se

241 735 393 761 vestimento
420 742 562 769 purpureo,
590 733 659 768 quod
689 734 778 768 lingua
801 733 901 760 rustica
928 732 1026 759 dicitur

241 788 328 807 ratus.
347 780 416 807 Hinc
429 785 510 807 etiam
528 780 663 807 rothetum
681 787 732 806 vox
750 782 852 814 saeptus
877 779 959 806 obvia
997 779 1024 806 in

242 826 320 854 libris
337 826 494 859 ritualibus,
521 827 673 860 praesertim
692 825 834 853 Romanis.
859 824 924 852 lnde
941 824 1024 852 etiam

243 873 403 906 ρουχαρξῖον
417 872 581 904 vestiarium,
599 879 648 898 vox
666 875 759 898 nostro
787 878 897 906 quoque
916 871 1025 899 .Codino

243 923 381 952 usurpata.
398 917 500 945 Gns'rs.

281 963 352 991 Ibid.
369 963 504 1000 [Despoue
533 965 630 1000 ροὖχον
650 964 807 1000 hujusmodl
826 964 884 992 sive
903 963 1025 997 ἱμάτιον,

241 1011 262 1038 si
279 1011 456 1045 imperatorio
468 1019 521 1038 non
534 1011 666 1039 absimilis
680 1017 722 1039 est
741 1010 846 1044 formae,
865 1010 967 1042 σάκκος
998 1011 1025 1037 in

241 1058 375 1085 St‘Cllllll‘lS
389 1057 506 1090 dicetur,
527 1058 616 1084 tunica
630 1058 758 1085 nimirum
775 1065 790 1085 e
817 1057 911 1085 villoso
939 1057 1027 1084 serico

241 1101 322 1128 ltullis
331 1102 410 1136 plicis
423 1102 582 1136 conspicua.
601 1102 647 1130 sed
663 1103 738 1130 circa
751 1107 847 1138 pectus
861 1107 888 1130 et
919 1102 1027 1130 lumbos

240 1147 373 1181 strictior,
392 1147 474 1182 paulo
494 1148 573 1175 latior
588 1149 660 1176 circa
688 1149 781 1184 pedes.
813 1153 898 1176 totum
929 1156 1029 1183 corpus

241 1193 373 1220 ambiens.
384 1192 419 1221 Ut
429 1194 512 1226 illam,
523 1194 601 1222 clade
617 1195 643 1221 in
658 1195 727 1222 bello
740 1199 861 1229 accepta,
878 1194 964 1221 tristis
976 1201 1029 1222 ase

241 1238 497 1273 nhjeceritloannes
511 1240 622 1274 despola
634 1239 772 1268 Michaelis
779 1239 920 1274 Palaeologi
934 1239 1028 1274 frater,

240 1289 332 1311 narrat
352 1284 489 1320 Gregoras
504 1293 519 1312 v
535 1287 584 1314 ult.
599 1285 700 1322 Goan.]

276 1330 320 1358 Ib.
344 1331 436 1363 Ῥεζας
447 1336 476 1359 et
486 1333 710 1368 στρατηλατίκια,
726 1333 918 1366 interpretatur
932 1332 1031 1360 Junius

242 1377 353 1404 lacinias
366 1382 394 1404 et
409 1378 546 1405 lemniscos
560 1378 698 1406 militares.
712 1379 812 1406 Gnsrs.

265 1439 271 1443 ι
280 1421 352 1449 Ibid.
363 1421 487 1458 [Regiam
501 1425 707 1460 Sandionysiaci
717 1425 852 1452 abbatiam
860 1433 893 1453 eo
905 1426 957 1453 line
968 1432 1031 1460 pro-

242 1466 330 1495 fectus
346 1472 375 1495 ut
389 1467 521 1496 Mannclis
535 1470 710 1504 imperatoris
727 1470 841 1498 llelcnes
871 1471 1030 1506 imperatrio

242 1513 294 1543 cis.
309 1511 425 1552 Joannis
453 1515 560 1549 imperii
590 1516 710 1551 collega),
740 1515 874 1544 Theodori
899 1517 1029 1551 despotae.

242 1560 390 1587 Andronici
406 1560 620 1588 αὐθεντοπούλου
639 1561 851 1598 Palmologorum
869 1570 902 1589 eo
933 1570 974 1589 ms
998 1562 1028 1590 S.

242 1604 362 1641 Dionysii
381 1614 505 1641 operum,
518 1608 590 1642 quod
608 1607 716 1635 Manuel
731 1609 878 1643 praedictus
890 1612 1028 1635 comtaneo

243 1652 295 1678 sibi
308 1651 546 1680 Christianissimo
569 1653 736 1682 Francorum
769 1655 823 1689 regi
848 1654 968 1684 donavit,
984 1661 1031 1681 ex-

243 1703 351 1731 pressas
366 1697 399 1724 ad
411 1698 500 1724 vivum
515 1698 620 1733 efﬁgies
635 1718 642 1731 ,
661 1700 754 1727 vultus
769 1720 776 1731 .
790 1705 947 1731 stemmata,
981 1707 1031 1734 ge-

244 1749 305 1770 stus
318 1761 326 1774 ,
340 1749 429 1770 vestes
444 1762 452 1775 ,
467 1745 584 1771 restium
604 1745 720 1777 colores,
733 1745 845 1772 formam
855 1749 1030 1778 ,ornamenta

243 1787 435 1823 conspicerem
463 1789 595 1818 attentius
619 1795 647 1817 et
672 1791 858 1824 observarem,
890 1796 1030 1825 perspecta

243 1835 356 1862 coccina
369 1834 489 1871 dcspoue
503 1837 594 1863 tunica
610 1836 746 1872 ligataque
753 1837 787 1864 ad
798 1836 897 1864 collum
910 1835 1030 1870 ejusdem

243 1881 344 1908 coloris
355 1882 498 1917 chlamyde
513 1902 521 1913 .
538 1882 617 1918 cujus
647 1883 741 1910 dextra
767 1890 830 1917 pars
857 1883 883 1909 in
906 1883 1030 1909 dextrum

245 1929 390 1956 humerum
406 1929 555 1956 revolvitur
572 1949 580 1962 ,
597 1930 623 1957 in
647 1929 737 1956 tunica
758 1929 800 1964 (ea
815 1929 908 1956 talaris
933 1934 974 1956 est
998 1929 1031 1956 ad

244 1974 315 2001 sacci
329 1974 451 2010 modum)
469 1982 559 2002 ramos
577 1982 675 2002 aureos
696 1975 875 2002 animadverti
898 1975 1031 2010 depictos,

245 2018 468 2054 chlamydemque
480 2019 598 2054 Phrygio
613 2027 752 2055 aureaque
768 2028 850 2055 opere
875 2028 1030 2056 respersam

246 2069 330 2092 totam
345 2085 354 2098 ,
366 2073 413 2100 per
427 2066 512 2101 spatia
524 2066 647 2100 quadam
662 2066 688 2093 in
710 2067 804 2094 orbem
825 2066 919 2094 relicta
936 2067 1032 2102 bicipi-

247 2109 320 2136 tibus
339 2109 441 2143 aquilis
463 2117 531 2136 auro
544 2110 646 2144 pariter
658 2112 796 2145 expressis
808 2112 834 2138 in
852 2119 884 2139 ea
902 2111 1032 2146 fulgenti-

247 2157 308 2184 bus.
325 2157 365 2182 An
381 2163 463 2183 aurea
492 2157 603 2183 ramalia
621 2158 738 2184 radicum
758 2158 844 2185 instar
859 2166 907 2193 per
919 2160 1033 2191 vestem.

247 2202 330 2229 nullis
343 2206 432 2230 tamen
445 2202 543 2237 aquilis
555 2207 690 2236 ornatam,
708 2205 842 2239 serpentia
854 2205 942 2238 ῥίζας,
956 2205 1033 2239 aqui-

247 2248 286 2275 l'lS
299 2256 362 2275 vero
371 2249 498 2283 prima-va
507 2248 689 2276 Romanorum
699 2250 773 2284 signa
787 2250 914 2277 militaria
923 2259 1036 2286 στρατη-

247 2293 358 2320 λατίκια
376 2301 514 2327 voearem,
528 2295 630 2323 dubius
646 2295 761 2329 primum
772 2296 846 2323 haesi.
861 2295 947 2323 Sensu
958 2303 1035 2324 men-

249 2339 337 2373 tisque
346 2339 483 2367 dubietate
493 2348 570 2375 aeque
587 2341 668 2368 docto
689 2349 721 2369 ac
744 2342 808 2368 mihi
825 2342 957 2369 benevolo
983 2342 1035 2377 Cy~

251 2386 310 2413 rillo
326 2385 469 2420 Campana
481 2387 589 2414 Chiensi
602 2387 717 2419 detecta,
733 2387 846 2414 dubium
860 2387 905 2414 ille
922 2388 1036 2422 probato

249 2439 331 2459 sensu
351 2432 465 2466 depulit.
486 2431 538 2465 Tu,
557 2433 655 2466 lector,
670 2433 769 2460 eruditi
793 2433 875 2469 224
895 2433 1036 2468 (ἶηεείιιιια

249 2478 299 2504 \iri
328 2476 490 2505 auctoritate
518 2477 639 2508 laudata,
664 2477 776 2504 lacinias
836 2477 1036 2512 lemniscosque

249 2522 381 2549 militares
399 2522 517 2556 antiquis
532 2521 662 2549 Romanis
680 2521 827 2556 relinques,
845 2526 871 2548 et
897 2522 923 2548 in
941 2529 1036 2548 recen-

249 2569 316 2596 liorc
331 2568 487 2596 Graecarum
502 2568 616 2595 vestium
634 2575 684 2595 usu
701 2575 755 2595 non
771 2568 822 2595 nisi
849 2568 920 2601 quod
938 2568 1035 2595 oculus

247 2616 337 2642 cernit
352 2619 379 2642 et
395 2614 463 2641 ratio
483 2614 580 2641 suadet
594 2613 748 2641 adnotabis.
773 2612 872 2649 Com.)

283 2660 356 2688 Ibid.
382 2661 547 2695 Ταμπέριον
573 2667 622 2694 pro
638 2659 797 2694 ταππάριον
809 2660 865 2687 sive
876 2658 1033 2694 ταόὄάριον,

248 2710 279 2734 ιιι
293 2707 464 2742 μαμπάριον,
485 2706 655 2740 μαππάριον,
669 2705 806 2739 ὀμφίκιον,
823 2704 960 2740 ὀφφίκιον,
983 2705 1035 2732 ita-

248 2752 329 2780 licum
353 2753 470 2783 tabarro.
487 2753 595 2786 penula,
614 2751 743 2785 chlamys.
759 2750 862 2778 Gnms.

275 2796 470 2833 [Τίῳ-κάμον,
490 2797 607 2832 chlamys
633 2797 803 2830 imperatoria
825 2796 858 2823 ad
885 2795 966 2830 pedes
984 2796 1031 2823 tle—

248 2843 346 2875 ﬂuens,
358 2844 482 2871 militaris
500 2847 730 2877 nonnunquamet
742 2842 860 2869 brevior.
884 2841 993 2869 Nicetas
1006 2842 1032 2868 in

251 2887 373 2916 Munuclc
391 2889 540 2923 Comuouo,
559 2889 575 2916 l.
589 2897 626 2916 tv:
638 2889 677 2923 Τῇ
694 2888 742 2924 μὲν
754 2887 925 2923 ﬂammas
943 2887 1035 2921 σώμαι·

1087 275 1142 303 rias
1160 276 1257 304 scribit
1269 276 1308 311 τῷ
1323 276 1372 310 μὲν
1385 277 1536 312 ταμπαριῳ
1559 277 1607 304 τοῦ
1623 280 1749 313 σώματος
1769 282 1871 316 ⁴ιεριει-

1085 320 1151 351 λησε
1163 322 1209 348 τὸν
1218 322 1311 356 λύγον.
1324 322 1358 350 Ut
1370 328 1509 357 gereretur
1518 323 1558 350 vel
1571 331 1670 359 corpus
1682 325 1870 358 ambiretJtaac

1084 367 1135 393 alia
1146 367 1288 402 soriptoris
1303 367 1425 402 ejusdem
1440 368 1522 395 verba
1536 368 1676 396 declarant
1687 370 1706 397 l.
1724 378 1754 397 lll
1768 379 1774 398 :
1794 372 1869 398 Χλα-

1085 411 1156 446 μύδα
1170 412 1326 448 ᾐσθημένος
1340 413 1521 448 ἀστειοτέραν
1551 414 1616 448 περὶ
1631 414 1676 441 τὸν
1690 415 1780 448 δεξιὸν
1788 413 1865 451 ὦμον

1083 458 1360 493 περονουμένην,καὶ
1379 460 1510 492 ἀφιεῖσαν
1538 459 1690 495 ἐλευθέραν
1713 462 1763 494 τὴν
1788 464 1868 498 χεῖρα

1082 501 1153 528 xit-rd
1164 502 1193 529 τὸ
1207 503 1353 538 πόρπημα.
1367 503 1417 532 Ubi
1435 511 1500 531 vero
1511 505 1668 540 ταμπαρῐθυ
1685 506 1744 533 vice
1758 509 1868 534 ταππά-

1081 556 1139 582 ριον
1150 548 1191 575 vel
1205 549 1355 585 ταὸΰάριον
1367 550 1512 586 legendum
1528 555 1608 585 putat
1631 551 1765 580 Meursius
1793 554 1868 582 nullo

1080 597 1204 626 auctore,
1224 598 1351 630 nugatur.
1365 594 1464 631 Go.tn.]

1113 637 1212 667 Junius
1242 640 1268 667 in
1298 640 1404 669 Codino
1437 642 1580 670 confundit
1605 645 1766 680 margaritas
1803 653 1866 674 cum

1078 685 1223 720 margellts,
1241 689 1268 713 et
1280 681 1305 714 id
1322 688 1394 722 quod
1408 696 1442 715 ex
1466 689 1604 724 margellis
1614 695 1732 723 constat,
1746 698 1808 719 cum
1821 692 1867 719 illo

1077 730 1148 765 quod
1158 737 1266 759 constat
1277 740 1309 759 ex
1320 732 1486 767 margaritis,
1500 741 1561 762 cum
1577 738 1668 762 tamen
1682 736 1753 763 haud
1765 737 1863 771 exiguo

1077 775 1234 805 discrimine
1250 778 1362 806 distent.
1381 778 1449 806 Nam
1465 780 1594 815 margella
1615 779 1751 815 signiﬁcat
1780 782 1863 815 1)εο-

1077 822 1183 849 rallium
1199 823 1364 859 lapidem,2)
1377 825 1470 852 l10rem
1486 833 1534 852 seu
1550 826 1659 853 herbam
1671 827 1863 861 anagallidemv

1076 874 1135 902 quae
1149 868 1245 896 rubore
1256 869 1396 897 corallium
1414 871 1554 902 mentitur,
1578 871 1681 899 Gallice
1714 873 1866 908 morgelline

995 932 1004 937 .
1045 918 1064 945 ιι
1079 921 1126 941 seu
1145 915 1309 949 morgellina,
1326 916 1402 950 quasi
1423 925 1532 945 morsus
1549 918 1666 953 gallinae.
1679 917 1804 954 Egineta
1820 927 1865 945 xo-

1079 960 1192 994 ραλλίαν
1203 962 1331 996 appellat.
1346 963 1374 996 5)
1389 963 1415 989 ld
1433 964 1504 998 quod
1525 964 1617 992 ﬂorem
1629 970 1657 992 et
1685 965 1801 1000 lapidem
1816 973 1864 992 co-

1077 1005 1183 1033 rallium
1195 1006 1325 1036 imitatur.
1340 1007 1471 1045 “Omnis
1487 1010 1593 1044 generis
1609 1010 1726 1044 pretiosa
1737 1016 1763 1038 et
1775 1011 1865 1038 disco-

1078 1051 1144 1079 loria
1161 1058 1318 1081 assumenta
1335 1055 1455 1082 vestibus
1470 1055 1616 1090 superaddi
1631 1056 1720 1083 solita.
1736 1056 1865 1092 Μαργέλ-

1080 1097 1135 1124 λων
1148 1106 1218 1133 saape
1237 1100 1307 1127 idem
1325 1100 1459 1135 signiﬁcat
1470 1102 1542 1136 quod
1559 1101 1696 1137 margella.
1709 1102 1865 1137 Aliquando

1078 1145 1245 1177 margellium
1262 1149 1304 1173 est
1318 1145 1424 1173 llmbria
1439 1155 1486 1174 seu
1504 1147 1604 1174 limbus
1618 1155 1649 1174 ex
1669 1149 1799 1183 margclla
1812 1156 1861 1176 seu

1079 1190 1202 1218 corallio.
1221 1190 1426 1226 llloschopnlus:
1444 1192 1531 1227 Λῶμα
1558 1193 1588 1219 τδ
1604 1193 1652 1220 ἀπ’
1676 1194 1762 1229 ἄκρου
1790 1195 1866 1226 τινὸς

1079 1235 1261 1269 ἐκτεταμένον
1274 1237 1320 1262 καὶ
1336 1237 1419 1263 οἶονεὶ
1453 1237 1544 1272 όρίζον
1558 1238 1636 1272 αὐτὸ,
1664 1239 1700 1270 ὼς
1711 1239 1741 1266 τὸ
1769 1241 1867 1272 κοινῶς

1079 1279 1224 1313 λεγόμενον
1242 1281 1570 1318 μαργέλλιον.λωμάτιον.
1599 1285 1709 1318 parvula
1742 1285 1865 1319 ﬁmbria,

1079 1334 1176 1360 parvus
1191 1327 1287 1354 limbus
1304 1335 1349 1354 seu
1361 1328 1498 1355 limbulus.
1510 1328 1594 1356 Porro
1609 1337 1624 1356 a
1637 1329 1720 1364 λῶμα
1731 1331 1763 1357 τὸ
1774 1331 1868 1365 λωμά-

1079 1380 1135 1398 τιον
1143 1376 1235 1400 natum
1250 1373 1357 1400 videtur
1372 1373 1563 1402 Germanicum
1572 1383 1639 1408 sam,
1650 1384 1736 1409 saltm,
1746 1376 1867 1410 fimbria,

1080 1417 1094 1443 λ
1107 1418 1133 1444 in
1143 1417 1163 1444 S
1175 1423 1287 1446 mutato.
1298 1419 1440 1447 Balsamon
1459 1420 1492 1447 ad
1501 1420 1535 1447 27
1547 1429 1677 1448 canonein
1689 1421 1862 1450 Trullanum:

1087 1463 1169 1489 Ἀλλὰ
1189 1464 1378 1500 τάςπολυτελῆ
1410 1465 1606 1500 χρυσοΰφαντα
1634 1466 1808 1502 ἐπιϐλήματα
1833 1469 1868 1494 τὰ

1081 1508 1237 1542 δημοτικῶς
1253 1509 1389 1544 λεγόμενα
1412 1511 1577 1544 μαργὲλλια,
1590 1512 1743 1546 γράμματα
1759 1513 1806 1540 καὶ
1822 1513 1868 1539 ἀν-

1082 1554 1195 1586 τίπανα,
1213 1555 1261 1581 καὶ
1277 1556 1310 1581 τὰ
1333 1555 1365 1581 ὲκ
1382 1556 1516 1590 κογχύλης
1536 1557 1739 1592 πορφυρίζοντα
1760 1558 1866 1593 ἱμάτια.

1081 1599 1233 1627 Grammata
1243 1606 1267 1628 et
1282 1602 1418 1635 antipana,
1431 1602 1508 1636 quasi
1526 1603 1606 1637 panni
1621 1604 1718 1637 pannis
1735 1605 1867 1638 oppositi.

1080 1651 1106 1674 et
1116 1656 1247 1681 purpurea
1258 1649 1422 1675 vestimenta.
1438 1649 1508 1676 Puto
1517 1649 1661 1683 legendum
1672 1650 1805 1685 γάμματα
1820 1657 1868 1685 pro

1081 1693 1234 1728 γράμματα
1249 1702 1256 1721 :
1270 1701 1331 1721 nam
1348 1699 1430 1721 velles
1445 1700 1587 1729 gammalw
1609 1700 1679 1722 nota:
1699 1701 1764 1722 sunt
1794 1696 1866 1731 apud

1080 1738 1198 1771 Graecos,
1216 1744 1241 1766 et
1256 1739 1281 1766 in
1300 1739 1468 1767 Balsamonis
1483 1741 1577 1768 meleta
1601 1741 1635 1768 de
1650 1741 1865 1774 patriarcharum

1082 1785 1228 1820 privilegiis
1244 1786 1327 1813 babes
1357 1787 1499 1821 στιχάριον
1524 1787 1568 1813 διὰ
1593 1787 1761 1822 γαμμάτων.
1791 1787 1866 1815 idem

1081 1829 1224 1858 Balsamon
1240 1832 1276 1858 ad
1292 1839 1424 1859 canonem
1444 1832 1477 1859 l6
1493 1833 1606 1860 concilii
1637 1834 1760 1868 septimi,
1791 1834 1865 1868 quod

1081 1882 1121 1905 est
1135 1879 1284 1905 secundum
1308 1877 1458 1912 Nictenum,
1485 1878 1548 1906 ηὒτε
1562 1880 1624 1906 τινὰ
1638 1880 1788 1915 ὲτερόχριλα
1802 1880 1866 1906 ἐπι-

1082 1923 1210 1959 6λήματα
1222 1925 1422 1959 προσετίθεσαν
1436 1927 1465 1952 ὲν
1480 1927 1535 1957 τοῖς
1549 1926 1648 1961 ἄκροις
1677 1927 1733 1953 τῶν
1749 1927 1867 1962 ἱματίων

1082 1970 1168 2004 ἦγ’λυν
1186 1971 1350 2005 μαργέλλια.
1366 1970 1417 1999 Ubi
1433 1971 1612 2000 doctissimus
1636 1973 1677 1999 vir
1711 1971 1866 2000 Gentinnus

1083 2015 1217 2043 Hert-etus
1232 2017 1264 2043 ad
1277 2017 1426 2052 marginem
1445 2022 1540 2045 notat:
1566 2017 1709 2052 Μαργέλια
1723 2018 1774 2052 (sic
1794 2019 1866 2046 enim

1083 2061 1189 2096 scribit)
1208 2068 1271 2095 puto
1286 2062 1384 2089 dictum
1401 2070 1457 2089 esse
1474 2071 1490 2089 a
1513 2062 1623 2095 Grecis,
1655 2068 1782 2097 corrupta
1809 2064 1867 2090 dic-

1085 2109 1163 2140 tione.
1180 2109 1258 2144 quasi
1275 2110 1444 2144 marginalia.
1461 2110 1512 2138 Cui
1536 2111 1704 2145 conjectura:
1720 2111 1784 2146 quid
1797 2111 1869 2138 veri-

1084 2155 1289 2182 similitudinem
1303 2156 1440 2188 conciliet,
1460 2156 1526 2183 nihil
1546 2157 1624 2184 video
1641 2161 1740 2191 praeter
1774 2157 1866 2183 nomi-

1085 2208 1150 2227 num
1166 2201 1311 2235 quamdam
1328 2201 1533 2229 similitudinem
1549 2211 1556 2235 ;
1579 2207 1605 2229 et
1622 2203 1686 2237 quia
1710 2202 1737 2229 in
1755 2203 1871 2237 margel-

1050 2252 1075 2282 υ
1090 2245 1122 2272 lis
1135 2250 1162 2273 et
1181 2247 1327 2281 margelliis
1344 2255 1496 2279 versamur,
1513 2247 1629 2275 Ceilreni
1645 2248 1738 2275 locum
1755 2249 1782 2275 in
1817 2248 1868 2275 Mi-

1089 2292 1184 2320 chaele
1213 2291 1372 2321 Stratiotico
1423 2294 1588 2328 imperatore
1630 2294 1803 2321 ascribamus
1844 2298 1871 2321 et

1089 2339 1269 2373 explicemus.
1286 2340 1322 2366 Τό
1340 2348 1368 2366 τε
1382 2341 1436 2376 γὰρ
1450 2341 1597 2375 λεγόμενον
1614 2342 1783 2376 στρατήγιον
1801 2341 1870 2367 ἁνα-

1088 2385 1271 2421 καοαιρεσοαι
1286 2386 1428 2419 ἐκέλευσε,
1442 2388 1488 2413 καὶ
1503 2387 1553 2419 τὰς
1571 2388 1624 2413 τῶν
1644 2387 1764 2413 πολιτῶν
1784 2395 1871 2421 κεφα-

1087 2430 1137 2462 λὰς
1153 2433 1316 2463 σκέπεσθαι,
1332 2432 1370 2468 μὴ
1385 2432 1430 2458 διὰ
1457 2433 1632 2467 γριμμάςων
1648 2432 1686 2462 ὡς
1713 2433 1772 2465 νῦν,
1803 2433 1873 2459 ἀλλὰ

1087 2476 1130 2502 διὰ
1144 2476 1424 2512 μαργελ).ογράμμων
1436 2478 1549 2505 ὀθονίων
1570 2479 1602 2504 ὲκ
1631 2478 1734 2513 βύσσου
1766 2487 1873 2514 πορφυ-

1089 2523 1138 2557 ρᾶς
1152 2522 1360 2558 ὲξυςρασμένων.
1371 2523 1458 2551 Iussit
1477 2524 1558 2560 (idem
1578 2524 1763 2559 Stratioticus)
1775 2533 1873 2559 expur—

1086 2570 1144 2604 gari
1160 2569 1325 2604 strategium,
1340 2574 1406 2601 etc.,
1419 2575 1442 2597 et
1454 2573 1541 2604 capita
1551 2571 1646 2597 civium
1662 2571 1712 2605 tegi
1727 2571 1808 2605 225
1819 2579 1871 2598 non

1087 2612 1210 2640 litteratis
1227 2613 1312 2647 pileis,
1331 2618 1359 2640 ut
1379 2621 1447 2640 nunc
1474 2614 1556 2641 moris
1589 2619 1638 2647 est,
1669 2615 1714 2641 sed
1746 2615 1872 2649 margella

1086 2657 1226 2690 ﬁmbriatis
1245 2659 1330 2684 linteis
1349 2665 1381 2685 ex
1400 2659 1475 2692 bysso
1505 2666 1638 2693 purpurea
1671 2660 1759 2687 textis.
1784 2660 1869 2693 Quem

1086 2704 1176 2731 locum
1207 2705 1339 2739 interpres
1364 2704 1479 2733 Cedreni
1493 2713 1522 2732 se
1547 2714 1601 2732 non
1628 2713 1724 2740 capere
1753 2706 1872 2742 ingenue

1087 2750 1245 2784 (onlitetur,
1257 2755 1284 2778 et
1304 2758 1369 2777 sane
1380 2750 1501 2778 diliieilis
1531 2756 1573 2779 est
1594 2760 1600 2785 ;
1617 2760 1696 2786 quem
1720 2752 1869 2787 planiorem

1087 2796 1176 2826 reddit
1194 2796 1238 2823 illa
1254 2795 1365 2824 bleursii
1385 2797 1554 2830 emendatio,
1585 2797 1866 2833 μαργελλθγράμμων

1086 2850 1134 2877 pro
1150 2843 1401 2878 μεγαλογράμμων.
1414 2842 1470 2878 Ego
1484 2844 1599 2871 libenter
1617 2851 1664 2878 pro
1678 2845 1722 2871 διὰ
1734 2845 1871 2880 γραμμά-

1087 2896 1142 2915 των
1159 2888 1274 2922 legerem
1292 2887 1335 2915 διὰ
1354 2888 1508 2921 γαμμὰτων
1539 2897 1545 2916 :
1571 2896 1633 2916 nam
1646 2893 1673 2916 ut
1698 2893 1787 2917 vestes
1805 2890 1867 2917 olim
