2041 3144
171 183 226 215 Ξιθ

723 183 914 216 GRETSERI
942 185 989 214 ET
1010 184 1129 214 GOARI
1149 183 1266 213 NOTE.

1745 186 1798 216 ΞΜ)

175 240 378 274 gammatm.sic
391 243 418 266 et
437 244 594 274 tegumenta
610 240 706 275 capitis
725 246 859 276 gammata
877 241 961 268 fuisse
974 243 997 270 Α
1013 239 1130 266 tribunal
1148 247 1259 267 causam
1279 239 1376 267 refero.
1404 239 1443 267 Illi
1465 240 1486 267 si
1516 240 1620 275 vulgari
1639 240 1796 268 Graecorum

177 284 314 311 videntur.
333 283 432 312 Fateor
455 289 546 312 tamen
561 290 588 312 et
602 285 646 312 hic
658 290 686 312 et
703 286 766 313 alibi
784 287 874 313 forsan
899 286 962 313 reti-

177 329 234 355 neri
251 336 332 363 possc
344 329 497 364 γράμματα
512 337 561 365 pro
571 330 714 365 γάμματα,
724 338 786 357 cum
806 331 887 358 etiam
904 330 962 357 alia:

177 374 284 406 littera»,
311 375 464 409 praesertim
490 377 520 408 A,
532 376 654 403 vestibus
680 376 753 404 assui
779 376 908 408 solerem,
932 380 962 403 ut

179 420 287 454 p'anum
304 421 333 447 tit
348 428 379 447 ex
405 420 596 454 imperatorum
611 421 696 448 tribus
711 421 887 455 imaginibus,
901 428 961 456 qua

178 465 327 500 Nieephoro
348 465 476 501 Οτι-κοτε
489 471 702 502 'praeponnntur.
718 467 818 494 Gnsrs.

212 510 243 538 Ρ,
260 511 299 538 l3.
311 510 343 547 [Δ
357 512 612 546 margine,dictione
624 513 730 546 Latina,
740 513 903 548 μαργέλλιον
914 514 961 540 de-

179 556 267 583 rivant
286 556 386 589 Graeci,
410 565 460 585 nec
483 558 588 585 corallii
604 558 719 592 pretium
739 559 780 586 vel
796 559 960 593 margellina:

179 606 346 628 venustatem
365 602 509 629 attendunt
523 602 616 637 (prout
634 602 779 636 Meursius,
796 608 822 630 et
836 603 882 638 qui
897 611 958 631 eum

178 646 346 678 exscribunt,
361 646 628 682 comminiscuntur),
641 652 710 674 utea
723 654 789 674 voce
802 647 886 674 vestis
901 647 961 674 lim-

180 690 240 716 bum
265 694 293 717 et
309 695 488 718 ammentum
504 692 687 726 quodcunque
703 691 821 719 discolor
831 692 873 719 vel
893 699 961 719 auro

182 739 295 768 textum,
317 744 410 771 panno
432 737 648 772 superadditum,
660 741 821 772 exprimant.
835 738 864 765 Id
880 739 960 773 ipsat-

181 787 234 809 mvt
251 790 265 810 a
282 782 411 810 Gretsero
431 788 491 818 post
510 783 657 812 Mcursium
681 786 825 820 exscripta;
841 785 963 813 auctori-

183 834 249 855 tates
265 829 417 865 evincunt.]
432 830 515 858 Con.

216 875 287 902 Ibid.
303 876 438 908 Κάλτςαι,
457 877 557 912 caligis,
581 884 614 905 ex
627 877 725 905 Latino
747 878 850 906 calceus
877 879 961 914 magis

1017 285 1108 320 lingua
1123 286 1284 313 sententiam
1300 287 1453 318 enuntient,
1469 287 1587 321 primum
1605 287 1743 318 κόκκινον,
1756 294 1799 313 se—

1018 331 1138 358 cundum
1155 331 1201 363 ὀξύ
1229 331 1351 359 sancient
1372 332 1546 365 vocandum;
1564 332 1799 366 suﬂ'ragabuntur—

1016 385 1070 411 que
1100 377 1281 412 Hieronymus
1304 377 1459 406 Germanus
1475 383 1502 406 et
1529 372 1633 405 Simoni
1650 377 1756 404 l’ortius
1771 377 1798 403 in

1017 421 1110 448 lexicis
1122 421 1351 449 Grmcobarbaris.
1367 422 1470 457 Decipit
1485 423 1575 457 itaque
1589 422 1662 450 Junii
1675 423 1798 448 testimo-

1016 466 1090 493 nium
1104 474 1117 491 ιι
1133 466 1259 497 Gretsero
1271 468 1426 502 probatum,
1443 469 1487 495 tibi
1503 469 1558 496 ait:
1573 468 1611 494 Τδ
1628 468 1674 500 ὀξύ
1686 468 1736 494 vim
1753 468 1796 493 in-

1016 511 1137 538 tendendi
1152 512 1239 540 habet.
1262 512 1361 547 Gonn]

1051 557 1091 584 Ib.
1103 558 1257 589 Μουζὰκιον
1268 563 1309 585 est
1321 559 1474 591 mosaicum,
1487 560 1616 586 musivum
1627 567 1691 592 opus
1701 566 1709 584 :
1720 562 1800 584 erant

1013 604 1176 639 ergocalcei
1187 604 1231 631 isti
1245 604 1309 638 picti
1325 605 1402 638 quasi
1418 606 1451 632 de
1468 605 1585 637 musivo.
1602 605 1665 639 quia
1680 607 1798 638 punctu-

1015 650 1048 677 lis
1072 650 1283 678 versicoloribus
1310 650 1476 678 interstincti
1502 655 1593 678 erant.
1622 649 1797 677 RecentiOres

1013 695 1099 722 Grmci
1126 695 1256 730 μουσιοῦν
1281 694 1328 722 καὶ
1345 695 1389 721 διὰ
1416 695 1536 729 μουπίων
1557 693 1797 725 καλλωπίζεινϋί-

1013 745 1089 767 cunt.
1114 740 1148 767 Et
1165 744 1195 767 ut
1220 740 1266 767 hic
1297 740 1380 767 habes
1408 740 1572 775 ι’)ποδήματα
1592 738 1738 772 μουζάκια,
1759 738 1800 765 sic

1012 787 1082 821 apud
1095 786 1256 814 Trebellium
1272 785 1423 813 Pollionem
1438 786 1464 812 in
1478 784 1552 813 'I‘etr.
1564 784 1630 812 Jun.
1644 789 1686 812 est
1700 792 1799 811 corona

1011 832 1145 866 picturata
1160 833 1191 859 de
1204 839 1304 860 museo.
1321 831 1424 860 Gnsrs.

1048 876 1120 905 Ibid.
1128 878 1212 905 Mirus
1222 877 1373 906 tessellator
1387 877 1530 908 Meursius,
1540 877 1586 911 qui
1600 876 1707 904 musivo
1718 882 1801 910 opere

180 927 259 954 quam
274 921 370 956 caliga.
385 922 419 949 Et
430 922 546 949 sumitur
557 923 602 950 hic
615 931 669 950 non
683 931 731 958 pro
742 924 847 956 calceis,
855 924 901 951 sed
913 931 962 958 pro
980 914 1000 942 Β
1014 924 1119 951 calceos
1130 924 1232 950 aliabre
1243 923 1412 958 compositos
1425 923 1531 950 vendit.
1545 923 1579 949 At
1590 929 1644 949 non
1661 921 1800 956 composi-

181 967 302 994 braceis:
321 975 383 994 nam
402 967 485 995 calcei
494 968 550 1003 jam
569 973 732 1003 sequuntur.
748 968 848 1003 Caliga:
872 972 961 996 tamen

180 1020 277 1039 nomen
298 1013 380 1040 etiam
396 1013 518 1041 calceum
547 1015 691 1042 militarem
720 1015 863 1051 signiﬁcat.
895 1015 963 1042 llinc

180 1058 260 1092 βουλὴ
271 1058 398 1093 καλιγων,
408 1065 514 1087 senatus
523 1060 670 1095 caligarum
679 1069 727 1088 seu
738 1061 881 1096 caligatus,
890 1061 962 1096 apud

180 1103 304 1136 Dionem.
315 1105 332 1131 Ι.
347 1113 442 1138 vam,
455 1113 577 1134 scomma
591 1106 617 1133 in
632 1111 766 1139 senatum,
783 1107 855 1142 quod
867 1106 962 1141 ealigis

179 1149 236 1176 sive
252 1150 349 1178 calceis
364 1151 528 1180 militaribus
540 1157 673 1180 uteretur.
690 1153 735 1180 Sic
747 1153 832 1187 caliga
844 1152 963 1180 sumitur

179 1195 212 1220 ab
223 1195 370 1230 interprete
385 1201 479 1225 nostro
489 1197 550 1225 Act.
566 1206 603 1226 xu
613 1207 620 1226 :
632 1198 726 1226 Calcea
741 1202 764 1224 te
779 1197 878 1233 caligas
890 1202 961 1224 luas.

178 1237 271 1266 Grzece
287 1240 418 1276 ὑπόδησαι
433 1242 467 1268 τὰ
487 1242 615 1270 σανδάλιά
628 1252 687 1276 σου,
703 1242 807 1278 ιιιὸιὶθα
835 1239 962 1270 'randafia

180 1291 236 1312 tua.
252 1285 353 1314 Gns'rs.

219 1331 288 1358 Ibid.
304 1331 454 1368 [Nusquam
473 1334 576 1361 calceus
593 1334 715 1367 Latinus,
728 1335 772 1362 vix
796 1335 882 1370 caliga
898 1335 961 1362 item

181 1377 286 1411 Latina,
309 1379 363 1406 imo
378 1380 531 1407 certissime
546 1381 675 1408 Italorum
691 1380 764 1408 ealze
778 1389 873 1408 vocem
895 1381 962 1408 κάλ-

179 1423 240 1452 τξαι
253 1423 355 1450 Graecis
365 1424 476 1451 dedere.
493 1424 548 1451 Nec
561 1424 669 1452 ιιηιίιαι
682 1425 784 1460 itaque,
798 1426 889 1453 minus
906 1425 963 1452 cal-

181 1477 248 1500 ceos,
271 1470 319 1496 sed
338 1470 377 1496 vel
393 1470 493 1504 caligas
512 1471 546 1497 ad
563 1478 656 1498 suram
674 1479 761 1506 usque
784 1472 962 1499 ascendentes

182 1515 221 1541 vel
236 1516 354 1549 integras
371 1523 466 1543 ocreas
479 1517 623 1551 significat.
641 1517 712 1545 Usus
727 1517 853 1553 loquendi
868 1525 963 1545 recen-

1015 975 1067 1003 tos,
1080 970 1184 1004 inquiet
1199 969 1278 1000 alius.
1296 969 1343 996 sed
1361 969 1447 1004 pictos
1464 969 1544 1003 quasi
1561 968 1593 995 de
1616 968 1726 998 musico,
1750 974 1799 993 ceu

1015 1015 1151 1050 punctulis
1165 1014 1377 1042 versicoloribus
1394 1014 1592 1042 interstinctos.
1617 1013 1727 1040 Rectius
1741 1020 1801 1039 om-

1014 1061 1079 1088 nino
1090 1060 1168 1088 lictos
1191 1060 1314 1087 dixisset.
1335 1058 1407 1093 Quid
1426 1060 1507 1094 igitur
1522 1060 1683 1094 ὑποδήματα
1700 1057 1801 1093 9.0qu-

1013 1107 1081 1133 xm?
1098 1106 1190 1133 Genus
1216 1105 1372 1132 Saracenici
1392 1105 1582 1136 calceamenti,
1597 1104 1677 1139 cujus
1699 1111 1765 1131 usus
1782 1111 1796 1130 a

1013 1151 1115 1179 Graecis
1149 1151 1308 1186 peregrinos
1335 1158 1426 1178 mores
1452 1150 1531 1178 facile
1559 1150 1729 1177 imitantibus
1740 1154 1801 1177 erat

1011 1197 1066 1233 jam
1077 1197 1174 1225 Codiui
1186 1201 1306 1232 tempore
1318 1197 1343 1224 in
1354 1197 1458 1224 curiam
1469 1196 1521 1224 (ΞΡ.
1530 1197 1662 1228 invectus,
1670 1195 1802 1229 crepidis-

1013 1251 1066 1278 que
1093 1243 1228 1271 tibialium
1245 1251 1321 1270 more
1347 1243 1503 1279 ceu‘levior
1519 1250 1551 1270 ac
1571 1242 1678 1270 mollior
1690 1242 1801 1269 cothur-

1012 1297 1065 1316 nus
1076 1290 1144 1316 solet
1153 1289 1272 1316 immitti.
1291 1289 1378 1317 Goas.

1048 1335 1091 1363 Ib.
1108 1336 1357 1370 Πτερνιστηρίων.
1374 1334 1456 1362 Forte
1483 1335 1624 1370 legendum
1639 1335 1803 1370 πτιρνιστή-

1013 1391 1078 1418 ρων,
1095 1390 1109 1408 a
1126 1386 1200 1409 recto
1218 1383 1395 1416 πτερνιστήρ.
1413 1381 1516 1408 Gnsrs.
1544 1413 1551 1418 _

1048 1427 1281 1464 [Πτερνιστηρίων
1296 1427 1437 1456 retinenda
1466 1428 1557 1458 lectio,
1573 1435 1623 1455 nec
1638 1427 1796 1462 πτερνιστήε

1014 1484 1068 1510 ρων
1083 1474 1273 1502 substituenda
1290 1483 1297 1501 :
1316 1475 1435 1508 gaudent
1449 1475 1519 1501 enim
1535 1473 1621 1501 Graeci
1635 1473 1738 1500 neutris
1752 1472 1802 1500 hn-

1010 1520 1128 1555 jnsmodi
1145 1528 1160 1548 a
1188 1520 1349 1548 masculiuis
1374 1520 1515 1548 derivatis.
1541 1520 1587 1547 Sic
1601 1520 1695 1547 dicunt
1714 1519 1803 1553 φοίνι-

182 1560 233 1587 tior
252 1568 362 1588 sensum
380 1562 491 1588 allatum
509 1563 616 1597 probat.
630 1564 847 1599 conﬁrmantque
859 1566 884 1593 in
904 1565 961 1592 vul-

1016 1574 1063 1597 κες
1073 1569 1100 1592 et
1115 1565 1244 1600 φοινίκια,
1258 1566 1348 1601 χεῖρες
1358 1569 1384 1592 et
1396 1565 1487 1600 χέρια,
1502 1564 1582 1596 πόδες
1593 1568 1620 1591 et
1635 1563 1724 1595 πόδια.
1744 1568 1798 1593 etc.

181 1606 290 1640 garibus
314 1607 412 1635 lexicis
428 1607 609 1642 Hieronymus
637 1609 790 1638 Germanus
819 1617 846 1639 et
866 1612 960 1640 Simon

183 1651 301 1685 Pertius.
318 1653 365 1688 qui
389 1654 451 1682 licet
467 1655 585 1691 κάρτζαι
599 1657 781 1685 communiori
801 1661 962 1693 pronuntia.

183 1699 246 1726 tioni
274 1699 409 1727 calamum
438 1707 614 1736 exequantes
631 1704 753 1732 scribant
781 1705 964 1739 (substituunt

181 1744 254 1771 enim
269 1745 395 1773 hodierni
413 1755 427 1780 ρ
438 1748 496 1774 vice
509 1747 534 1779 λ,
546 1752 573 1775 et
587 1746 681 1784 ἦρθεν,
696 1757 749 1776 non
765 1747 857 1784 ἦλθεν,
873 1751 964 1786 ἀρμυ-

185 1788 239 1822 ρόν,
258 1797 313 1816 non
331 1790 453 1825 ἁλμυρόν
466 1791 630 1827 proferunt).
646 1793 708 1820 usui
725 1798 814 1820 tamen
831 1798 858 1820 et
872 1796 964 1822 sensui

182 1834 295 1867 reddita,
313 1836 357 1863 hic
373 1836 468 1864 Latina
485 1844 551 1864 voce
568 1838 684 1871 tibialia,
700 1838 746 1866 ille
768 1838 860 1866 Italica
880 1840 964 1875 colu,

181 1882 298 1912 calcette.
315 1883 373 1909 suis
388 1882 498 1910 calculis
513 1887 688 1911 attestantur.
702 1883 776 1911 ϐοιιι
792 1883 801 1920 ]

218 1928 258 1956 Ib.
269 1929 404 1956 Διὸολέα.
420 1927 588 1956 Vocabulum
606 1930 658 1956 boc
673 1929 815 1964 aliquoties
831 1931 901 1963 apud
911 1930 965 1958 Co-

183 1975 272 2001 dinnm
285 1975 394 2010 legitur.
413 1975 538 2006 Διὸολέος
549 1975 618 2002 idem
629 1976 701 2010 quod
710 1975 832 2008 διπλοῦς.
848 1975 900 2003 Pro
911 1985 966 2011 quo

185 2026 289 2048 veteres
304 2021 422 2054 δίϐολος,
448 2026 478 2048 ut
492 2021 596 2053 δίϐολος
609 2022 717 2057 χλαῖνα.
733 2021 842 2055 Junius,
858 2022 966 2049 διϐολέα

183 2067 352 2102 ὑποδήματα,
377 2068 468 2095 bilice:
496 2069 588 2100 calcei,
604 2073 631 2096 et
646 2069 863 2101 8t60).£o¢,biliz,
883 2069 909 2096 id
925 2074 968 2096 est

184 2119 292 2140 amotus
305 2114 419 2141 birolare
431 2115 502 2141 licio.
516 2115 568 2142 Sed
584 2119 613 2141 tu
628 2115 672 2142 dic
686 2115 816 2146 διῦολέης.
833 2123 880 2143 seu
896 2115 967 2142 διϐο-

182 2160 239 2189 λέα.
263 2161 371 2194 quoties
391 2160 462 2194 apud
478 2160 611 2187 Codinnm
643 2161 774 2193 occurrit,
800 2161 868 2188 nihil
893 2161 965 2189 aliud

183 2213 241 2232 esse
253 2212 335 2239 quam
354 2205 453 2231 bicolor
463 2213 511 2232 seu
523 2205 636 2240 duplicis
654 2205 760 2232 coloris.
775 2205 877 2233 Gac'rs.

1015 1612 1114 1648 Coum]

1050 1658 1091 1684 Ib.
1115 1657 1184 1685 Sella
1217 1657 1279 1692 equi
1307 1657 1365 1685 sive
1388 1656 1547 1692 epbippium
1570 1656 1608 1691 (v.
1636 1655 1798 1682 Meursium.

1016 1703 1115 1738 Gem.)
1132 1712 1139 1736 ;
1160 1703 1327 1739 ῑδρομὰχιον.
1355 1707 1382 1730 et
1398 1708 1503 1738 tegmen
1528 1702 1622 1730 sudori
1638 1701 1762 1730 cavendo
1773 1705 1800 1728 et

1017 1751 1051 1778 ab
1068 1750 1146 1784 equis
1164 1749 1292 1777 arcendo.
1309 1749 1412 1777 Gae'rs.

1053 1795 1084 1823 P.
1107 1795 1152 1823 Η.
1175 1794 1243 1831 [Cur
1265 1795 1402 1822 Meursius
1416 1794 1566 1829 stragulam
1591 1793 1719 1829 ephippio
1738 1793 1803 1821 sub-

1016 1846 1130 1868 stratam
1146 1841 1178 1868 ad
1196 1841 1395 1875 prohibendum
1415 1840 1479 1874 equi
1495 1839 1623 1867 sudorem
1640 1840 1670 1866 τὸ
1683 1839 1796 1874 ἱδρομᾶι·

1015 1896 1073 1922 χιον
1089 1891 1216 1921 exponat,
1230 1894 1283 1914 non
1296 1886 1392 1913 video:
1404 1886 1451 1920 qui
1468 1892 1585 1919 namque
1597 1885 1710 1919 depictze
1723 1885 1750 1911 in
1763 1892 1793 1911 ea

1016 1931 1181 1960 eti‘ulsisseut
1203 1931 1300 1966 aquilae
1314 1932 1325 1958 ?
1344 1931 1451 1959 Clarius
1467 1934 1542 1958 certe
1561 1931 1648 1958 nitent
1664 1931 1690 1957 in
1707 1930 1769 1958 aliis
1781 1938 1796 1958 e

1016 1978 1083 2006 sella
1100 1978 1281 2013 pendentibus
1301 1978 1483 2008 ornamentis,
1499 1984 1559 2012 quae
1581 1977 1692 2011 propius
1716 1984 1800 2003 exsu-

1016 2025 1125 2052 dantem
1157 2031 1257 2058 equum
1278 2023 1415 2058 attingunt
1437 2026 1465 2049 et
1480 2021 1540 2057 ejus
1554 2025 1699 2056 extergunt
1716 2020 1802 2048 sudo-

1017 2079 1085 2099 rem.
1097 2069 1204 2105 Genu]

1052 2115 1221 2151 Margellium
1245 2114 1289 2142 hic
1316 2118 1357 2142 est
1372 2117 1543 2149 segmentum
1560 2112 1661 2140 diversi
1686 2111 1801 2142 coloris.

1017 2163 1090 2191 sellae
1111 2167 1175 2190 ante
1199 2165 1226 2189 et
1237 2166 1310 2188 retro
1340 2161 1483 2188 insertum.
1509 2161 1588 2186 Errat
1604 2159 1712 2190 Junius,
1738 2165 1801 2184 cum

1017 2209 1099 2236 verba
1115 2208 1166 2236 ista
1180 2208 1228 2234 καὶ
1244 2207 1284 2238 εις
1299 2207 1333 2234 τὰ
1348 2207 1467 2241 τέσσαρα
1485 2206 1557 2240 μέρη·
1570 2205 1689 2239 seiungit
1703 2211 1718 2231 a
1736 2210 1801 2238 pro-

219 2251 289 2277 Ibid.
300 2250 424 2287 [Διὸολὲα
447 2252 553 2286 quoties
578 2255 702 2279 occurret
729 2252 799 2286 apud
823 2252 968 2285 Codinum,
985 2249 1008 2278 D
1023 2255 1094 2281 xime
1110 2253 1334 2281 antecedentibus
1350 2261 1357 2286 ;
1373 2253 1463 2287 itaque
1474 2252 1566 2284 vertit,
1582 2251 1624 2277 vel
1641 2251 1731 2284 potius
1740 2257 1803 2284 per-

184 2305 234 2323 non
250 2305 303 2323 uno
315 2297 397 2324 modo
416 2297 543 2332 intellige,
560 2297 606 2324 sed
623 2298 761 2325 bicolarem
777 2303 921 2331 vestem,v.
939 2307 965 2334 ε.

184 2342 261 2375 cujus
283 2350 346 2375 pars
368 2343 454 2369 media
473 2343 571 2370 coloris
589 2338 680 2376 unius,
690 2344 800 2371 alterius
812 2348 853 2371 est
871 2344 965 2376 altera,

184 2389 290 2421 qualem
304 2389 464 2424 plerumque
476 2390 696 2417 scabiniurbium
707 2394 804 2424 gerunt
815 2390 842 2416 in
853 2389 965 2423 Galliis;

184 2437 224 2461 vel
238 2435 317 2468 cujus
332 2443 439 2469 pannus
451 2436 569 2463 exterior
583 2436 676 2471 hujus,
691 2437 841 2464 subductus
854 2437 966 2464 alterius

183 2487 224 2508 est
238 2481 338 2508 coloris
353 2491 361 2514 ;
383 2482 425 2508 vel
440 2489 500 2516 quae
511 2482 620 2509 demum
637 2483 665 2509 in
681 2482 859 2509 versicolores
872 2484 965 2510 uenias

183 2532 223 2554 est
239 2533 324 2560 secta,
343 2531 370 2553 et
385 2535 416 2554 ex
429 2528 469 2555 eis
484 2527 595 2555 fasciola
612 2532 639 2555 et
656 2533 793 2561 contexta,
809 2536 858 2563 pro
870 2527 967 2556 Helve-

183 2573 208 2598 t'u
221 2579 281 2598 rum
300 2578 386 2598 more.
402 2571 500 2607 Coum]

218 2617 453 2651 1ῡίἀ.Χρώματος
470 2617 566 2650 ὀξέος,
578 2618 603 2645 id
617 2623 668 2650 est,
682 2619 868 2651 rubentiuimi,
879 2620 980 2654 inquit_

182 2662 300 2690 Junius:
322 2664 370 2695 ὀξύ
388 2665 460 2691 enim
483 2665 536 2691 vim
559 2664 715 2692 intendeudi
735 2666 825 2692 habet.
854 2667 923 2693 Hinc
939 2667 965 2693 in

182 2709 276 2736 codice
287 2714 330 2736 est
343 2709 492 2741 ovalatta,
512 2717 630 2744 purpura
646 2713 827 2745 exquisitiaris
844 2712 964 2740 luminis.

216 2754 298 2789 226
310 2753 396 2790 [Ibid.
412 2755 481 2781 Num
505 2756 650 2783 cmcutiunt
669 2756 766 2784 Junius
783 2762 810 2785 et
824 2766 964 2793 sequaces,

182 2799 228 2831 qui
244 2800 392 2826 discrimen
408 2799 477 2827 inter
492 2801 595 2828 colores
610 2809 710 2836 ponere
722 2805 965 2837 nequeant?Alius

182 2849 224 2871 est
241 2846 311 2872 enim
337 2853 491 2880 purpureus
505 2847 546 2873 vel
566 2851 596 2874 ut
617 2850 843 2876 commentarium
871 2851 966 2878 scribit

185 2890 387 2918 rubentissimtts
405 2891 490 2925 color,
508 2892 577 2921 alius
590 2892 731 2922 violaceus.
748 2894 787 2922 Ad
803 2895 963 2929 bnpltiorum

1021 2299 1111 2330 vertit.
1123 2299 1156 2325 ad
1170 2303 1284 2333 quatuor
1297 2306 1356 2325 vero
1373 2299 1456 2325 latera
1472 2296 1597 2332 sagmatis
1611 2296 1742 2322 sudatorii
1756 2296 1804 2322 ha-

1021 2345 1081 2371 bens
1099 2345 1178 2371 etiam
1203 2349 1302 2371 textum
1315 2353 1329 2372 ε
1344 2343 1497 2378 margaritis
1516 2347 1576 2369 ante
1595 2347 1619 2369 et
1642 2350 1708 2376 pone
1726 2363 1733 2375 ,
1749 2346 1802 2368 etc.

1020 2391 1122 2419 Gnsrs.

1054 2437 1126 2465 Ibid.
1164 2437 1347 2473 Κοπριτόριον
1375 2445 1428 2464 vox
1452 2444 1526 2464 mere
1541 2435 1648 2469 Latina,
1672 2441 1805 2468 cooperta-

1020 2485 1099 2512 rium.
1119 2483 1221 2511 Plinius
1236 2483 1418 2517 eooperculnm
1439 2483 1518 2510 dixit.
1537 2483 1615 2510 Errat
1638 2482 1744 2513 Junius,
1757 2481 1803 2514 qui

1021 2529 1212 2565 κοπριτούριον
1223 2529 1308 2556 edidit
1318 2530 1454 2563 vertitque
1468 2529 1635 2564 postilenam.
1652 2527 1709 2554 Viri
1722 2527 1804 2557 docti,

1020 2576 1108 2610 inquit
1119 2575 1300 2608 Glossarium,
1313 2579 1440 2609 putarunt
1454 2574 1645 2609 κοπριτούριον
1658 2581 1713 2600 esse
1729 2571 1804 2598 Cra:-

1020 2630 1079 2648 cam
1092 2629 1190 2653 vocem,
1209 2621 1284 2656 παρὰ
1296 2621 1345 2656 τῆς
1364 2621 1468 2656 κόπρου
1483 2621 1529 2647 καὶ
1541 2620 1635 2654 οὐρᾶς,
1649 2618 1693 2644 sed
1710 2617 1804 2643 analo-

1019 2668 1062 2702 gia
1082 2672 1207 2702 repugnat
1223 2674 1232 2693 :
1249 2671 1311 2694 tunc
1330 2667 1398 2694 enim
1417 2665 1595 2701 κηπριοὺριον
1611 2665 1685 2698 foret.
1709 2661 1805 2695 Itaque

1019 2722 1071 2740 non
1089 2718 1126 2740 est
1140 2713 1207 2748 quod
1224 2713 1412 2747 [imaeuudinm
1425 2713 1630 2744 interpretentur
1655 2713 1678 2736 et
1694 2707 1803 2742 postile-

1020 2768 1081 2786 nam
1098 2768 1153 2786 esse
1167 2760 1266 2786 dicant.
1286 2758 1346 2785 Hmc
1365 2758 1468 2793 spicula
1483 2757 1509 2783 in
1521 2756 1631 2782 Junium
1645 2754 1748 2781 directe
1760 2753 1804 2779 di-

1019 2810 1092 2832 recta
1110 2810 1183 2837 sunt,
1213 2812 1227 2831 a
1245 2805 1400 2839 professore
1417 2802 1542 2830 Leideusi
1565 2802 1590 2828 in
1620 2799 1800 2836 professorem

1019 2853 1083 2880 olim
1095 2852 1262 2879 Leidensem.
1275 2851 1375 2878 Gnsrs.

1055 2897 1199 2927 lMcursius
1223 2897 1422 2927 convcrtorium,
1438 2899 1464 2922 et
1480 2901 1511 2921 ex
1523 2893 1609 2922 Plinio
1623 2891 1803 2926 cooperculo»:
