  <div class='ocr_page' id='page_1' title='image "/cluster/home/n/w/nwhite01/storage/ocr_20150623/157/njp.32101077773222/134.png"; bbox 0 0 2041 3144; ppageno 0'>
   <div class='ocr_carea' id='block_1_1' title="bbox 185 171 238 201">
    <p class='ocr_par' dir='ltr' id='par_1_1' title="bbox 185 171 238 201">
     <span class='ocr_line' id='line_1_1' title="bbox 185 171 238 201; baseline 0 0"><span class='ocrx_word' id='word_1_1' title='bbox 185 171 238 201; x_wconf 73' lang='lat'><strong>253</strong></span> 
     </span>
    </p>
   </div>
   <div class='ocr_carea' id='block_1_2' title="bbox 735 158 1271 205">
    <p class='ocr_par' dir='ltr' id='par_1_2' title="bbox 735 158 1271 205">
     <span class='ocr_line' id='line_1_2' title="bbox 735 158 1271 205; baseline 0.006 -3"><span class='ocrx_word' id='word_1_2' title='bbox 735 158 929 203; x_wconf 74' lang='lat' dir='ltr'><strong>GliETSERl</strong></span> <span class='ocrx_word' id='word_1_3' title='bbox 945 174 992 203; x_wconf 87' lang='lat' dir='ltr'><strong>ET</strong></span> <span class='ocrx_word' id='word_1_4' title='bbox 1010 174 1129 204; x_wconf 81' lang='lat' dir='ltr'><strong>GOARI</strong></span> <span class='ocrx_word' id='word_1_5' title='bbox 1150 175 1271 205; x_wconf 66' lang='lat' dir='ltr'><strong>NOTE.</strong></span> 
     </span>
    </p>
   </div>
   <div class='ocr_carea' id='block_1_3' title="bbox 1747 176 1801 208">
    <p class='ocr_par' dir='ltr' id='par_1_3' title="bbox 1747 176 1801 208">
     <span class='ocr_line' id='line_1_3' title="bbox 1747 176 1801 208; baseline 0.037 -2"><span class='ocrx_word' id='word_1_6' title='bbox 1747 176 1801 208; x_wconf 65' lang='lat'><strong>254</strong></span> 
     </span>
    </p>
   </div>
   <div class='ocr_carea' id='block_1_4' title="bbox 178 226 961 267">
    <p class='ocr_par' dir='ltr' id='par_1_4' title="bbox 178 226 961 264">
     <span class='ocr_line' id='line_1_4' title="bbox 178 226 961 264; baseline 0.006 -12"><span class='ocrx_word' id='word_1_7' title='bbox 178 227 300 261; x_wconf 79' lang='grc' dir='ltr'><strong>ἁσκεπῆ,</strong></span> <span class='ocrx_word' id='word_1_8' title='bbox 317 226 365 262; x_wconf 90' lang='lat' dir='ltr'><strong>qui</strong></span> <span class='ocrx_word' id='word_1_9' title='bbox 381 226 441 254; x_wconf 88' lang='lat' dir='ltr'><strong>sine</strong></span> <span class='ocrx_word' id='word_1_10' title='bbox 457 226 515 254; x_wconf 92' lang='lat' dir='ltr'><strong>ullo</strong></span> <span class='ocrx_word' id='word_1_11' title='bbox 530 228 601 262; x_wconf 81' lang='lat' dir='ltr'><strong>pileo</strong></span> <span class='ocrx_word' id='word_1_12' title='bbox 619 228 660 255; x_wconf 86' lang='lat' dir='ltr'><strong>vel</strong></span> <span class='ocrx_word' id='word_1_13' title='bbox 685 229 781 263; x_wconf 78' lang='lat' dir='ltr'><strong>capitis</strong></span> <span class='ocrx_word' id='word_1_14' title='bbox 813 235 961 264; x_wconf 76' lang='lat' dir='ltr'><strong>tegumentt</strong></span> 
     </span>
    </p>
   </div>
   <div class='ocr_carea' id='block_1_5' title="bbox 1012 226 1802 267">
    <p class='ocr_par' dir='ltr' id='par_1_5' title="bbox 1021 231 1802 267">
     <span class='ocr_line' id='line_1_5' title="bbox 1021 231 1802 267; baseline 0.003 -9"><span class='ocrx_word' id='word_1_15' title='bbox 1021 239 1118 266; x_wconf 84' lang='lat' dir='ltr'><strong>nuper,</strong></span> <span class='ocrx_word' id='word_1_16' title='bbox 1132 232 1283 267; x_wconf 79' lang='grc' dir='ltr'>χαλινάρια.</span> <span class='ocrx_word' id='word_1_17' title='bbox 1302 231 1397 259; x_wconf 73' lang='lat' dir='ltr'><strong>Paucae</strong></span> <span class='ocrx_word' id='word_1_18' title='bbox 1414 237 1478 259; x_wconf 84' lang='lat' dir='ltr'><strong>sunt</strong></span> <span class='ocrx_word' id='word_1_19' title='bbox 1494 239 1525 258; x_wconf 81' lang='lat' dir='ltr'><strong>ex</strong></span> <span class='ocrx_word' id='word_1_20' title='bbox 1551 231 1696 264; x_wconf 82' lang='lat' dir='ltr'><strong>immenso,</strong></span> <span class='ocrx_word' id='word_1_21' title='bbox 1721 240 1802 267; x_wconf 83' lang='lat' dir='ltr'><strong>quem</strong></span> 
     </span>
    </p>
   </div>
   <div class='ocr_carea' id='block_1_6' title="bbox 176 272 962 306">
    <p class='ocr_par' dir='ltr' id='par_1_6' title="bbox 176 272 962 306">
     <span class='ocr_line' id='line_1_6' title="bbox 176 272 962 306; baseline 0.005 -8"><span class='ocrx_word' id='word_1_22' title='bbox 176 272 202 299; x_wconf 91' lang='lat' dir='ltr'><strong>in</strong></span> <span class='ocrx_word' id='word_1_23' title='bbox 231 272 335 306; x_wconf 80' lang='lat' dir='ltr'><strong>palatio</strong></span> <span class='ocrx_word' id='word_1_24' title='bbox 363 278 499 300; x_wconf 74' lang='lat' dir='ltr'><strong>versatur.</strong></span> <span class='ocrx_word' id='word_1_25' title='bbox 521 273 600 304; x_wconf 84' lang='lat' dir='ltr'><strong>Apud</strong></span> <span class='ocrx_word' id='word_1_26' title='bbox 628 275 772 306; x_wconf 82' lang='lat' dir='ltr'><strong>nonnullos</strong></span> <span class='ocrx_word' id='word_1_27' title='bbox 810 275 962 304; x_wconf 81' lang='lat' dir='ltr'><strong>Germanos</strong></span> 
     </span>
    </p>
   </div>
   <div class='ocr_carea' id='block_1_7' title="bbox 178 319 962 356">
    <p class='ocr_par' dir='ltr' id='par_1_7' title="bbox 178 319 962 356">
     <span class='ocr_line' id='line_1_7' title="bbox 178 319 962 356; baseline 0.004 -10"><span class='ocrx_word' id='word_1_28' title='bbox 178 319 255 346; x_wconf 79' lang='lat' dir='ltr'><strong>Peter</strong></span> <span class='ocrx_word' id='word_1_29' title='bbox 282 319 399 354; x_wconf 74' lang='lat' dir='ltr'><strong>(Petrus)</strong></span> <span class='ocrx_word' id='word_1_30' title='bbox 429 325 470 347; x_wconf 87' lang='lat' dir='ltr'><strong>est</strong></span> <span class='ocrx_word' id='word_1_31' title='bbox 492 321 670 354; x_wconf 79' lang='lat' dir='ltr'><strong>Petermann;</strong></span> <span class='ocrx_word' id='word_1_32' title='bbox 696 321 742 348; x_wconf 92' lang='lat' dir='ltr'><strong>ubi</strong></span> <span class='ocrx_word' id='word_1_33' title='bbox 771 321 889 356; x_wconf 78' lang='lat' dir='ltr'><strong>adjectio</strong></span> <span class='ocrx_word' id='word_1_34' title='bbox 917 323 962 349; x_wconf 83' lang='lat' dir='ltr'><strong>illa</strong></span> 
     </span>
    </p>
   </div>
   <div class='ocr_carea' id='block_1_8' title="bbox 176 364 961 401">
    <p class='ocr_par' dir='ltr' id='par_1_8' title="bbox 176 364 961 401">
     <span class='ocr_line' id='line_1_8' title="bbox 176 364 961 401; baseline 0.004 -10"><span class='ocrx_word' id='word_1_35' title='bbox 176 373 254 391; x_wconf 82' lang='lat' dir='ltr'><strong>manu</strong></span> <span class='ocrx_word' id='word_1_36' title='bbox 271 364 339 391; x_wconf 90' lang='lat' dir='ltr'><strong>nihil</strong></span> <span class='ocrx_word' id='word_1_37' title='bbox 357 365 466 398; x_wconf 82' lang='lat' dir='ltr'><strong>penitus</strong></span> <span class='ocrx_word' id='word_1_38' title='bbox 478 365 512 392; x_wconf 86' lang='lat' dir='ltr'><strong>ad</strong></span> <span class='ocrx_word' id='word_1_39' title='bbox 530 366 756 400; x_wconf 81' lang='lat' dir='ltr'><strong>significationem</strong></span> <span class='ocrx_word' id='word_1_40' title='bbox 781 366 885 401; x_wconf 84' lang='lat' dir='ltr'><strong>adjicit,</strong></span> <span class='ocrx_word' id='word_1_41' title='bbox 897 367 961 401; x_wconf 89' lang='lat' dir='ltr'><strong>quia</strong></span> 
     </span>
    </p>
   </div>
   <div class='ocr_carea' id='block_1_9' title="bbox 177 411 962 448">
    <p class='ocr_par' dir='ltr' id='par_1_9' title="bbox 177 411 962 448">
     <span class='ocr_line' id='line_1_9' title="bbox 177 411 962 448; baseline 0.004 -11"><span class='ocrx_word' id='word_1_42' title='bbox 177 411 247 437; x_wconf 77' lang='lat' dir='ltr'><strong>idem</strong></span> <span class='ocrx_word' id='word_1_43' title='bbox 265 418 379 444; x_wconf 79' lang='lat' dir='ltr'><strong>prorsus</strong></span> <span class='ocrx_word' id='word_1_44' title='bbox 394 416 435 438; x_wconf 86' lang='lat' dir='ltr'><strong>est</strong></span> <span class='ocrx_word' id='word_1_45' title='bbox 447 412 520 445; x_wconf 87' lang='lat' dir='ltr'><strong>quod</strong></span> <span class='ocrx_word' id='word_1_46' title='bbox 537 411 624 438; x_wconf 80' lang='lat' dir='ltr'><strong>Peter.</strong></span> <span class='ocrx_word' id='word_1_47' title='bbox 643 411 725 439; x_wconf 84' lang='lat' dir='ltr'><strong>Forte</strong></span> <span class='ocrx_word' id='word_1_48' title='bbox 754 418 843 440; x_wconf 83' lang='lat' dir='ltr'><strong>autem</strong></span> <span class='ocrx_word' id='word_1_49' title='bbox 870 413 962 448; x_wconf 81' lang='lat' dir='ltr'><strong>legen-</strong></span> 
     </span>
    </p>
   </div>
   <div class='ocr_carea' id='block_1_10' title="bbox 177 456 820 492">
    <p class='ocr_par' dir='ltr' id='par_1_10' title="bbox 177 456 820 492">
     <span class='ocr_line' id='line_1_10' title="bbox 177 456 820 492; baseline 0.005 -10"><span class='ocrx_word' id='word_1_50' title='bbox 177 456 239 482; x_wconf 86' lang='lat' dir='ltr'><strong>dum</strong></span> <span class='ocrx_word' id='word_1_51' title='bbox 251 456 422 482; x_wconf 73' lang='grc' dir='ltr'><strong>ἁετοπούλων</strong></span> <span class='ocrx_word' id='word_1_52' title='bbox 436 457 559 492; x_wconf 68' lang='grc' dir='ltr'><strong>γέμουσι</strong></span> <span class='ocrx_word' id='word_1_53' title='bbox 571 457 705 492; x_wconf 78' lang='grc' dir='ltr'><strong>ἐρυθρῶν.</strong></span> <span class='ocrx_word' id='word_1_54' title='bbox 720 457 820 485; x_wconf 74' lang='lat' dir='ltr'><strong>Gne&#39;rs.</strong></span> 
     </span>
    </p>
   </div>
   <div class='ocr_carea' id='block_1_11' title="bbox 211 499 964 537">
    <p class='ocr_par' dir='ltr' id='par_1_11' title="bbox 211 499 964 537">
     <span class='ocr_line' id='line_1_11' title="bbox 211 499 964 537; baseline 0.005 -11"><span class='ocrx_word' id='word_1_55' title='bbox 211 500 278 527; x_wconf 79' lang='lat' dir='ltr'><strong>Ibid.</strong></span> <span class='ocrx_word' id='word_1_56' title='bbox 294 499 388 537; x_wconf 82' lang='lat' dir='ltr'><strong>[Vocis</strong></span> <span class='ocrx_word' id='word_1_57' title='bbox 403 501 491 533; x_wconf 82' lang='grc' dir='ltr'>πῶλος</span> <span class='ocrx_word' id='word_1_58' title='bbox 508 503 676 530; x_wconf 90' lang='lat' dir='ltr'><strong>adminiculo</strong></span> <span class='ocrx_word' id='word_1_59' title='bbox 689 503 828 531; x_wconf 81' lang='lat' dir='ltr'><strong>nonnullis</strong></span> <span class='ocrx_word' id='word_1_60' title='bbox 843 503 964 530; x_wconf 90' lang='lat' dir='ltr'><strong>diminu-</strong></span> 
     </span>
    </p>
   </div>
   <div class='ocr_carea' id='block_1_12' title="bbox 177 545 962 582">
    <p class='ocr_par' dir='ltr' id='par_1_12' title="bbox 177 545 962 582">
     <span class='ocr_line' id='line_1_12' title="bbox 177 545 962 582; baseline 0.006 -11"><span class='ocrx_word' id='word_1_61' title='bbox 177 545 238 572; x_wconf 85' lang='lat' dir='ltr'><strong>tivis</strong></span> <span class='ocrx_word' id='word_1_62' title='bbox 262 545 413 574; x_wconf 80' lang='lat' dir='ltr'><strong>formandis</strong></span> <span class='ocrx_word' id='word_1_63' title='bbox 451 552 566 575; x_wconf 88' lang='lat' dir='ltr'><strong>utuntur</strong></span> <span class='ocrx_word' id='word_1_64' title='bbox 593 549 728 582; x_wconf 85' lang='lat' dir='ltr'><strong>hodierni,</strong></span> <span class='ocrx_word' id='word_1_65' title='bbox 761 549 787 576; x_wconf 93' lang='lat' dir='ltr'><strong>in</strong></span> <span class='ocrx_word' id='word_1_66' title='bbox 817 550 904 576; x_wconf 92' lang='lat' dir='ltr'><strong>locum</strong></span> <span class='ocrx_word' id='word_1_67' title='bbox 939 557 962 576; x_wconf 88' lang='grc' dir='ltr'><em>ω</em></span> 
     </span>
    </p>
   </div>
   <div class='ocr_carea' id='block_1_13' title="bbox 176 592 962 630">
    <p class='ocr_par' dir='ltr' id='par_1_13' title="bbox 176 592 962 630">
     <span class='ocr_line' id='line_1_13' title="bbox 176 592 962 630; baseline 0.003 -12"><span class='ocrx_word' id='word_1_68' title='bbox 176 592 324 619; x_wconf 75' lang='lat' dir='ltr'><strong>Substituta</strong></span> <span class='ocrx_word' id='word_1_69' title='bbox 341 601 372 618; x_wconf 85' lang='lat' dir='ltr'><strong>ou</strong></span> <span class='ocrx_word' id='word_1_70' title='bbox 391 593 569 628; x_wconf 75' lang='lat' dir='ltr'><strong>diphthongo,</strong></span> <span class='ocrx_word' id='word_1_71' title='bbox 584 599 614 620; x_wconf 91' lang='lat' dir='ltr'><strong>ut</strong></span> <span class='ocrx_word' id='word_1_72' title='bbox 629 603 717 630; x_wconf 82' lang='lat' dir='ltr'><strong>nuper</strong></span> <span class='ocrx_word' id='word_1_73' title='bbox 736 595 764 622; x_wconf 94' lang='lat' dir='ltr'><strong>in</strong></span> <span class='ocrx_word' id='word_1_74' title='bbox 774 602 839 622; x_wconf 79' lang='lat' dir='ltr'><strong>voce</strong></span> <span class='ocrx_word' id='word_1_75' title='bbox 854 603 962 628; x_wconf 84' lang='grc' dir='ltr'><strong>πτερνι-</strong></span> 
     </span>
    </p>
   </div>
   <div class='ocr_carea' id='block_1_14' title="bbox 177 637 962 674">
    <p class='ocr_par' dir='ltr' id='par_1_14' title="bbox 177 637 962 674">
     <span class='ocr_line' id='line_1_14' title="bbox 177 637 962 674; baseline 0.004 -11"><span class='ocrx_word' id='word_1_76' title='bbox 177 637 317 671; x_wconf 77' lang='grc' dir='ltr'><strong>στόλουρον</strong></span> <span class='ocrx_word' id='word_1_77' title='bbox 328 638 389 666; x_wconf 79' lang='lat' dir='ltr'><strong>vice</strong></span> <span class='ocrx_word' id='word_1_78' title='bbox 420 639 652 674; x_wconf 80' lang='grc' dir='ltr'><strong>πτερνιστόλωρον</strong></span> <span class='ocrx_word' id='word_1_79' title='bbox 676 640 896 667; x_wconf 70' lang='lat' dir='ltr'><strong>animadvertere</strong></span> <span class='ocrx_word' id='word_1_80' title='bbox 921 639 962 667; x_wconf 90' lang='lat' dir='ltr'><strong>fas</strong></span> 
     </span>
    </p>
   </div>
   <div class='ocr_carea' id='block_1_15' title="bbox 177 681 962 720">
    <p class='ocr_par' dir='ltr' id='par_1_15' title="bbox 177 681 962 720">
     <span class='ocr_line' id='line_1_15' title="bbox 177 681 962 720; baseline 0.003 -12"><span class='ocrx_word' id='word_1_81' title='bbox 177 681 234 709; x_wconf 90' lang='lat' dir='ltr'><strong>fuit.</strong></span> <span class='ocrx_word' id='word_1_82' title='bbox 264 682 311 709; x_wconf 89' lang='lat' dir='ltr'><strong>Sic</strong></span> <span class='ocrx_word' id='word_1_83' title='bbox 334 684 538 718; x_wconf 76' lang='grc' dir='ltr'><strong>κομητόπουλον</strong></span> <span class='ocrx_word' id='word_1_84' title='bbox 561 685 713 717; x_wconf 85' lang='lat' dir='ltr'><strong>Cedrenus,</strong></span> <span class='ocrx_word' id='word_1_85' title='bbox 743 685 962 720; x_wconf 65' lang='grc' dir='ltr'>ὡρολθγόπουλον</span> 
     </span>
    </p>
   </div>
   <div class='ocr_carea' id='block_1_16' title="bbox 175 727 962 765">
    <p class='ocr_par' dir='ltr' id='par_1_16' title="bbox 175 727 962 765">
     <span class='ocr_line' id='line_1_16' title="bbox 175 727 962 765; baseline 0.005 -12"><span class='ocrx_word' id='word_1_86' title='bbox 175 727 349 756; x_wconf 87' lang='lat' dir='ltr'><strong>doctissimus</strong></span> <span class='ocrx_word' id='word_1_87' title='bbox 372 729 500 762; x_wconf 82' lang='lat' dir='ltr'><strong>Allatius,</strong></span> <span class='ocrx_word' id='word_1_88' title='bbox 529 728 749 765; x_wconf 53' lang='lat' dir='ltr'><strong>afﬁxo-nomulov&#39;</strong></span> <span class='ocrx_word' id='word_1_89' title='bbox 766 731 793 758; x_wconf 91' lang='lat' dir='ltr'><strong>in</strong></span> <span class='ocrx_word' id='word_1_90' title='bbox 819 731 962 765; x_wconf 83' lang='lat' dir='ltr'><strong>sequenti-</strong></span> 
     </span>
    </p>
   </div>
   <div class='ocr_carea' id='block_1_17' title="bbox 177 772 962 810">
    <p class='ocr_par' dir='ltr' id='par_1_17' title="bbox 177 772 962 810">
     <span class='ocr_line' id='line_1_17' title="bbox 177 772 962 810; baseline 0.006 -12"><span class='ocrx_word' id='word_1_91' title='bbox 177 772 225 799; x_wconf 80' lang='lat' dir='ltr'><strong>bus</strong></span> <span class='ocrx_word' id='word_1_92' title='bbox 242 773 363 801; x_wconf 89' lang='lat' dir='ltr'><strong>Codinus</strong></span> <span class='ocrx_word' id='word_1_93' title='bbox 379 775 523 809; x_wconf 84' lang='lat' dir='ltr'><strong>scripsere,</strong></span> <span class='ocrx_word' id='word_1_94' title='bbox 538 781 567 802; x_wconf 84' lang='lat' dir='ltr'><strong>ut</strong></span> <span class='ocrx_word' id='word_1_95' title='bbox 581 776 653 810; x_wconf 73' lang='lat' dir='ltr'><strong>ﬁlios</strong></span> <span class='ocrx_word' id='word_1_96' title='bbox 672 777 785 808; x_wconf 71' lang='lat' dir='ltr'><strong>comitis,</strong></span> <span class='ocrx_word' id='word_1_97' title='bbox 799 777 922 810; x_wconf 70' lang='lat' dir='ltr'><strong>exiguum</strong></span> <span class='ocrx_word' id='word_1_98' title='bbox 936 781 962 803; x_wconf 82' lang='lat' dir='ltr'><strong>et</strong></span> 
     </span>
    </p>
   </div>
   <div class='ocr_carea' id='block_1_18' title="bbox 176 819 962 865">
    <p class='ocr_par' dir='ltr' id='par_1_18' title="bbox 176 819 962 865">
     <span class='ocr_line' id='line_1_18' title="bbox 176 819 962 865; baseline 0.008 -22"><span class='ocrx_word' id='word_1_99' title='bbox 176 819 388 852; x_wconf 71' lang='lat' dir='ltr'><strong>compendiosum</strong></span> <span class='ocrx_word' id='word_1_100' title='bbox 416 820 550 853; x_wconf 80' lang='lat' dir='ltr'><strong>diumale,</strong></span> <span class='ocrx_word' id='word_1_101' title='bbox 566 829 676 854; x_wconf 82' lang='lat' dir='ltr'><strong>puerum</strong></span> <span class='ocrx_word' id='word_1_102' title='bbox 696 821 809 849; x_wconf 77' lang='lat' dir='ltr'><strong>nobilem</strong></span> <span class='ocrx_word' id='word_1_103' title='bbox 826 821 962 865; x_wconf 59' lang='lat' dir='ltr'><strong>exprime-</strong></span> 
     </span>
    </p>
   </div>
   <div class='ocr_carea' id='block_1_19' title="bbox 177 867 711 891">
    <p class='ocr_par' dir='ltr' id='par_1_19' title="bbox 177 867 711 891">
     <span class='ocr_line' id='line_1_19' title="bbox 177 867 711 891; baseline 0.002 -1"><span class='ocrx_word' id='word_1_104' title='bbox 177 869 246 891; x_wconf 89' lang='lat' dir='ltr'><strong>rent.</strong></span> <span class='ocrx_word' id='word_1_105' title='bbox 708 867 711 871; x_wconf 87' lang='lat'>&#39;</span> 
     </span>
    </p>
   </div>
   <div class='ocr_carea' id='block_1_20' title="bbox 210 907 996 948">
    <p class='ocr_par' dir='ltr' id='par_1_20' title="bbox 210 907 996 948">
     <span class='ocr_line' id='line_1_20' title="bbox 210 907 996 948; baseline 0.006 -12"><span class='ocrx_word' id='word_1_106' title='bbox 210 909 277 936; x_wconf 83' lang='lat' dir='ltr'><strong>Ibid.</strong></span> <span class='ocrx_word' id='word_1_107' title='bbox 294 910 358 937; x_wconf 77' lang='grc' dir='ltr'><strong>Ἐπὶ</strong></span> <span class='ocrx_word' id='word_1_108' title='bbox 373 911 510 945; x_wconf 70' lang='grc' dir='ltr'><strong>κεφαλῆς</strong></span> <span class='ocrx_word' id='word_1_109' title='bbox 527 911 569 938; x_wconf 75' lang='grc' dir='ltr'><strong>ἔτι</strong></span> <span class='ocrx_word' id='word_1_110' title='bbox 595 912 664 945; x_wconf 76' lang='grc' dir='ltr'><strong>νέος</strong></span> <span class='ocrx_word' id='word_1_111' title='bbox 682 913 736 939; x_wconf 79' lang='grc' dir='ltr'><strong>ὧν.</strong></span> <span class='ocrx_word' id='word_1_112' title='bbox 766 912 834 947; x_wconf 82' lang='lat' dir='ltr'><strong>Vide</strong></span> <span class='ocrx_word' id='word_1_113' title='bbox 860 913 959 948; x_wconf 84' lang='lat' dir='ltr'><strong>capitis</strong></span> <span class='ocrx_word' id='word_1_114' title='bbox 975 907 996 935; x_wconf 80' lang='grc' dir='ltr'><strong>Β</strong></span> 
     </span>
    </p>
   </div>
   <div class='ocr_carea' id='block_1_21' title="bbox 177 958 684 996">
    <p class='ocr_par' dir='ltr' id='par_1_21' title="bbox 177 958 684 996">
     <span class='ocr_line' id='line_1_21' title="bbox 177 958 684 996; baseline 0.006 -12"><span class='ocrx_word' id='word_1_115' title='bbox 177 958 314 990; x_wconf 74' lang='lat' dir='ltr'><strong>sequentis</strong></span> <span class='ocrx_word' id='word_1_116' title='bbox 330 963 423 984; x_wconf 87' lang='lat' dir='ltr'><strong>notam</strong></span> <span class='ocrx_word' id='word_1_117' title='bbox 439 958 566 993; x_wconf 81' lang='lat' dir='ltr'><strong>primam.</strong></span> <span class='ocrx_word' id='word_1_118' title='bbox 585 959 684 996; x_wconf 63' lang='lat' dir='ltr'><strong>Com]</strong></span> 
     </span>
    </p>
   </div>
   <div class='ocr_carea' id='block_1_22' title="bbox 211 1003 963 1041">
    <p class='ocr_par' dir='ltr' id='par_1_22' title="bbox 211 1003 963 1041">
     <span class='ocr_line' id='line_1_22' title="bbox 211 1003 963 1041; baseline 0.003 -11"><span class='ocrx_word' id='word_1_119' title='bbox 211 1003 292 1037; x_wconf 68' lang='grc'><strong>229</strong></span> <span class='ocrx_word' id='word_1_120' title='bbox 308 1003 378 1030; x_wconf 83' lang='lat' dir='ltr'><strong>Ibid.</strong></span> <span class='ocrx_word' id='word_1_121' title='bbox 397 1004 600 1041; x_wconf 79' lang='grc' dir='ltr'><strong>Καὸαλλικεύῃ,</strong></span> <span class='ocrx_word' id='word_1_122' title='bbox 614 1013 664 1032; x_wconf 76' lang='lat' dir='ltr'><strong>vox</strong></span> <span class='ocrx_word' id='word_1_123' title='bbox 688 1013 702 1032; x_wconf 88' lang='lat' dir='ltr'><strong>a</strong></span> <span class='ocrx_word' id='word_1_124' title='bbox 729 1005 829 1032; x_wconf 74' lang='lat' dir='ltr'><strong>Latino</strong></span> <span class='ocrx_word' id='word_1_125' title='bbox 843 1005 963 1032; x_wconf 75' lang='lat' dir='ltr'><strong>caballus</strong></span> 
     </span>
    </p>
   </div>
   <div class='ocr_carea' id='block_1_23' title="bbox 177 1049 963 1086">
    <p class='ocr_par' dir='ltr' id='par_1_23' title="bbox 177 1049 963 1086">
     <span class='ocr_line' id='line_1_23' title="bbox 177 1049 963 1086; baseline 0.004 -11"><span class='ocrx_word' id='word_1_126' title='bbox 177 1049 246 1082; x_wconf 84' lang='lat' dir='ltr'><strong>ﬁcta,</strong></span> <span class='ocrx_word' id='word_1_127' title='bbox 261 1050 387 1083; x_wconf 86' lang='lat' dir='ltr'><strong>frequens</strong></span> <span class='ocrx_word' id='word_1_128' title='bbox 400 1050 426 1077; x_wconf 94' lang='lat' dir='ltr'><strong>in</strong></span> <span class='ocrx_word' id='word_1_129' title='bbox 440 1052 490 1078; x_wconf 82' lang='lat' dir='ltr'><strong>hoc</strong></span> <span class='ocrx_word' id='word_1_130' title='bbox 504 1058 597 1086; x_wconf 88' lang='lat' dir='ltr'><strong>opere.</strong></span> <span class='ocrx_word' id='word_1_131' title='bbox 616 1051 894 1086; x_wconf 80' lang='lat' dir='ltr'><strong>Additorexplicatio.</strong></span> <span class='ocrx_word' id='word_1_132' title='bbox 907 1052 963 1086; x_wconf 76' lang='grc' dir='ltr'><strong>ἠως</strong></span> 
     </span>
    </p>
   </div>
   <div class='ocr_carea' id='block_1_24' title="bbox 177 1096 964 1132">
    <p class='ocr_par' dir='ltr' id='par_1_24' title="bbox 177 1096 964 1132">
     <span class='ocr_line' id='line_1_24' title="bbox 177 1096 964 1132; baseline 0.003 -9"><span class='ocrx_word' id='word_1_133' title='bbox 177 1096 288 1132; x_wconf 73' lang='grc' dir='ltr'><strong>ιππεὺῃ,</strong></span> <span class='ocrx_word' id='word_1_134' title='bbox 303 1097 398 1131; x_wconf 81' lang='lat' dir='ltr'><strong>quales</strong></span> <span class='ocrx_word' id='word_1_135' title='bbox 409 1097 585 1124; x_wconf 83' lang='lat' dir='ltr'><strong>barbararum</strong></span> <span class='ocrx_word' id='word_1_136' title='bbox 596 1097 747 1124; x_wconf 85' lang='lat' dir='ltr'><strong>dictionum</strong></span> <span class='ocrx_word' id='word_1_137' title='bbox 767 1097 964 1132; x_wconf 82' lang='lat' dir='ltr'><strong>explicationes</strong></span> 
     </span>
    </p>
   </div>
   <div class='ocr_carea' id='block_1_25' title="bbox 176 1144 964 1178">
    <p class='ocr_par' dir='ltr' id='par_1_25' title="bbox 176 1144 964 1178">
     <span class='ocr_line' id='line_1_25' title="bbox 176 1144 964 1178; baseline 0.001 -7"><span class='ocrx_word' id='word_1_138' title='bbox 176 1144 265 1171; x_wconf 70' lang='lat' dir='ltr'><strong>multae</strong></span> <span class='ocrx_word' id='word_1_139' title='bbox 288 1144 614 1177; x_wconf 81' lang='lat' dir='ltr'><strong>occurruntinCodino;</strong></span> <span class='ocrx_word' id='word_1_140' title='bbox 636 1148 664 1170; x_wconf 94' lang='lat' dir='ltr'><strong>ut</strong></span> <span class='ocrx_word' id='word_1_141' title='bbox 677 1144 757 1178; x_wconf 87' lang='lat' dir='ltr'><strong>paulo</strong></span> <span class='ocrx_word' id='word_1_142' title='bbox 780 1148 842 1171; x_wconf 84' lang='lat' dir='ltr'><strong>ante</strong></span> <span class='ocrx_word' id='word_1_143' title='bbox 855 1145 964 1178; x_wconf 81' lang='grc' dir='ltr'><strong>κάμπος</strong></span> 
     </span>
    </p>
   </div>
   <div class='ocr_carea' id='block_1_26' title="bbox 175 1189 964 1225">
    <p class='ocr_par' dir='ltr' id='par_1_26' title="bbox 175 1189 964 1225">
     <span class='ocr_line' id='line_1_26' title="bbox 175 1189 964 1225; baseline 0.001 -9"><span class='ocrx_word' id='word_1_144' title='bbox 175 1189 229 1225; x_wconf 70' lang='grc' dir='ltr'><strong>ἧως</strong></span> <span class='ocrx_word' id='word_1_145' title='bbox 251 1190 353 1216; x_wconf 61' lang='lat' dir='ltr'><strong>areolae.</strong></span> <span class='ocrx_word' id='word_1_146' title='bbox 366 1189 421 1217; x_wconf 87' lang='lat' dir='ltr'><strong>Nec</strong></span> <span class='ocrx_word' id='word_1_147' title='bbox 437 1190 496 1217; x_wconf 88' lang='lat' dir='ltr'><strong>scio</strong></span> <span class='ocrx_word' id='word_1_148' title='bbox 516 1198 581 1216; x_wconf 92' lang='lat' dir='ltr'><strong>num</strong></span> <span class='ocrx_word' id='word_1_149' title='bbox 599 1191 654 1217; x_wconf 87' lang='lat' dir='ltr'><strong>sint</strong></span> <span class='ocrx_word' id='word_1_150' title='bbox 673 1190 707 1217; x_wconf 88' lang='lat' dir='ltr'><strong>ab</strong></span> <span class='ocrx_word' id='word_1_151' title='bbox 725 1195 838 1217; x_wconf 88' lang='lat' dir='ltr'><strong>auctore</strong></span> <span class='ocrx_word' id='word_1_152' title='bbox 853 1198 887 1217; x_wconf 92' lang='lat' dir='ltr'><strong>an</strong></span> <span class='ocrx_word' id='word_1_153' title='bbox 903 1197 917 1217; x_wconf 88' lang='lat' dir='ltr'><strong>a</strong></span> <span class='ocrx_word' id='word_1_154' title='bbox 929 1189 964 1217; x_wconf 65' lang='lat' dir='ltr'><strong>li«</strong></span> 
     </span>
    </p>
   </div>
   <div class='ocr_carea' id='block_1_27' title="bbox 175 1235 964 1271">
    <p class='ocr_par' dir='ltr' id='par_1_27' title="bbox 175 1235 964 1271">
     <span class='ocr_line' id='line_1_27' title="bbox 175 1235 964 1271; baseline 0.001 -9"><span class='ocrx_word' id='word_1_155' title='bbox 175 1236 283 1263; x_wconf 85' lang='lat' dir='ltr'><strong>brariis.</strong></span> <span class='ocrx_word' id='word_1_156' title='bbox 306 1236 381 1267; x_wconf 82' lang='grc' dir='ltr'><strong>Ἦως</strong></span> <span class='ocrx_word' id='word_1_157' title='bbox 394 1236 556 1263; x_wconf 87' lang='lat' dir='ltr'><strong>recentioris</strong></span> <span class='ocrx_word' id='word_1_158' title='bbox 570 1235 682 1263; x_wconf 63' lang='lat' dir='ltr'><strong>Graecia</strong></span> <span class='ocrx_word' id='word_1_159' title='bbox 698 1235 826 1263; x_wconf 84' lang='lat' dir='ltr'><strong>ﬂosculus</strong></span> <span class='ocrx_word' id='word_1_160' title='bbox 840 1239 893 1268; x_wconf 88' lang='lat' dir='ltr'><strong>est,</strong></span> <span class='ocrx_word' id='word_1_161' title='bbox 915 1243 964 1271; x_wconf 90' lang='lat' dir='ltr'><strong>pro</strong></span> 
     </span>
    </p>
   </div>
   <div class='ocr_carea' id='block_1_28' title="bbox 174 1281 964 1317">
    <p class='ocr_par' dir='ltr' id='par_1_28' title="bbox 174 1281 964 1317">
     <span class='ocr_line' id='line_1_28' title="bbox 174 1281 964 1317; baseline -0.001 -8"><span class='ocrx_word' id='word_1_162' title='bbox 174 1283 199 1317; x_wconf 68' lang='grc' dir='ltr'><strong>ἡ.</strong></span> <span class='ocrx_word' id='word_1_163' title='bbox 211 1282 309 1310; x_wconf 78' lang='lat' dir='ltr'><strong>Primis</strong></span> <span class='ocrx_word' id='word_1_164' title='bbox 322 1283 411 1310; x_wconf 81' lang='lat' dir='ltr'><strong>verbis</strong></span> <span class='ocrx_word' id='word_1_165' title='bbox 423 1282 503 1316; x_wconf 86' lang='lat' dir='ltr'><strong>hujus</strong></span> <span class='ocrx_word' id='word_1_166' title='bbox 513 1283 619 1309; x_wconf 88' lang='lat' dir='ltr'><strong>numeri</strong></span> <span class='ocrx_word' id='word_1_167' title='bbox 641 1281 711 1309; x_wconf 82' lang='lat' dir='ltr'><strong>forte</strong></span> <span class='ocrx_word' id='word_1_168' title='bbox 721 1283 810 1317; x_wconf 85' lang='lat' dir='ltr'><strong>aptior</strong></span> <span class='ocrx_word' id='word_1_169' title='bbox 829 1283 964 1317; x_wconf 84' lang='lat' dir='ltr'><strong>scriptura</strong></span> 
     </span>
    </p>
   </div>
   <div class='ocr_carea' id='block_1_29' title="bbox 175 1325 964 1365">
    <p class='ocr_par' dir='ltr' id='par_1_29' title="bbox 175 1325 964 1365">
     <span class='ocr_line' id='line_1_29' title="bbox 175 1325 964 1365; baseline 0 -9"><span class='ocrx_word' id='word_1_170' title='bbox 175 1335 244 1356; x_wconf 79' lang='lat' dir='ltr'><strong>esset</strong></span> <span class='ocrx_word' id='word_1_171' title='bbox 261 1338 268 1356; x_wconf 87' lang='lat'><strong>:</strong></span> <span class='ocrx_word' id='word_1_172' title='bbox 283 1328 397 1361; x_wconf 78' lang='grc' dir='ltr'><strong>Πεζεύει</strong></span> <span class='ocrx_word' id='word_1_173' title='bbox 412 1330 427 1356; x_wconf 86' lang='grc' dir='ltr'>ὁ</span> <span class='ocrx_word' id='word_1_174' title='bbox 444 1329 587 1364; x_wconf 77' lang='grc' dir='ltr'><strong>δεσπότης,</strong></span> <span class='ocrx_word' id='word_1_175' title='bbox 605 1329 633 1355; x_wconf 74' lang='grc' dir='ltr'><strong>ὲν</strong></span> <span class='ocrx_word' id='word_1_176' title='bbox 648 1325 669 1363; x_wconf 84' lang='grc' dir='ltr'>ᾧ</span> <span class='ocrx_word' id='word_1_177' title='bbox 686 1329 718 1356; x_wconf 84' lang='grc' dir='ltr'>ἃν</span> <span class='ocrx_word' id='word_1_178' title='bbox 729 1329 803 1365; x_wconf 79' lang='grc' dir='ltr'><strong>τόπῳ</strong></span> <span class='ocrx_word' id='word_1_179' title='bbox 818 1329 964 1364; x_wconf 76' lang='grc' dir='ltr'><strong>προστάξει</strong></span> 
     </span>
    </p>
   </div>
   <div class='ocr_carea' id='block_1_30' title="bbox 174 1373 555 1407">
    <p class='ocr_par' dir='ltr' id='par_1_30' title="bbox 174 1373 555 1407">
     <span class='ocr_line' id='line_1_30' title="bbox 174 1373 555 1407; baseline 0.003 -7"><span class='ocrx_word' id='word_1_180' title='bbox 174 1374 251 1400; x_wconf 74' lang='grc' dir='ltr'><strong>τοῦτο</strong></span> <span class='ocrx_word' id='word_1_181' title='bbox 266 1375 280 1400; x_wconf 81' lang='grc' dir='ltr'>ὁ</span> <span class='ocrx_word' id='word_1_182' title='bbox 298 1373 435 1407; x_wconf 74' lang='grc' dir='ltr'><strong>βασιλεύς.</strong></span> <span class='ocrx_word' id='word_1_183' title='bbox 451 1373 555 1401; x_wconf 79' lang='lat' dir='ltr'><strong>Gnsrs.</strong></span> 
     </span>
    </p>
   </div>
   <div class='ocr_carea' id='block_1_31' title="bbox 209 1418 965 1455">
    <p class='ocr_par' dir='ltr' id='par_1_31' title="bbox 209 1418 965 1455">
     <span class='ocr_line' id='line_1_31' title="bbox 209 1418 965 1455; baseline 0.003 -9"><span class='ocrx_word' id='word_1_184' title='bbox 209 1418 250 1447; x_wconf 76' lang='grc' dir='ltr'>ιι.</span> <span class='ocrx_word' id='word_1_185' title='bbox 261 1419 461 1454; x_wconf 79' lang='grc' dir='ltr'><strong>Σκσράνικον.</strong></span> <span class='ocrx_word' id='word_1_186' title='bbox 474 1419 572 1447; x_wconf 82' lang='lat' dir='ltr'><strong>Junius</strong></span> <span class='ocrx_word' id='word_1_187' title='bbox 580 1420 679 1455; x_wconf 84' lang='lat' dir='ltr'><strong>pallam</strong></span> <span class='ocrx_word' id='word_1_188' title='bbox 695 1421 776 1447; x_wconf 86' lang='lat' dir='ltr'><strong>vertit</strong></span> <span class='ocrx_word' id='word_1_189' title='bbox 787 1421 827 1448; x_wconf 87' lang='lat' dir='ltr'><strong>vel</strong></span> <span class='ocrx_word' id='word_1_190' title='bbox 838 1421 928 1448; x_wconf 67' lang='lat' dir='ltr'><strong>laxam</strong></span> <span class='ocrx_word' id='word_1_191' title='bbox 940 1426 965 1449; x_wconf 81' lang='lat' dir='ltr'><strong>et</strong></span> 
     </span>
    </p>
   </div>
   <div class='ocr_carea' id='block_1_32' title="bbox 174 1466 963 1502">
    <p class='ocr_par' dir='ltr' id='par_1_32' title="bbox 174 1466 963 1502">
     <span class='ocr_line' id='line_1_32' title="bbox 174 1466 963 1502; baseline 0.003 -10"><span class='ocrx_word' id='word_1_192' title='bbox 174 1466 294 1500; x_wconf 70' lang='lat' dir='ltr'><strong>ﬂuentem</strong></span> <span class='ocrx_word' id='word_1_193' title='bbox 319 1470 425 1500; x_wconf 81' lang='lat' dir='ltr'><strong>togam;</strong></span> <span class='ocrx_word' id='word_1_194' title='bbox 439 1466 553 1500; x_wconf 83' lang='lat' dir='ltr'><strong>ejusque</strong></span> <span class='ocrx_word' id='word_1_195' title='bbox 569 1466 694 1493; x_wconf 85' lang='lat' dir='ltr'><strong>vocabuli</strong></span> <span class='ocrx_word' id='word_1_196' title='bbox 711 1467 810 1494; x_wconf 81' lang='lat' dir='ltr'><strong>natalia</strong></span> <span class='ocrx_word' id='word_1_197' title='bbox 834 1467 868 1494; x_wconf 88' lang='lat' dir='ltr'><strong>ab</strong></span> <span class='ocrx_word' id='word_1_198' title='bbox 881 1467 963 1502; x_wconf 72' lang='lat' dir='ltr'><strong>Assy-</strong></span> 
     </span>
    </p>
   </div>
   <div class='ocr_carea' id='block_1_33' title="bbox 176 1510 964 1545">
    <p class='ocr_par' dir='ltr' id='par_1_33' title="bbox 176 1510 964 1545">
     <span class='ocr_line' id='line_1_33' title="bbox 176 1510 964 1545; baseline 0.003 -9"><span class='ocrx_word' id='word_1_199' title='bbox 176 1510 221 1537; x_wconf 84' lang='lat' dir='ltr'><strong>riis</strong></span> <span class='ocrx_word' id='word_1_200' title='bbox 236 1511 344 1545; x_wconf 85' lang='lat' dir='ltr'><strong>repetit.</strong></span> <span class='ocrx_word' id='word_1_201' title='bbox 378 1510 433 1545; x_wconf 82' lang='lat' dir='ltr'><strong>Ego</strong></span> <span class='ocrx_word' id='word_1_202' title='bbox 448 1518 546 1537; x_wconf 83' lang='lat' dir='ltr'><strong>nomen</strong></span> <span class='ocrx_word' id='word_1_203' title='bbox 572 1511 696 1538; x_wconf 68' lang='lat' dir='ltr'><strong>Grazcum</strong></span> <span class='ocrx_word' id='word_1_204' title='bbox 713 1511 883 1538; x_wconf 78' lang='lat' dir='ltr'><strong>retinendum</strong></span> <span class='ocrx_word' id='word_1_205' title='bbox 899 1519 964 1539; x_wconf 90' lang='lat' dir='ltr'><strong>cen-</strong></span> 
     </span>
    </p>
   </div>
   <div class='ocr_carea' id='block_1_34' title="bbox 176 1555 964 1591">
    <p class='ocr_par' dir='ltr' id='par_1_34' title="bbox 176 1555 964 1591">
     <span class='ocr_line' id='line_1_34' title="bbox 176 1555 964 1591; baseline 0 -8"><span class='ocrx_word' id='word_1_206' title='bbox 176 1564 229 1588; x_wconf 81' lang='lat' dir='ltr'><strong>seo,</strong></span> <span class='ocrx_word' id='word_1_207' title='bbox 247 1560 301 1582; x_wconf 86' lang='lat' dir='ltr'><strong>tam</strong></span> <span class='ocrx_word' id='word_1_208' title='bbox 318 1555 363 1582; x_wconf 87' lang='lat' dir='ltr'><strong>hic</strong></span> <span class='ocrx_word' id='word_1_209' title='bbox 381 1563 461 1589; x_wconf 80' lang='lat' dir='ltr'><strong>quam</strong></span> <span class='ocrx_word' id='word_1_210' title='bbox 491 1555 568 1587; x_wconf 83' lang='lat' dir='ltr'><strong>alibi,</strong></span> <span class='ocrx_word' id='word_1_211' title='bbox 587 1560 640 1583; x_wconf 87' lang='lat' dir='ltr'><strong>tam</strong></span> <span class='ocrx_word' id='word_1_212' title='bbox 660 1556 686 1583; x_wconf 88' lang='lat' dir='ltr'><strong>in</strong></span> <span class='ocrx_word' id='word_1_213' title='bbox 714 1557 755 1583; x_wconf 86' lang='lat' dir='ltr'><strong>his</strong></span> <span class='ocrx_word' id='word_1_214' title='bbox 770 1564 850 1591; x_wconf 90' lang='lat' dir='ltr'><strong>quam</strong></span> <span class='ocrx_word' id='word_1_215' title='bbox 865 1557 890 1583; x_wconf 91' lang='lat' dir='ltr'><strong>in</strong></span> <span class='ocrx_word' id='word_1_216' title='bbox 903 1557 964 1584; x_wconf 87' lang='lat' dir='ltr'><strong>aliis</strong></span> 
     </span>
    </p>
   </div>
   <div class='ocr_carea' id='block_1_35' title="bbox 175 1601 963 1638">
    <p class='ocr_par' dir='ltr' id='par_1_35' title="bbox 175 1601 963 1638">
     <span class='ocr_line' id='line_1_35' title="bbox 175 1601 963 1638; baseline 0.004 -11"><span class='ocrx_word' id='word_1_217' title='bbox 175 1601 200 1628; x_wconf 92' lang='lat' dir='ltr'><strong>id</strong></span> <span class='ocrx_word' id='word_1_218' title='bbox 217 1609 301 1635; x_wconf 76' lang='lat' dir='ltr'><strong>genus</strong></span> <span class='ocrx_word' id='word_1_219' title='bbox 318 1601 468 1633; x_wconf 81' lang='lat' dir='ltr'><strong>vocabulis,</strong></span> <span class='ocrx_word' id='word_1_220' title='bbox 488 1602 598 1636; x_wconf 87' lang='lat' dir='ltr'><strong>quando</strong></span> <span class='ocrx_word' id='word_1_221' title='bbox 623 1602 727 1629; x_wconf 90' lang='lat' dir='ltr'><strong>nullum</strong></span> <span class='ocrx_word' id='word_1_222' title='bbox 756 1602 881 1630; x_wconf 88' lang='lat' dir='ltr'><strong>Latinum</strong></span> <span class='ocrx_word' id='word_1_223' title='bbox 898 1611 963 1638; x_wconf 91' lang='lat' dir='ltr'><strong>sup-</strong></span> 
     </span>
    </p>
   </div>
   <div class='ocr_carea' id='block_1_36' title="bbox 175 1647 960 1682">
    <p class='ocr_par' dir='ltr' id='par_1_36' title="bbox 175 1647 960 1682">
     <span class='ocr_line' id='line_1_36' title="bbox 175 1647 960 1682; baseline 0.003 -8"><span class='ocrx_word' id='word_1_224' title='bbox 175 1650 239 1682; x_wconf 67' lang='lat' dir='ltr'><strong>petit</strong></span> <span class='ocrx_word' id='word_1_225' title='bbox 256 1647 328 1681; x_wconf 83' lang='lat' dir='ltr'><strong>quod</strong></span> <span class='ocrx_word' id='word_1_226' title='bbox 347 1647 401 1674; x_wconf 85' lang='lat' dir='ltr'><strong>vim</strong></span> <span class='ocrx_word' id='word_1_227' title='bbox 429 1647 497 1674; x_wconf 82' lang='lat' dir='ltr'><strong>satis</strong></span> <span class='ocrx_word' id='word_1_228' title='bbox 519 1648 662 1682; x_wconf 81' lang='lat' dir='ltr'><strong>exprimat.</strong></span> <span class='ocrx_word' id='word_1_229' title='bbox 689 1649 768 1676; x_wconf 81' lang='lat' dir='ltr'><strong>FOrte</strong></span> <span class='ocrx_word' id='word_1_230' title='bbox 794 1649 960 1676; x_wconf 75' lang='lat' dir='ltr'><strong>scarnnicum</strong></span> 
     </span>
    </p>
   </div>
   <div class='ocr_carea' id='block_1_37' title="bbox 174 1691 961 1728">
    <p class='ocr_par' dir='ltr' id='par_1_37' title="bbox 174 1691 961 1728">
     <span class='ocr_line' id='line_1_37' title="bbox 174 1691 961 1728; baseline 0.004 -9"><span class='ocrx_word' id='word_1_231' title='bbox 174 1698 214 1720; x_wconf 85' lang='lat' dir='ltr'><strong>est</strong></span> <span class='ocrx_word' id='word_1_232' title='bbox 226 1700 242 1720; x_wconf 84' lang='lat' dir='ltr'><strong>a</strong></span> <span class='ocrx_word' id='word_1_233' title='bbox 257 1691 351 1726; x_wconf 83' lang='lat' dir='ltr'><strong>Sarra,</strong></span> <span class='ocrx_word' id='word_1_234' title='bbox 364 1692 415 1720; x_wconf 84' lang='lat' dir='ltr'><strong>hoc</strong></span> <span class='ocrx_word' id='word_1_235' title='bbox 427 1699 469 1720; x_wconf 86' lang='lat' dir='ltr'><strong>est</strong></span> <span class='ocrx_word' id='word_1_236' title='bbox 484 1692 565 1726; x_wconf 82' lang='lat' dir='ltr'><strong>Tyro.</strong></span> <span class='ocrx_word' id='word_1_237' title='bbox 584 1693 722 1728; x_wconf 80' lang='lat' dir='ltr'><strong>Sidonius,</strong></span> <span class='ocrx_word' id='word_1_238' title='bbox 739 1695 842 1724; x_wconf 82' lang='lat' dir='ltr'><strong>vnt.6:</strong></span> <span class='ocrx_word' id='word_1_239' title='bbox 863 1694 961 1722; x_wconf 87' lang='lat' dir='ltr'><strong>Sarra-</strong></span> 
     </span>
    </p>
   </div>
   <div class='ocr_carea' id='block_1_38' title="bbox 175 1737 958 1776">
    <p class='ocr_par' dir='ltr' id='par_1_38' title="bbox 175 1737 958 1776">
     <span class='ocr_line' id='line_1_38' title="bbox 175 1737 958 1776; baseline 0.003 -12"><span class='ocrx_word' id='word_1_240' title='bbox 175 1738 214 1765; x_wconf 75' lang='lat' dir='ltr'><strong>nis</strong></span> <span class='ocrx_word' id='word_1_241' title='bbox 223 1739 295 1765; x_wconf 85' lang='lat' dir='ltr'><strong>ebria</strong></span> <span class='ocrx_word' id='word_1_242' title='bbox 308 1738 388 1772; x_wconf 69' lang='lat' dir='ltr'><strong>facit.</strong></span> <span class='ocrx_word' id='word_1_243' title='bbox 403 1737 454 1765; x_wconf 86' lang='lat' dir='ltr'><strong>Ubi</strong></span> <span class='ocrx_word' id='word_1_244' title='bbox 467 1738 570 1766; x_wconf 84' lang='lat' dir='ltr'><strong>Savaro</strong></span> <span class='ocrx_word' id='word_1_245' title='bbox 583 1748 590 1766; x_wconf 90' lang='lat'><strong>:</strong></span> <span class='ocrx_word' id='word_1_246' title='bbox 604 1739 743 1773; x_wconf 70' lang='lat' dir='ltr'><strong>Sarranis,</strong></span> <span class='ocrx_word' id='word_1_247' title='bbox 761 1740 787 1767; x_wconf 92' lang='lat' dir='ltr'><strong>id</strong></span> <span class='ocrx_word' id='word_1_248' title='bbox 802 1745 843 1767; x_wconf 87' lang='lat' dir='ltr'><strong>est</strong></span> <span class='ocrx_word' id='word_1_249' title='bbox 853 1740 958 1776; x_wconf 84' lang='lat' dir='ltr'><strong>Tyriis:</strong></span> 
     </span>
    </p>
   </div>
   <div class='ocr_carea' id='block_1_39' title="bbox 175 1779 959 1819">
    <p class='ocr_par' dir='ltr' id='par_1_39' title="bbox 175 1779 959 1819">
     <span class='ocr_line' id='line_1_39' title="bbox 175 1779 959 1819; baseline 0.006 -10"><span class='ocrx_word' id='word_1_250' title='bbox 175 1781 260 1817; x_wconf 79' lang='lat' dir='ltr'><strong>Tyrus</strong></span> <span class='ocrx_word' id='word_1_251' title='bbox 283 1784 357 1811; x_wconf 86' lang='lat' dir='ltr'><strong>enim</strong></span> <span class='ocrx_word' id='word_1_252' title='bbox 384 1784 470 1812; x_wconf 77' lang='lat' dir='ltr'><strong>insula</strong></span> <span class='ocrx_word' id='word_1_253' title='bbox 499 1779 575 1819; x_wconf 76' lang='lat' dir='ltr'><strong>prius</strong></span> <span class='ocrx_word' id='word_1_254' title='bbox 592 1785 675 1812; x_wconf 84' lang='lat' dir='ltr'><strong>Sarra</strong></span> <span class='ocrx_word' id='word_1_255' title='bbox 691 1786 772 1813; x_wconf 79' lang='lat' dir='ltr'><strong>dicta.</strong></span> <span class='ocrx_word' id='word_1_256' title='bbox 801 1785 912 1814; x_wconf 88' lang='lat' dir='ltr'><strong>Servius</strong></span> <span class='ocrx_word' id='word_1_257' title='bbox 933 1793 959 1815; x_wconf 89' lang='lat' dir='ltr'><strong>et</strong></span> 
     </span>
    </p>
   </div>
   <div class='ocr_carea' id='block_1_40' title="bbox 174 1829 956 1867">
    <p class='ocr_par' dir='ltr' id='par_1_40' title="bbox 174 1829 956 1867">
     <span class='ocr_line' id='line_1_40' title="bbox 174 1829 956 1867; baseline 0.005 -11"><span class='ocrx_word' id='word_1_258' title='bbox 174 1829 244 1856; x_wconf 80' lang='lat' dir='ltr'><strong>Festi</strong></span> <span class='ocrx_word' id='word_1_259' title='bbox 261 1829 455 1863; x_wconf 84' lang='lat' dir='ltr'><strong>Epitomastes.</strong></span> <span class='ocrx_word' id='word_1_260' title='bbox 469 1829 546 1858; x_wconf 86' lang='lat' dir='ltr'><strong>Unde</strong></span> <span class='ocrx_word' id='word_1_261' title='bbox 557 1830 705 1858; x_wconf 84' lang='lat' dir='ltr'><strong>Sarranum</strong></span> <span class='ocrx_word' id='word_1_262' title='bbox 717 1837 816 1858; x_wconf 72' lang='lat' dir='ltr'><strong>ostrum</strong></span> <span class='ocrx_word' id='word_1_263' title='bbox 834 1832 956 1867; x_wconf 72' lang='lat' dir='ltr'><strong>Virgilio.</strong></span> 
     </span>
    </p>
   </div>
   <div class='ocr_carea' id='block_1_41' title="bbox 175 1875 959 1912">
    <p class='ocr_par' dir='ltr' id='par_1_41' title="bbox 175 1875 959 1912">
     <span class='ocr_line' id='line_1_41' title="bbox 175 1875 959 1912; baseline 0.001 -8"><span class='ocrx_word' id='word_1_264' title='bbox 175 1875 226 1904; x_wconf 78' lang='lat' dir='ltr'><strong>Sed</strong></span> <span class='ocrx_word' id='word_1_265' title='bbox 242 1883 276 1903; x_wconf 91' lang='lat' dir='ltr'><strong>en</strong></span> <span class='ocrx_word' id='word_1_266' title='bbox 292 1876 395 1903; x_wconf 88' lang='lat' dir='ltr'><strong>fulmen</strong></span> <span class='ocrx_word' id='word_1_267' title='bbox 412 1883 426 1903; x_wconf 84' lang='lat' dir='ltr'><strong>a</strong></span> <span class='ocrx_word' id='word_1_268' title='bbox 443 1876 584 1904; x_wconf 85' lang='lat' dir='ltr'><strong>Glossario</strong></span> <span class='ocrx_word' id='word_1_269' title='bbox 598 1877 721 1905; x_wconf 62' lang='lat' dir='ltr'><strong>ttrmcob.</strong></span> <span class='ocrx_word' id='word_1_270' title='bbox 738 1879 814 1912; x_wconf 81' lang='lat' dir='ltr'><strong>Apud</strong></span> <span class='ocrx_word' id='word_1_271' title='bbox 828 1878 959 1905; x_wconf 85' lang='lat' dir='ltr'><strong>Cadmum</strong></span> 
     </span>
    </p>
   </div>
   <div class='ocr_carea' id='block_1_42' title="bbox 175 1922 959 1960">
    <p class='ocr_par' dir='ltr' id='par_1_42' title="bbox 175 1922 959 1960">
     <span class='ocr_line' id='line_1_42' title="bbox 175 1922 959 1960; baseline 0.003 -11"><span class='ocrx_word' id='word_1_272' title='bbox 175 1922 240 1949; x_wconf 78' lang='lat' dir='ltr'><strong>male</strong></span> <span class='ocrx_word' id='word_1_273' title='bbox 266 1930 368 1956; x_wconf 76' lang='lat' dir='ltr'><strong>semper</strong></span> <span class='ocrx_word' id='word_1_274' title='bbox 391 1923 556 1958; x_wconf 82' lang='grc' dir='ltr'><strong>σκαράνικον</strong></span> <span class='ocrx_word' id='word_1_275' title='bbox 580 1924 702 1958; x_wconf 82' lang='lat' dir='ltr'><strong>legitur:</strong></span> <span class='ocrx_word' id='word_1_276' title='bbox 731 1925 838 1951; x_wconf 82' lang='lat' dir='ltr'><strong>restitue</strong></span> <span class='ocrx_word' id='word_1_277' title='bbox 865 1925 959 1960; x_wconf 80' lang='lat' dir='ltr'><strong>ubique</strong></span> 
     </span>
    </p>
   </div>
   <div class='ocr_carea' id='block_1_43' title="bbox 175 1967 957 2002">
    <p class='ocr_par' dir='ltr' id='par_1_43' title="bbox 175 1967 957 2002">
     <span class='ocr_line' id='line_1_43' title="bbox 175 1967 957 2002; baseline 0.006 -9"><span class='ocrx_word' id='word_1_278' title='bbox 175 1968 381 2002; x_wconf 66' lang='grc' dir='ltr'><strong>σκιράμιγκον.</strong></span> <span class='ocrx_word' id='word_1_279' title='bbox 402 1967 633 2002; x_wconf 80' lang='lat' dir='ltr'><strong>Oluemperarem,</strong></span> <span class='ocrx_word' id='word_1_280' title='bbox 651 1969 702 1996; x_wconf 88' lang='lat' dir='ltr'><strong>nisi</strong></span> <span class='ocrx_word' id='word_1_281' title='bbox 719 1976 870 1997; x_wconf 87' lang='lat' dir='ltr'><strong>consensus</strong></span> <span class='ocrx_word' id='word_1_282' title='bbox 890 1978 957 1998; x_wconf 84' lang='lat' dir='ltr'><strong>mss.</strong></span> 
     </span>
    </p>
   </div>
   <div class='ocr_carea' id='block_1_44' title="bbox 173 2014 958 2048">
    <p class='ocr_par' dir='ltr' id='par_1_44' title="bbox 173 2014 958 2048">
     <span class='ocr_line' id='line_1_44' title="bbox 173 2014 958 2048; baseline 0.006 -9"><span class='ocrx_word' id='word_1_283' title='bbox 173 2014 294 2040; x_wconf 86' lang='lat' dir='ltr'><strong>codicum</strong></span> <span class='ocrx_word' id='word_1_284' title='bbox 312 2021 356 2040; x_wconf 88' lang='lat' dir='ltr'><strong>me</strong></span> <span class='ocrx_word' id='word_1_285' title='bbox 368 2014 536 2041; x_wconf 79' lang='lat' dir='ltr'><strong>retraheret:</strong></span> <span class='ocrx_word' id='word_1_286' title='bbox 555 2021 617 2040; x_wconf 86' lang='lat' dir='ltr'><strong>nam</strong></span> <span class='ocrx_word' id='word_1_287' title='bbox 634 2021 721 2048; x_wconf 87' lang='lat' dir='ltr'><strong>ueqtte</strong></span> <span class='ocrx_word' id='word_1_288' title='bbox 742 2014 839 2042; x_wconf 81' lang='lat' dir='ltr'><strong>Junius</strong></span> <span class='ocrx_word' id='word_1_289' title='bbox 858 2015 884 2042; x_wconf 91' lang='lat' dir='ltr'><strong>in</strong></span> <span class='ocrx_word' id='word_1_290' title='bbox 900 2017 958 2044; x_wconf 86' lang='lat' dir='ltr'><strong>suis</strong></span> 
     </span>
    </p>
   </div>
   <div class='ocr_carea' id='block_1_45' title="bbox 173 2058 958 2096">
    <p class='ocr_par' dir='ltr' id='par_1_45' title="bbox 173 2058 958 2096">
     <span class='ocr_line' id='line_1_45' title="bbox 173 2058 958 2096; baseline 0.003 -10"><span class='ocrx_word' id='word_1_291' title='bbox 173 2067 259 2094; x_wconf 87' lang='lat' dir='ltr'><strong>neque</strong></span> <span class='ocrx_word' id='word_1_292' title='bbox 274 2066 325 2094; x_wconf 94' lang='lat' dir='ltr'><strong>ego</strong></span> <span class='ocrx_word' id='word_1_293' title='bbox 341 2059 367 2086; x_wconf 91' lang='lat' dir='ltr'><strong>in</strong></span> <span class='ocrx_word' id='word_1_294' title='bbox 384 2059 522 2087; x_wconf 86' lang='lat' dir='ltr'><strong>Bavaricis</strong></span> <span class='ocrx_word' id='word_1_295' title='bbox 536 2064 562 2086; x_wconf 87' lang='lat' dir='ltr'><strong>et</strong></span> <span class='ocrx_word' id='word_1_296' title='bbox 576 2058 760 2087; x_wconf 87' lang='lat' dir='ltr'><strong>Lautheriano</strong></span> <span class='ocrx_word' id='word_1_297' title='bbox 784 2061 836 2088; x_wconf 84' lang='lat' dir='ltr'><strong>hoc</strong></span> <span class='ocrx_word' id='word_1_298' title='bbox 855 2062 958 2096; x_wconf 79' lang='grc' dir='ltr'><strong>σκαρά-</strong></span> 
     </span>
    </p>
   </div>
   <div class='ocr_carea' id='block_1_46' title="bbox 173 2105 958 2143">
    <p class='ocr_par' dir='ltr' id='par_1_46' title="bbox 173 2105 958 2143">
     <span class='ocr_line' id='line_1_46' title="bbox 173 2105 958 2143; baseline 0.005 -12"><span class='ocrx_word' id='word_1_299' title='bbox 173 2114 277 2140; x_wconf 73' lang='grc' dir='ltr'>μιιγχον</span> <span class='ocrx_word' id='word_1_300' title='bbox 293 2106 455 2139; x_wconf 85' lang='lat' dir='ltr'><strong>reperimus.</strong></span> <span class='ocrx_word' id='word_1_301' title='bbox 472 2105 591 2140; x_wconf 74' lang='lat' dir='ltr'><strong>Uterque</strong></span> <span class='ocrx_word' id='word_1_302' title='bbox 604 2106 751 2134; x_wconf 84' lang='lat' dir='ltr'><strong>Bavaricus</strong></span> <span class='ocrx_word' id='word_1_303' title='bbox 771 2108 880 2142; x_wconf 68' lang='lat' dir='ltr'><strong>praefert</strong></span> <span class='ocrx_word' id='word_1_304' title='bbox 898 2109 958 2143; x_wconf 85' lang='lat' dir='ltr'><strong>qui-</strong></span> 
     </span>
    </p>
   </div>
   <div class='ocr_carea' id='block_1_47' title="bbox 171 2152 954 2186">
    <p class='ocr_par' dir='ltr' id='par_1_47' title="bbox 171 2152 954 2186">
     <span class='ocr_line' id='line_1_47' title="bbox 171 2152 954 2186; baseline 0.004 -7"><span class='ocrx_word' id='word_1_305' title='bbox 171 2153 230 2179; x_wconf 91' lang='lat' dir='ltr'><strong>dem</strong></span> <span class='ocrx_word' id='word_1_306' title='bbox 248 2153 404 2185; x_wconf 70' lang='grc' dir='ltr'><strong>σκπράνιον,</strong></span> <span class='ocrx_word' id='word_1_307' title='bbox 423 2152 493 2179; x_wconf 76' lang='lat' dir='ltr'><strong>facili</strong></span> <span class='ocrx_word' id='word_1_308' title='bbox 517 2153 591 2186; x_wconf 87' lang='lat' dir='ltr'><strong>lapsu</strong></span> <span class='ocrx_word' id='word_1_309' title='bbox 617 2153 722 2180; x_wconf 88' lang='lat' dir='ltr'><strong>librarii</strong></span> <span class='ocrx_word' id='word_1_310' title='bbox 740 2162 757 2180; x_wconf 85' lang='grc' dir='ltr'><em>κ</em></span> <span class='ocrx_word' id='word_1_311' title='bbox 781 2154 932 2182; x_wconf 86' lang='lat' dir='ltr'><strong>omittentis</strong></span> <span class='ocrx_word' id='word_1_312' title='bbox 948 2164 954 2182; x_wconf 92' lang='lat'>:</span> 
     </span>
    </p>
   </div>
   <div class='ocr_carea' id='block_1_48' title="bbox 171 2197 866 2234">
    <p class='ocr_par' dir='ltr' id='par_1_48' title="bbox 171 2197 866 2234">
     <span class='ocr_line' id='line_1_48' title="bbox 171 2197 866 2234; baseline 0.006 -10"><span class='ocrx_word' id='word_1_313' title='bbox 171 2198 217 2224; x_wconf 84' lang='lat' dir='ltr'><strong>sed</strong></span> <span class='ocrx_word' id='word_1_314' title='bbox 235 2197 300 2232; x_wconf 88' lang='lat' dir='ltr'><strong>quid</strong></span> <span class='ocrx_word' id='word_1_315' title='bbox 318 2198 465 2232; x_wconf 79' lang='grc' dir='ltr'><strong>σκαράνιον</strong></span> <span class='ocrx_word' id='word_1_316' title='bbox 481 2199 514 2226; x_wconf 87' lang='lat' dir='ltr'><strong>ad</strong></span> <span class='ocrx_word' id='word_1_317' title='bbox 530 2199 748 2234; x_wconf 70' lang='grc' dir='ltr'><strong>σκαράμσιγκονῖ</strong></span> <span class='ocrx_word' id='word_1_318' title='bbox 763 2199 866 2228; x_wconf 73' lang='lat' dir='ltr'><strong>Gua&#39;rs.</strong></span> 
     </span>
    </p>
   </div>
   <div class='ocr_carea' id='block_1_49' title="bbox 1016 277 1521 314">
    <p class='ocr_par' dir='ltr' id='par_1_49' title="bbox 1016 277 1521 314">
     <span class='ocr_line' id='line_1_49' title="bbox 1016 277 1521 314; baseline 0 -10"><span class='ocrx_word' id='word_1_319' title='bbox 1016 282 1100 304; x_wconf 89' lang='lat' dir='ltr'><strong>tumet</strong></span> <span class='ocrx_word' id='word_1_320' title='bbox 1116 285 1268 309; x_wconf 78' lang='lat' dir='ltr'><strong>recenseas,</strong></span> <span class='ocrx_word' id='word_1_321' title='bbox 1285 277 1521 314; x_wconf 78' lang='lat' dir='ltr'><strong>numero.Gout.j</strong></span> 
     </span>
    </p>
   </div>
   <div class='ocr_carea' id='block_1_50' title="bbox 1051 323 1807 359">
    <p class='ocr_par' dir='ltr' id='par_1_50' title="bbox 1051 323 1807 359">
     <span class='ocr_line' id='line_1_50' title="bbox 1051 323 1807 359; baseline 0.001 -10"><span class='ocrx_word' id='word_1_322' title='bbox 1051 323 1092 350; x_wconf 86' lang='lat' dir='ltr'><strong>Ib.</strong></span> <span class='ocrx_word' id='word_1_323' title='bbox 1106 324 1282 351; x_wconf 67' lang='grc' dir='ltr'><strong>Καΐϐάδιον.</strong></span> <span class='ocrx_word' id='word_1_324' title='bbox 1298 324 1434 351; x_wconf 86' lang='lat' dir='ltr'><strong>Scribitur</strong></span> <span class='ocrx_word' id='word_1_325' title='bbox 1447 324 1527 351; x_wconf 88' lang='lat' dir='ltr'><strong>etiam</strong></span> <span class='ocrx_word' id='word_1_326' title='bbox 1543 323 1689 359; x_wconf 77' lang='grc' dir='ltr'><strong>καόσάδης.</strong></span> <span class='ocrx_word' id='word_1_327' title='bbox 1704 324 1807 350; x_wconf 65' lang='grc' dir='ltr'><strong>κασσι-</strong></span> 
     </span>
    </p>
   </div>
   <div class='ocr_carea' id='block_1_51' title="bbox 1013 367 1804 404">
    <p class='ocr_par' dir='ltr' id='par_1_51' title="bbox 1013 367 1804 404">
     <span class='ocr_line' id='line_1_51' title="bbox 1013 367 1804 404; baseline 0.001 -10"><span class='ocrx_word' id='word_1_328' title='bbox 1013 367 1107 400; x_wconf 77' lang='grc' dir='ltr'>δίκιον,</span> <span class='ocrx_word' id='word_1_329' title='bbox 1125 369 1267 396; x_wconf 74' lang='grc' dir='ltr'><strong>καῦσάδιν.</strong></span> <span class='ocrx_word' id='word_1_330' title='bbox 1283 369 1381 397; x_wconf 81' lang='lat' dir='ltr'><strong>Junius</strong></span> <span class='ocrx_word' id='word_1_331' title='bbox 1408 370 1605 404; x_wconf 77' lang='lat' dir='ltr'><strong>interpretatur</strong></span> <span class='ocrx_word' id='word_1_332' title='bbox 1621 370 1738 396; x_wconf 83' lang='lat' dir='ltr'><strong>tunicam</strong></span> <span class='ocrx_word' id='word_1_333' title='bbox 1756 369 1804 396; x_wconf 86' lang='lat' dir='ltr'><strong>ho-</strong></span> 
     </span>
    </p>
   </div>
   <div class='ocr_carea' id='block_1_52' title="bbox 1014 415 1805 448">
    <p class='ocr_par' dir='ltr' id='par_1_52' title="bbox 1014 415 1805 448">
     <span class='ocr_line' id='line_1_52' title="bbox 1014 415 1805 448; baseline 0.004 -9"><span class='ocrx_word' id='word_1_334' title='bbox 1014 419 1135 441; x_wconf 75' lang='lat' dir='ltr'><strong>uoralam</strong></span> <span class='ocrx_word' id='word_1_335' title='bbox 1152 420 1176 442; x_wconf 79' lang='lat' dir='ltr'><strong>et</strong></span> <span class='ocrx_word' id='word_1_336' title='bbox 1186 423 1292 448; x_wconf 88' lang='lat' dir='ltr'><strong>puram.</strong></span> <span class='ocrx_word' id='word_1_337' title='bbox 1309 415 1361 443; x_wconf 88' lang='lat' dir='ltr'><strong>Sed</strong></span> <span class='ocrx_word' id='word_1_338' title='bbox 1375 416 1499 443; x_wconf 56' lang='lat' dir='ltr'><strong>Graecum</strong></span> <span class='ocrx_word' id='word_1_339' title='bbox 1519 416 1696 442; x_wconf 84' lang='lat' dir='ltr'><strong>retineamus.</strong></span> <span class='ocrx_word' id='word_1_340' title='bbox 1723 415 1805 442; x_wconf 87' lang='lat' dir='ltr'><strong>Glos—</strong></span> 
     </span>
    </p>
   </div>
   <div class='ocr_carea' id='block_1_53' title="bbox 1014 460 1805 496">
    <p class='ocr_par' dir='ltr' id='par_1_53' title="bbox 1014 460 1805 496">
     <span class='ocr_line' id='line_1_53' title="bbox 1014 460 1805 496; baseline 0.001 -10"><span class='ocrx_word' id='word_1_341' title='bbox 1014 460 1127 492; x_wconf 86' lang='lat' dir='ltr'><strong>sarium,</strong></span> <span class='ocrx_word' id='word_1_342' title='bbox 1147 469 1172 488; x_wconf 85' lang='grc' dir='ltr'><strong>ν.</strong></span> <span class='ocrx_word' id='word_1_343' title='bbox 1188 461 1292 496; x_wconf 79' lang='grc' dir='ltr'><strong>κάμὸα,</strong></span> <span class='ocrx_word' id='word_1_344' title='bbox 1304 461 1520 489; x_wconf 70' lang='grc' dir='ltr'><strong>άὶεἰικαὸϐάδιον</strong></span> <span class='ocrx_word' id='word_1_345' title='bbox 1536 468 1597 488; x_wconf 86' lang='lat' dir='ltr'><strong>esse</strong></span> <span class='ocrx_word' id='word_1_346' title='bbox 1611 461 1805 487; x_wconf 81' lang='lat' dir='ltr'><strong>diminutivum</strong></span> 
     </span>
    </p>
   </div>
   <div class='ocr_carea' id='block_1_54' title="bbox 1017 505 1807 542">
    <p class='ocr_par' dir='ltr' id='par_1_54' title="bbox 1017 505 1807 542">
     <span class='ocr_line' id='line_1_54' title="bbox 1017 505 1807 542; baseline 0.001 -11"><span class='ocrx_word' id='word_1_347' title='bbox 1017 512 1031 531; x_wconf 90' lang='lat' dir='ltr'><strong>a</strong></span> <span class='ocrx_word' id='word_1_348' title='bbox 1051 505 1144 540; x_wconf 76' lang='grc' dir='ltr'><strong>κάμϐα</strong></span> <span class='ocrx_word' id='word_1_349' title='bbox 1166 507 1207 534; x_wconf 85' lang='lat' dir='ltr'><strong>vel</strong></span> <span class='ocrx_word' id='word_1_350' title='bbox 1224 508 1332 534; x_wconf 76' lang='grc' dir='ltr'><strong>κάὄὸαε</strong></span> <span class='ocrx_word' id='word_1_351' title='bbox 1350 512 1498 542; x_wconf 88' lang='lat' dir='ltr'><strong>utrumqtte</strong></span> <span class='ocrx_word' id='word_1_352' title='bbox 1512 508 1586 534; x_wconf 87' lang='lat' dir='ltr'><strong>enim</strong></span> <span class='ocrx_word' id='word_1_353' title='bbox 1608 507 1711 534; x_wconf 71' lang='lat' dir='ltr'><strong>Graecis</strong></span> <span class='ocrx_word' id='word_1_354' title='bbox 1725 513 1807 533; x_wconf 88' lang='lat' dir='ltr'><strong>usur-</strong></span> 
     </span>
    </p>
   </div>
   <div class='ocr_carea' id='block_1_55' title="bbox 1015 552 1807 588">
    <p class='ocr_par' dir='ltr' id='par_1_55' title="bbox 1015 552 1807 588">
     <span class='ocr_line' id='line_1_55' title="bbox 1015 552 1807 588; baseline 0.001 -9"><span class='ocrx_word' id='word_1_355' title='bbox 1015 552 1083 586; x_wconf 86' lang='lat' dir='ltr'><strong>pari,</strong></span> <span class='ocrx_word' id='word_1_356' title='bbox 1098 553 1169 579; x_wconf 88' lang='lat' dir='ltr'><strong>sicut</strong></span> <span class='ocrx_word' id='word_1_357' title='bbox 1189 553 1357 587; x_wconf 77' lang='grc' dir='ltr'>μαμπάριον,</span> <span class='ocrx_word' id='word_1_358' title='bbox 1375 558 1401 580; x_wconf 86' lang='lat' dir='ltr'><strong>et</strong></span> <span class='ocrx_word' id='word_1_359' title='bbox 1412 553 1583 588; x_wconf 83' lang='grc' dir='ltr'>μαππάριον,</span> <span class='ocrx_word' id='word_1_360' title='bbox 1599 552 1763 586; x_wconf 80' lang='grc' dir='ltr'><strong>ταμπάριον.</strong></span> <span class='ocrx_word' id='word_1_361' title='bbox 1778 557 1807 580; x_wconf 78' lang='lat' dir='ltr'><strong>et</strong></span> 
     </span>
    </p>
   </div>
   <div class='ocr_carea' id='block_1_56' title="bbox 1012 597 1806 633">
    <p class='ocr_par' dir='ltr' id='par_1_56' title="bbox 1012 597 1806 633">
     <span class='ocr_line' id='line_1_56' title="bbox 1012 597 1806 633; baseline 0 -10"><span class='ocrx_word' id='word_1_362' title='bbox 1012 598 1178 632; x_wconf 81' lang='grc' dir='ltr'><strong>ταππάριον.</strong></span> <span class='ocrx_word' id='word_1_363' title='bbox 1192 598 1273 625; x_wconf 79' lang='lat' dir='ltr'><strong>Forte</strong></span> <span class='ocrx_word' id='word_1_364' title='bbox 1285 600 1392 626; x_wconf 85' lang='lat' dir='ltr'><strong>tandem</strong></span> <span class='ocrx_word' id='word_1_365' title='bbox 1412 599 1523 626; x_wconf 77' lang='lat' dir='ltr'><strong>exsistet</strong></span> <span class='ocrx_word' id='word_1_366' title='bbox 1538 599 1584 633; x_wconf 93' lang='lat' dir='ltr'><strong>qui</strong></span> <span class='ocrx_word' id='word_1_367' title='bbox 1597 605 1613 624; x_wconf 87' lang='lat' dir='ltr'><strong>a</strong></span> <span class='ocrx_word' id='word_1_368' title='bbox 1626 597 1747 625; x_wconf 73' lang='lat' dir='ltr'><strong>Cabbade</strong></span> <span class='ocrx_word' id='word_1_369' title='bbox 1762 604 1806 624; x_wconf 88' lang='lat' dir='ltr'><strong>re-</strong></span> 
     </span>
    </p>
   </div>
   <div class='ocr_carea' id='block_1_57' title="bbox 1015 643 1805 678">
    <p class='ocr_par' dir='ltr' id='par_1_57' title="bbox 1015 643 1805 678">
     <span class='ocr_line' id='line_1_57' title="bbox 1015 643 1805 678; baseline -0.003 -8"><span class='ocrx_word' id='word_1_370' title='bbox 1015 651 1047 676; x_wconf 80' lang='lat' dir='ltr'><strong>ge</strong></span> <span class='ocrx_word' id='word_1_371' title='bbox 1064 643 1209 671; x_wconf 80' lang='lat' dir='ltr'><strong>Persarum</strong></span> <span class='ocrx_word' id='word_1_372' title='bbox 1226 645 1359 678; x_wconf 78' lang='lat' dir='ltr'><strong>originem</strong></span> <span class='ocrx_word' id='word_1_373' title='bbox 1385 643 1433 670; x_wconf 79' lang='grc' dir='ltr'><strong>τοῦ</strong></span> <span class='ocrx_word' id='word_1_374' title='bbox 1466 644 1613 670; x_wconf 81' lang='grc' dir='ltr'><strong>κασσαδιου</strong></span> <span class='ocrx_word' id='word_1_375' title='bbox 1641 648 1724 678; x_wconf 80' lang='lat' dir='ltr'><strong>petat.</strong></span> <span class='ocrx_word' id='word_1_376' title='bbox 1743 650 1805 669; x_wconf 88' lang='lat' dir='ltr'><strong>cum</strong></span> 
     </span>
    </p>
   </div>
   <div class='ocr_carea' id='block_1_58' title="bbox 1013 687 1806 723">
    <p class='ocr_par' dir='ltr' id='par_1_58' title="bbox 1013 687 1806 723">
     <span class='ocr_line' id='line_1_58' title="bbox 1013 687 1806 723; baseline 0.001 -10"><span class='ocrx_word' id='word_1_377' title='bbox 1013 688 1179 714; x_wconf 77' lang='lat' dir='ltr'><strong>scaranicum</strong></span> <span class='ocrx_word' id='word_1_378' title='bbox 1194 689 1350 715; x_wconf 76' lang='lat' dir='ltr'><strong>cabbadium</strong></span> <span class='ocrx_word' id='word_1_379' title='bbox 1367 693 1394 716; x_wconf 91' lang='lat' dir='ltr'><strong>et</strong></span> <span class='ocrx_word' id='word_1_380' title='bbox 1407 688 1569 723; x_wconf 84' lang='lat' dir='ltr'><strong>pltaceolium</strong></span> <span class='ocrx_word' id='word_1_381' title='bbox 1589 688 1623 715; x_wconf 93' lang='lat' dir='ltr'><strong>ab</strong></span> <span class='ocrx_word' id='word_1_382' title='bbox 1638 688 1759 723; x_wconf 80' lang='lat' dir='ltr'><strong>Assyriis</strong></span> <span class='ocrx_word' id='word_1_383' title='bbox 1772 687 1806 714; x_wconf 84' lang='lat' dir='ltr'><strong>ad</strong></span> 
     </span>
    </p>
   </div>
   <div class='ocr_carea' id='block_1_59' title="bbox 1013 732 1806 766">
    <p class='ocr_par' dir='ltr' id='par_1_59' title="bbox 1013 732 1806 766">
     <span class='ocr_line' id='line_1_59' title="bbox 1013 732 1806 766; baseline 0 -6"><span class='ocrx_word' id='word_1_384' title='bbox 1013 732 1124 760; x_wconf 66' lang='lat' dir='ltr'><strong>Graecos</strong></span> <span class='ocrx_word' id='word_1_385' title='bbox 1137 734 1272 766; x_wconf 85' lang='lat' dir='ltr'><strong>venerint,</strong></span> <span class='ocrx_word' id='word_1_386' title='bbox 1287 739 1313 762; x_wconf 92' lang='lat' dir='ltr'><strong>ut</strong></span> <span class='ocrx_word' id='word_1_387' title='bbox 1330 734 1399 761; x_wconf 86' lang='lat' dir='ltr'><strong>infra</strong></span> <span class='ocrx_word' id='word_1_388' title='bbox 1415 742 1447 762; x_wconf 77' lang='lat' dir='ltr'><strong>ex</strong></span> <span class='ocrx_word' id='word_1_389' title='bbox 1460 734 1566 762; x_wconf 84' lang='lat' dir='ltr'><strong>Codino</strong></span> <span class='ocrx_word' id='word_1_390' title='bbox 1580 734 1720 760; x_wconf 87' lang='lat' dir='ltr'><strong>discemus</strong></span> <span class='ocrx_word' id='word_1_391' title='bbox 1731 740 1757 760; x_wconf 89' lang='lat' dir='ltr'><strong>c.</strong></span> <span class='ocrx_word' id='word_1_392' title='bbox 1770 733 1806 765; x_wconf 83' lang='lat'><strong>6;</strong></span> 
     </span>
    </p>
   </div>
   <div class='ocr_carea' id='block_1_60' title="bbox 1013 779 1805 813">
    <p class='ocr_par' dir='ltr' id='par_1_60' title="bbox 1013 779 1805 813">
     <span class='ocr_line' id='line_1_60' title="bbox 1013 779 1805 813; baseline -0.001 -9"><span class='ocrx_word' id='word_1_393' title='bbox 1013 779 1156 813; x_wconf 82' lang='lat' dir='ltr'><strong>probabile</strong></span> <span class='ocrx_word' id='word_1_394' title='bbox 1172 785 1214 808; x_wconf 83' lang='lat' dir='ltr'><strong>est</strong></span> <span class='ocrx_word' id='word_1_395' title='bbox 1240 780 1351 807; x_wconf 86' lang='lat' dir='ltr'><strong>formari</strong></span> <span class='ocrx_word' id='word_1_396' title='bbox 1378 780 1524 806; x_wconf 72' lang='grc' dir='ltr'><strong>καΰϐἀδιον</strong></span> <span class='ocrx_word' id='word_1_397' title='bbox 1552 787 1566 806; x_wconf 89' lang='lat' dir='ltr'><strong>a</strong></span> <span class='ocrx_word' id='word_1_398' title='bbox 1594 779 1691 806; x_wconf 88' lang='lat' dir='ltr'><strong>Latino</strong></span> <span class='ocrx_word' id='word_1_399' title='bbox 1710 785 1805 812; x_wconf 82' lang='lat' dir='ltr'><strong>cappa.</strong></span> 
     </span>
    </p>
   </div>
   <div class='ocr_carea' id='block_1_61' title="bbox 1012 821 1801 859">
    <p class='ocr_par' dir='ltr' id='par_1_61' title="bbox 1012 821 1801 859">
     <span class='ocr_line' id='line_1_61' title="bbox 1012 821 1801 859; baseline 0 -11"><span class='ocrx_word' id='word_1_400' title='bbox 1012 821 1085 850; x_wconf 91' lang='lat' dir='ltr'><strong>Infra</strong></span> <span class='ocrx_word' id='word_1_401' title='bbox 1102 823 1167 858; x_wconf 88' lang='lat' dir='ltr'><strong>quid</strong></span> <span class='ocrx_word' id='word_1_402' title='bbox 1180 824 1216 851; x_wconf 84' lang='lat' dir='ltr'><strong>sit</strong></span> <span class='ocrx_word' id='word_1_403' title='bbox 1228 823 1375 851; x_wconf 76' lang='grc' dir='ltr'><strong>καϐὗὰδιον</strong></span> <span class='ocrx_word' id='word_1_404' title='bbox 1392 824 1548 859; x_wconf 79' lang='lat' dir='ltr'><strong>explicatur</strong></span> <span class='ocrx_word' id='word_1_405' title='bbox 1562 823 1655 850; x_wconf 90' lang='lat' dir='ltr'><strong>addita</strong></span> <span class='ocrx_word' id='word_1_406' title='bbox 1672 822 1723 849; x_wconf 88' lang='lat' dir='ltr'><strong>hac</strong></span> <span class='ocrx_word' id='word_1_407' title='bbox 1742 829 1801 848; x_wconf 82' lang='lat' dir='ltr'><strong>exe-</strong></span> 
     </span>
    </p>
   </div>
   <div class='ocr_carea' id='block_1_62' title="bbox 1013 867 1806 904">
    <p class='ocr_par' dir='ltr' id='par_1_62' title="bbox 1013 867 1806 904">
     <span class='ocr_line' id='line_1_62' title="bbox 1013 867 1806 904; baseline -0.003 -8"><span class='ocrx_word' id='word_1_408' title='bbox 1013 869 1068 903; x_wconf 77' lang='lat' dir='ltr'><strong>gesi</strong></span> <span class='ocrx_word' id='word_1_409' title='bbox 1080 869 1227 896; x_wconf 70' lang='grc' dir='ltr'><strong>κιόὁάδιον</strong></span> <span class='ocrx_word' id='word_1_410' title='bbox 1236 871 1293 904; x_wconf 78' lang='grc' dir='ltr'><strong>ἠως</strong></span> <span class='ocrx_word' id='word_1_411' title='bbox 1304 872 1333 896; x_wconf 82' lang='grc' dir='ltr'>τὸ</span> <span class='ocrx_word' id='word_1_412' title='bbox 1344 871 1436 896; x_wconf 79' lang='grc' dir='ltr'><strong>ἐπάνω</strong></span> <span class='ocrx_word' id='word_1_413' title='bbox 1447 870 1548 904; x_wconf 73' lang='grc' dir='ltr'><strong>ἔνδυμα.</strong></span> <span class='ocrx_word' id='word_1_414' title='bbox 1563 870 1684 896; x_wconf 77' lang='grc' dir='ltr'><strong>πάντων.</strong></span> <span class='ocrx_word' id='word_1_415' title='bbox 1699 867 1806 895; x_wconf 73' lang='grc' dir='ltr'><strong>Οιιετε.</strong></span> 
     </span>
    </p>
   </div>
   <div class='ocr_carea' id='block_1_63' title="bbox 1052 913 1805 951">
    <p class='ocr_par' dir='ltr' id='par_1_63' title="bbox 1052 913 1805 951">
     <span class='ocr_line' id='line_1_63' title="bbox 1052 913 1805 951; baseline -0.004 -9"><span class='ocrx_word' id='word_1_416' title='bbox 1052 914 1196 951; x_wconf 83' lang='lat' dir='ltr'><strong>[Occurrel</strong></span> <span class='ocrx_word' id='word_1_417' title='bbox 1209 924 1406 951; x_wconf 83' lang='lat' dir='ltr'><strong>nonnunquam</strong></span> <span class='ocrx_word' id='word_1_418' title='bbox 1419 924 1474 943; x_wconf 91' lang='lat' dir='ltr'><strong>uno</strong></span> <span class='ocrx_word' id='word_1_419' title='bbox 1487 917 1501 951; x_wconf 81' lang='grc' dir='ltr'>β</span> <span class='ocrx_word' id='word_1_420' title='bbox 1514 913 1805 946; x_wconf 75' lang='lat' dir='ltr'><strong>niittutum,xa6&lt;&#39;16tov,</strong></span> 
     </span>
    </p>
   </div>
   <div class='ocr_carea' id='block_1_64' title="bbox 1014 960 1805 997">
    <p class='ocr_par' dir='ltr' id='par_1_64' title="bbox 1014 960 1805 997">
     <span class='ocr_line' id='line_1_64' title="bbox 1014 960 1805 997; baseline -0.001 -11"><span class='ocrx_word' id='word_1_421' title='bbox 1014 960 1055 987; x_wconf 89' lang='lat' dir='ltr'><strong>vel</strong></span> <span class='ocrx_word' id='word_1_422' title='bbox 1070 962 1152 988; x_wconf 81' lang='lat' dir='ltr'><strong>etiam</strong></span> <span class='ocrx_word' id='word_1_423' title='bbox 1166 967 1287 988; x_wconf 77' lang='lat' dir='ltr'><strong>extrema</strong></span> <span class='ocrx_word' id='word_1_424' title='bbox 1312 962 1413 997; x_wconf 84' lang='lat' dir='ltr'><strong>syllaba</strong></span> <span class='ocrx_word' id='word_1_425' title='bbox 1446 969 1495 996; x_wconf 82' lang='lat' dir='ltr'><strong>pro</strong></span> <span class='ocrx_word' id='word_1_426' title='bbox 1512 964 1644 994; x_wconf 88' lang='lat' dir='ltr'><strong>corrupto</strong></span> <span class='ocrx_word' id='word_1_427' title='bbox 1674 960 1805 993; x_wconf 90' lang='lat' dir='ltr'><strong>loquendi</strong></span> 
     </span>
    </p>
   </div>
   <div class='ocr_carea' id='block_1_65' title="bbox 1014 1005 1804 1041">
    <p class='ocr_par' dir='ltr' id='par_1_65' title="bbox 1014 1005 1804 1041">
     <span class='ocr_line' id='line_1_65' title="bbox 1014 1005 1804 1041; baseline -0.003 -8"><span class='ocrx_word' id='word_1_428' title='bbox 1014 1014 1066 1034; x_wconf 86' lang='lat' dir='ltr'><strong>usu</strong></span> <span class='ocrx_word' id='word_1_429' title='bbox 1084 1011 1253 1039; x_wconf 88' lang='lat' dir='ltr'><strong>truncatum,</strong></span> <span class='ocrx_word' id='word_1_430' title='bbox 1266 1007 1375 1035; x_wconf 72' lang='grc' dir='ltr'><strong>καεάδι.</strong></span> <span class='ocrx_word' id='word_1_431' title='bbox 1389 1007 1460 1040; x_wconf 85' lang='lat' dir='ltr'><strong>Quid</strong></span> <span class='ocrx_word' id='word_1_432' title='bbox 1477 1007 1512 1035; x_wconf 84' lang='lat' dir='ltr'><strong>sit</strong></span> <span class='ocrx_word' id='word_1_433' title='bbox 1528 1006 1639 1041; x_wconf 82' lang='lat' dir='ltr'><strong>exponit</strong></span> <span class='ocrx_word' id='word_1_434' title='bbox 1655 1005 1763 1032; x_wconf 87' lang='lat' dir='ltr'><strong>Portius</strong></span> <span class='ocrx_word' id='word_1_435' title='bbox 1777 1005 1804 1031; x_wconf 91' lang='lat' dir='ltr'><strong>in</strong></span> 
     </span>
    </p>
   </div>
   <div class='ocr_carea' id='block_1_66' title="bbox 1014 1050 1804 1088">
    <p class='ocr_par' dir='ltr' id='par_1_66' title="bbox 1014 1050 1804 1088">
     <span class='ocr_line' id='line_1_66' title="bbox 1014 1050 1804 1088; baseline -0.004 -9"><span class='ocrx_word' id='word_1_436' title='bbox 1014 1052 1114 1080; x_wconf 83' lang='lat' dir='ltr'><strong>Lexico</strong></span> <span class='ocrx_word' id='word_1_437' title='bbox 1128 1062 1135 1079; x_wconf 92' lang='lat'><strong>:</strong></span> <span class='ocrx_word' id='word_1_438' title='bbox 1149 1053 1246 1080; x_wconf 79' lang='grc' dir='ltr'><strong>καόάδι</strong></span> <span class='ocrx_word' id='word_1_439' title='bbox 1257 1053 1385 1088; x_wconf 75' lang='grc' dir='ltr'><strong>τήϐεννα,</strong></span> <span class='ocrx_word' id='word_1_440' title='bbox 1400 1053 1539 1088; x_wconf 78' lang='grc' dir='ltr'><strong>τήϐεννος,</strong></span> <span class='ocrx_word' id='word_1_441' title='bbox 1554 1052 1647 1084; x_wconf 82' lang='grc' dir='ltr'><strong>σάγος.</strong></span> <span class='ocrx_word' id='word_1_442' title='bbox 1663 1050 1804 1085; x_wconf 87' lang='lat' dir='ltr'><strong>Duplicetn</strong></span> 
     </span>
    </p>
   </div>
   <div class='ocr_carea' id='block_1_67' title="bbox 1015 1097 1803 1129">
    <p class='ocr_par' dir='ltr' id='par_1_67' title="bbox 1015 1097 1803 1129">
     <span class='ocr_line' id='line_1_67' title="bbox 1015 1097 1803 1129; baseline -0.003 -5"><span class='ocrx_word' id='word_1_443' title='bbox 1015 1097 1041 1124; x_wconf 93' lang='lat' dir='ltr'><strong>in</strong></span> <span class='ocrx_word' id='word_1_444' title='bbox 1060 1099 1186 1126; x_wconf 83' lang='lat' dir='ltr'><strong>familiari</strong></span> <span class='ocrx_word' id='word_1_445' title='bbox 1202 1107 1328 1126; x_wconf 85' lang='lat' dir='ltr'><strong>sermone</strong></span> <span class='ocrx_word' id='word_1_446' title='bbox 1340 1099 1483 1126; x_wconf 77' lang='lat' dir='ltr'><strong>observavi</strong></span> <span class='ocrx_word' id='word_1_447' title='bbox 1496 1099 1628 1129; x_wconf 81' lang='lat' dir='ltr'><strong>tunicam,</strong></span> <span class='ocrx_word' id='word_1_448' title='bbox 1642 1097 1803 1124; x_wconf 87' lang='lat' dir='ltr'><strong>interiorem</strong></span> 
     </span>
    </p>
   </div>
   <div class='ocr_carea' id='block_1_68' title="bbox 1014 1143 1802 1180">
    <p class='ocr_par' dir='ltr' id='par_1_68' title="bbox 1014 1143 1802 1180">
     <span class='ocr_line' id='line_1_68' title="bbox 1014 1143 1802 1180; baseline -0.008 -6"><span class='ocrx_word' id='word_1_449' title='bbox 1014 1151 1039 1174; x_wconf 85' lang='lat' dir='ltr'><strong>et</strong></span> <span class='ocrx_word' id='word_1_450' title='bbox 1053 1151 1204 1173; x_wconf 76' lang='lat' dir='ltr'><strong>externam.</strong></span> <span class='ocrx_word' id='word_1_451' title='bbox 1220 1145 1358 1180; x_wconf 72' lang='grc' dir='ltr'><strong>23ο111ίι</strong></span> <span class='ocrx_word' id='word_1_452' title='bbox 1373 1145 1480 1172; x_wconf 80' lang='lat' dir='ltr'><strong>brevior</strong></span> <span class='ocrx_word' id='word_1_453' title='bbox 1498 1149 1539 1171; x_wconf 90' lang='lat' dir='ltr'><strong>est</strong></span> <span class='ocrx_word' id='word_1_454' title='bbox 1563 1148 1590 1171; x_wconf 94' lang='lat' dir='ltr'><strong>et</strong></span> <span class='ocrx_word' id='word_1_455' title='bbox 1603 1151 1682 1171; x_wconf 87' lang='lat' dir='ltr'><strong>suras</strong></span> <span class='ocrx_word' id='word_1_456' title='bbox 1697 1143 1802 1174; x_wconf 80' lang='lat' dir='ltr'><strong>lambit,</strong></span> 
     </span>
    </p>
   </div>
   <div class='ocr_carea' id='block_1_69' title="bbox 1018 1188 1805 1226">
    <p class='ocr_par' dir='ltr' id='par_1_69' title="bbox 1018 1188 1805 1226">
     <span class='ocr_line' id='line_1_69' title="bbox 1018 1188 1805 1226; baseline -0.005 -8"><span class='ocrx_word' id='word_1_457' title='bbox 1018 1191 1123 1219; x_wconf 77' lang='lat' dir='ltr'><strong>sinibus</strong></span> <span class='ocrx_word' id='word_1_458' title='bbox 1138 1196 1214 1218; x_wconf 85' lang='lat' dir='ltr'><strong>caret</strong></span> <span class='ocrx_word' id='word_1_459' title='bbox 1234 1196 1261 1218; x_wconf 85' lang='lat' dir='ltr'><strong>et</strong></span> <span class='ocrx_word' id='word_1_460' title='bbox 1275 1191 1366 1224; x_wconf 83' lang='lat' dir='ltr'><strong>plicis,</strong></span> <span class='ocrx_word' id='word_1_461' title='bbox 1382 1191 1469 1226; x_wconf 90' lang='lat' dir='ltr'><strong>globis</strong></span> <span class='ocrx_word' id='word_1_462' title='bbox 1493 1198 1541 1217; x_wconf 88' lang='lat' dir='ltr'><strong>sua</strong></span> <span class='ocrx_word' id='word_1_463' title='bbox 1559 1189 1631 1216; x_wconf 87' lang='lat' dir='ltr'><strong>mole</strong></span> <span class='ocrx_word' id='word_1_464' title='bbox 1648 1188 1805 1222; x_wconf 65' lang='lat' dir='ltr'><strong>conspiruis</strong></span> 
     </span>
    </p>
   </div>
   <div class='ocr_carea' id='block_1_70' title="bbox 1015 1234 1808 1272">
    <p class='ocr_par' dir='ltr' id='par_1_70' title="bbox 1015 1234 1808 1272">
     <span class='ocr_line' id='line_1_70' title="bbox 1015 1234 1808 1272; baseline -0.005 -8"><span class='ocrx_word' id='word_1_465' title='bbox 1015 1237 1159 1272; x_wconf 79' lang='lat' dir='ltr'><strong>colligatur</strong></span> <span class='ocrx_word' id='word_1_466' title='bbox 1174 1237 1207 1264; x_wconf 83' lang='lat' dir='ltr'><strong>ad</strong></span> <span class='ocrx_word' id='word_1_467' title='bbox 1228 1237 1312 1264; x_wconf 90' lang='lat' dir='ltr'><strong>imum</strong></span> <span class='ocrx_word' id='word_1_468' title='bbox 1332 1245 1419 1271; x_wconf 90' lang='lat' dir='ltr'><strong>usque</strong></span> <span class='ocrx_word' id='word_1_469' title='bbox 1437 1240 1545 1271; x_wconf 88' lang='lat' dir='ltr'><strong>pectus,</strong></span> <span class='ocrx_word' id='word_1_470' title='bbox 1571 1243 1671 1270; x_wconf 89' lang='lat' dir='ltr'><strong>corpus</strong></span> <span class='ocrx_word' id='word_1_471' title='bbox 1704 1234 1808 1262; x_wconf 88' lang='lat' dir='ltr'><strong>astrin-</strong></span> 
     </span>
    </p>
   </div>
   <div class='ocr_carea' id='block_1_71' title="bbox 1015 1282 1806 1318">
    <p class='ocr_par' dir='ltr' id='par_1_71' title="bbox 1015 1282 1806 1318">
     <span class='ocr_line' id='line_1_71' title="bbox 1015 1282 1806 1318; baseline -0.005 -8"><span class='ocrx_word' id='word_1_472' title='bbox 1015 1284 1063 1318; x_wconf 65' lang='grc' dir='ltr'><strong>εῖτ,</strong></span> <span class='ocrx_word' id='word_1_473' title='bbox 1083 1288 1110 1310; x_wconf 90' lang='lat' dir='ltr'><strong>et</strong></span> <span class='ocrx_word' id='word_1_474' title='bbox 1123 1289 1191 1310; x_wconf 80' lang='lat' dir='ltr'><strong>zona</strong></span> <span class='ocrx_word' id='word_1_475' title='bbox 1218 1283 1405 1317; x_wconf 74' lang='lat' dir='ltr'><strong>praecingitur,</strong></span> <span class='ocrx_word' id='word_1_476' title='bbox 1431 1282 1482 1309; x_wconf 86' lang='lat' dir='ltr'><strong>sub</strong></span> <span class='ocrx_word' id='word_1_477' title='bbox 1501 1289 1554 1316; x_wconf 88' lang='lat' dir='ltr'><strong>qua</strong></span> <span class='ocrx_word' id='word_1_478' title='bbox 1577 1288 1689 1308; x_wconf 88' lang='lat' dir='ltr'><strong>crurum</strong></span> <span class='ocrx_word' id='word_1_479' title='bbox 1716 1284 1806 1306; x_wconf 81' lang='lat' dir='ltr'><strong>motus</strong></span> 
     </span>
    </p>
   </div>
   <div class='ocr_carea' id='block_1_72' title="bbox 1015 1326 1807 1356">
    <p class='ocr_par' dir='ltr' id='par_1_72' title="bbox 1015 1326 1807 1356">
     <span class='ocr_line' id='line_1_72' title="bbox 1015 1326 1807 1356; baseline -0.006 0"><span class='ocrx_word' id='word_1_480' title='bbox 1015 1329 1114 1356; x_wconf 88' lang='lat' dir='ltr'><strong>limbos</strong></span> <span class='ocrx_word' id='word_1_481' title='bbox 1125 1329 1181 1356; x_wconf 83' lang='lat' dir='ltr'><strong>oris</strong></span> <span class='ocrx_word' id='word_1_482' title='bbox 1196 1329 1373 1356; x_wconf 86' lang='lat' dir='ltr'><strong>interioribus</strong></span> <span class='ocrx_word' id='word_1_483' title='bbox 1394 1332 1502 1355; x_wconf 85' lang='lat' dir='ltr'><strong>assutos</strong></span> <span class='ocrx_word' id='word_1_484' title='bbox 1516 1333 1543 1354; x_wconf 90' lang='lat' dir='ltr'><strong>et</strong></span> <span class='ocrx_word' id='word_1_485' title='bbox 1557 1327 1708 1355; x_wconf 84' lang='lat' dir='ltr'><strong>subductos</strong></span> <span class='ocrx_word' id='word_1_486' title='bbox 1719 1326 1807 1352; x_wconf 90' lang='lat' dir='ltr'><strong>mani-</strong></span> 
     </span>
    </p>
   </div>
   <div class='ocr_carea' id='block_1_73' title="bbox 1015 1371 1807 1410">
    <p class='ocr_par' dir='ltr' id='par_1_73' title="bbox 1015 1371 1807 1410">
     <span class='ocr_line' id='line_1_73' title="bbox 1015 1371 1807 1410; baseline -0.006 -8"><span class='ocrx_word' id='word_1_487' title='bbox 1015 1376 1104 1402; x_wconf 85' lang='lat' dir='ltr'><strong>festat.</strong></span> <span class='ocrx_word' id='word_1_488' title='bbox 1122 1374 1184 1402; x_wconf 79' lang='lat' dir='ltr'><strong>Haec</strong></span> <span class='ocrx_word' id='word_1_489' title='bbox 1199 1373 1278 1410; x_wconf 68' lang='lat' dir='ltr'><strong>(qua:</strong></span> <span class='ocrx_word' id='word_1_490' title='bbox 1291 1375 1454 1409; x_wconf 71' lang='grc' dir='ltr'><strong>σκαράνικον</strong></span> <span class='ocrx_word' id='word_1_491' title='bbox 1475 1375 1536 1406; x_wconf 78' lang='lat' dir='ltr'><strong>est)</strong></span> <span class='ocrx_word' id='word_1_492' title='bbox 1560 1373 1667 1407; x_wconf 88' lang='lat' dir='ltr'><strong>longior</strong></span> <span class='ocrx_word' id='word_1_493' title='bbox 1682 1372 1715 1399; x_wconf 89' lang='lat' dir='ltr'><strong>ad</strong></span> <span class='ocrx_word' id='word_1_494' title='bbox 1738 1371 1807 1398; x_wconf 86' lang='lat' dir='ltr'><strong>talos</strong></span> 
     </span>
    </p>
   </div>
   <div class='ocr_carea' id='block_1_74' title="bbox 1015 1418 1806 1456">
    <p class='ocr_par' dir='ltr' id='par_1_74' title="bbox 1015 1418 1806 1456">
     <span class='ocr_line' id='line_1_74' title="bbox 1015 1418 1806 1456; baseline -0.004 -8"><span class='ocrx_word' id='word_1_495' title='bbox 1015 1421 1117 1451; x_wconf 86' lang='lat' dir='ltr'><strong>deﬂuit,</strong></span> <span class='ocrx_word' id='word_1_496' title='bbox 1136 1425 1230 1456; x_wconf 85' lang='lat' dir='ltr'><strong>aperta</strong></span> <span class='ocrx_word' id='word_1_497' title='bbox 1256 1421 1360 1456; x_wconf 83' lang='lat' dir='ltr'><strong>geritur</strong></span> <span class='ocrx_word' id='word_1_498' title='bbox 1382 1424 1408 1447; x_wconf 89' lang='lat' dir='ltr'><strong>et</strong></span> <span class='ocrx_word' id='word_1_499' title='bbox 1437 1420 1546 1454; x_wconf 79' lang='lat' dir='ltr'><strong>cingulo</strong></span> <span class='ocrx_word' id='word_1_500' title='bbox 1570 1419 1668 1448; x_wconf 87' lang='lat' dir='ltr'><strong>libera.</strong></span> <span class='ocrx_word' id='word_1_501' title='bbox 1694 1418 1806 1445; x_wconf 82' lang='lat' dir='ltr'><strong>sinuosa</strong></span> 
     </span>
    </p>
   </div>
   <div class='ocr_carea' id='block_1_75' title="bbox 1015 1465 1808 1502">
    <p class='ocr_par' dir='ltr' id='par_1_75' title="bbox 1015 1465 1808 1502">
     <span class='ocr_line' id='line_1_75' title="bbox 1015 1465 1808 1502; baseline -0.005 -7"><span class='ocrx_word' id='word_1_502' title='bbox 1015 1475 1070 1495; x_wconf 90' lang='lat' dir='ltr'><strong>non</strong></span> <span class='ocrx_word' id='word_1_503' title='bbox 1084 1472 1136 1500; x_wconf 74' lang='lat' dir='ltr'><strong>est,</strong></span> <span class='ocrx_word' id='word_1_504' title='bbox 1151 1468 1241 1502; x_wconf 84' lang='lat' dir='ltr'><strong>priore</strong></span> <span class='ocrx_word' id='word_1_505' title='bbox 1256 1468 1318 1495; x_wconf 88' lang='lat' dir='ltr'><strong>licet</strong></span> <span class='ocrx_word' id='word_1_506' title='bbox 1326 1466 1544 1502; x_wconf 39' lang='lat' dir='ltr'><strong>ampliorpunde</strong></span> <span class='ocrx_word' id='word_1_507' title='bbox 1557 1471 1585 1494; x_wconf 89' lang='lat' dir='ltr'><strong>et</strong></span> <span class='ocrx_word' id='word_1_508' title='bbox 1604 1465 1748 1493; x_wconf 87' lang='lat' dir='ltr'><strong>latioribus</strong></span> <span class='ocrx_word' id='word_1_509' title='bbox 1764 1473 1808 1491; x_wconf 81' lang='lat' dir='ltr'><strong>re-</strong></span> 
     </span>
    </p>
   </div>
   <div class='ocr_carea' id='block_1_76' title="bbox 1015 1505 1807 1548">
    <p class='ocr_par' dir='ltr' id='par_1_76' title="bbox 1015 1505 1807 1548">
     <span class='ocr_line' id='line_1_76' title="bbox 1015 1505 1807 1548; baseline -0.005 -7"><span class='ocrx_word' id='word_1_510' title='bbox 1015 1515 1120 1548; x_wconf 73' lang='lat' dir='ltr'><strong>ctisque</strong></span> <span class='ocrx_word' id='word_1_511' title='bbox 1137 1514 1264 1547; x_wconf 85' lang='lat' dir='ltr'><strong>manicis,</strong></span> <span class='ocrx_word' id='word_1_512' title='bbox 1280 1514 1302 1540; x_wconf 83' lang='lat' dir='ltr'><strong>si</strong></span> <span class='ocrx_word' id='word_1_513' title='bbox 1318 1513 1497 1548; x_wconf 72' lang='lat' dir='ltr'><strong>expendatur,</strong></span> <span class='ocrx_word' id='word_1_514' title='bbox 1520 1513 1612 1540; x_wconf 78' lang='lat' dir='ltr'><strong>crucis</strong></span> <span class='ocrx_word' id='word_1_515' title='bbox 1628 1513 1742 1539; x_wconf 88' lang='lat' dir='ltr'><strong>formam</strong></span> <span class='ocrx_word' id='word_1_516' title='bbox 1758 1505 1807 1538; x_wconf 48' lang='lat' dir='ltr'><strong>ex;</strong></span> 
     </span>
    </p>
   </div>
   <div class='ocr_carea' id='block_1_77' title="bbox 1016 1559 1807 1594">
    <p class='ocr_par' dir='ltr' id='par_1_77' title="bbox 1016 1559 1807 1594">
     <span class='ocr_line' id='line_1_77' title="bbox 1016 1559 1807 1594; baseline -0.004 -8"><span class='ocrx_word' id='word_1_517' title='bbox 1016 1560 1109 1588; x_wconf 74' lang='lat' dir='ltr'><strong>bibet:</strong></span> <span class='ocrx_word' id='word_1_518' title='bbox 1125 1568 1178 1594; x_wconf 93' lang='lat' dir='ltr'><strong>qua</strong></span> <span class='ocrx_word' id='word_1_519' title='bbox 1193 1561 1227 1588; x_wconf 88' lang='lat' dir='ltr'><strong>de</strong></span> <span class='ocrx_word' id='word_1_520' title='bbox 1244 1568 1325 1587; x_wconf 73' lang='lat' dir='ltr'><strong>causa</strong></span> <span class='ocrx_word' id='word_1_521' title='bbox 1344 1560 1517 1586; x_wconf 80' lang='lat' dir='ltr'><strong>sacerdotum</strong></span> <span class='ocrx_word' id='word_1_522' title='bbox 1535 1559 1667 1591; x_wconf 86' lang='lat' dir='ltr'><strong>tunicam,</strong></span> <span class='ocrx_word' id='word_1_523' title='bbox 1692 1566 1740 1585; x_wconf 72' lang='lat' dir='ltr'><strong>seu</strong></span> <span class='ocrx_word' id='word_1_524' title='bbox 1762 1565 1807 1584; x_wconf 79' lang='lat' dir='ltr'><strong>se-</strong></span> 
     </span>
    </p>
   </div>
   <div class='ocr_carea' id='block_1_78' title="bbox 1016 1605 1805 1642">
    <p class='ocr_par' dir='ltr' id='par_1_78' title="bbox 1016 1605 1805 1642">
     <span class='ocr_line' id='line_1_78' title="bbox 1016 1605 1805 1642; baseline -0.005 -7"><span class='ocrx_word' id='word_1_525' title='bbox 1016 1608 1149 1635; x_wconf 84' lang='lat' dir='ltr'><strong>natoriam</strong></span> <span class='ocrx_word' id='word_1_526' title='bbox 1176 1611 1203 1634; x_wconf 84' lang='lat' dir='ltr'><strong>ct</strong></span> <span class='ocrx_word' id='word_1_527' title='bbox 1230 1615 1372 1642; x_wconf 77' lang='lat' dir='ltr'><strong>procerum</strong></span> <span class='ocrx_word' id='word_1_528' title='bbox 1397 1606 1549 1641; x_wconf 83' lang='lat' dir='ltr'><strong>propriam.</strong></span> <span class='ocrx_word' id='word_1_529' title='bbox 1579 1605 1670 1632; x_wconf 80' lang='lat' dir='ltr'><strong>laudat</strong></span> <span class='ocrx_word' id='word_1_530' title='bbox 1695 1605 1805 1631; x_wconf 89' lang='lat' dir='ltr'><strong>Simeou</strong></span> 
     </span>
    </p>
   </div>
   <div class='ocr_carea' id='block_1_79' title="bbox 1014 1648 1806 1686">
    <p class='ocr_par' dir='ltr' id='par_1_79' title="bbox 1014 1648 1806 1686">
     <span class='ocr_line' id='line_1_79' title="bbox 1014 1648 1806 1686; baseline -0.008 -7"><span class='ocrx_word' id='word_1_531' title='bbox 1014 1652 1215 1679; x_wconf 74' lang='lat' dir='ltr'><strong>Thessalonicae</strong></span> <span class='ocrx_word' id='word_1_532' title='bbox 1230 1652 1374 1686; x_wconf 81' lang='lat' dir='ltr'><strong>episcopus</strong></span> <span class='ocrx_word' id='word_1_533' title='bbox 1387 1650 1434 1678; x_wconf 89' lang='lat' dir='ltr'><strong>lib.</strong></span> <span class='ocrx_word' id='word_1_534' title='bbox 1449 1649 1485 1677; x_wconf 90' lang='lat' dir='ltr'><strong>De</strong></span> <span class='ocrx_word' id='word_1_535' title='bbox 1496 1649 1618 1676; x_wconf 86' lang='lat' dir='ltr'><strong>Sacram.</strong></span> <span class='ocrx_word' id='word_1_536' title='bbox 1630 1658 1636 1675; x_wconf 89' lang='lat'><strong>:</strong></span> <span class='ocrx_word' id='word_1_537' title='bbox 1647 1648 1768 1682; x_wconf 81' lang='grc' dir='ltr'><strong>Σταυροῦ</strong></span> <span class='ocrx_word' id='word_1_538' title='bbox 1778 1648 1806 1674; x_wconf 80' lang='grc' dir='ltr'><strong>δὲ</strong></span> 
     </span>
    </p>
   </div>
   <div class='ocr_carea' id='block_1_80' title="bbox 1013 1693 1807 1733">
    <p class='ocr_par' dir='ltr' id='par_1_80' title="bbox 1013 1693 1807 1733">
     <span class='ocr_line' id='line_1_80' title="bbox 1013 1693 1807 1733; baseline -0.008 -8"><span class='ocrx_word' id='word_1_539' title='bbox 1013 1699 1097 1725; x_wconf 82' lang='grc' dir='ltr'><strong>τύπον</strong></span> <span class='ocrx_word' id='word_1_540' title='bbox 1106 1699 1198 1733; x_wconf 68' lang='grc' dir='ltr'><strong>ἐπέχει</strong></span> <span class='ocrx_word' id='word_1_541' title='bbox 1209 1697 1248 1733; x_wconf 79' lang='grc' dir='ltr'>τῷ</span> <span class='ocrx_word' id='word_1_542' title='bbox 1260 1697 1341 1732; x_wconf 76' lang='grc' dir='ltr'><strong>μήκει</strong></span> <span class='ocrx_word' id='word_1_543' title='bbox 1353 1697 1400 1723; x_wconf 62' lang='grc' dir='ltr'><strong>καὶ</strong></span> <span class='ocrx_word' id='word_1_544' title='bbox 1410 1693 1464 1726; x_wconf 56' lang='grc' dir='ltr'>τοῖς</span> <span class='ocrx_word' id='word_1_545' title='bbox 1480 1696 1626 1731; x_wconf 70' lang='grc' dir='ltr'><strong>μανικίοιε.</strong></span> <span class='ocrx_word' id='word_1_546' title='bbox 1657 1694 1748 1728; x_wconf 62' lang='grc' dir='ltr'><strong>Ταῦτα</strong></span> <span class='ocrx_word' id='word_1_547' title='bbox 1761 1693 1807 1720; x_wconf 74' lang='grc' dir='ltr'><strong>οὖν</strong></span> 
     </span>
    </p>
   </div>
   <div class='ocr_carea' id='block_1_81' title="bbox 1012 1739 1806 1778">
    <p class='ocr_par' dir='ltr' id='par_1_81' title="bbox 1012 1739 1806 1778">
     <span class='ocr_line' id='line_1_81' title="bbox 1012 1739 1806 1778; baseline -0.008 -7"><span class='ocrx_word' id='word_1_548' title='bbox 1012 1745 1045 1771; x_wconf 73' lang='grc' dir='ltr'><strong>τὰ</strong></span> <span class='ocrx_word' id='word_1_549' title='bbox 1063 1744 1157 1778; x_wconf 74' lang='grc' dir='ltr'><strong>ἱμάτια</strong></span> <span class='ocrx_word' id='word_1_550' title='bbox 1174 1743 1250 1770; x_wconf 73' lang='grc' dir='ltr'>κηινά</span> <span class='ocrx_word' id='word_1_551' title='bbox 1266 1744 1342 1775; x_wconf 73' lang='grc' dir='ltr'><strong>πᾶσι,</strong></span> <span class='ocrx_word' id='word_1_552' title='bbox 1363 1743 1420 1775; x_wconf 51' lang='grc' dir='ltr'><strong>καὶ,</strong></span> <span class='ocrx_word' id='word_1_553' title='bbox 1439 1743 1476 1774; x_wconf 79' lang='grc' dir='ltr'><strong>ὼς</strong></span> <span class='ocrx_word' id='word_1_554' title='bbox 1495 1741 1588 1776; x_wconf 71' lang='grc' dir='ltr'><strong>φασὶν,</strong></span> <span class='ocrx_word' id='word_1_555' title='bbox 1604 1743 1636 1767; x_wconf 84' lang='grc' dir='ltr'><strong>ὲκ</strong></span> <span class='ocrx_word' id='word_1_556' title='bbox 1662 1739 1806 1776; x_wconf 78' lang='grc' dir='ltr'><strong>βασιλικῆς</strong></span> 
     </span>
    </p>
   </div>
   <div class='ocr_carea' id='block_1_82' title="bbox 1011 1785 1805 1826">
    <p class='ocr_par' dir='ltr' id='par_1_82' title="bbox 1011 1785 1805 1826">
     <span class='ocr_line' id='line_1_82' title="bbox 1011 1785 1805 1826; baseline -0.008 -9"><span class='ocrx_word' id='word_1_557' title='bbox 1011 1791 1125 1826; x_wconf 74' lang='grc' dir='ltr'><strong>δωρεᾶς,</strong></span> <span class='ocrx_word' id='word_1_558' title='bbox 1143 1791 1182 1822; x_wconf 75' lang='grc' dir='ltr'><strong>εἰς</strong></span> <span class='ocrx_word' id='word_1_559' title='bbox 1197 1790 1280 1825; x_wconf 80' lang='grc' dir='ltr'>τιμὴν</span> <span class='ocrx_word' id='word_1_560' title='bbox 1297 1789 1460 1823; x_wconf 77' lang='grc' dir='ltr'><strong>ἱερωσύνης,</strong></span> <span class='ocrx_word' id='word_1_561' title='bbox 1488 1789 1529 1814; x_wconf 79' lang='grc' dir='ltr'><strong>ὅτι</strong></span> <span class='ocrx_word' id='word_1_562' title='bbox 1553 1788 1601 1814; x_wconf 75' lang='grc' dir='ltr'><strong>καὶ</strong></span> <span class='ocrx_word' id='word_1_563' title='bbox 1625 1785 1805 1821; x_wconf 72' lang='grc' dir='ltr'><strong>συγκλητικοὶ</strong></span> 
     </span>
    </p>
   </div>
   <div class='ocr_carea' id='block_1_83' title="bbox 1011 1832 1806 1869">
    <p class='ocr_par' dir='ltr' id='par_1_83' title="bbox 1011 1832 1806 1869">
     <span class='ocr_line' id='line_1_83' title="bbox 1011 1832 1806 1869; baseline -0.006 -6"><span class='ocrx_word' id='word_1_564' title='bbox 1011 1837 1097 1864; x_wconf 77' lang='grc' dir='ltr'><strong>ταῦτα</strong></span> <span class='ocrx_word' id='word_1_565' title='bbox 1111 1836 1258 1863; x_wconf 69' lang='grc' dir='ltr'><strong>ἐνδύονται.</strong></span> <span class='ocrx_word' id='word_1_566' title='bbox 1276 1835 1392 1862; x_wconf 83' lang='lat' dir='ltr'><strong>Primam</strong></span> <span class='ocrx_word' id='word_1_567' title='bbox 1409 1843 1468 1869; x_wconf 68' lang='lat' dir='ltr'><strong>quae</strong></span> <span class='ocrx_word' id='word_1_568' title='bbox 1493 1835 1593 1861; x_wconf 88' lang='lat' dir='ltr'><strong>milites</strong></span> <span class='ocrx_word' id='word_1_569' title='bbox 1609 1833 1688 1861; x_wconf 77' lang='lat' dir='ltr'><strong>decet</strong></span> <span class='ocrx_word' id='word_1_570' title='bbox 1714 1832 1806 1859; x_wconf 84' lang='lat' dir='ltr'><strong>laudat</strong></span> 
     </span>
    </p>
   </div>
   <div class='ocr_carea' id='block_1_84' title="bbox 1011 1877 1807 1915">
    <p class='ocr_par' dir='ltr' id='par_1_84' title="bbox 1011 1877 1807 1915">
     <span class='ocr_line' id='line_1_84' title="bbox 1011 1877 1807 1915; baseline -0.01 -5"><span class='ocrx_word' id='word_1_571' title='bbox 1011 1882 1123 1910; x_wconf 80' lang='lat' dir='ltr'><strong>Tzetzes</strong></span> <span class='ocrx_word' id='word_1_572' title='bbox 1137 1882 1255 1909; x_wconf 73' lang='lat' dir='ltr'><strong>flbiliad.</strong></span> <span class='ocrx_word' id='word_1_573' title='bbox 1272 1881 1308 1908; x_wconf 80' lang='lat'><strong>‘2:</strong></span> <span class='ocrx_word' id='word_1_574' title='bbox 1325 1881 1456 1915; x_wconf 71' lang='grc' dir='ltr'>Ἕσθημα</span> <span class='ocrx_word' id='word_1_575' title='bbox 1473 1880 1608 1907; x_wconf 70' lang='grc' dir='ltr'>ἐνυάλιον.</span> <span class='ocrx_word' id='word_1_576' title='bbox 1630 1877 1807 1913; x_wconf 79' lang='grc' dir='ltr'><strong>στρατιωτῶν</strong></span> 
     </span>
    </p>
   </div>
   <div class='ocr_carea' id='block_1_85' title="bbox 1011 1923 1808 1963">
    <p class='ocr_par' dir='ltr' id='par_1_85' title="bbox 1011 1923 1808 1963">
     <span class='ocr_line' id='line_1_85' title="bbox 1011 1923 1808 1963; baseline -0.009 -8"><span class='ocrx_word' id='word_1_577' title='bbox 1011 1930 1040 1955; x_wconf 76' lang='grc' dir='ltr'><strong>τὸ</strong></span> <span class='ocrx_word' id='word_1_578' title='bbox 1048 1926 1214 1963; x_wconf 74' lang='grc' dir='ltr'><strong>εἶμα,”οπερ</strong></span> <span class='ocrx_word' id='word_1_579' title='bbox 1229 1927 1348 1961; x_wconf 70' lang='grc' dir='ltr'><strong>καὸάδης</strong></span> <span class='ocrx_word' id='word_1_580' title='bbox 1357 1926 1466 1960; x_wconf 75' lang='grc' dir='ltr'><strong>λέγεται</strong></span> <span class='ocrx_word' id='word_1_581' title='bbox 1479 1926 1532 1952; x_wconf 82' lang='grc' dir='ltr'><strong>ἀπὸ</strong></span> <span class='ocrx_word' id='word_1_582' title='bbox 1543 1925 1668 1952; x_wconf 75' lang='grc' dir='ltr'><strong>Καὸάδου</strong></span> <span class='ocrx_word' id='word_1_583' title='bbox 1684 1923 1808 1957; x_wconf 79' lang='grc' dir='ltr'><strong>Πέρσου.</strong></span> 
     </span>
    </p>
   </div>
   <div class='ocr_carea' id='block_1_86' title="bbox 1011 1970 1806 2004">
    <p class='ocr_par' dir='ltr' id='par_1_86' title="bbox 1011 1970 1806 2004">
     <span class='ocr_line' id='line_1_86' title="bbox 1011 1970 1806 2004; baseline -0.01 -3"><span class='ocrx_word' id='word_1_584' title='bbox 1011 1974 1112 2002; x_wconf 76' lang='lat' dir='ltr'><strong>Verum</strong></span> <span class='ocrx_word' id='word_1_585' title='bbox 1128 1974 1156 2001; x_wconf 91' lang='lat' dir='ltr'><strong>in</strong></span> <span class='ocrx_word' id='word_1_586' title='bbox 1177 1973 1305 2001; x_wconf 82' lang='lat' dir='ltr'><strong>cabadem</strong></span> <span class='ocrx_word' id='word_1_587' title='bbox 1323 1973 1394 1999; x_wconf 88' lang='lat' dir='ltr'><strong>hunc</strong></span> <span class='ocrx_word' id='word_1_588' title='bbox 1405 1973 1559 2000; x_wconf 80' lang='lat' dir='ltr'><strong>Romanum</strong></span> <span class='ocrx_word' id='word_1_589' title='bbox 1581 1977 1676 2004; x_wconf 77' lang='lat' dir='ltr'><strong>sagum</strong></span> <span class='ocrx_word' id='word_1_590' title='bbox 1690 1970 1806 2002; x_wconf 74' lang='lat' dir='ltr'><strong>degene-</strong></span> 
     </span>
    </p>
   </div>
   <div class='ocr_carea' id='block_1_87' title="bbox 1011 2015 1807 2054">
    <p class='ocr_par' dir='ltr' id='par_1_87' title="bbox 1011 2015 1807 2054">
     <span class='ocr_line' id='line_1_87' title="bbox 1011 2015 1807 2054; baseline -0.01 -6"><span class='ocrx_word' id='word_1_591' title='bbox 1011 2029 1086 2048; x_wconf 81' lang='lat' dir='ltr'><strong>rasse</strong></span> <span class='ocrx_word' id='word_1_592' title='bbox 1101 2025 1225 2047; x_wconf 89' lang='lat' dir='ltr'><strong>autumo.</strong></span> <span class='ocrx_word' id='word_1_593' title='bbox 1242 2020 1283 2046; x_wconf 90' lang='lat' dir='ltr'><strong>Ab</strong></span> <span class='ocrx_word' id='word_1_594' title='bbox 1299 2019 1418 2054; x_wconf 83' lang='lat' dir='ltr'><strong>Assyriis</strong></span> <span class='ocrx_word' id='word_1_595' title='bbox 1434 2018 1466 2045; x_wconf 89' lang='lat' dir='ltr'><strong>ad</strong></span> <span class='ocrx_word' id='word_1_596' title='bbox 1491 2018 1595 2044; x_wconf 88' lang='lat' dir='ltr'><strong>curiatn</strong></span> <span class='ocrx_word' id='word_1_597' title='bbox 1626 2015 1682 2042; x_wconf 71' lang='grc' dir='ltr'><strong>(ΣΡ.</strong></span> <span class='ocrx_word' id='word_1_598' title='bbox 1700 2015 1807 2041; x_wconf 82' lang='lat' dir='ltr'><strong>transi—</strong></span> 
     </span>
    </p>
   </div>
   <div class='ocr_carea' id='block_1_88' title="bbox 1011 2059 1804 2094">
    <p class='ocr_par' dir='ltr' id='par_1_88' title="bbox 1011 2059 1804 2094">
     <span class='ocr_line' id='line_1_88' title="bbox 1011 2059 1804 2094; baseline -0.01 -1"><span class='ocrx_word' id='word_1_599' title='bbox 1011 2067 1064 2094; x_wconf 91' lang='lat' dir='ltr'><strong>isse</strong></span> <span class='ocrx_word' id='word_1_600' title='bbox 1084 2066 1185 2093; x_wconf 89' lang='lat' dir='ltr'><strong>scribet</strong></span> <span class='ocrx_word' id='word_1_601' title='bbox 1202 2069 1296 2092; x_wconf 90' lang='lat' dir='ltr'><strong>auctor</strong></span> <span class='ocrx_word' id='word_1_602' title='bbox 1317 2064 1431 2091; x_wconf 86' lang='lat' dir='ltr'><strong>inferius</strong></span> <span class='ocrx_word' id='word_1_603' title='bbox 1449 2071 1474 2090; x_wconf 68' lang='grc' dir='ltr'><strong>(λ.</strong></span> <span class='ocrx_word' id='word_1_604' title='bbox 1493 2062 1509 2089; x_wconf 90' lang='grc'>6</span> <span class='ocrx_word' id='word_1_605' title='bbox 1535 2063 1567 2089; x_wconf 84' lang='lat' dir='ltr'><strong>ad</strong></span> <span class='ocrx_word' id='word_1_606' title='bbox 1592 2061 1711 2093; x_wconf 83' lang='lat' dir='ltr'><strong>calcem;</strong></span> <span class='ocrx_word' id='word_1_607' title='bbox 1732 2059 1804 2094; x_wconf 86' lang='lat' dir='ltr'><strong>quod</strong></span> 
     </span>
    </p>
   </div>
   <div class='ocr_carea' id='block_1_89' title="bbox 1010 2105 1802 2144">
    <p class='ocr_par' dir='ltr' id='par_1_89' title="bbox 1010 2105 1802 2144">
     <span class='ocr_line' id='line_1_89' title="bbox 1010 2105 1802 2144; baseline -0.01 -5"><span class='ocrx_word' id='word_1_608' title='bbox 1010 2112 1043 2139; x_wconf 88' lang='lat' dir='ltr'><strong>de</strong></span> <span class='ocrx_word' id='word_1_609' title='bbox 1062 2116 1186 2144; x_wconf 78' lang='lat' dir='ltr'><strong>externo,</strong></span> <span class='ocrx_word' id='word_1_610' title='bbox 1204 2119 1253 2138; x_wconf 88' lang='lat' dir='ltr'><strong>ceu</strong></span> <span class='ocrx_word' id='word_1_611' title='bbox 1270 2118 1285 2138; x_wconf 85' lang='lat' dir='ltr'><strong>a</strong></span> <span class='ocrx_word' id='word_1_612' title='bbox 1302 2109 1432 2136; x_wconf 78' lang='lat' dir='ltr'><strong>Romanis</strong></span> <span class='ocrx_word' id='word_1_613' title='bbox 1455 2109 1550 2136; x_wconf 85' lang='lat' dir='ltr'><strong>usibus</strong></span> <span class='ocrx_word' id='word_1_614' title='bbox 1571 2107 1671 2139; x_wconf 83' lang='lat' dir='ltr'><strong>alieno,</strong></span> <span class='ocrx_word' id='word_1_615' title='bbox 1700 2105 1802 2133; x_wconf 86' lang='lat' dir='ltr'><strong>dictum</strong></span> 
     </span>
    </p>
   </div>
   <div class='ocr_carea' id='block_1_90' title="bbox 1010 2151 1806 2191">
    <p class='ocr_par' dir='ltr' id='par_1_90' title="bbox 1010 2151 1806 2191">
     <span class='ocr_line' id='line_1_90' title="bbox 1010 2151 1806 2191; baseline -0.01 -7"><span class='ocrx_word' id='word_1_616' title='bbox 1010 2157 1107 2185; x_wconf 83' lang='lat' dir='ltr'><strong>lubens</strong></span> <span class='ocrx_word' id='word_1_617' title='bbox 1123 2156 1294 2191; x_wconf 85' lang='lat' dir='ltr'><strong>amplector:</strong></span> <span class='ocrx_word' id='word_1_618' title='bbox 1313 2164 1327 2182; x_wconf 90' lang='lat' dir='ltr'><strong>a</strong></span> <span class='ocrx_word' id='word_1_619' title='bbox 1347 2163 1431 2189; x_wconf 80' lang='lat' dir='ltr'><strong>cappa</strong></span> <span class='ocrx_word' id='word_1_620' title='bbox 1449 2161 1514 2180; x_wconf 85' lang='lat' dir='ltr'><strong>vero</strong></span> <span class='ocrx_word' id='word_1_621' title='bbox 1529 2153 1611 2188; x_wconf 88' lang='lat' dir='ltr'><strong>(quod</strong></span> <span class='ocrx_word' id='word_1_622' title='bbox 1628 2152 1673 2179; x_wconf 88' lang='lat' dir='ltr'><strong>alii</strong></span> <span class='ocrx_word' id='word_1_623' title='bbox 1689 2151 1806 2178; x_wconf 82' lang='lat' dir='ltr'><strong>commi-</strong></span> 
     </span>
    </p>
   </div>
   <div class='ocr_carea' id='block_1_91' title="bbox 1010 2201 1798 2236">
    <p class='ocr_par' dir='ltr' id='par_1_91' title="bbox 1010 2201 1798 2236">
     <span class='ocr_line' id='line_1_91' title="bbox 1010 2201 1798 2236; baseline -0.01 -6"><span class='ocrx_word' id='word_1_624' title='bbox 1010 2202 1176 2236; x_wconf 83' lang='lat' dir='ltr'><strong>niscuntur),</strong></span> <span class='ocrx_word' id='word_1_625' title='bbox 1195 2202 1309 2229; x_wconf 85' lang='lat' dir='ltr'><strong>barbara</strong></span> <span class='ocrx_word' id='word_1_626' title='bbox 1331 2201 1490 2228; x_wconf 82' lang='lat' dir='ltr'><strong>Latinorum</strong></span> <span class='ocrx_word' id='word_1_627' title='bbox 1508 2207 1574 2226; x_wconf 79' lang='lat' dir='ltr'><strong>voce</strong></span> <span class='ocrx_word' id='word_1_628' title='bbox 1598 2201 1798 2232; x_wconf 82' lang='lat' dir='ltr'><strong>nuncupatum,</strong></span> 
     </span>
    </p>
   </div>
   <div class='ocr_carea' id='block_1_92' title="bbox 205 2242 1804 2284">
    <p class='ocr_par' dir='ltr' id='par_1_92' title="bbox 205 2242 1804 2284">
     <span class='ocr_line' id='line_1_92' title="bbox 205 2242 1804 2284; baseline -0.001 -14"><span class='ocrx_word' id='word_1_629' title='bbox 205 2243 417 2280; x_wconf 79' lang='grc' dir='ltr'><strong>[Σκαράνικον.</strong></span> <span class='ocrx_word' id='word_1_630' title='bbox 437 2245 504 2271; x_wconf 83' lang='lat' dir='ltr'><strong>Cum</strong></span> <span class='ocrx_word' id='word_1_631' title='bbox 523 2245 555 2271; x_wconf 90' lang='lat' dir='ltr'><strong>de</strong></span> <span class='ocrx_word' id='word_1_632' title='bbox 582 2245 628 2271; x_wconf 93' lang='lat' dir='ltr'><strong>illo</strong></span> <span class='ocrx_word' id='word_1_633' title='bbox 649 2245 818 2280; x_wconf 76' lang='lat' dir='ltr'><strong>frequentior</strong></span> <span class='ocrx_word' id='word_1_634' title='bbox 834 2252 960 2274; x_wconf 86' lang='lat' dir='ltr'><strong>occurret</strong></span> <span class='ocrx_word' id='word_1_635' title='bbox 977 2249 997 2276; x_wconf 87' lang='grc' dir='ltr'><strong>Ι)</strong></span> <span class='ocrx_word' id='word_1_636' title='bbox 1012 2258 1026 2277; x_wconf 84' lang='lat' dir='ltr'><strong>a</strong></span> <span class='ocrx_word' id='word_1_637' title='bbox 1041 2250 1127 2278; x_wconf 90' lang='lat' dir='ltr'><strong>forma</strong></span> <span class='ocrx_word' id='word_1_638' title='bbox 1145 2249 1279 2284; x_wconf 84' lang='lat' dir='ltr'><strong>siquidem</strong></span> <span class='ocrx_word' id='word_1_639' title='bbox 1294 2249 1433 2280; x_wconf 84' lang='lat' dir='ltr'><strong>abhorret,</strong></span> <span class='ocrx_word' id='word_1_640' title='bbox 1446 2254 1480 2273; x_wconf 87' lang='lat' dir='ltr'><strong>ne</strong></span> <span class='ocrx_word' id='word_1_641' title='bbox 1497 2245 1582 2273; x_wconf 85' lang='lat' dir='ltr'><strong>risum</strong></span> <span class='ocrx_word' id='word_1_642' title='bbox 1607 2249 1724 2275; x_wconf 83' lang='lat' dir='ltr'><strong>moveat,</strong></span> <span class='ocrx_word' id='word_1_643' title='bbox 1742 2242 1804 2270; x_wconf 93' lang='lat' dir='ltr'><strong>nul-</strong></span> 
     </span>
    </p>
   </div>
   <div class='ocr_carea' id='block_1_93' title="bbox 170 2291 959 2322">
    <p class='ocr_par' dir='ltr' id='par_1_93' title="bbox 170 2291 959 2322">
     <span class='ocr_line' id='line_1_93' title="bbox 170 2291 959 2322; baseline 0.005 -5"><span class='ocrx_word' id='word_1_644' title='bbox 170 2299 270 2322; x_wconf 71' lang='lat' dir='ltr'><strong>sermo,</strong></span> <span class='ocrx_word' id='word_1_645' title='bbox 292 2291 465 2318; x_wconf 84' lang='lat' dir='ltr'><strong>commodius</strong></span> <span class='ocrx_word' id='word_1_646' title='bbox 481 2292 551 2318; x_wconf 91' lang='lat' dir='ltr'><strong>infra</strong></span> <span class='ocrx_word' id='word_1_647' title='bbox 575 2292 769 2319; x_wconf 81' lang='lat' dir='ltr'><strong>declarabitur.</strong></span> <span class='ocrx_word' id='word_1_648' title='bbox 794 2292 862 2320; x_wconf 81' lang='lat' dir='ltr'><strong>Vide</strong></span> <span class='ocrx_word' id='word_1_649' title='bbox 888 2294 959 2321; x_wconf 87' lang='lat' dir='ltr'><strong>inte—</strong></span> 
     </span>
    </p>
   </div>
   <div class='ocr_carea' id='block_1_94' title="bbox 169 2337 958 2371">
    <p class='ocr_par' dir='ltr' id='par_1_94' title="bbox 169 2337 958 2371">
     <span class='ocr_line' id='line_1_94' title="bbox 169 2337 958 2371; baseline 0.003 -7"><span class='ocrx_word' id='word_1_650' title='bbox 169 2337 219 2364; x_wconf 90' lang='lat' dir='ltr'><strong>rim</strong></span> <span class='ocrx_word' id='word_1_651' title='bbox 237 2342 362 2371; x_wconf 84' lang='lat' dir='ltr'><strong>quartam</strong></span> <span class='ocrx_word' id='word_1_652' title='bbox 388 2337 422 2364; x_wconf 88' lang='lat' dir='ltr'><strong>ab</strong></span> <span class='ocrx_word' id='word_1_653' title='bbox 449 2338 499 2364; x_wconf 80' lang='lat' dir='ltr'><strong>hac</strong></span> <span class='ocrx_word' id='word_1_654' title='bbox 514 2341 617 2367; x_wconf 87' lang='lat' dir='ltr'><strong>notam.</strong></span> <span class='ocrx_word' id='word_1_655' title='bbox 631 2339 675 2365; x_wconf 90' lang='lat' dir='ltr'><strong>cui</strong></span> <span class='ocrx_word' id='word_1_656' title='bbox 692 2338 786 2365; x_wconf 88' lang='lat' dir='ltr'><strong>titulus</strong></span> <span class='ocrx_word' id='word_1_657' title='bbox 803 2339 958 2366; x_wconf 75' lang='grc' dir='ltr'><strong>καϐὄάδιον.</strong></span> 
     </span>
    </p>
   </div>
   <div class='ocr_carea' id='block_1_95' title="bbox 205 2381 959 2418">
    <p class='ocr_par' dir='ltr' id='par_1_95' title="bbox 205 2381 959 2418">
     <span class='ocr_line' id='line_1_95' title="bbox 205 2381 959 2418; baseline 0.004 -9"><span class='ocrx_word' id='word_1_658' title='bbox 205 2382 273 2409; x_wconf 80' lang='lat' dir='ltr'><strong>Ibid.</strong></span> <span class='ocrx_word' id='word_1_659' title='bbox 288 2381 517 2418; x_wconf 76' lang='grc' dir='ltr'><strong>[Χρυσοχοτιιόν.</strong></span> <span class='ocrx_word' id='word_1_660' title='bbox 526 2383 643 2411; x_wconf 89' lang='lat' dir='ltr'><strong>Sensum</strong></span> <span class='ocrx_word' id='word_1_661' title='bbox 660 2384 845 2418; x_wconf 77' lang='lat' dir='ltr'><strong>percipc2nec</strong></span> <span class='ocrx_word' id='word_1_662' title='bbox 862 2385 959 2413; x_wconf 88' lang='lat' dir='ltr'><strong>illitutn</strong></span> 
     </span>
    </p>
   </div>
   <div class='ocr_carea' id='block_1_96' title="bbox 170 2429 961 2460">
    <p class='ocr_par' dir='ltr' id='par_1_96' title="bbox 170 2429 961 2460">
     <span class='ocr_line' id='line_1_96' title="bbox 170 2429 961 2460; baseline 0.004 -5"><span class='ocrx_word' id='word_1_663' title='bbox 170 2430 261 2460; x_wconf 85' lang='lat' dir='ltr'><strong>modo.</strong></span> <span class='ocrx_word' id='word_1_664' title='bbox 283 2429 333 2456; x_wconf 83' lang='lat' dir='ltr'><strong>sed</strong></span> <span class='ocrx_word' id='word_1_665' title='bbox 353 2434 380 2457; x_wconf 91' lang='lat' dir='ltr'><strong>et</strong></span> <span class='ocrx_word' id='word_1_666' title='bbox 399 2437 466 2456; x_wconf 90' lang='lat' dir='ltr'><strong>auro</strong></span> <span class='ocrx_word' id='word_1_667' title='bbox 481 2429 566 2457; x_wconf 89' lang='lat' dir='ltr'><strong>solido</strong></span> <span class='ocrx_word' id='word_1_668' title='bbox 581 2430 707 2457; x_wconf 88' lang='lat' dir='ltr'><strong>conﬂatis</strong></span> <span class='ocrx_word' id='word_1_669' title='bbox 721 2430 870 2458; x_wconf 90' lang='lat' dir='ltr'><strong>monilibus</strong></span> <span class='ocrx_word' id='word_1_670' title='bbox 885 2438 961 2458; x_wconf 89' lang='lat' dir='ltr'><strong>asse-</strong></span> 
     </span>
    </p>
   </div>
   <div class='ocr_carea' id='block_1_97' title="bbox 170 2476 957 2516">
    <p class='ocr_par' dir='ltr' id='par_1_97' title="bbox 170 2476 957 2516">
     <span class='ocr_line' id='line_1_97' title="bbox 170 2476 957 2516; baseline 0.005 -14"><span class='ocrx_word' id='word_1_671' title='bbox 170 2483 212 2502; x_wconf 87' lang='lat' dir='ltr'><strong>res</strong></span> <span class='ocrx_word' id='word_1_672' title='bbox 227 2476 425 2503; x_wconf 84' lang='lat' dir='ltr'><strong>circumfusum</strong></span> <span class='ocrx_word' id='word_1_673' title='bbox 439 2481 465 2504; x_wconf 86' lang='lat' dir='ltr'><strong>et</strong></span> <span class='ocrx_word' id='word_1_674' title='bbox 477 2477 638 2505; x_wconf 81' lang='lat' dir='ltr'><strong>distinctum</strong></span> <span class='ocrx_word' id='word_1_675' title='bbox 648 2477 769 2511; x_wconf 69' lang='lat' dir='ltr'><strong>despotze</strong></span> <span class='ocrx_word' id='word_1_676' title='bbox 782 2479 957 2516; x_wconf 64' lang='grc' dir='ltr'><strong>σκαράνικονε</strong></span> 
     </span>
    </p>
   </div>
   <div class='ocr_carea' id='block_1_98' title="bbox 169 2522 959 2558">
    <p class='ocr_par' dir='ltr' id='par_1_98' title="bbox 169 2522 959 2558">
     <span class='ocr_line' id='line_1_98' title="bbox 169 2522 959 2558; baseline 0.005 -11"><span class='ocrx_word' id='word_1_677' title='bbox 169 2522 278 2557; x_wconf 55' lang='grc' dir='ltr'><strong>ὶηιθὰρια</strong></span> <span class='ocrx_word' id='word_1_678' title='bbox 295 2530 422 2556; x_wconf 84' lang='lat' dir='ltr'><strong>namque,</strong></span> <span class='ocrx_word' id='word_1_679' title='bbox 440 2523 487 2558; x_wconf 88' lang='lat' dir='ltr'><strong>qui</strong></span> <span class='ocrx_word' id='word_1_680' title='bbox 504 2532 557 2551; x_wconf 89' lang='lat' dir='ltr'><strong>non</strong></span> <span class='ocrx_word' id='word_1_681' title='bbox 574 2524 700 2557; x_wconf 90' lang='lat' dir='ltr'><strong>uniones,</strong></span> <span class='ocrx_word' id='word_1_682' title='bbox 721 2525 768 2552; x_wconf 89' lang='lat' dir='ltr'><strong>sed</strong></span> <span class='ocrx_word' id='word_1_683' title='bbox 785 2525 870 2558; x_wconf 88' lang='lat' dir='ltr'><strong>lapilli</strong></span> <span class='ocrx_word' id='word_1_684' title='bbox 896 2529 959 2552; x_wconf 90' lang='lat' dir='ltr'><strong>sunt</strong></span> 
     </span>
    </p>
   </div>
   <div class='ocr_carea' id='block_1_99' title="bbox 169 2569 960 2605">
    <p class='ocr_par' dir='ltr' id='par_1_99' title="bbox 169 2569 960 2605">
     <span class='ocr_line' id='line_1_99' title="bbox 169 2569 960 2605; baseline 0.001 -10"><span class='ocrx_word' id='word_1_685' title='bbox 169 2569 291 2602; x_wconf 87' lang='lat' dir='ltr'><strong>pretiosi,</strong></span> <span class='ocrx_word' id='word_1_686' title='bbox 305 2569 417 2596; x_wconf 83' lang='lat' dir='ltr'><strong>nonnisi</strong></span> <span class='ocrx_word' id='word_1_687' title='bbox 427 2577 508 2604; x_wconf 90' lang='lat' dir='ltr'><strong>opere</strong></span> <span class='ocrx_word' id='word_1_688' title='bbox 520 2570 605 2598; x_wconf 86' lang='lat' dir='ltr'><strong>solide</strong></span> <span class='ocrx_word' id='word_1_689' title='bbox 617 2576 756 2604; x_wconf 79' lang='lat' dir='ltr'><strong>concreto,</strong></span> <span class='ocrx_word' id='word_1_690' title='bbox 769 2571 849 2604; x_wconf 80' lang='lat' dir='ltr'><strong>cujus</strong></span> <span class='ocrx_word' id='word_1_691' title='bbox 861 2579 960 2605; x_wconf 78' lang='grc' dir='ltr'><strong>χρυσο-</strong></span> 
     </span>
    </p>
   </div>
   <div class='ocr_carea' id='block_1_100' title="bbox 168 2616 958 2651">
    <p class='ocr_par' dir='ltr' id='par_1_100' title="bbox 168 2616 958 2651">
     <span class='ocr_line' id='line_1_100' title="bbox 168 2616 958 2651; baseline 0.004 -10"><span class='ocrx_word' id='word_1_692' title='bbox 168 2617 228 2650; x_wconf 65' lang='grc' dir='ltr'><strong>χόος</strong></span> <span class='ocrx_word' id='word_1_693' title='bbox 252 2620 296 2643; x_wconf 87' lang='lat' dir='ltr'><strong>est</strong></span> <span class='ocrx_word' id='word_1_694' title='bbox 334 2620 441 2647; x_wconf 88' lang='lat' dir='ltr'><strong>auctor,</strong></span> <span class='ocrx_word' id='word_1_695' title='bbox 469 2616 569 2644; x_wconf 90' lang='lat' dir='ltr'><strong>includi</strong></span> <span class='ocrx_word' id='word_1_696' title='bbox 595 2622 708 2651; x_wconf 88' lang='lat' dir='ltr'><strong>possunt</strong></span> <span class='ocrx_word' id='word_1_697' title='bbox 726 2622 753 2644; x_wconf 88' lang='lat' dir='ltr'><strong>et</strong></span> <span class='ocrx_word' id='word_1_698' title='bbox 776 2617 903 2651; x_wconf 69' lang='lat' dir='ltr'><strong>detineri,</strong></span> <span class='ocrx_word' id='word_1_699' title='bbox 926 2625 958 2644; x_wconf 88' lang='lat' dir='ltr'><strong>ac</strong></span> 
     </span>
    </p>
   </div>
   <div class='ocr_carea' id='block_1_101' title="bbox 168 2662 958 2699">
    <p class='ocr_par' dir='ltr' id='par_1_101' title="bbox 168 2662 958 2699">
     <span class='ocr_line' id='line_1_101' title="bbox 168 2662 958 2699; baseline 0.004 -11"><span class='ocrx_word' id='word_1_700' title='bbox 168 2662 276 2688; x_wconf 86' lang='lat' dir='ltr'><strong>demum</strong></span> <span class='ocrx_word' id='word_1_701' title='bbox 292 2666 416 2689; x_wconf 72' lang='lat' dir='ltr'><strong>externa:</strong></span> <span class='ocrx_word' id='word_1_702' title='bbox 441 2662 522 2694; x_wconf 70' lang='lat' dir='ltr'><strong>vesti,</strong></span> <span class='ocrx_word' id='word_1_703' title='bbox 539 2662 627 2696; x_wconf 85' lang='lat' dir='ltr'><strong>qualis</strong></span> <span class='ocrx_word' id='word_1_704' title='bbox 644 2663 810 2698; x_wconf 77' lang='grc' dir='ltr'><strong>σχαράνικον</strong></span> <span class='ocrx_word' id='word_1_705' title='bbox 835 2669 887 2695; x_wconf 85' lang='lat' dir='ltr'><strong>est,</strong></span> <span class='ocrx_word' id='word_1_706' title='bbox 911 2673 958 2699; x_wconf 79' lang='lat' dir='ltr'><strong>per</strong></span> 
     </span>
    </p>
   </div>
   <div class='ocr_carea' id='block_1_102' title="bbox 169 2707 958 2745">
    <p class='ocr_par' dir='ltr' id='par_1_102' title="bbox 169 2707 958 2745">
     <span class='ocr_line' id='line_1_102' title="bbox 169 2707 958 2745; baseline 0.009 -14"><span class='ocrx_word' id='word_1_707' title='bbox 169 2707 242 2734; x_wconf 73' lang='lat' dir='ltr'><strong>varia</strong></span> <span class='ocrx_word' id='word_1_708' title='bbox 259 2708 346 2741; x_wconf 79' lang='lat' dir='ltr'><strong>spatia</strong></span> <span class='ocrx_word' id='word_1_709' title='bbox 361 2707 482 2742; x_wconf 79' lang='lat' dir='ltr'><strong>respergi</strong></span> <span class='ocrx_word' id='word_1_710' title='bbox 495 2714 522 2734; x_wconf 86' lang='lat' dir='ltr'><strong>et</strong></span> <span class='ocrx_word' id='word_1_711' title='bbox 537 2708 643 2735; x_wconf 90' lang='lat' dir='ltr'><strong>consui.</strong></span> <span class='ocrx_word' id='word_1_712' title='bbox 660 2708 895 2745; x_wconf 84' lang='lat' dir='ltr'><strong>Sandionysiacus</strong></span> <span class='ocrx_word' id='word_1_713' title='bbox 909 2718 958 2737; x_wconf 88' lang='lat' dir='ltr'><strong>co-</strong></span> 
     </span>
    </p>
   </div>
   <div class='ocr_carea' id='block_1_103' title="bbox 167 2753 957 2791">
    <p class='ocr_par' dir='ltr' id='par_1_103' title="bbox 167 2753 957 2791">
     <span class='ocr_line' id='line_1_103' title="bbox 167 2753 957 2791; baseline 0.004 -11"><span class='ocrx_word' id='word_1_714' title='bbox 167 2753 219 2780; x_wconf 63' lang='lat' dir='ltr'><strong>de!</strong></span> <span class='ocrx_word' id='word_1_715' title='bbox 236 2754 386 2787; x_wconf 79' lang='lat' dir='ltr'><strong>palmarem</strong></span> <span class='ocrx_word' id='word_1_716' title='bbox 407 2753 517 2780; x_wconf 87' lang='lat' dir='ltr'><strong>limbum</strong></span> <span class='ocrx_word' id='word_1_717' title='bbox 532 2754 646 2788; x_wconf 87' lang='lat' dir='ltr'><strong>gemmis</strong></span> <span class='ocrx_word' id='word_1_718' title='bbox 662 2759 689 2781; x_wconf 89' lang='lat' dir='ltr'><strong>et</strong></span> <span class='ocrx_word' id='word_1_719' title='bbox 705 2754 815 2788; x_wconf 87' lang='lat' dir='ltr'><strong>lapillis,</strong></span> <span class='ocrx_word' id='word_1_720' title='bbox 831 2763 860 2782; x_wconf 88' lang='grc' dir='ltr'><strong>ιιι</strong></span> <span class='ocrx_word' id='word_1_721' title='bbox 876 2763 957 2791; x_wconf 90' lang='lat' dir='ltr'><strong>appa-</strong></span> 
     </span>
    </p>
   </div>
   <div class='ocr_carea' id='block_1_104' title="bbox 168 2798 638 2834">
    <p class='ocr_par' dir='ltr' id='par_1_104' title="bbox 168 2798 638 2834">
     <span class='ocr_line' id='line_1_104' title="bbox 168 2798 638 2834; baseline 0.002 -9"><span class='ocrx_word' id='word_1_722' title='bbox 168 2802 220 2829; x_wconf 82' lang='lat' dir='ltr'><strong>ret,</strong></span> <span class='ocrx_word' id='word_1_723' title='bbox 232 2799 336 2825; x_wconf 88' lang='lat' dir='ltr'><strong>varium</strong></span> <span class='ocrx_word' id='word_1_724' title='bbox 351 2798 412 2832; x_wconf 84' lang='lat' dir='ltr'><strong>ejus</strong></span> <span class='ocrx_word' id='word_1_725' title='bbox 425 2798 492 2825; x_wconf 87' lang='lat' dir='ltr'><strong>vesti</strong></span> <span class='ocrx_word' id='word_1_726' title='bbox 505 2800 638 2834; x_wconf 82' lang='lat' dir='ltr'><strong>appingit.</strong></span> 
     </span>
    </p>
   </div>
   <div class='ocr_carea' id='block_1_105' title="bbox 204 2843 955 2880">
    <p class='ocr_par' dir='ltr' id='par_1_105' title="bbox 204 2843 955 2880">
     <span class='ocr_line' id='line_1_105' title="bbox 204 2843 955 2880; baseline 0.007 -10"><span class='ocrx_word' id='word_1_727' title='bbox 204 2843 270 2871; x_wconf 81' lang='lat' dir='ltr'><strong>Ibid.</strong></span> <span class='ocrx_word' id='word_1_728' title='bbox 290 2844 437 2880; x_wconf 81' lang='grc' dir='ltr'><strong>[Λιθάρια.</strong></span> <span class='ocrx_word' id='word_1_729' title='bbox 452 2843 518 2871; x_wconf 82' lang='lat' dir='ltr'><strong>Vide</strong></span> <span class='ocrx_word' id='word_1_730' title='bbox 540 2845 736 2878; x_wconf 82' lang='lat' dir='ltr'><strong>degenerantes</strong></span> <span class='ocrx_word' id='word_1_731' title='bbox 757 2846 785 2873; x_wconf 93' lang='lat' dir='ltr'><strong>in</strong></span> <span class='ocrx_word' id='word_1_732' title='bbox 802 2847 955 2875; x_wconf 86' lang='lat' dir='ltr'><strong>barbariem</strong></span> 
     </span>
    </p>
   </div>
   <div class='ocr_carea' id='block_1_106' title="bbox 166 2890 956 2929">
    <p class='ocr_par' dir='ltr' id='par_1_106' title="bbox 166 2890 956 2929">
     <span class='ocr_line' id='line_1_106' title="bbox 166 2890 956 2929; baseline 0.009 -14"><span class='ocrx_word' id='word_1_733' title='bbox 166 2897 249 2917; x_wconf 67' lang='lat' dir='ltr'><strong>voces</strong></span> <span class='ocrx_word' id='word_1_734' title='bbox 267 2890 326 2923; x_wconf 88' lang='lat' dir='ltr'><strong>bas,</strong></span> <span class='ocrx_word' id='word_1_735' title='bbox 355 2890 475 2924; x_wconf 69' lang='grc' dir='ltr'>λιθάριι,</span> <span class='ocrx_word' id='word_1_736' title='bbox 505 2893 720 2928; x_wconf 79' lang='grc' dir='ltr'><strong>μαργαριτάρια,</strong></span> <span class='ocrx_word' id='word_1_737' title='bbox 738 2898 776 2924; x_wconf 83' lang='lat' dir='ltr'><strong>et,</strong></span> <span class='ocrx_word' id='word_1_738' title='bbox 798 2894 831 2921; x_wconf 78' lang='lat' dir='ltr'><strong>de</strong></span> <span class='ocrx_word' id='word_1_739' title='bbox 856 2895 956 2929; x_wconf 85' lang='lat' dir='ltr'><strong>quibus</strong></span> 
     </span>
    </p>
   </div>
   <div class='ocr_carea' id='block_1_107' title="bbox 1010 2293 1307 2330">
    <p class='ocr_par' dir='ltr' id='par_1_107' title="bbox 1010 2293 1307 2330">
     <span class='ocr_line' id='line_1_107' title="bbox 1010 2293 1307 2330; baseline -0.01 -6"><span class='ocrx_word' id='word_1_740' title='bbox 1010 2297 1054 2324; x_wconf 80' lang='lat' dir='ltr'><strong>ius</strong></span> <span class='ocrx_word' id='word_1_741' title='bbox 1070 2296 1194 2322; x_wconf 86' lang='lat' dir='ltr'><strong>aflirmet.</strong></span> <span class='ocrx_word' id='word_1_742' title='bbox 1208 2293 1307 2330; x_wconf 80' lang='lat' dir='ltr'><strong>Go.\n.]</strong></span> 
     </span>
    </p>
   </div>
   <div class='ocr_carea' id='block_1_108' title="bbox 1046 2336 1805 2375">
    <p class='ocr_par' dir='ltr' id='par_1_108' title="bbox 1046 2336 1805 2375">
     <span class='ocr_line' id='line_1_108' title="bbox 1046 2336 1805 2375; baseline -0.009 -6"><span class='ocrx_word' id='word_1_743' title='bbox 1046 2342 1200 2369; x_wconf 76' lang='grc' dir='ltr'><strong>Καὸϐάδιον</strong></span> <span class='ocrx_word' id='word_1_744' title='bbox 1218 2341 1338 2375; x_wconf 64' lang='lat' dir='ltr'><strong>despotic</strong></span> <span class='ocrx_word' id='word_1_745' title='bbox 1352 2345 1394 2368; x_wconf 89' lang='lat' dir='ltr'><strong>est</strong></span> <span class='ocrx_word' id='word_1_746' title='bbox 1408 2339 1464 2371; x_wconf 66' lang='grc' dir='ltr'>ὀξύ.</span> <span class='ocrx_word' id='word_1_747' title='bbox 1481 2338 1515 2366; x_wconf 89' lang='lat' dir='ltr'><strong>Ut</strong></span> <span class='ocrx_word' id='word_1_748' title='bbox 1527 2337 1662 2372; x_wconf 81' lang='lat' dir='ltr'><strong>intelligas</strong></span> <span class='ocrx_word' id='word_1_749' title='bbox 1677 2336 1743 2371; x_wconf 89' lang='lat' dir='ltr'><strong>quid</strong></span> <span class='ocrx_word' id='word_1_750' title='bbox 1767 2336 1805 2363; x_wconf 90' lang='lat' dir='ltr'><strong>sit</strong></span> 
     </span>
    </p>
   </div>
   <div class='ocr_carea' id='block_1_109' title="bbox 1011 2382 1805 2421">
    <p class='ocr_par' dir='ltr' id='par_1_109' title="bbox 1011 2382 1805 2421">
     <span class='ocr_line' id='line_1_109' title="bbox 1011 2382 1805 2421; baseline -0.008 -7"><span class='ocrx_word' id='word_1_751' title='bbox 1011 2388 1087 2415; x_wconf 88' lang='lat' dir='ltr'><strong>color</strong></span> <span class='ocrx_word' id='word_1_752' title='bbox 1103 2387 1176 2419; x_wconf 75' lang='grc' dir='ltr'><strong>ὀξὺς.</strong></span> <span class='ocrx_word' id='word_1_753' title='bbox 1190 2387 1252 2413; x_wconf 84' lang='lat' dir='ltr'><strong>audi</strong></span> <span class='ocrx_word' id='word_1_754' title='bbox 1269 2386 1333 2421; x_wconf 90' lang='lat' dir='ltr'><strong>quid</strong></span> <span class='ocrx_word' id='word_1_755' title='bbox 1347 2385 1526 2413; x_wconf 79' lang='lat' dir='ltr'><strong>Casaubonus</strong></span> <span class='ocrx_word' id='word_1_756' title='bbox 1541 2391 1574 2411; x_wconf 77' lang='lat' dir='ltr'><strong>ex</strong></span> <span class='ocrx_word' id='word_1_757' title='bbox 1591 2383 1720 2410; x_wconf 83' lang='lat' dir='ltr'><strong>Turnebo</strong></span> <span class='ocrx_word' id='word_1_758' title='bbox 1737 2382 1805 2409; x_wconf 90' lang='lat' dir='ltr'><strong>scri-</strong></span> 
     </span>
    </p>
   </div>
   <div class='ocr_carea' id='block_1_110' title="bbox 1010 2428 1800 2464">
    <p class='ocr_par' dir='ltr' id='par_1_110' title="bbox 1010 2428 1800 2464">
     <span class='ocr_line' id='line_1_110' title="bbox 1010 2428 1800 2464; baseline -0.009 -4"><span class='ocrx_word' id='word_1_759' title='bbox 1010 2433 1056 2460; x_wconf 85' lang='lat' dir='ltr'><strong>bat</strong></span> <span class='ocrx_word' id='word_1_760' title='bbox 1076 2433 1110 2460; x_wconf 85' lang='lat' dir='ltr'><strong>ad</strong></span> <span class='ocrx_word' id='word_1_761' title='bbox 1134 2433 1200 2460; x_wconf 90' lang='lat' dir='ltr'><strong>illud</strong></span> <span class='ocrx_word' id='word_1_762' title='bbox 1231 2432 1356 2459; x_wconf 83' lang='lat' dir='ltr'><strong>Trebellii</strong></span> <span class='ocrx_word' id='word_1_763' title='bbox 1384 2430 1541 2458; x_wconf 87' lang='lat' dir='ltr'><strong>Pollionis:</strong></span> <span class='ocrx_word' id='word_1_764' title='bbox 1559 2428 1719 2464; x_wconf 76' lang='lat' dir='ltr'><strong>Cltlamydee</strong></span> <span class='ocrx_word' id='word_1_765' title='bbox 1745 2428 1800 2454; x_wconf 80' lang='lat' dir='ltr'><strong>veri</strong></span> 
     </span>
    </p>
   </div>
   <div class='ocr_carea' id='block_1_111' title="bbox 1011 2474 1805 2512">
    <p class='ocr_par' dir='ltr' id='par_1_111' title="bbox 1011 2474 1805 2512">
     <span class='ocr_line' id='line_1_111' title="bbox 1011 2474 1805 2512; baseline -0.008 -7"><span class='ocrx_word' id='word_1_766' title='bbox 1011 2479 1116 2506; x_wconf 76' lang='lat' dir='ltr'><strong>luntinil</strong></span> <span class='ocrx_word' id='word_1_767' title='bbox 1133 2479 1259 2512; x_wconf 75' lang='lat' dir='ltr'><strong>[imbutas</strong></span> <span class='ocrx_word' id='word_1_768' title='bbox 1277 2479 1356 2506; x_wconf 72' lang='lat' dir='ltr'><strong>duas.</strong></span> <span class='ocrx_word' id='word_1_769' title='bbox 1374 2477 1477 2504; x_wconf 87' lang='lat' dir='ltr'><strong>Lumen</strong></span> <span class='ocrx_word' id='word_1_770' title='bbox 1491 2485 1545 2503; x_wconf 89' lang='lat' dir='ltr'><strong>non</strong></span> <span class='ocrx_word' id='word_1_771' title='bbox 1563 2480 1606 2503; x_wconf 85' lang='lat' dir='ltr'><strong>est</strong></span> <span class='ocrx_word' id='word_1_772' title='bbox 1628 2474 1730 2502; x_wconf 74' lang='lat' dir='ltr'><strong>coloris</strong></span> <span class='ocrx_word' id='word_1_773' title='bbox 1756 2482 1805 2500; x_wconf 86' lang='lat' dir='ltr'><strong>uo-</strong></span> 
     </span>
    </p>
   </div>
   <div class='ocr_carea' id='block_1_112' title="bbox 1011 2521 1802 2559">
    <p class='ocr_par' dir='ltr' id='par_1_112' title="bbox 1011 2521 1802 2559">
     <span class='ocr_line' id='line_1_112' title="bbox 1011 2521 1802 2559; baseline -0.006 -6"><span class='ocrx_word' id='word_1_774' title='bbox 1011 2534 1084 2557; x_wconf 87' lang='lat' dir='ltr'><strong>men,</strong></span> <span class='ocrx_word' id='word_1_775' title='bbox 1099 2526 1144 2553; x_wconf 84' lang='lat' dir='ltr'><strong>sed</strong></span> <span class='ocrx_word' id='word_1_776' title='bbox 1158 2525 1283 2557; x_wconf 67' lang='lat' dir='ltr'><strong>affectus,</strong></span> <span class='ocrx_word' id='word_1_777' title='bbox 1301 2526 1346 2559; x_wconf 87' lang='lat' dir='ltr'><strong>qui</strong></span> <span class='ocrx_word' id='word_1_778' title='bbox 1361 2524 1485 2559; x_wconf 85' lang='lat' dir='ltr'><strong>sequitur</strong></span> <span class='ocrx_word' id='word_1_779' title='bbox 1501 2524 1608 2550; x_wconf 82' lang='lat' dir='ltr'><strong>colores</strong></span> <span class='ocrx_word' id='word_1_780' title='bbox 1625 2521 1802 2548; x_wconf 84' lang='lat' dir='ltr'><strong>intcnsiorcs.</strong></span> 
     </span>
    </p>
   </div>
   <div class='ocr_carea' id='block_1_113' title="bbox 1010 2566 1802 2605">
    <p class='ocr_par' dir='ltr' id='par_1_113' title="bbox 1010 2566 1802 2605">
     <span class='ocr_line' id='line_1_113' title="bbox 1010 2566 1802 2605; baseline -0.009 -8"><span class='ocrx_word' id='word_1_781' title='bbox 1010 2570 1164 2605; x_wconf 82' lang='lat' dir='ltr'><strong>Purpuram</strong></span> <span class='ocrx_word' id='word_1_782' title='bbox 1182 2571 1238 2598; x_wconf 81' lang='lat' dir='ltr'><strong>veri</strong></span> <span class='ocrx_word' id='word_1_783' title='bbox 1254 2570 1367 2597; x_wconf 74' lang='lat' dir='ltr'><strong>luminis</strong></span> <span class='ocrx_word' id='word_1_784' title='bbox 1377 2570 1494 2604; x_wconf 87' lang='lat' dir='ltr'><strong>appellat</strong></span> <span class='ocrx_word' id='word_1_785' title='bbox 1510 2569 1612 2595; x_wconf 85' lang='lat' dir='ltr'><strong>clarum</strong></span> <span class='ocrx_word' id='word_1_786' title='bbox 1625 2566 1802 2600; x_wconf 73' lang='lat' dir='ltr'><strong>Lampridius</strong></span> 
     </span>
    </p>
   </div>
   <div class='ocr_carea' id='block_1_114' title="bbox 1010 2612 1798 2650">
    <p class='ocr_par' dir='ltr' id='par_1_114' title="bbox 1010 2612 1798 2650">
     <span class='ocr_line' id='line_1_114' title="bbox 1010 2612 1798 2650; baseline -0.01 -6"><span class='ocrx_word' id='word_1_787' title='bbox 1010 2618 1037 2644; x_wconf 92' lang='lat' dir='ltr'><strong>in</strong></span> <span class='ocrx_word' id='word_1_788' title='bbox 1056 2617 1235 2650; x_wconf 83' lang='lat' dir='ltr'><strong>Diadumeno,</strong></span> <span class='ocrx_word' id='word_1_789' title='bbox 1254 2617 1280 2643; x_wconf 92' lang='lat' dir='ltr'><strong>in</strong></span> <span class='ocrx_word' id='word_1_790' title='bbox 1308 2616 1463 2643; x_wconf 79' lang='lat' dir='ltr'><strong>Alexandro</strong></span> <span class='ocrx_word' id='word_1_791' title='bbox 1491 2615 1594 2642; x_wconf 82' lang='lat' dir='ltr'><strong>Severo</strong></span> <span class='ocrx_word' id='word_1_792' title='bbox 1608 2612 1798 2639; x_wconf 75' lang='lat' dir='ltr'><strong>clarissimam.</strong></span> 
     </span>
    </p>
   </div>
   <div class='ocr_carea' id='block_1_115' title="bbox 1010 2657 1801 2698">
    <p class='ocr_par' dir='ltr' id='par_1_115' title="bbox 1010 2657 1801 2698">
     <span class='ocr_line' id='line_1_115' title="bbox 1010 2657 1801 2698; baseline -0.011 -8"><span class='ocrx_word' id='word_1_793' title='bbox 1010 2663 1145 2698; x_wconf 84' lang='lat' dir='ltr'><strong>Vopiscus</strong></span> <span class='ocrx_word' id='word_1_794' title='bbox 1177 2663 1204 2690; x_wconf 90' lang='lat' dir='ltr'><strong>in</strong></span> <span class='ocrx_word' id='word_1_795' title='bbox 1224 2663 1326 2690; x_wconf 80' lang='lat' dir='ltr'><strong>Carino</strong></span> <span class='ocrx_word' id='word_1_796' title='bbox 1345 2663 1436 2689; x_wconf 90' lang='lat' dir='ltr'><strong>lumen</strong></span> <span class='ocrx_word' id='word_1_797' title='bbox 1465 2668 1593 2696; x_wconf 63' lang='lat' dir='ltr'><strong>purpuris</strong></span> <span class='ocrx_word' id='word_1_798' title='bbox 1608 2657 1726 2692; x_wconf 75' lang='lat' dir='ltr'><strong>eleganti</strong></span> <span class='ocrx_word' id='word_1_799' title='bbox 1743 2664 1801 2683; x_wconf 87' lang='lat' dir='ltr'><strong>vcr-</strong></span> 
     </span>
    </p>
   </div>
   <div class='ocr_carea' id='block_1_116' title="bbox 1010 2702 1798 2743">
    <p class='ocr_par' dir='ltr' id='par_1_116' title="bbox 1010 2702 1798 2743">
     <span class='ocr_line' id='line_1_116' title="bbox 1010 2702 1798 2743; baseline -0.01 -8"><span class='ocrx_word' id='word_1_800' title='bbox 1010 2711 1043 2736; x_wconf 84' lang='lat' dir='ltr'><strong>bo</strong></span> <span class='ocrx_word' id='word_1_801' title='bbox 1060 2709 1206 2743; x_wconf 75' lang='lat' dir='ltr'><strong>expressit,</strong></span> <span class='ocrx_word' id='word_1_802' title='bbox 1227 2717 1287 2736; x_wconf 90' lang='lat' dir='ltr'><strong>cum</strong></span> <span class='ocrx_word' id='word_1_803' title='bbox 1315 2709 1399 2735; x_wconf 78' lang='lat' dir='ltr'><strong>lineas</strong></span> <span class='ocrx_word' id='word_1_804' title='bbox 1419 2709 1545 2734; x_wconf 75' lang='lat' dir='ltr'><strong>micantes</strong></span> <span class='ocrx_word' id='word_1_805' title='bbox 1570 2702 1798 2738; x_wconf 78' lang='lat' dir='ltr'><strong>purpura&#39;dixit.</strong></span> 
     </span>
    </p>
   </div>
   <div class='ocr_carea' id='block_1_117' title="bbox 1008 2749 1801 2790">
    <p class='ocr_par' dir='ltr' id='par_1_117' title="bbox 1008 2749 1801 2790">
     <span class='ocr_line' id='line_1_117' title="bbox 1008 2749 1801 2790; baseline -0.009 -8"><span class='ocrx_word' id='word_1_806' title='bbox 1008 2754 1095 2782; x_wconf 66' lang='lat' dir='ltr'><strong>Graeci</strong></span> <span class='ocrx_word' id='word_1_807' title='bbox 1114 2756 1160 2790; x_wconf 89' lang='lat' dir='ltr'><strong>qui</strong></span> <span class='ocrx_word' id='word_1_808' title='bbox 1182 2756 1279 2790; x_wconf 89' lang='lat' dir='ltr'><strong>purius</strong></span> <span class='ocrx_word' id='word_1_809' title='bbox 1296 2755 1376 2782; x_wconf 90' lang='lat' dir='ltr'><strong>locuti</strong></span> <span class='ocrx_word' id='word_1_810' title='bbox 1389 2757 1463 2785; x_wconf 90' lang='lat' dir='ltr'><strong>sunt,</strong></span> <span class='ocrx_word' id='word_1_811' title='bbox 1491 2751 1545 2778; x_wconf 72' lang='lat' dir='ltr'><strong>reri</strong></span> <span class='ocrx_word' id='word_1_812' title='bbox 1567 2749 1678 2776; x_wconf 86' lang='lat' dir='ltr'><strong>luminis</strong></span> <span class='ocrx_word' id='word_1_813' title='bbox 1693 2749 1801 2776; x_wconf 89' lang='lat' dir='ltr'><strong>colores</strong></span> 
     </span>
    </p>
   </div>
   <div class='ocr_carea' id='block_1_118' title="bbox 1010 2794 1800 2836">
    <p class='ocr_par' dir='ltr' id='par_1_118' title="bbox 1010 2794 1800 2836">
     <span class='ocr_line' id='line_1_118' title="bbox 1010 2794 1800 2836; baseline -0.006 -7"><span class='ocrx_word' id='word_1_814' title='bbox 1010 2802 1102 2829; x_wconf 88' lang='lat' dir='ltr'><strong>dicunt</strong></span> <span class='ocrx_word' id='word_1_815' title='bbox 1121 2802 1202 2835; x_wconf 75' lang='grc' dir='ltr'><strong>ὀξεῖς,</strong></span> <span class='ocrx_word' id='word_1_816' title='bbox 1216 2801 1353 2836; x_wconf 88' lang='lat' dir='ltr'><strong>posterior</strong></span> <span class='ocrx_word' id='word_1_817' title='bbox 1371 2804 1438 2827; x_wconf 59' lang='lat' dir='ltr'><strong>aetas</strong></span> <span class='ocrx_word' id='word_1_818' title='bbox 1464 2796 1617 2832; x_wconf 66' lang='grc' dir='ltr'><strong>ἀληθινούς,</strong></span> <span class='ocrx_word' id='word_1_819' title='bbox 1636 2794 1708 2821; x_wconf 76' lang='lat' dir='ltr'><strong>unde</strong></span> <span class='ocrx_word' id='word_1_820' title='bbox 1727 2795 1800 2822; x_wconf 76' lang='lat' dir='ltr'><strong>obli-</strong></span> 
     </span>
    </p>
   </div>
   <div class='ocr_carea' id='block_1_119' title="bbox 1009 2843 1799 2882">
    <p class='ocr_par' dir='ltr' id='par_1_119' title="bbox 1009 2843 1799 2882">
     <span class='ocr_line' id='line_1_119' title="bbox 1009 2843 1799 2882; baseline -0.009 -8"><span class='ocrx_word' id='word_1_821' title='bbox 1009 2848 1068 2874; x_wconf 86' lang='lat' dir='ltr'><strong>nuit</strong></span> <span class='ocrx_word' id='word_1_822' title='bbox 1083 2852 1112 2875; x_wconf 86' lang='lat' dir='ltr'><strong>ut</strong></span> <span class='ocrx_word' id='word_1_823' title='bbox 1129 2848 1244 2882; x_wconf 71' lang='grc' dir='ltr'><strong>ἀληθινά</strong></span> <span class='ocrx_word' id='word_1_824' title='bbox 1257 2846 1462 2881; x_wconf 78' lang='lat' dir='ltr'><strong>appellarentur</strong></span> <span class='ocrx_word' id='word_1_825' title='bbox 1474 2843 1565 2870; x_wconf 90' lang='lat' dir='ltr'><strong>omnia</strong></span> <span class='ocrx_word' id='word_1_826' title='bbox 1583 2849 1720 2876; x_wconf 85' lang='lat' dir='ltr'><strong>purpurea</strong></span> <span class='ocrx_word' id='word_1_827' title='bbox 1735 2849 1799 2876; x_wconf 90' lang='lat' dir='ltr'><strong>pro-</strong></span> 
     </span>
    </p>
   </div>
   <div class='ocr_carea' id='block_1_120' title="bbox 1009 2888 1799 2930">
    <p class='ocr_par' dir='ltr' id='par_1_120' title="bbox 1009 2888 1799 2930">
     <span class='ocr_line' id='line_1_120' title="bbox 1009 2888 1799 2930; baseline -0.008 -8"><span class='ocrx_word' id='word_1_828' title='bbox 1009 2899 1067 2930; x_wconf 83' lang='lat' dir='ltr'><strong>pter</strong></span> <span class='ocrx_word' id='word_1_829' title='bbox 1084 2895 1268 2930; x_wconf 75' lang='lat' dir='ltr'><strong>praestantiam</strong></span> <span class='ocrx_word' id='word_1_830' title='bbox 1285 2893 1357 2921; x_wconf 81' lang='lat' dir='ltr'><strong>sacri</strong></span> <span class='ocrx_word' id='word_1_831' title='bbox 1375 2892 1498 2920; x_wconf 86' lang='lat' dir='ltr'><strong>muricis.</strong></span> <span class='ocrx_word' id='word_1_832' title='bbox 1514 2890 1589 2925; x_wconf 86' lang='lat' dir='ltr'><strong>Apud</strong></span> <span class='ocrx_word' id='word_1_833' title='bbox 1605 2888 1799 2917; x_wconf 77' lang='lat' dir='ltr'><strong>Balsamoncm.</strong></span> 
     </span>
    </p>
   </div>
  </div>
