2041 3144
246 173 301 205 255

800 177 840 206 ΙΝ
861 175 1015 207 LIBRUM
1032 176 1080 206 DE
1099 176 1263 208 OFFlCllS
1281 177 1335 207 (ΣΡ.

1806 177 1859 208 Ξξιῦ

245 233 271 259 in
286 231 445 259 Photianum
464 232 682 261 Nomocanonem
700 233 782 261 habes
799 233 911 268 ἀληθινὰ
927 232 1025 266 ὐποδή·
1039 233 1061 262 Δ
1078 235 1173 269 paveo;
1187 234 1272 266 color,
1293 233 1341 262 sed
1357 227 1474 268 medius,
1500 234 1550 269 qui
1567 233 1716 262 subvirldis
1729 239 1757 262 et
1786 236 1859 268 porri

247 287 329 312 ματα,
346 278 522 305 calceamenta
533 287 665 313 purpurea
679 284 703 306 et
722 280 775 306 ueri
789 279 906 308 luminis.
919 278 953 305 de
963 278 1026 312 qui—

245 323 296 349 bus
311 322 393 349 etiam
409 322 542 357 Corippns
558 323 630 362 laud.
647 323 742 350 Justini
761 331 792 353 ιι.
809 323 870 350 104.
888 322 991 350 Gens.

279 367 310 394 P.
326 368 368 395 11..
378 368 491 404 [lterum
503 369 571 395 falso
581 369 632 395 reri
640 369 748 396 luminis
762 370 818 396 sive
824 368 1027 403 splendidissimi

245 414 349 442 ruboris
366 415 427 442 fuco
453 416 537 444 dictio
551 416 613 448 ὀξύς
633 417 762 445 inﬁcitur.
786 413 860 445 itane
873 425 944 445 unus
956 417 1027 444 dua-

244 468 304 487 rum
322 460 484 494 dictionum,
504 469 572 496 quas
586 463 603 497 ἦ
632 463 764 497 particula
792 463 956 498 disiunctiva
983 463 1026 491 di-

243 505 395 538 scriminat,
415 506 552 541 colligitur
566 508 685 535 sensus?
698 509 744 543 qui
770 509 937 543 pertinacius
951 516 1026 536 asse-

243 552 342 584 ruerit,
363 551 468 579 colores
485 553 560 587 ipsos
586 554 724 589 inspiciat.
743 555 772 582 In
796 563 846 582 ms.
864 555 965 582 Tiliani
992 554 1026 581 li-

243 597 316 624 mine
335 597 512 632 imperatOris
539 599 639 634 efﬁgies
662 601 774 628 rubrum
798 605 917 628 ostentat
942 601 1027 628 vesti-

244 648 376 676 mentum,
407 644 433 671 in
450 644 665 681 Sandionysiaco
690 647 849 673 violareum.
877 647 1027 681 Utrobique

242 688 364 723 ejusdem
392 694 434 717 est
462 691 603 725 principis,
619 691 751 719 Manuelis
770 692 918 720 nimirum:
940 693 1028 720 viola-

245 741 324 761 eeum
342 735 432 769 itaque
445 736 517 763 sicut
532 742 559 764 et
573 745 739 772 purpureum
753 738 806 766 sibi
822 739 1028 773 assumitimpe—

244 785 331 808 rator.
367 781 401 807 At
413 781 542 816 despotm,
559 784 591 811 de
610 791 664 819 quo
691 792 792 816 sermo.
808 789 835 812 et
852 785 1027 820 imperatoris

229 826 398 858 .commuuis
415 833 458 855 est
485 829 593 856 caballis
617 834 739 862 ornatus,
762 831 792 857 τδ
817 830 914 865 ροὗχον
944 830 1027 858 αὑτοῦ

242 872 338 908 ὥσπερ
352 874 399 900 καὶ
416 875 444 901 τὺ
458 874 612 909 βατιλικόνε
638 877 674 903 ita
691 884 779 912 nupcr
793 881 898 905 auctor.
912 876 1025 905 Joannis

243 919 351 956 collegae
361 925 458 955 praeter
468 922 524 950 haec
537 922 646 957 eﬁigies,
662 923 732 950 sicut
742 928 771 950 et
783 928 893 958 paterna
913 922 1024 951 Manne-

242 965 276 994 lis
292 965 479 1000 imperatoris.
493 967 536 994 cui
553 972 632 1000 astat,
652 968 801 996 violaeeam
813 973 914 996 vestem
929 972 1025 996 osten-

242 1015 280 1037 tat
294 1011 321 1037 in
333 1010 440 1038 laudato
456 1011 485 1039 S.
504 1012 624 1048 Dionysii
641 1020 692 1040 ms.
704 1013 775 1048 Ergo
789 1013 908 1048 despoue
920 1012 1025 1039 xaﬁéé-

240 1056 296 1082 διον
310 1055 356 1088 ὀξὺ
372 1056 531 1093 ῆὲρυθρᾶνε
547 1058 679 1092 Cabades,
694 1059 817 1093 inquam,
833 1058 965 1086 violaceus
978 1064 1024 1085 aut

241 1109 401 1136 purpureus.

274 1148 317 1175 Ib.
335 1146 405 1181 [Τοῦ
431 1149 579 1183 Καίσαρος
594 1150 644 1185 sui
666 1149 726 1177 τῶν
755 1150 865 1183 ἑορτῶν
889 1150 1024 1184 (incitat.

241 1192 386 1228 cheritur
405 1195 449 1222 ille
464 1195 581 1223 Caesaris
611 1196 719 1225 habitus
745 1204 759 1222 a
782 1196 868 1224 Barda
896 1197 923 1223 in
941 1196 1026 1231 publi-

240 1247 273 1267 co
300 1240 472 1282 solemnique
497 1249 626 1276 processu
646 1242 680 1270 ad
713 1242 857 1270 ecclesiam
885 1242 930 1270 die
956 1241 1024 1270 festo

241 1291 363 1318 gestatus
376 1287 447 1322 apud
471 1287 589 1315 Leonem
607 1288 823 1316 Grammaticum
840 1289 866 1316 in
893 1288 1026 1316 Michaele

241 1330 386 1367 Theophili
401 1333 445 1361 F.:
458 1333 545 1369 Βάρδα
558 1334 586 1361 δὲ
604 1334 651 1360 τοῦ
677 1335 815 1370 Καίσαρος
831 1335 860 1361 ὲν
885 1336 918 1369 τῇ
945 1343 1026 1369 προε-

240 1378 331 1405 λεύσει
348 1379 521 1415 διερχομένου
537 1380 608 1414 μετὰ
639 1380 848 1416 σκαραμαγγίου
863 1379 948 1412 ὀξέος.
978 1380 1027 1408 Est

247 1431 311 1451 rero
327 1425 535 1459 σκαραμάγγιον
545 1426 637 1453 tunica
653 1425 761 1453 Persica
773 1433 841 1453 auro
854 1425 965 1457 intexta,
979 1432 1026 1452 ea-

241 1470 303 1497 dem
320 1477 382 1497 eum
401 1472 554 1502 searanico.
570 1472 602 1498 de
618 1479 673 1506 quo
693 1471 808 1499 inferius
827 1475 934 1499 auctor.
949 1471 1025 1506 Sug-

242 1516 311 1550 gerit
331 1520 480 1551 propterea
495 1516 595 1544 Cresari
614 1517 702 1544 eidem
727 1517 885 1545 Philotheus
902 1518 1024 1545 amicus:

1079 279 1146 306 folio
1161 279 1271 311 similis,
1288 279 1416 314 prasinus
1428 283 1456 307 et
1471 279 1595 314 glaucus,
1608 283 1664 306 νει-ι
1680 279 1713 305 de
1737 286 1803 305 mer.
1821 278 1859 304 Ita

1079 332 1122 352 me
1138 332 1206 352 usus
1218 329 1318 353 etcum
1331 325 1478 360 baphiariis
1491 324 1592 352 Graecis
1609 323 1777 358 colloquium
1791 324 1856 351 edo-

1079 370 1146 397 cuit.
1163 369 1232 398 Hinc
1246 371 1308 405 quia
1329 371 1355 397 in
1371 375 1519 405 utrumque
1532 370 1662 402 declinat,
1680 369 1776 397 scribit
1801 375 1858 396 uno

1078 416 1137 444 loco
1150 416 1243 444 Simon
1271 416 1398 444 Portius:
1415 415 1531 444 Glaucus
1553 416 1698 450 πράσινος,
1729 414 1859 448 γλαυκός,

1077 461 1104 488 in
1119 461 1173 489 alio
1186 461 1314 496 γερανιὺς
1331 461 1469 496 (corrupta
1487 460 1675 496 pronuntiatio
1701 464 1754 492 est,
1775 459 1862 494 ὴερά-

1076 516 1137 540 νιος
1149 507 1220 541 vice)
1238 508 1362 540 κυάνεος,
1381 507 1515 541 γλαυκόςτ
1531 507 1636 540 cresin,
1651 514 1776 541 cyaneus,
1787 513 1862 532 τιηε-
1882 514 1888 519 ·

1080 559 1121 582 tus
1135 554 1217 582 colar.
1234 554 1272 582 De
1288 555 1389 590 glauco
1401 559 1427 582 et
1442 554 1523 582 caesio
1536 554 1629 582 colore
1645 553 1714 580 ulvae.
1729 552 1861 586 salicique

1077 600 1208 635 persimili
1237 601 1372 628 Antonius
1400 600 1544 636 Thylesius
1572 599 1675 627 Lazaro
1702 593 1786 626 Baiﬁo
1813 599 1861 625 ad-

1076 646 1185 681 junctus
1198 654 1206 678 ;
1221 646 1255 673 de
1275 650 1383 677 veneto,
1412 653 1492 679 quem
1518 645 1665 679 Hispanice
1683 643 1758 671 ver-ds
1773 643 1805 670 de
1834 643 1862 670 la

1078 699 1140 730 mar.
1154 691 1275 725 exponit,
1289 691 1443 725 Calepinus.
1611 686 1613 689 ’

1113 736 1155 763 Ib.
1174 736 1317 772 [Τιμήσας
1342 736 1630 770 σεϐαστοκρὰτορας.
1660 735 1698 763 De
1716 742 1770 769 quo
1804 735 1862 769 ipse

1077 783 1293 817 Cantacuzcnns,
1308 791 1345 816 tv,
1360 784 1388 811 5.

1113 828 1155 856 Ib.
1170 829 1315 865 [Ἔχοντα
1330 828 1436 861 ἀετοὺς
1450 826 1787 862 συρματεῖνουςἹοΙοτη
1809 826 1858 852 de»

1042 895 1062 923 Β
1078 875 1163 910 pingit
1193 875 1337 909 Gregoras,
1353 882 1391 907 tv,
1406 875 1430 905 Ι,
1448 875 1475 901 in
1493 873 1572 907 cujus
1599 873 1710 904 κυανοῖς
1741 871 1861 903 πεδίλοις

1078 921 1126 948 καὶ
1136 922 1297 954 χρυσοϋφεῖς
1309 920 1487 955 ὲνηρμόζοντο
1497 919 1580 946 ἀετοί.

1113 966 1153 994 Ib.
1169 965 1233 1002 [Εις
1251 966 1323 1000 ἀέρα
1333 966 1487 993 κόκκινον.
1497 965 1535 992 lta
1551 969 1581 992 ut
1596 964 1622 992 in
1635 965 1717 999 plano
1732 971 1781 991 seu
1795 970 1861 990 scu-

1078 1012 1136 1039 tulo
1151 1012 1236 1039 rubeo
1251 1019 1339 1039 aureae
1350 1011 1464 1046 depictas:
1479 1011 1568 1038 forent
1585 1010 1695 1044 aquilae,
1710 1017 1771 1044 quae
1786 1009 1861 1036 dein-

1077 1063 1142 1091 ceps
1155 1057 1258 1091 glaucis
1280 1055 1378 1084 calceis
1408 1060 1605 1087 assuerentur;
1638 1059 1665 1082 et
1692 1054 1776 1082 dictio
1802 1053 1859 1088 ἀήρ

1079 1103 1149 1130 idem
1163 1103 1207 1130 hic
1222 1101 1324 1129 indicet
1334 1101 1407 1137 quod
1424 1101 1451 1128 in
1463 1100 1654 1135 superioribus
1667 1100 1779 1134 κάμπας
1804 1099 1860 1135 ἠως

1078 1148 1183 1180 πεδίον,
1199 1147 1279 1180 panni
1295 1146 1508 1174 versicoloribus
1524 1144 1618 1180 ﬁguris
1633 1144 1753 1179 insigniti
1772 1143 1861 1178 plani-

1080 1194 1137 1226 ties,
1154 1193 1177 1220 Ie
1194 1193 1256 1228 {and
1279 1193 1357 1219 d‘une
1383 1191 1499 1219 broderie
1521 1199 1555 1218 ou
1570 1190 1648 1218 d‘une
1673 1189 1763 1223 esto/fe
1777 1189 1794 1216 ἂ
1815 1197 1861 1216 ra-

1078 1247 1164 1273 mage.
1180 1247 1194 1266 a
1212 1239 1294 1273 ﬁgura
1310 1239 1337 1265 in
1355 1237 1491 1264 umbonem
1519 1236 1656 1263 desinente
1681 1235 1790 1270 penitus
1817 1234 1860 1261 ἀί·-

1079 1285 1187 1313 stincta.
1198 1283 1297 1320 ϐολῇ]
1686 1298 1689 1302 -

1114 1331 1156 1359 Ib.
1170 1330 1268 1358 Junius
1281 1330 1379 1361 κῶνος,
1402 1336 1453 1364 ego
1476 1328 1579 1362 ὁμοίως
1607 1334 1640 1355 ex
1670 1325 1778 1353 duobus
1805 1324 1858 1352 Ba-

1080 1378 1177 1406 varicis
1190 1377 1330 1405 codicibus
1343 1385 1350 1405 :
1369 1384 1428 1411 qum
1444 1376 1577 1410 scriptura
1590 1382 1718 1409 germana
1733 1376 1787 1400 est.

1115 1424 1157 1451 Ib.
1175 1423 1349 1458 Χαρτάριον,
1387 1422 1512 1456 χαρτίον
1536 1421 1668 1448 scutulum
1688 1419 1861 1454 quadratum.

1079 1470 1176 1498 Junius
1189 1470 1266 1497 vertit
1285 1469 1444 1504 quadrarias
1457 1473 1580 1498 tesseras,
1596 1467 1688 1502 aitque
1701 1471 1860 1500 corruptum

1079 1523 1110 1544 ex
1128 1516 1219 1543 Italico
1234 1521 1261 1543 et
1273 1515 1378 1543 Gallico
1392 1515 1530 1548 quarrien.
1549 1513 1650 1540 Gaers.

242 1561 353 1597 Αὔριον,
370 1560 392 1589 ὦ
414 1562 543 1595 δέσποτα,
569 1563 717 1598 περισαλοῦ
738 1562 783 1590 τὸν
810 1562 1028 1598 χρυσοπερσικόν

1118 1561 1273 1598 [Χαρτάρια
1295 1559 1399 1588 scutala
1413 1567 1492 1594 posse
1518 1557 1573 1586 dici
1602 1558 1698 1592 probo,
1729 1556 1862 1591 quadrata

243 1615 290 1632 σου
305 1607 474 1642 χιτωνίσκον,
489 1608 536 1633 καὶ
552 1607 648 1642 ὕφθητι
669 1608 725 1638 τοῖς
749 1607 857 1642 ἔχθροῖς
882 1615 939 1634 σου.
960 1606 1027 1634 Ἀπδ

242 1652 388 1687 προσώπου
405 1661 451 1679 σου
467 1653 621 1687 φεύξονται.
639 1653 692 1680 Τοῦ
708 1653 785 1688 ἡλίου
801 1653 828 1680 δδ
839 1652 1028 1685 ἀνατείλαντος

243 1695 318 1732 ἵππῳ
331 1698 427 1730 ἐπιϐὰς
445 1697 612 1732 παρεγένετο
626 1697 694 1733 πρὸς
705 1697 753 1733 τὴν
767 1698 866 1734 κόρτην
881 1697 927 1725 τοῦ
953 1697 1029 1733 βασι-

242 1743 310 1774 λέως
321 1743 390 1777 μετὰ
401 1743 496 1777 στολῆς
505 1743 644 1778 λαμπρᾶς.
665 1743 764 1771 Vocem
781 1744 866 1779 κόρτη
881 1744 1029 1771 tentorium

243 1789 288 1816 hic
308 1789 429 1816 indicare
444 1789 691 1824 demonstrabimus
704 1788 780 1816 alibi.

277 1835 356 1870 231
375 1835 447 1862 Ibid.
468 1833 634 1871 [Γαμσρῶν.
649 1833 708 1862 Non
736 1842 844 1870 generos
869 1834 961 1866 modo.
981 1834 1028 1863 sed

243 1887 270 1910 et
283 1882 378 1909 [epiros
394 1880 550 1908 et'uxorum
570 1881 680 1916 fratres,
698 1881 745 1916 qui
762 1885 789 1907 et
806 1880 984 1915 ὰνδράδελφοι
1003 1884 1031 1908 et

244 1928 470 1962 γυναικάδελφοι,
488 1927 576 1955 (ἓνκοί
599 1931 699 1955 vocant
725 1926 880 1962 γαμϐρούς.
912 1926 1032 1954 Monitns

242 1972 327 2000 semel
343 1977 469 2000 sexcenta
489 1972 607 2007 reperiet
625 1971 697 2007 apud
713 1979 809 2000 eorum
836 1971 984 2000 historicos
1004 1976 1030 1999 et

242 2019 457 2054 iurisconsultos
475 2017 644 2047 testimonia.
679 2041 682 2044 .

278 2064 308 2092 P.
336 2064 380 2093 15.
395 2063 649 2100 [Χρυσοκόκκινα.
663 2064 736 2091 Auro
750 2063 879 2091 nimirum
893 2062 1032 2097 rubroque

243 2110 332 2136 ειη-ἰρο
348 2110 489 2142 distincta,
506 2110 564 2138 sive
580 2109 662 2138 simul
675 2113 747 2137 texta
760 2110 816 2145 sive
831 2115 882 2136 acu
896 2108 1029 2143 pingente

242 2156 344 2183 addita.
355 2155 453 2192 Cone]

279 2201 350 2228 Ibid.
366 2201 435 2229 Nota
452 2209 550 2230 cruces
577 2202 604 2229 in
621 2201 699 2236 pileis
723 2209 884 2237 generorum
910 2201 1028 2236 impera-

243 2242 538 2282 toriorum,etquitlem
551 2255 644 2274 nonex
656 2247 839 2281 qualicunque
849 2247 970 2280 materia,
980 2246 1028 2274 sed
1041 2233 1067 2264 D

244 2300 276 2320 ex
310 2294 464 2327 margaritis
476 2293 625 2321 confectas.
642 2293 676 2321 Ut
688 2293 777 2328 placet
791 2293 835 2321 hic
846 2301 906 2321 mos
923 2292 1028 2320 nostris

244 2340 445 2366 stauromachis
459 2339 471 2366 ἳ
488 2339 590 2367 Gas'rs.
674 2374 678 2377 _

288 2382 400 2418 [Cruces
412 2385 535 2419 quinque
548 2385 657 2413 circiter
672 2385 786 2420 gemmis
801 2385 986 2418 conﬁatas,'et
997 2386 1030 2413 ad

248 2429 343 2456 circuli
373 2429 476 2464 (qualis
493 2434 520 2456 et
544 2430 683 2457 Gallorum
705 2430 848 2465 comitum)
876 2435 956 2465 caput
971 2439 1030 2458 am-

247 2475 347 2502 bientis
357 2481 475 2510 quatuor
483 2480 586 2510 partes,
604 2476 721 2503 frontem
732 2476 875 2508 nimirum,
883 2481 1030 2511 utramque

246 2528 339 2548 aurem
355 2526 381 2548 et
392 2521 510 2556 occiput,
525 2522 746 2556 circumpositas.

279 2567 320 2594 Ib.
335 2566 600 2603 [FripovguTaeniam
614 2568 730 2603 intellige
740 2568 856 2595 frontem
868 2568 1033 2596 circumcin-

246 2619 365 2649 gentem,
377 2621 464 2648 nuper
480 2614 614 2641 circulum
628 2614 738 2644 dictam.
756 2619 783 2641 ct
808 2622 862 2641 ora:
876 2614 938 2649 pilei
950 2614 1032 2649 junc-

246 2663 312 2692 tam,
331 2659 388 2687 sive
404 2659 441 2686 illi
459 2660 567 2695 penitus
595 2659 790 2694 agglutinetur,
821 2659 878 2686 sive
893 2667 925 2686 ex
955 2663 1032 2694 parte

246 2706 379 2739 superiori
423 2706 548 2733 nonnihil
578 2705 730 2738 dissideat;
772 2713 854 2740 quam
883 2710 1030 2740 propterea

246 2751 381 2786 Gregoras
393 2751 412 2779 l.
425 2761 452 2784 ν,
465 2752 536 2778 κατὰ
548 2751 598 2786 τὴν
612 2752 687 2778 κάτω
701 2751 749 2778 καὶ
760 2752 854 2786 κοίλην
867 2752 1031 2786 ἐπιφάνειαν

246 2799 395 2825 κυκλίσκον
407 2798 568 2833 χρυσοειδέα
583 2802 670 2825 vocat.
684 2797 751 2825 Vitle
765 2803 856 2825 notam
871 2797 897 2824 in
912 2805 1031 2832 sequens

247 2849 329 2878 caput
342 2845 374 2871 ad
390 2851 418 2878 p.
434 2844 477 2871 l9.

283 2889 323 2916 Ib.
340 2889 522 2925 [Ἡεράνεαι.
541 2890 594 2920 Nec
611 2891 742 2920 caeruleus
757 2898 805 2919 nec
820 2890 916 2919 viridis
929 2895 970 2919 est
986 2891 1032 2925 ἡε-

1077 1608 1177 1643 jugiter
1206 1607 1318 1634 inﬁtior.
1336 1607 1489 1641 Χαρτάριον
1515 1605 1588 1632 enim
1614 1605 1720 1631 brattea
1739 1607 1792 1635 est,
1824 1603 1863 1628 ln-

1079 1655 1164 1686 mina,
1184 1653 1318 1681 scutulum
1338 1658 1502 1687 quacunque
1532 1650 1617 1685 ﬁgura
1649 1649 1861 1680 conformatum,

1079 1699 1158 1727 alteri
1173 1699 1211 1726 rei
1227 1704 1340 1726 ornatus
1357 1705 1421 1733 ergo
1437 1695 1686 1732 superponendum.
1704 1693 1805 1729 ϐολῇ-1

1116 1745 1222 1773 Charite
1233 1745 1361 1780 plumbea
1377 1743 1448 1779 apud
1465 1743 1640 1770 Anastasium
1665 1741 1693 1767 in
1711 1740 1809 1775 Sergio
1835 1745 1864 1768 et

1080 1791 1211 1826 Gregorio
1223 1791 1256 1818 Ill
1271 1794 1336 1819 sunt
1359 1789 1456 1825 tegulae
1473 1788 1617 1824 plumbeae,
1631 1787 1732 1823 quibus
1747 1786 1864 1813 aediﬁcia

1081 1839 1162 1864 tecta.
1173 1835 1267 1870 Itaque
1281 1835 1349 1862 nihil
1364 1834 1398 1862 ad
1409 1834 1559 1869 χαρτάριον
1576 1838 1603 1860 et
1616 1833 1727 1869 χαρτίον
1739 1836 1864 1859 nostrum

1081 1882 1170 1910 facere
1184 1881 1317 1910 videntur.
1334 1881 1393 1908 Mox
1415 1881 1473 1915 lego
1490 1888 1551 1907 cum
1573 1880 1634 1907 cod.
1657 1879 1738 1906 Boico
1761 1878 1866 1911 disiun-

1081 1930 1144 1958 ctim
1163 1929 1232 1963 μετὰ
1248 1928 1346 1963 ραφήν.
1362 1927 1390 1963 ln
1411 1927 1496 1954 altero
1514 1930 1556 1953 est
1574 1926 1768 1960 καταγραφήν.
1784 1925 1866 1952 Forte

1082 1976 1126 2004 hic
1138 1975 1219 2003 etiam
1234 1974 1389 2009 disjunctim
1404 1973 1475 2000 κατὰ
1489 1973 1599 2009 γραφήν
1611 1971 1785 1999 scribendum
1802 1970 1864 2002 erit,

1082 2022 1104 2050 si
1117 2020 1184 2048 forte
1194 2020 1237 2048 cui
1248 2020 1333 2055 magis
1344 2019 1450 2054 placeat
1460 2018 1552 2054 γραφή
1565 2025 1646 2052 quam
1659 2017 1744 2052 ραφή.
1762 2016 1864 2043 Gucrs.

1118 2068 1188 2096 Ibid.
1205 2067 1297 2103 [Κατὰ
1310 2066 1422 2101 ῥαφὴν.
1438 2065 1530 2093 Lectio
1542 2075 1546 2079 ·
1558 2069 1598 2092 tot
1612 2064 1639 2091 in
1665 2063 1867 2097 exemplaribus

1083 2115 1153 2142 inter
1166 2122 1197 2142 se
1211 2113 1318 2141 collatis
1329 2117 1434 2148 reperta
1450 2111 1589 2139 retinenda
1603 2120 1610 2137 ε
1628 2109 1734 2138 suturis
1747 2116 1866 2142 namque

1082 2161 1156 2188 velut
1168 2160 1367 2188 deformitatem
1383 2166 1474 2186 secum
1489 2157 1641 2186 ferentibus
1670 2160 1786 2183 ornatus
1802 2154 1866 2181 addi

1083 2206 1234 2235 consuevit.

1115 2253 1195 2288 232
1211 2251 1280 2279 Ibid.
1298 2249 1529 2287 [Τετράστυλον.
1560 2247 1673 2275 Videtur
1695 2254 1756 2273 esse
1781 2253 1868 2279 augu-

1080 2301 1149 2329 stius
1161 2297 1323 2326 etornatius
1339 2296 1447 2331 aliquod
1462 2293 1652 2330 fastigium,ad
1665 2292 1784 2326 aliquam
1799 2291 1868 2318 aula:

1085 2346 1179 2380 palatii
1195 2349 1299 2379 partem
1322 2347 1441 2378 quatuor
1458 2341 1594 2368 columnis
1613 2340 1641 2366 in
1669 2337 1788 2365 suhlime
1802 2344 1864 2364 ere-

1080 2396 1165 2423 ctum,
1181 2392 1213 2417 ad
1227 2389 1312 2424 quod,
1328 2388 1373 2423 qui
1388 2389 1493 2422 equites
1512 2386 1602 2414 aulam
1618 2393 1650 2412 ex
1667 2383 1809 2419 privilegio
1821 2390 1868 2417 pc-

1081 2444 1187 2464 netrarc
1200 2439 1334 2470 poterant,
1345 2434 1423 2469 equis
1436 2433 1462 2460 in
1473 2437 1572 2460 terram
1589 2439 1618 2459 se
1627 2430 1773 2458 'demitterc
1786 2428 1867 2463 regize

1081 2480 1232 2516 maiestatis
1252 2479 1373 2507 colenda:
1400 2478 1485 2513 gratia
1506 2476 1749 2511 compellebantur.
1768 2471 1867 2507 Go.\n.|

1115 2527 1159 2554 Ib.
1174 2527 1244 2561 Lege
1272 2524 1384 2557 πεζεύει
1400 2524 1513 2550 κάκεῖσε
1527 2522 1587 2549 κατ’
1604 2520 1752 2554 ἀναλογίαν
1763 2519 1811 2546 τοῦ
1824 2519 1870 2544 τό-

1082 2582 1134 2600 που
1158 2571 1352 2606 τετραστύλου.
1378 2569 1508 2597 Ambulat
1542 2571 1570 2595 et
1592 2567 1656 2594 illuc
1673 2566 1708 2593 ob
1736 2566 1867 2592 rationem

1081 2622 1191 2653 propter
1206 2624 1288 2652 quatit
1304 2615 1336 2642 ad
1347 2614 1525 2648 Tetrastylum
1535 2613 1658 2640 ambulat
1671 2612 1820 2644 ;nimirum
1836 2611 1869 2637 ob

1082 2664 1212 2692 honorem
1226 2661 1410 2697 imperatoris,
1425 2661 1472 2694 qui
1487 2660 1542 2687 illic
1555 2667 1676 2694 prmsens
1691 2662 1743 2685 est.
1762 2658 1867 2684 (ἴητε.

1119 2710 1148 2736 Ρ.
1162 2709 1204 2736 l6.
1218 2708 1286 2744 [Τοῦ
1298 2706 1488 2741 κοπριτορίου
1498 2704 1608 2732 καὶτοῦ
1619 2703 1718 2730 ἐπάνω
1729 2702 1867 2737 σκξπίου.

1083 2756 1289 2791 Ephippiarium
1304 2753 1455 2788 stragulum
1470 2757 1496 2779 et
1510 2751 1581 2779 aliud
1598 2750 1726 2785 supr-rius
1742 2754 1868 2783 tegumen

1083 2803 1147 2827 sunt
1163 2799 1280 2830 diversa,
1297 2798 1368 2832 quod
1387 2805 1471 2824 unum
1489 2803 1587 2830 nempe
1603 2795 1691 2829 majus
1705 2794 1805 2825 altero,
1828 2791 1870 2819 vel

1084 2853 1168 2873 unum
1183 2845 1257 2879 pacis
1272 2849 1395 2878 tempore
1408 2844 1444 2872 sit
1457 2845 1661 2875 ornamentum,
1673 2840 1745 2868 aliud
1758 2841 1786 2867 in
1802 2838 1871 2866 bello

1085 2891 1121 2919 sit
1132 2890 1195 2925 equi
1213 2889 1363 2917 munimen.
