2041 3144
172 165 224 197 257

713 168 905 200 GRETSERI
922 169 970 204 ET
990 169 1109 200 GOARl
1128 169 1247 200 ΝΟΤᾸΞ.

1748 170 1801 202 258

209 223 252 250 Ib.
267 222 394 255 Πεζεῦει.
408 222 437 250 Id
449 226 501 256 est,
517 221 547 249 in
566 225 664 249 terram
678 229 711 249 es:
724 230 789 260 equo
804 223 904 258 desilit,
931 227 962 252 ut
975 226 998 254 A
1012 224 1098 251 nister
1105 224 1266 259 dignitatem
1282 223 1465 259 spectantium
1483 223 1570 251 oculis
1587 224 1777 253 manifestaret
1788 233 1800 257 :

174 268 257 305 pedes
272 268 395 296 incedat.
406 267 505 304 Goan.]

208 314 252 342 Ib.
281 313 511 345 Δὺθεντόπουλος.
541 313 701 349 Quanquam
726 313 895 342 Glossarium
919 314 961 341 in-

174 364 339 394 terpretatur
354 360 447 386 herum
461 358 601 392 minorem,
615 361 694 394 quasi
712 359 827 394 adjectio
845 359 892 386 illa
912 359 961 386 de~

174 410 264 440 ccrpat
275 404 377 440 aliquid
390 404 423 431 de
434 404 644 439 signiﬁcatione,
656 404 681 431 id
698 409 786 432 tamen
802 400 962 439 perpetuum

175 459 226 479 non
240 455 291 483 est,
310 456 341 478 ut
356 457 437 484 supra
449 450 482 477 ad
498 458 525 485 p.
545 451 586 483 M,
604 443 777 478 notabamus.

207 496 247 523 Ib.
263 496 327 526 Μᾶς
342 500 371 522 et
389 495 448 527 σᾶς,
473 502 521 530 pro
547 494 599 530 μοῦ
614 500 642 522 et
670 495 717 521 σοῦ
748 499 812 523 sunt
838 495 962 523 barbarae

174 541 284 568 Grazciae
301 540 490 568 suavetilentes
505 539 622 567 ﬂosculi.
640 540 744 567 Gners.

209 597 290 634 [Vere
306 602 419 625 nasutus
426 597 506 625 etiam
519 596 641 624 barbara:
654 596 764 624 Gracia:
774 603 855 624 voces
871 596 924 630 μᾶς
936 598 963 621 et

175 646 223 676 σᾶς
235 651 288 671 non
302 643 353 678 μοῦ
361 647 389 670 et
401 642 513 674 ooﬁ,sed
525 642 605 677 ἡμῶν
618 646 644 668 et
655 641 731 676 ὑμῶν
740 642 798 669 vice
807 641 962 669 odorabitur

175 690 311 725 usurpari.
323 689 392 716 Aliis
406 694 498 716 autem
514 696 528 715 a
545 689 717 716 nominativo
732 688 810 722 ὲμεῖς
834 692 863 715 et
890 688 962 719 ὲσεῐς

175 745 220 764 nos
238 741 265 764 et.
277 744 321 763 uos
337 735 447 763 casibus
461 734 568 762 cunctis
583 734 755 766 deserviunt,
772 733 961 768 mulilatisque

175 790 222 815 per
245 781 408 816 aphaeresin!
423 780 492 814 ἐμᾶς
504 784 531 807 et
547 779 612 811 ὲσᾶς
628 779 842 814 relinquuntur;
861 778 961 806 simul-

174 835 226 861 que
239 826 316 854 vides
337 826 385 852 τοῦ
412 826 443 852 σύ
470 825 561 853 minus
593 824 750 852 anomalum
768 831 829 852 esse
857 824 960 859 plurale

174 874 243 904 ὲσεῖς
257 879 341 907 quam
375 872 464 906 ὑμεῖς,
483 878 514 898 ac
539 871 600 898 ideo
628 870 819 898 suaveoleutes
835 870 958 898 barbarae

173 919 282 946 Graecia:
293 917 434 948 ﬂosculos,
450 916 526 944 nullo
550 916 629 951 pretii
644 923 739 943 eorum
751 915 855 943 delectu
873 915 956 948 facto,

175 973 227 993 non
242 971 304 992 esse
320 968 422 992 temere
437 962 623 998 proterendos.
637 961 737 997 60am]

210 1021 252 1048 Ib.
270 1021 409 1054 Δῦθὲντης
429 1020 564 1047 dominus.
589 1018 659 1046 Hinc
683 1019 834 1052 αὐθεντεῖν,
861 1018 958 1046 αὐθεν-

171 1067 270 1100 τεύειν,
288 1066 470 1099 αὐθεντίζειν,
484 1066 665 1093 authenticum
679 1066 798 1098 reddere,
813 1066 959 1092 auctorita-

173 1118 234 1145 tem,
245 1113 298 1140 vim
313 1117 337 1139 et
355 1114 436 1138 robur
455 1112 563 1143 addere,
574 1116 604 1137 ut
616 1111 702 1137 ualeat
715 1116 739 1137 et
753 1110 827 1145 rejici
839 1118 889 1137 non
901 1118 961 1145 pos-

172 1159 215 1186 sit.
245 1158 278 1185 Et
292 1159 336 1186 cui
352 1165 408 1185 non
424 1162 488 1186 sunt
501 1158 601 1185 audita:
612 1156 759 1185 Justiuiani
783 1156 958 1188 Authenticte,

172 1212 242 1239 quas
269 1205 328 1239 ipse
341 1203 462 1239 Νεαράς,
479 1204 530 1231 hoc
545 1208 588 1231 est
612 1203 753 1235 Novellas,
782 1202 960 1237 indigitavit?

173 1250 344 1278 Authenticz
356 1249 505 1285 Scriptura
519 1256 605 1277 sacrae
617 1249 740 1276 omnium
755 1256 802 1276 ore
824 1252 960 1275 teruntur.

206 1295 294 1323 Graci
321 1302 395 1323 nunc
417 1295 534 1329 ἁφένδης
564 1294 687 1322 scribunt
715 1298 744 1321 et
772 1294 960 1328 pronuntiant,

173 1346 201 1369 et
233 1342 391 1375 corruptius
433 1341 521 1368 adhuc
551 1341 649 1377 efeudi.
690 1339 811 1367 Transiit
848 1344 962 1375 utraque

172 1394 223 1414 vox
251 1387 284 1414 ad
310 1386 433 1414 Turcas:
460 1394 521 1413 nam
555 1385 608 1413 illis
631 1385 743 1420 aphendi
769 1385 812 1413 vel
837 1384 923 1420 efendt'
935 1385 962 1412 in

174 1439 223 1460 usu
252 1437 305 1464 est,
336 1436 404 1459 teste
429 1431 594 1459 Leuuclavio
617 1432 644 1459 in
668 1431 845 1459 Onomastico
860 1431 963 1459 Musul-

174 1478 312 1506 mannico.
332 1477 469 1512 Ἀφένδρα
498 1477 617 1504 domina.
646 1476 736 1504 Dousa
765 1477 791 1504 in
815 1477 962 1504 ltinerario

173 1524 332 1559 Cpolitauo:
349 1523 408 1550 Nisi
437 1523 542 1550 Gra'cos
557 1523 690 1550 interdum
707 1523 767 1551 vina
794 1523 958 1559 deposueris,

174 1572 224 1598 nisi
239 1571 330 1598 στωεο
342 1579 414 1598 more
431 1570 659 1606 πολυχρονιάσῃς,
674 1570 781 1604 ἁφένδι,
797 1571 960 1598 exclamave-

174 1618 221 1648 rir.
236 1618 321 1645 oleum
342 1622 366 1644 et
382 1625 488 1652 operam
502 1617 659 1653 perdideris.
678 1615 747 1644 Hinc
761 1616 890 1644 miliatria
913 1617 961 1645 do-

175 1665 297 1693 minatio.
312 1665 415 1693 Gaz-rs.
446 1667 453 1674 '

482 1729 598 1759 CAPUT
616 1730 650 1758 V.

176 1789 373 1824 Explicationes
388 1793 412 1815 et
429 1789 621 1824 observationes
637 1787 708 1813 circa
713 1786 878 1824 reliquorum
897 1792 963 1824 pro:

210 1819 297 1851 ceram
315 1825 463 1850 aulicorum
475 1823 603 1858 insignia,
624 1830 682 1857 qut:
707 1819 824 1849 Cotlinue
843 1821 929 1855 capite
944 1819 961 1846 4

209 1859 374 1894 exsequitur.

210 1915 239 1942 l'.
257 1915 303 1943 l7.
319 1915 369 1951 [Τὸ
384 1914 533 1941 σκιάδιον.
548 1913 651 1948 Capitis
667 1913 784 1953 tegimen
801 1912 961 1940 honoratius

175 1966 201 1989 et
214 1961 282 1988 aula:
297 1961 457 1996 proceribus
481 1967 642 1987 concessum
664 1958 785 1985 σκιάδιον
799 1962 878 1985 vocat
894 1964 960 1984 auc-

177 2011 217 2033 tor
227 2005 362 2034 cumJure
374 2005 431 2033 GR.
447 2013 474 2040 p.
487 2004 549 2037 186,
559 2003 670 2032 Nicetas
685 2004 762 2030 πῖλον
773 2008 800 2030 et
812 2003 959 2038 κάλυμμα,

135 2054 138 2056 ⁷
175 2051 311 2086 Gregoras
324 2050 497 2083 καλύπτραν.
509 2048 637 2076 Formam
655 2048 699 2075 hic
721 2048 844 2082 depingit
857 2047 961 2074 ultimis

176 2096 298 2124 historia:
313 2102 371 2123 suae
386 2095 495 2122 verbis:
516 2093 583 2128 Περι
593 2102 626 2127 γε
648 2092 703 2128 μὴν
719 2093 770 2126 τῆς
781 2092 826 2118 ἐπὶ
840 2092 962 2126 κεφαλῆς

175 2143 336 2177 καλύπτρας
358 2142 405 2168 ἐπὶ
431 2141 486 2168 τῶν
512 2140 561 2176 μὲν
586 2140 720 2175 πρότερον
746 2139 880 2175 βασιλέων
899 2138 961 2170 leo;

175 2190 236 2220 τοὺς
251 2189 300 2223 μὲν
307 2187 358 2222 χρό
364 2195 398 2222 ίῳ
410 2185 617 2221 προϐεϐηκότας
627 2186 656 2212 ἐν
664 2186 721 2215 τοῖς
734 2184 880 2220 βασιλείοις
892 2183 961 2219 χρῆ-

176 2235 237 2261 σθαι
255 2233 432 2269 καλύπτραις
448 2231 603 2267 πυραμίδος
638 2231 688 2266 μὲν
700 2231 827 2265 ἐχούσαις
855 2230 960 2265 σχῆμα,
977 2224 999 2252 Β

177 2281 302 2314 σηρικαῖς
313 2278 394 2313 233
409 2277 432 2304 δ’
442 2277 574 2312 ινδύμασι
588 2277 660 2304 κατὰ
670 2277 699 2303 τὸ
711 2276 844 2310 ἀνάλογον
854 2275 962 2310 ἑκάστῳ

175 2323 283 2357 ἀξίωμα
302 2319 537 2356 καλυπέομέναις,
558 2321 615 2348 ὅσοι
625 2321 648 2347 δ’
665 2321 694 2347 ὲν
719 2321 824 2356 ἡλικίᾳ,
850 2321 962 2352 τούτους

177 2367 205 2393 δὲ
219 2367 328 2398 πάντας
344 2366 475 2397 καθάπαξ
485 2366 639 2392 ἀκάλυπτον
667 2365 738 2400 ἔχειν
755 2365 805 2401 τὴν
829 2365 960 2400 κεφαλήν.

175 2412 253 2440 Unde
268 2420 330 2439 cum
345 2412 380 2439 ad
391 2411 488 2446 ephebi
500 2416 605 2438 aetatem
623 2411 764 2446 processit,
779 2415 843 2438 tunc
857 2415 961 2441 tantum

174 2459 293 2493 despotic
307 2465 357 2493 per
372 2464 476 2484 morem
495 2456 535 2484 las
550 2462 589 2484 est
609 2461 679 2484 tecto
704 2457 792 2491 capite
807 2457 834 2484 in
860 2458 962 2492 palatio

175 2505 250 2532 cerui
264 2512 271 2531 :
289 2511 358 2537 puer
372 2503 447 2530 enim
466 2503 574 2530 nonnisi
588 2507 682 2537 aperto
694 2509 829 2534 versatur,
845 2503 882 2529 ait
894 2510 962 2530 auc-

176 2553 217 2576 tor
228 2549 318 2583 capite
335 2547 478 2582 superiore
492 2556 499 2574 :
520 2546 580 2574 Ἐπὶ
593 2547 714 2582 κεφαλῆς
731 2547 771 2574 ἔτι
787 2548 845 2579 νέος
861 2548 911 2582 μὲν
924 2547 962 2575 ὢν

174 2594 189 2621 6
207 2594 342 2629 δεσπότης
359 2594 442 2628 φ’)ρεῖ
451 2593 479 2618 ὲν
494 2593 533 2628 τῷ
558 2593 682 2628 παλατίῳ
697 2593 783 2620 οὐδέν.
816 2592 883 2620 Pilci
911 2594 962 2621 de-

176 2639 305 2674 scriptam
331 2647 345 2665 a
359 2638 480 2673 Gregora
504 2638 619 2665 formam
638 2638 745 2666 dixerat
771 2638 836 2665 olim
852 2638 961 2666 Nicetes

177 2685 325 2713 Andronici
340 2685 359 2712 ι.
375 2692 394 2711 ιι
412 2692 427 2711 a
442 2684 563 2712 barbaris
576 2689 717 2719 acceptam
731 2693 739 2712 :
762 2685 841 2712 Πῖλον
857 2685 961 2721 βαρϐα-

179 2730 253 2765 ρικὸν
267 2731 301 2765 τῇ
315 2729 421 2764 κεφαλῇ
435 2728 625 2764 περιθέμενος,
641 2728 718 2760 ὓςεις
738 2729 785 2761 ὀξὺ
800 2730 891 2764 λήγων
909 2739 960 2756 πυ-

180 2774 270 2808 ραμίδι
290 2773 431 2800 εἴκασται.
451 2772 580 2807 Proprius
608 2778 698 2800 tamen
712 2777 740 2801 et
765 2774 907 2802 familiaris
924 2776 960 2802 ita

180 2817 300 2845 redditus
316 2821 372 2850 est,
389 2821 420 2844 ut
431 2824 483 2844 non
500 2817 598 2850 forma,
615 2818 663 2845 sed
679 2819 800 2846 materia:
815 2819 960 2848 colorum—

179 2870 233 2898 que
247 2864 306 2898 ejus
319 2864 453 2891 varietate
466 2869 576 2892 senator
592 2864 707 2900 quilibet
720 2869 747 2892 ct
777 2866 883 2894 aulicus
909 2867 958 2895 mi-

1012 276 1065 304 qua
1093 270 1197 296 ratione
1229 268 1336 297 Nicetas
1350 270 1420 296 idem
1445 269 1471 296 in
1488 269 1583 296 Alexio
1607 269 1738 298 Manuelis
1765 270 1798 298 F.

1014 315 1207 349 συγκλητικῶς
1223 315 1412 349 ὲξυφασμένον
1427 315 1476 350 τῆς
1499 315 1623 349 κεφαλῆς
1653 315 1800 350 κάλυμμα,

1012 369 1061 395 pro
1080 360 1447 395 magnatttm(auy>tl'q1txoi
1476 360 1548 387 enim
1575 367 1630 386 non
1658 366 1800 388 senatores

1013 406 1105 438 modo,
1119 407 1165 434 sed
1180 410 1207 433 et
1219 413 1346 439 proceres
1362 405 1450 432 cuncti
1466 405 1605 439 dicuntur)
1621 410 1645 431 et
1654 405 1800 439 oﬁciorum

1013 452 1142 478 varietate
1161 452 1241 478 variis
1258 451 1388 478 coloribus
1407 455 1431 477 et
1450 451 1562 477 materia
1591 451 1694 478 diuersa
1724 458 1800 478 com-

1013 497 1077 532 poni
1092 505 1123 524 ex
1140 498 1312 524 assuetudine
1328 496 1479 524 aliirmavit.
1496 496 1652 532 Logotheta:
1672 497 1736 531 pilei
1752 497 1799 523 de-

1013 543 1188 576 scriptionem
1201 546 1263 569 nota
1275 541 1387 568 inferior
1403 542 1435 568 ad
1449 549 1476 576 p.
1491 541 1523 568 19
1535 542 1683 569 exhibebit.
1697 541 1797 577 Goan.]

1049 587 1120 615 Ibid.
1150 587 1516 622 KianmévJuniusubique
1532 587 1614 614 vertit
1632 596 1798 623 squameum,

1013 641 1101 669 exque
1118 633 1219 660 Arabia
1231 639 1257 660 et
1272 633 1351 668 Syria
1369 633 1505 660 cunabula
1531 634 1659 661 accersit.
1675 633 1799 661 Ridicule

1013 687 1138 714 prorsus.
1153 679 1216 714 quia
1241 684 1282 706 est
1299 687 1347 705 vox
1369 687 1444 705 mere
1468 678 1574 710 Latina,
1600 679 1734 705 clavatum
1748 687 1798 706 seu

1014 725 1143 756 clavatua,
1163 725 1241 759 παρὰ
1257 724 1287 750 τὸ
1303 724 1406 754 κλὰπος
1420 724 1477 750 sive
1489 724 1599 756 κλάδος,
1613 725 1712 752 clavus.
1728 723 1798 751 Hinc

1013 770 1187 806 χρυσόκλασα
1216 775 1243 797 et
1268 770 1532 805 χρυσοκλαϐαρικά,
1549 770 1721 804 chrysoclaua
1747 777 1797 797 seu

1013 815 1160 847 auriclava,
1175 815 1209 842 de
1222 815 1323 850 quibus
1343 815 1399 849 jam
1427 822 1511 850 supra
1531 815 1564 842 ad
1579 822 1605 848 p.
1621 814 1648 842 5.
1668 814 1726 841 Viri
1752 822 1799 841 ao.

1013 862 1059 893 rti.
1077 861 1165 896 inquit
1187 861 1369 892 Glossarium.
1382 861 1408 887 id
1432 866 1474 888 est
1497 860 1606 891 Junius,
1620 865 1715 895 putant
1742 868 1799 887 esse

1008 915 1096 934 vocem
1114 906 1232 933 Arabum
1247 910 1272 933 et
1285 905 1425 940 Syrorum,
1440 914 1498 940 quw
1513 914 1582 933 mere
1595 905 1693 932 Latina
1707 910 1799 938 estret

1008 952 1086 979 aliter
1100 952 1311 985 interpretantur
1323 959 1403 986 quant
1413 951 1551 978 debebant.
1566 952 1653 984 Quam
1667 951 1799 979 benevole

1009 996 1138 1024 transfert
1152 996 1185 1023 ad
1207 997 1301 1031 plures
1315 996 1389 1030 quod
1408 997 1494 1024 solius
1507 996 1581 1023 Junii
1593 997 1650 1023 est!
1673 1000 1699 1023 et
1713 1004 1796 1031 quam

1008 1043 1094 1070 amice
1109 1042 1156 1069 hic
1169 1046 1196 1069 et
1210 1041 1274 1069 alibi
1299 1042 1476 1076 gravissimos
1501 1041 1560 1076 ejus
1585 1042 1677 1076 lapsus
1695 1042 1796 1076 taugitl

1009 1087 1111 1120 ubique
1122 1086 1195 1120 quod
1217 1085 1316 1113 Junius
1349 1085 1486 1118 deliravit,
1504 1086 1555 1113 hoc
1569 1086 1620 1112 viri
1638 1086 1710 1113 docti
1728 1086 1800 1113 lece-

1009 1136 1084 1159 runt.
1097 1132 1196 1160 Gners.

1045 1176 1230 1213 [Κλαπωτόν.
1243 1177 1345 1212 Duplex
1366 1177 1440 1205 tilum
1457 1185 1582 1210 aureum,
1599 1186 1681 1206 unum
1697 1179 1799 1209 ductile

1010 1231 1175 1258 purumque,
1205 1223 1284 1258 quasi
1300 1224 1418 1251 solidum
1434 1231 1442 1257 ;
1462 1224 1536 1252 aliud
1560 1225 1661 1252 ductile
1675 1227 1797 1261 quidem,

1012 1269 1058 1297 sed
1076 1270 1157 1297 molis
1182 1273 1275 1297 lusum
1297 1274 1326 1297 et
1340 1277 1476 1304 pressum,
1489 1271 1576 1298 serica
1588 1271 1632 1298 ﬁla
1646 1273 1798 1300 circumve—

1011 1315 1069 1342 stit.
1096 1314 1218 1342 Primum
1237 1315 1330 1350 σύρμα
1357 1320 1410 1348 est,
1426 1324 1456 1342 or
1473 1317 1550 1349 trait,
1567 1317 1718 1345 secundum
1733 1318 1798 1345 κλα-

1012 1360 1102 1387 πωτόν
1119 1365 1184 1387 seta:
1194 1361 1471 1395 circumpositum,”
1485 1361 1540 1395 ﬁte.
1554 1361 1656 1398 6mm]

1049 1405 1273 1438 1ῡ.Δικανικιον,
1306 1407 1381 1440 παρὰ
1406 1407 1438 1433 τὺ
1450 1407 1523 1442 δίκη,
1545 1408 1646 1442 passim
1676 1409 1798 1436 occurrit

1013 1452 1084 1487 apud
1110 1452 1256 1480 Codinum.
1281 1451 1380 1480 Junius
1395 1453 1498 1487 ubique
1512 1454 1592 1481 vertit
1603 1459 1736 1489 sceptrum
1750 1456 1799 1490 ju-

1014 1498 1123 1526 diciale.
1145 1498 1235 1526 Potest
1245 1506 1296 1526 vox
1308 1498 1365 1533 ipsa
1373 1498 1467 1526 Greca
1480 1499 1591 1526 retineri
1603 1509 1611 1533 ;
1625 1506 1712 1535 potest
1726 1502 1799 1528 dica-

1016 1545 1116 1571 nicium
1130 1544 1297 1579 simpliciter
1311 1545 1380 1572 verti
1399 1550 1542 1580 sceptrum.
1564 1546 1720 1580 Aliquando
1734 1555 1796 1574 cum

1014 1590 1048 1617 de
1064 1590 1226 1625 patriarchis
1254 1594 1282 1617 et
1295 1591 1434 1625 episcopis
1465 1599 1556 1618 sermo
1575 1596 1628 1625 est,
1648 1597 1679 1619 ut
1692 1601 1718 1627 p.
1736 1594 1797 1626 105,

1011 1636 1113 1663 rectius
1128 1636 1292 1663 redderetur
1312 1637 1417 1670 pedum.
1437 1636 1465 1663 In
1477 1637 1669 1673 Turcogrmcia
1685 1645 1799 1666 vocatur

1010 1681 1165 1708 δεκανικιον
1180 1681 1245 1716 (uisi
1265 1681 1302 1709 sit
1315 1682 1532 1717 typographicus
1549 1683 1637 1718 error)
1653 1691 1680 1718 p.
1694 1684 1738 1717 i5,
1749 1685 1796 1712 ubi

1010 1728 1044 1755 de
1070 1727 1211 1754 Gennadio
1246 1727 1400 1762 patriarcha
1431 1732 1458 1754 et
1472 1728 1637 1762 imperatore
1659 1728 1796 1758 Turcico:

1016 1774 1108 1805 ’ἰδίαις
1139 1774 1220 1808 χερσὶ
1252 1773 1370 1800 δέδωκεν
1397 1773 1473 1809 αὐτῷ
1510 1774 1664 1802 δεκανικιον
1698 1775 1796 1802 πολλοῦ

1010 1819 1096 1852 ἄξιον,
1121 1819 1182 1855 ἦτοι
1210 1819 1308 1855 ῥάϐδον
1340 1820 1466 1855 ἀργυρᾶν
1489 1822 1796 1858 περικεχρυαωμένην,

1010 1865 1127 1900 ὡραίαν.
1160 1864 1187 1891 In
1207 1865 1310 1899 scripto
1339 1864 1458 1898 quodam
1477 1864 1712 1894 Graeco-Barbare
1734 1867 1754 1896 1.
1777 1876 1797 1895 ιι

1010 1910 1228 1938 Turco—Grtecim
1264 1915 1375 1938 vocatur
1418 1911 1558 1945 δικανίκη.

1011 1957 1108 1992 pasam
1118 1961 1197 1983 vocat
1207 1955 1345 1990 Gregoras
1359 1956 1380 1983 ι.
1394 1963 1433 1983 v1.
1449 1955 1550 1983 Gaure.

1047 2000 1363 2039 1ὁὶι1.[’Δπδτῆ;διχης,
1377 2002 1510 2035 aj‘utitia
1522 2008 1572 2028 vox
1587 2001 1701 2030 deducta
1714 2002 1798 2036 justi-

1011 2047 1056 2075 tiaa
1069 2054 1178 2081 quoque
1193 2051 1220 2073 et
1235 2045 1379 2081 potestatis
1394 2047 1420 2073 in
1436 2047 1505 2074 alios
1517 2047 1677 2075 exercendae
1687 2048 1798 2083 symbo-

1011 2092 1067 2119 lum
1085 2084 1270 2126 quodcunque
1293 2091 1440 2125 signiﬁcat.
1463 2091 1518 2119 Hoc
1535 2092 1563 2119 in
1581 2099 1644 2127 rege
1656 2097 1795 2128 sceptrum

1011 2141 1064 2168 est.
1081 2137 1108 2164 in
1123 2137 1252 2172 pontiﬁce
1272 2137 1369 2170 pedum
1385 2137 1532 2171 pastorale,
1560 2137 1587 2164 in
1600 2138 1698 2166 abbate
1711 2139 1796 2166 bacu-

1012 2184 1065 2216 lus,
1080 2183 1107 2210 in
1119 2183 1192 2218 reglo
1200 2183 1325 2210 ministro
1335 2182 1467 2214 calamus,
1481 2183 1607 2216 bacillus,
1618 2184 1708 2212 clava:
1725 2193 1795 2213 cun.-

1011 2230 1062 2258 ctis
1076 2229 1136 2258 istis
1152 2229 1337 2265 exprimendis
1366 2235 1418 2256 vox
1433 2228 1583 2255 δικανικιον
1603 2231 1712 2265 propria
1726 2237 1768 2259 est
1785 2241 1792 2265 ;

1011 2280 1039 2303 et
1059 2275 1154 2303 Latine
1172 2274 1295 2302 redditur
1325 2274 1498 2302 commodius
1517 2276 1591 2310 virga
1614 2276 1655 2303 vel
1687 2277 1794 2306 baculus

1011 2327 1094 2355 quam
1112 2324 1254 2354 sceptrum.
1270 2318 1407 2347 Scribitur
1421 2324 1446 2347 et
1461 2320 1616 2348 δεκανίκιον
1629 2327 1657 2350 et
1672 2322 1795 2351 dexavhtt

1012 2365 1097 2392 dictio
1108 2373 1122 2392 a
1139 2365 1224 2400 priori
1243 2368 1389 2392 truncata:
1403 2373 1456 2392 non
1469 2365 1610 2402 δεκανίκη,
1627 2372 1657 2394 ut
1678 2369 1793 2397 barbare

1013 2409 1161 2438 Meursius.
1181 2410 1276 2437 Simon
1308 2410 1417 2438 Portius
1435 2411 1577 2439 δικανικιε
1599 2414 1709 2448 ῥάϐδος,
1728 2415 1796 2450 βάκ-

1011 2465 1085 2492 τρον,
1093 2452 1239 2494 βακγηρία,
1250 2457 1341 2489 ξύλον,
1350 2457 1469 2484 baculus.
1479 2458 1661 2491 Consecratus,
1672 2461 1794 2495 inquam,

1012 2503 1132 2536 baculus,
1151 2503 1260 2538 qualem
1279 2503 1474 2531 caduceatores
1487 2506 1574 2532 nostri
1590 2506 1723 2540 gerebant
1739 2509 1794 2541 pri-

1012 2549 1107 2581 mitus,
1117 2549 1150 2576 de
1164 2556 1220 2583 quo
1232 2548 1378 2584 Gregorius
1389 2549 1493 2577 Turon.
1508 2558 1554 2583 vn,
1564 2551 1598 2578 53
1612 2561 1618 2578 :
1633 2552 1706 2579 Misit
1721 2551 1796 2579 Cun-

1611 1912 1797 1948 Ποιμαντικὴν

1013 2595 1139 2622 dobnldus
1154 2595 1220 2622 duo:
1233 2596 1331 2629 legata:
1341 2595 1375 2622 ad
1394 2604 1478 2630 regem
1493 2605 1552 2623 cum
1566 2598 1644 2632 virgis
1661 2606 1796 2624 consecra-

1013 2641 1055 2673 tis,
1075 2640 1153 2674 juxta
1173 2641 1251 2667 ritum
1267 2639 1442 2673 Francorum,
1462 2648 1490 2669 ut
1506 2643 1606 2669 scilicet
1618 2651 1670 2669 non
1690 2644 1796 2669 contiu-

1011 2690 1133 2720 gerentur
1144 2685 1175 2712 ab
1192 2686 1265 2718 ullo;
1281 2687 1388 2720 qualem
1403 2687 1484 2723 235
1504 2688 1583 2714 etia-n
1601 2692 1699 2722 gerunt
1710 2695 1798 2715 mare-

1011 2731 1092 2757 scalci
1104 2750 1112 2764 ,
1132 2731 1225 2766 regius
1241 2731 1358 2766 dapirer,
1379 2732 1536 2767 praetoriani
1551 2732 1699 2767 immunes,
1715 2740 1798 2768 appa-

1011 2775 1121 2808 ritores,
1134 2781 1186 2804 etc.
1202 2776 1301 2812 Cosa]

1045 2821 1078 2849 P.
1101 2823 1146 2849 Π.
1165 2820 1220 2850 Pro
1244 2822 1357 2859 κόμὸων
1377 2822 1478 2851 Junius
1505 2822 1601 2851 eodem
1624 2831 1707 2852 sensu
1726 2825 1795 2860 κόμ-

1011 2877 1081 2896 πων.
1094 2868 1192 2896 Gners.
