2041 3144
250 165 302 196 959

800 161 838 191 IN
859 161 1008 191 LlBRUM
1027 161 1076 191 DE
1094 161 1259 191 OFFICHS
1276 161 1330 191 (ΣΡ.

1813 165 1866 195 2E0

286 222 410 259 [Κόμδος
423 227 453 251 et
465 221 590 252 κόνδυλος
611 219 678 249 situ.
696 225 749 244 non
770 221 879 247 natura,
891 215 1030 242 dill‘erunt.
1046 220 1070 248 Α
1085 215 1230 250 potestatis
1255 215 1406 250 particeps,
1434 215 1518 243 animi
1546 217 1687 250 conscius,
1711 217 1864 247 {acinorum

248 270 323 296 velut
339 269 429 296 nodus
452 274 479 296 et
495 274 598 294 ramus.
619 264 736 292 Clarius.
753 262 881 290 Calamus
897 261 975 289 nodis
988 261 1031 288 in-

250 313 409 341 terstinctus
424 313 508 340 variis
524 310 708 344 compingitur
722 307 821 335 ﬁstulis
835 307 952 343 (ﬁstulas
964 313 1032 334 voco

250 367 296 386 eas
307 364 334 386 et
351 359 472 393 singulas
487 356 584 385 calami
600 359 691 390 partes
703 353 782 381 nodis
795 353 897 380 divisas
910 352 1031 380 eisdem-

251 411 305 438 que
329 404 361 430 ad
381 404 498 430 invicem
515 399 687 434 connexas):
715 406 762 426 eas
781 398 926 428 κονδύλους
938 405 1034 424 recen-

251 450 335 476 tiores
348 448 433 476 Graeci
462 451 571 477 vocant,
601 447 688 472 nodos
716 449 806 471 autem
836 443 959 478 κόμὸους
976 444 1033 470 sive

251 494 489 529 κόμπους.8ἰῐηοη
521 492 632 519 Portius
649 492 675 518 in
695 491 795 518 Lexico
818 489 1033 516 Graecobarbaro

251 539 358 566 κονδύλι
375 537 537 573 (κονδύλων,
552 536 688 568 κόνδυλος)
706 535 824 570 καλάμι,
841 533 976 567 κάλαμος,
993 533 1034 559 δὸ-

250 583 309 616 ναξ,
327 584 457 610 calamus.
489 583 522 609 Et
541 582 658 615 κόμπος,
673 581 783 615 δεσμὸς,
806 580 899 614 ἆμμα,
918 579 1032 613 κόμὸος,

245 630 323 662 Mog,
340 630 435 660 nodus,
453 636 545 659 nexus,
566 627 750 654 commissura.
769 626 805 652 Ex
831 625 928 652 calami
944 632 1033 651 tamen

251 675 283 702 ad
298 674 394 701 nodum
409 673 614 700 necessitudine
630 679 713 698 unum
725 671 840 697 alterius
859 670 919 697 vice
934 669 1035 696 substi-

221 719 228 724 “
251 721 289 747 tui
304 720 406 746 inﬁtias
421 727 473 746 non
491 718 557 745 iero.
570 717 619 744 llic
632 717 823 748 nihilominus,
837 716 882 742 ubi
896 715 970 742 varia
987 715 1035 742 tri-

252 763 374 790 buuntur
391 762 528 796 utrisque,
549 761 708 795 promiscue
722 768 775 787 non
803 760 937 787 sumenda
951 761 1035 786 bene—

253 809 330 836 volus
346 808 431 835 lector
450 808 591 839 advertet;
609 814 640 833 ac
657 807 683 833 in
700 805 870 838 δικανικιοις,
886 806 919 832 de
934 805 1035 839 quibus

254 862 353 886 sermo,
380 854 493 888 quodin
516 853 679 888 pontiﬁcum
701 852 893 885 viatorumque
918 851 1032 883 baculis,

255 900 344 934 spatia
360 899 468 933 singula
485 898 638 929 κονδύλους,
650 897 746 932 globos
757 896 879 930 singulos
893 896 979 929 spatia
994 895 1036 922 di-

252 946 378 972 videntes
386 944 507 979 κὸμϐους
523 945 557 970 ab
570 948 684 970 auctore
706 946 817 969 vocatos
832 942 1034 968 rccurduhilul’.

289 989 360 1016 lbitl.
382 989 605 1025 [Ἰνοκοπητῶν.
632 987 698 1014 Vice
730 987 883 1020 ὲγκοπτῶν,
909 987 961 1013 nisi
986 987 1037 1013 tibi

253 1036 397 1070 ἑγκοπέως
412 1035 493 1062 simul
505 1039 533 1061 et
545 1035 664 1068 ἐγκόπου
680 1033 827 1064 laborioam,
841 1033 945 1059 subtilis
961 1036 984 1058 et
997 1040 1037 1058 ar-

247 1081 373 1116 tiﬁciosa
388 1080 526 1107 ctclaturar
536 1087 647 1106 sensum
660 1079 830 1112 degenerans
843 1078 869 1104 in
884 1078 1036 1104 barbariem

253 1134 304 1153 vox
324 1126 482 1160 ινοκοπητός
501 1129 688 1159 reprzesentat.

291 1171 335 1198 Ib.
348 1171 403 1208 [Τὸ
420 1171 620 1204 σκοράι-ικον.
647 1170 704 1197 Soli
721 1169 838 1203 Georgio
859 1169 964 1196 Codino
985 1177 1036 1196 vos

254 1223 397 1250 usurpata,
430 1217 480 1244 soli
515 1216 632 1251 Georgio
661 1215 774 1242 Coreaio
804 1216 945 1247 nota,hoc
957 1221 1037 1250 pacto

254 1262 320 1288 mihi
333 1261 482 1296 exponitur
494 1261 520 1287 in
536 1260 687 1292 rescriptis.
698 1259 869 1294 Σκαράνικον
883 1258 1036 1286 vestimenti

247 1315 341 1343 genus
359 1312 464 1333 estnon
482 1313 536 1333 uno
547 1313 636 1339 panno
649 1305 785 1335 continui,
810 1310 838 1331 ut
856 1312 905 1331 nec
919 1312 973 1330 uno
991 1311 1038 1330 cu—

251 1353 311 1380 lore
325 1352 477 1386 conspicui,
493 1351 571 1385 cujus
582 1352 701 1378 exterior
716 1351 819 1384 species
834 1350 925 1380 rnlna.
943 1349 1038 1375 tmnia~

255 1399 302 1426 tim
319 1404 346 1426 et
368 1406 416 1432 per
428 1399 485 1425 lora
508 1397 608 1429 divisa,
625 1395 768 1423 candidam
799 1395 956 1422 interiorem
973 1394 1037 1422 sub-

252 1445 366 1472 ductam
399 1452 460 1471 sese
481 1448 593 1470 venuste
611 1443 733 1477 proferre
749 1446 775 1468 et
795 1441 869 1469 velut
885 1441 1035 1467 latitantem

253 1493 373 1518 educere
394 1489 543 1524 permittit;
571 1496 624 1523 qua
648 1489 681 1515 de
714 1495 797 1514 causa
820 1495 880 1513 cum
906 1487 1036 1522 ἐσχάρας,

1084 261 1200 296 collega,
1230 261 1349 296 suscepti
1373 261 1407 288 ab
1438 269 1471 288 eo
1491 263 1622 297 propositi
1650 263 1826 292 ﬁdelissimus
1838 272 1865 294 et

1085 307 1253 335 fortissimus
1267 312 1422 339 exsecutor,
1435 308 1569 342 sculptam
1586 309 1647 343 ejus
1670 310 1818 344 imaginem
1836 311 1863 338 in

1084 357 1194 386 pectore
1222 358 1321 386 gestat,
1352 357 1381 379 ut
1405 353 1515 388 προθεὶς
1527 354 1576 389 τὴν
1593 354 1696 387 εἰκόνα,
1717 355 1864 383 llerodiani

1085 398 1176 424 verbis
1205 404 1277 429 utor,
1298 399 1441 431 στεφάνοις
1456 400 1504 424 καὶ
1517 399 1633 433 δάφναις
1651 402 1866 436 κεκοσμημένην

1084 443 1164 474 αὐτός
1188 443 1212 470 τ’
1230 445 1379 480 εὐφημήσῃ
1399 446 1446 472 καὶ
1471 446 1534 477 τοὺς
1565 446 1735 482 στρατιώτας
1763 447 1866 483 ἀξιώσῃ

1084 488 1217 523 γνωρίσαι
1241 490 1289 515 καὶ
1312 490 1480 525 εὐφημῆσαι.
1500 491 1597 518 Oblata
1616 492 1781 526 imperaloris
1800 494 1867 519 inm-
1902 514 1905 518 .

1085 535 1143 569 gine
1170 535 1273 561 coronis
1290 540 1314 561 et
1339 535 1436 562 laureis
1463 542 1568 568 orn/tta,
1584 539 1684 571 primus
1701 539 1754 572 ipse
1773 539 1868 573 faustis

1085 580 1322 607 acclamatiohibus
1347 589 1519 616 prosequatur
1551 589 1575 609 et
1604 583 1699 610 milites
1730 593 1825 618 agnos:
1842 594 1868 611 re

1085 631 1109 652 et
1127 627 1190 652 uotis
1201 627 1286 661 favere
1300 627 1461 654 adhortatur.
1474 628 1622 663 Eapropter
1636 629 1781 663 praefectis,
1793 631 1868 656 duci-

1087 673 1148 703 bus,
1163 673 1312 700 comitibus
1323 678 1472 700 coronatas
1482 675 1635 708 principum
1653 675 1786 709 imagines
1796 675 1867 704 inter

1087 719 1237 753 prtecipuas
1265 718 1416 753 insignium
1444 725 1537 754 partes
1560 720 1587 747 in
1609 721 1672 754 pilis
1700 721 1816 749 donatas
1838 723 1865 748 in

1086 764 1193 798 imperii
1221 763 1333 797 Notitia,
1349 764 1472 791 vestibus
1495 764 1589 792 alIixas
1603 771 1665 793 ante
1683 765 1782 793 Justini
1798 772 1867 793 tem-

1086 816 1151 842 pora
1172 816 1226 835 non
1256 808 1327 843 lego.
1356 809 1467 843 Angelis
1489 809 1532 836 hic
1553 811 1667 843 stipatas
1691 811 1781 844 video,
1798 819 1867 846 quos

1086 854 1326 889 ἀρχιστρατήγους
1354 862 1417 881 reor
1452 856 1486 881 ob
1511 862 1683 883 communem
1709 857 1865 884 Graecorum

1087 900 1208 926 omnium
1224 907 1286 934 erga
1301 907 1349 926 eos
1367 901 1482 928 cultum.
1501 900 1657 928 Michaelem
1674 903 1747 929 enim
1766 904 1866 931 lnbent

1088 943 1114 969 in
1135 944 1223 978 primo
1243 945 1343 971 vexillo
1364 945 1501 980 depictum
1534 946 1606 974 infra
1631 955 1658 975 c.
1680 948 1707 980 6.
1723 949 1866 983 eidemque

1087 989 1163 1021 olim.
1183 991 1316 1024 scriptore
1333 991 1468 1024 Cedreno,
1494 991 1620 1020 Justinus
1639 995 1812 1021 consecravit
1825 1003 1869 1020 er-

1087 1034 1196 1060 clesiam
1211 1043 1218 1061 :
1235 1035 1343 1069 utrique
1364 1035 1443 1070 235
1471 1045 1535 1064 vero
1552 1036 1675 1064 Mil-haeli
1691 1043 1717 1065 et
1730 1038 1863 1068 Gabrieli.

1088 1080 1209 1107 ccclesiis
1245 1081 1348 1107 militi.e
1378 1082 1564 1116 principibus,
1603 1083 1721 1110 Basilius
1761 1084 1865 1120 regiam

1088 1126 1174 1152 aedem
1211 1127 1302 1160 posuit
1337 1126 1392 1151 τῶν
1411 1127 1649 1163 ’Δρχιστρατήγων
1678 1129 1790 1156 dictam.
1833 1131 1869 1156 Ue

1088 1171 1210 1203 Tmatbo,
1226 1172 1266 1197 vel
1284 1176 1311 1197 ut
1328 1171 1469 1198 Cedrenus
1485 1173 1587 1207 profert
1601 1173 1719 1205 Tzatho,
1735 1170 1868 1201 Laznrum

1089 1226 1151 1253 περ
1176 1219 1207 1245 ad
1226 1217 1364 1245 Justinum
1393 1218 1515 1253 profecto
1534 1220 1731 1254 Theophanes:
1760 1221 1867 1256 Ἐγημε

1089 1265 1205 1296 Tatiae/2;
1233 1266 1349 1298 γυναῖκα
1370 1265 1507 1300 Ῥωμαίαν
1521 1266 1567 1291 καὶ
1588 1265 1698 1300 ἔγγονον
1717 1267 1785 1301 ὁμοῦ
1813 1266 1862 1293 τοῦ

1089 1312 1142 1338 ἀπὸ
1158 1312 1373 1345 κουροπαλὰτου.
1388 1311 1419 1338 Ει
1433 1312 1519 1340 infra:
1537 1313 1741 1348 Προχειρισθεὶς
1754 1314 1870 1346 Ταῑαθος

1090 1357 1214 1391 βασιλεὺς
1244 1357 1297 1383 τῶν
1325 1357 1432 1389 Λαζῶν,
1460 1358 1580 1392 φορέσας
1595 1360 1726 1393 στέφανον
1739 1360 1786 1387 καὶ
1802 1359 1869 1394 χλα-

1091 1402 1161 1435 μύδα
1175 1401 1319 1436 βασιλικὴν
1333 1401 1440 1436 ἄσπρην
1456 1401 1571 1437 ἔχουσαν
1583 1403 1678 1429 ταυλὶν
1695 1403 1825 1438 χρυσοῦν,
1840 1405 1869 1430 ὲν

1088 1444 1110 1481 ᾧ
1124 1449 1156 1474 ὲκ
1170 1447 1300 1482 κεντητοῦ
1326 1448 1496 1482 ὲκεχάρακτο
1519 1447 1635 1482 ήείκὼν
1661 1448 1709 1475 τοῦ
1737 1449 1869 1483 βασιλέως

1095 1493 1259 1523 Ἰουσείνου,
1288 1493 1335 1519 καὶ
1366 1493 1492 1528 στιχάριν
1525 1494 1630 1528 ᾶσπρον
1660 1494 1722 1530 ἔχον
1751 1495 1870 1530 πλουμὲα

251 1536 522 1570 craticulaepiseilms
537 1535 692 1562 nstulantlis
707 1533 825 1565 idum-te,
845 1533 962 1560 fortnam
975 1533 1035 1559 inii—

1089 1538 1176 1572 χρυσᾶ
1199 1538 1245 1563 καὶ
1261 1538 1352 1563 εἰκόνα
1371 1537 1417 1564 τοῦ
1434 1538 1568 1572 βασιλέως
1583 1546 1590 1554 ⁸
1621 1540 1656 1566 τὰ
1673 1541 1727 1575 γὰρ
1750 1539 1869 1575 τζαγγία

255 1587 338 1613 ιρ-(ιιτ,
368 1583 410 1609 vel
434 1582 554 1608 colorem
581 1581 678 1607 subtus
699 1579 863 1606 residentem
894 1578 1036 1613 σκαριζειν

252 1628 363 1655 ebullire
371 1632 459 1662 cogat,
477 1626 644 1660 σκαρανίκου
659 1633 757 1652 nornen
774 1625 862 1660 polnit
876 1624 1036 1659 promereri.

253 1673 317 1700 ιιωο
333 1673 387 1704 illc,
400 1673 445 1706 qui
462 1672 542 1698 etiam
559 1670 643 1705 ignoti
655 1670 820 1704 exemplaris
829 1669 930 1696 Niceta:
947 1669 1035 1696 locum

252 1719 405 1752 subiungit:
432 1716 510 1752 Εἶχεν
527 1717 634 1752 ἱμάτιον
661 1716 771 1751 σχιστδν
789 1716 869 1751 μέχρι
882 1715 938 1742 τῶν
953 1715 1035 1749 γονά-

251 1773 317 1791 των.
332 1763 390 1791 lluc
404 1771 454 1798 ego
463 1762 554 1799 refero
569 1762 665 1792 στολὰς
682 1762 856 1795 σω).ηνωῑά;,
871 1760 1037 1787 canalicula-

253 1815 296 1837 ιω
328 1808 586 1840 vestes.alereno
611 1807 637 1833 in
663 1807 772 1834 Tiberio
797 1811 972 1837 mentm-atas.
998 1806 1032 1832 de

250 1856 353 1887 quibus
381 1854 466 1881 editio
480 1853 563 1887 Regia
581 1861 635 1879 non
655 1853 772 1880 obscure
788 1853 815 1879 in
833 1852 1035 1886 posterioribus

248 1901 345 1933 notis;
359 1901 511 1934 eodemque
527 1889 590 1926 loci.
603 1907 733 1926 revocare
757 1899 864 1926 conﬁdo
886 1898 1034 1925 Andronici

250 1947 411 1981 ἀμπεχόνην
435 1948 462 1977 ἐς
489 1945 601 1979 γλουτὸν
627 1944 780 1979 ἀμφισχιδῆ
803 1944 1034 1976 καταϐαίνουσαν,

243 1994 286 2020 418
302 2001 356 2028 qua
381 1992 489 2019 Nicclas
503 1993 528 2018 in
546 1992 654 2022 eodem,
668 1991 686 2017 Ι.
703 1999 734 2018 ιι.
748 1991 789 2017 An
804 1991 913 2018 demutn
931 1990 1036 2024 σκαρά-

244 2048 327 2067 -νικον
339 2039 409 2066 idem
425 2039 461 2066 sit
478 2039 550 2073 quod
566 2037 778 2073 σκαραμάγγιον
790 2037 801 2063 ?
814 2035 1036 2063 AtﬁrmatMenr-

242 2086 319 2117 ‘sius,
333 2089 412 2119 negat
425 2084 581 2111 Grctserus.
596 2083 751 2116 Utrumque
764 2082 916 2116 amplector
929 2091 935 2108 :
955 2089 1035 2108 men-

242 2135 305 2158 .tem
315 2130 387 2156 enim
402 2129 573 2160 illiustcneo,
587 2129 719 2155 rationem
733 2132 822 2154 tamen
835 2135 896 2154 cum
905 2127 1034 2155 Gretsero

239 2176 376 2202 .exsibilo.
395 2174 462 2207 Quis
478 2175 551 2201 enim
577 2182 639 2201 cum
658 2173 776 2200 Mcursio
792 2173 959 2207 exemplaria
976 2173 1033 2200 ubi»

1089 1583 1172 1609 αὐτοῦ
1200 1583 1297 1618 ῥούσια
1317 1580 1399 1618 ἦσαν,
1417 1583 1513 1618 ἔχοντα
1545 1585 1719 1620 μαργαρίτας
1743 1587 1870 1621 Περσικῷ

1091 1629 1212 1664 σχήματι
1227 1635 1235 1644 ⁸
1249 1629 1350 1662 ὁμοίως
1366 1630 1382 1664 ή
1414 1629 1484 1665 ζώνη
1498 1630 1580 1656 αὑτοῦ
1593 1629 1626 1666 ἧν
1638 1631 1726 1666 χρυσῆ
1738 1632 1781 1658 διὰ
1799 1641 1870 1668 μαρ-

1089 1675 1218 1710 γαρίτων.
1249 1675 1382 1702 Οωιθτυιιι
1403 1669 1586 1703 nobilioribus
1601 1678 1670 1705 aula)
1686 1677 1737 1704 (ΣΡ.
1750 1679 1871 1713 proceri-

1090 1718 1140 1745 bus
1165 1719 1275 1746 viliorcs
1299 1720 1477 1746 ecclesiarum
1499 1720 1526 1747 in
1547 1720 1642 1749 Galliis
1669 1723 1786 1750 ministri
1806 1724 1871 1750 licet

1090 1771 1142 1790 non
1167 1763 1233 1790 mihi
1253 1769 1417 1791 censeantur
1432 1765 1604 1799 exmquandi,
1627 1767 1653 1793 in
1666 1767 1700 1794 iis
1714 1772 1804 1795 tamen
1823 1769 1871 1795 ob-

1088 1816 1166 1836 tiervo
1190 1809 1347 1842 bicolorem,
1368 1810 1400 1836 de
1425 1818 1477 1844 qua
1503 1815 1568 1838 nota
1589 1813 1869 1847 sequenti,tunicam.

1088 1854 1207 1880 δ.6ολέον
1234 1855 1602 1890 σκαράνικον,εοηειίοιι]υε
1633 1858 1763 1885 Ecclesiae
1787 1859 1870 1886 mini-

1088 1905 1176 1927 strant
1192 1901 1351 1936 Ινοκοπητδν
1362 1902 1454 1929 εἰκόνα
1463 1902 1618 1937 ἔμπροσθεν
1629 1905 1732 1939 pectori
1749 1905 1869 1937 aﬂixam.

1087 1945 1236 1972 δικανίκιον
1254 1946 1361 1974 tandem
1383 1949 1410 1975 in
1421 1957 1515 1976 eorum
1530 1949 1656 1978 inanibus
1668 1951 1747 1978 nodis
1773 1959 1870 1986 argen-

1086 1991 1139 2018 teis
1178 1992 1352 2027 calamisque‘
1381 1994 1498 2021 diversis
1531 1995 1723 2030 conspicuum,
1751 1998 1871 2024 σκιάδιον

1087 2044 1196 2070 quoque
1213 2038 1246 2064 ab
1260 2039 1320 2065 aliis
1337 2039 1496 2072 diversum;
1512 2041 1612 2075 quibus
1626 2042 1699 2068 aliud
1720 2043 1871 2075 prtemissis

1088 2082 1205 2109 similius
1222 2090 1278 2110 non
1293 2083 1380 2111 video.
1392 2085 1490 2121 Ceam]

1122 2127 1193 2154 Ibid.
1229 2129 1280 2156 Ἐκ
1292 2129 1400 2161 δεξιῶν
1417 2130 1530 2165 μέντοι.
1543 2132 1642 2160 Junius
1654 2134 1732 2168 plane
1743 2142 1871 2170 perverse

1090 2174 1228 2206 pervertit,
1249 2175 1360 2202 mutatis
1376 2176 1475 2210 angelis
1501 2177 1527 2204 in
1546 2179 1680 2207 nuntios:
1711 2181 1776 2215 quia
1798 2182 1870 2209 enim

249 2229 304 2256 que
317 2221 409 2248 credat
423 2222 461 2248 ila
476 2225 603 2255 corrupta
623 2224 651 2246 nt
662 2219 873 2254 σκαραμαγγιου
886 2219 943 2246 vice
957 2227 1034 2253 repo‘
1049 2217 1072 2245 Ῑ)
1086 2226 1209 2246 summus
1222 2220 1368 2255 imaginum
1379 2223 1465 2250 hostis
1476 2230 1545 2253 erat.
1556 2224 1625 2252 hanc
1637 2226 1794 2260 angelorum
1807 2228 1872 2254 inia-

250 2269 334 2294 silum
354 2267 435 2294 fut-rit
452 2266 639 2302 czapdvtmv?
665 2265 755 2293 Placet
771 2266 949 2293 nihilominus
964 2266 1036 2292 illitis

250 2313 280 2339 in
301 2313 383 2346 hujus
402 2313 583 2347 degenrrassc
607 2312 797 2347 prolationem.
828 2316 855 2339 et
875 2312 1037 2347 σκαραμάγ-

251 2358 311 2390 γιον
324 2357 418 2383 Bardaa
432 2357 533 2384 Caesari
547 2365 560 2383 a
577 2356 667 2383 Leone
685 2356 870 2383 Grauunatico
885 2357 1035 2391 ascriptum

248 2409 267 2428 Α
282 2400 387 2428 Codino
399 2401 488 2435 capite
500 2401 634 2435 superiori
646 2402 810 2436 σκαράιικον
825 2402 939 2428 (Im-saris
950 2401 1036 2428 fuisse

247 2453 389 2473 uocatum.
407 2445 475 2473 Vide
501 2451 578 2474 notas
606 2447 633 2474 in
649 2452 731 2480 caput
760 2441 948 2481 quintumch
978 2456 1037 2474 sca-

245 2493 397 2527 ‘ramangio
411 2492 594 2519 Leunclavius
611 2493 638 2519 in
663 2492 856 2519 Onomaatico:
874 2492 1035 2520 Sam-aman-

245 2537 322 2572 gium
340 2544 389 2564 v01:
411 2536 529 2567 Persica,
556 2544 615 2570 qmz
639 2541 735 2562 vestem
753 2535 869 2570 plurium
888 2536 1051 2570 signiﬁca:,.

247 2583 298 2609 lwt:
312 2587 350 2609 est
367 2590 425 2609 eam
441 2589 500 2616 qua:
516 2581 612 2616 plut-iis
640 2586 686 2607 aut
701 2583 816 2608 hibernis
840 2581 1033 2615 tempestatibus

247 2629 352 2656 cwtcris
370 2628 522 2663 superinjici
537 2627 613 2654 solet.

287 2675 329 2702 ΙΙ).
342 2674 516 2710 ΙΕικονικώς
529 2674 582 2700 τὸν
592 2671 735 2705 βασιλέα.
745 2672 878 2706 Imagines
889 2672 1034 2707 imperato-

253 2728 312 2747 num
335 2720 423 2747 rarius
449 2720 476 2746 in
497 2719 565 2745 loris
592 2717 698 2752 positae,
724 2717 750 2743 in
769 2717 882 2744 urbibus
904 2719 1033 2751 adoratae,

246 2773 334 2799 quam
363 2766 389 2792 in
403 2766 461 2792 acie
483 2764 588 2791 delatae.
611 2762 783 2790 Domesticus
801 2762 893 2797 itaque
908 2766 936 2790 ut
949 2763 1035 2796 impe-

250 2810 361 2837 rialiuln
382 2811 554 2837 exercituum
579 2807 735 2834 moderator
754 2815 911 2842 supremus,
927 2813 954 2835 et
969 2809 1032 2836 viva

250 2853 350 2890 ipsius,
369 2861 398 2883 ut
412 2856 528 2883 inferius
547 2858 712 2888 exponetur,
732 2854 758 2881 in
771 2854 870 2881 castris
886 2855 986 2890 imago,
1003 2862 1032 2884 ut

1088 2264 1197 2298 gruibus
1216 2265 1241 2292 in
1257 2267 1399 2294 scaranico
1417 2269 1507 2302 magni
1520 2270 1661 2298 (lo-.neslici
1671 2272 1785 2305 gloriam
1801 2273 1871 2300 invi-

1087 2310 1146 2342 dit;
1161 2310 1251 2346 itaque
1263 2319 1295 2338 ει
1314 2313 1417 2347 angelis
1434 2316 1543 2341 nuntias
1565 2315 1640 2347 fecit.
1656 2317 1734 2351 quasi
1754 2319 1870 2352 proximi

1087 2356 1121 2382 ab
1133 2356 1306 2391 imperatoria
1326 2357 1457 2392 dignitate
1469 2368 1530 2386 eum
1545 2361 1675 2388 honorem
1689 2363 1745 2390 suis
1765 2365 1870 2391 nuntiis

1086 2409 1112 2428 ct
1128 2407 1156 2429 ut
1170 2409 1266 2430 vocant
1278 2403 1448 2439 brevigerulis
1463 2411 1489 2433 et
1504 2406 1653 2434 tabellariis
1669 2408 1825 2442 habuerint,
1841 2415 1870 2436 ut

1086 2454 1132 2475 cos
1158 2455 1206 2475 sua
1232 2448 1259 2475 in
1276 2454 1349 2476 veste
1368 2449 1517 2485 eﬁigiarcnt
1531 2456 1557 2478 et
1581 2454 1737 2487 margaritis
1752 2462 1869 2481 exorna-

1087 2499 1156 2520 rent.
1175 2493 1294 2521 Observa
1311 2495 1353 2522 hic
1376 2503 1479 2523 rnorem
1497 2497 1613 2525 addcudi
1630 2499 1799 2528 vestimentis
1815 2508 1867 2527 non

1087 2543 1190 2566 tantum
1211 2540 1356 2574 imaginem
1382 2541 1567 2576 imperatoris,
1589 2544 1636 2571 sed
1664 2549 1691 2572 et
1713 2551 1868 2573 sanctorum

1086 2585 1254 2619 angelorum.
1269 2585 1326 2613 lino
1340 2587 1403 2613 olim
1418 2588 1497 2622 vulgo
1509 2588 1591 2615 etiam
1610 2590 1746 2617 variorum
1763 2597 1869 2618 sancto—

1087 2638 1145 2656 rum
1172 2636 1197 2657 el
1227 2637 1376 2666 martyrum
1399 2632 1504 2668 efﬁgies
1523 2634 1582 2661 suis
1598 2636 1721 2663 vestibus
1741 2638 1868 2672 appinge-

1085 2676 1160 2707 bant,
1182 2681 1251 2703 utex
1278 2678 1378 2704 Asterii
1391 2679 1520 2706 Amaseni
1545 2680 1660 2708 Humilia
1672 2683 1790 2716 quadam
1804 2692 1868 2710 con-

1085 2726 1149 2748 stat.
1166 2721 1258 2750 Sacris
1275 2723 1399 2750 vestibus
1413 2731 1505 2752 sacras
1522 2725 1655 2760 imagines
1669 2727 1771 2754 addere
1784 2729 1867 2755 usita-

1086 2767 1221 2794 tissimum
1240 2774 1319 2801 erat;
1335 2769 1453 2803 plurima
1472 2771 1553 2806 hujus
1571 2772 1608 2799 rei
1625 2775 1749 2808 exempla
1770 2782 1868 2809 suppr.-

1085 2813 1153 2840 ditat
1180 2813 1342 2841 Anastasius
1356 2815 1383 2842 in
1400 2814 1560 2844 Pontiﬁcum
1576 2817 1655 2845 Vitis.
1670 2819 1697 2846 lu
1713 2811 1845 2847 Lconelll
1859 2830 1865 2846 :

1085 2857 1158 2885 Fecit
1176 2859 1202 2885 in
1228 2858 1336 2886 ecclesia
1362 2860 1478 2889 doctoris
1497 2864 1589 2890 mundi
1606 2863 1636 2890 Β.
1652 2864 1731 2891 Pauli
1755 2867 1865 2900 apostoli
