2041 3144
137 154 186 187 261

699 151 887 182 ϐιιΕΤδιειιι
909 150 955 180 ΕΤ
972 150 1089 181 GOARi
1110 151 1226 182 NOTIE.

1716 147 1768 180 262

141 209 272 238 iurat-eia
293 209 338 235 hol
350 216 440 236 senm
460 207 574 234 alit/tina
589 213 716 243 quatuor,
733 213 757 234 et
775 213 868 235 vestem
883 216 931 234 ηις
944 209 967 238 Α
983 214 1119 242 purpurea
1134 214 1208 236 veste
1223 207 1339 243 intelligi
1353 208 1451 236 debere
1463 208 1542 236 testis
1557 213 1597 236 est
1616 209 1767 244 Eutropius

137 264 183 290 per
204 256 292 282 altare
308 254 396 281 album
415 253 622 288 eltrysoelavam,
638 254 775 280 habentem
788 253 928 280 historiam

138 308 239 328 sanam
259 300 468 326 resurrectionis.
488 298 521 325 Et
551 298 633 325 aliam
664 303 756 325 restent
777 298 929 332 ehrysoela-

138 356 208 379 ram,
226 347 365 372 habentem
384 346 525 371 historiam
547 345 696 371 nativitatis
717 344 821 370 Domini
832 349 856 370 et
873 343 926 370 SS.

138 392 334 418 Innocentium.
353 390 412 416 Into
428 395 452 416 et
480 391 564 416 aliam
584 395 678 416 vestem
698 389 815 424 Tyriam,
831 389 929 416 haben-

140 443 190 464 tem
219 437 362 463 historiam
391 437 454 462 etrci
484 436 630 463 illuntinati
646 442 670 463 et
699 437 926 463 resurrectionem.

141 483 214 510 Idem
227 488 317 509 anteiit
334 483 517 509 sanctissimus
532 482 630 516 prima!
647 482 706 516 fecit
720 483 746 509 in
762 482 872 508 basilico
895 482 926 508 Β.

141 529 237 554 Maria:
255 528 291 554 ad
311 526 428 560 Prii-sepe
445 533 538 554 vestem
559 527 646 553 albam
661 527 867 561 ehrgsoclauam,
883 528 929 554 ha-

139 575 238 600 bentem
253 574 392 599 historiam
404 578 502 599 sanctw
513 573 725 599 resurrectionis.
739 572 789 599 Sed
804 577 828 598 et
843 572 927 599 aliam

140 623 234 645 restent
252 618 279 644 in
296 617 422 644 orbiculi;
445 617 635 652 (hrysoclnvis,
653 618 788 644 habentem
803 617 928 644 historias

141 663 355 689 nnnnntiationis
385 668 408 689 et
425 662 477 689 SS.
504 662 616 689 .Ioarhin
638 667 662 689 et
689 663 783 689 Anna'.
803 663 873 689 Idem
896 663 929 689 de

140 710 234 734 eodem
248 717 254 734 :
273 707 305 734 In
323 708 398 734 titulo
413 708 576 734 l’ammachii
591 716 669 741 super
682 708 768 734 altare
781 707 835 735 SS.
845 707 926 734 Joan-

142 755 181 780 nis
195 759 219 781 et
236 754 316 780 Pauli
336 754 397 788 fecit
411 760 504 780 vestem
531 755 619 781 album
647 755 832 787 holoserieam,
848 762 929 780 orna-

143 806 196 827 tam
212 802 238 826 in
253 809 320 836 gyro
345 801 375 826 de
389 801 513 835 fundato.
528 801 664 827 habentem
677 801 819 827 historiam
833 800 929 827 Cruci-

142 845 200 879 ﬁri,
215 846 383 872 Aseensionis
399 851 422 872 et
444 846 617 872 Pentecostes.
638 846 740 873 Gut-:15.

178 892 218 918 Ib.
234 891 396 927 [Jt6o.1éor,
421 893 456 919 De
478 892 558 919 simili
587 893 706 919 bieolore
732 893 812 919 Ducas
835 891 926 918 tunica

147 945 300 965 sermonem
320 938 400 965 habet
415 937 522 964 Nicetas
538 937 686 964 Andronici
703 938 721 966 Ι.
737 946 754 965 ιι
774 946 781 964 :
798 937 835 963 Τὸ
849 937 928 972 σῶμα

143 985 236 1018 ὶωπίῳ
249 984 382 1018 διχρώμῳ
395 985 500 1018 συνεῖχε
513 983 634 1018 περὶ-τὴν
646 984 705 1016 ἰξὺν
721 983 926 1014 καταϐαίνοντι,

144 1031 237 1056 ἔκτοτε
253 1030 281 1056 δὲ
296 1030 478 1064 διαιρουμὲνῳ
490 1030 562 1064 διχῆ.
579 1030 635 1056 Alia
655 1029 734 1056 lectio
745 1029 821 1064 ponit
837 1029 927 1064 φορῶν

145 1075 241 1110 ροὖχον
257 1075 366 1109 σχιστὸν
393 1077 424 1101 εκ
447 1076 603 1110 χρωμάτων
617 1075 674 1102 δύο.
696 1075 857 1102 Revocanda
874 1075 927 1102 huc

145 1121 274 1148 nonnulla
290 1129 321 1147 ex
340 1121 436 1154 positis
453 1125 515 1147 nota
529 1121 670 1155 superiore
685 1121 718 1148 ad
737 1128 762 1155 p.
775 1120 818 1147 l7.

178 1166 207 1193 Ι).
226 1167 267 1193 18.
284 1165 337 1201 [Τὰ
350 1166 526 1200 ὑποδήματα
556 1166 608 1193 τοῦ
635 1165 926 1200 πανυπερσεϐἁστου

144 1214 269 1245 κίτρινα.
294 1213 335 1240 Ab
364 1213 522 1240 Andronico
547 1212 661 1239 Seniore
694 1212 803 1239 inventa
837 1216 929 1238 narrat

145 1259 404 1294 Gregoras,vu,28:
421 1259 595 1294 Ἑτετιμήχει
609 1258 643 1292 5s;
651 1258 776 1292 Ἰωάννην
784 1257 865 1289 εὐθὺς
880 1258 928 1284 καὶ

145 1306 183 1340 τῷ
199 1305 246 1332 τοῦ
267 1305 528 1340 πανυπερσεσὰστου
545 1303 720 1339 ἀξιώματι,ὃ
738 1303 784 1330 νῦν
796 1305 842 1329 καὶ
855 1302 929 1338 αὐτῷ

146 1352 188 1378 διὸ.
202 1352 251 1386 τὴν
266 1352 334 1387 πρὸς
351 1352 433 1378 αὺτὶν
447 1351 564 1386 στοργὴν
579 1350 750 1385 ἐνδοξότερον
762 1349 779 1384 ἣ
797 1350 929 1384 πρότερον

147 1396 203 1432 εἶχε
229 1397 320 1432 πολλῷ
339 1399 533 1432 κατεστήσατο·
552 1397 684 1431 ἐνδύμασι
705 1397 760 1432 γὰρ
780 1396 828 1423 καὶ
857 1396 931 1422 πεδὶ-

148 1444 203 1474 λοις
219 1443 316 1474 αὑτοῦ,
331 1443 382 1469 ὅσα
397 1443 443 1469 τὸν
460 1443 542 1469 ἵππον
556 1442 638 1469 αὑτοῦ
656 1443 764 1478 κοσμεῖ,
775 1442 856 1477 236
871 1442 932 1477 κιῤ-

149 1490 204 1523 ροῖς
218 1490 274 1519 τοῖς
292 1489 378 1515 ἇπισι
394 1488 510 1523 χρῆσθαι
531 1488 705 1523 κεχάρισται,
722 1487 755 1513 ἶν’
800 1486 931 1522 διασημό-

148 1543 225 1565 τατος
238 1536 268 1561 ἐν
283 1536 338 1564 τοῖς
350 1535 413 1569 περὶ
429 1534 474 1560 τὴν
493 1534 606 1569 βασιλέα
629 1534 762 1568 εὐγενέσι.

182 1579 254 1607 Ibid.
275 1580 464 1608 ’Υποῡέλιοια
482 1580 638 1608 Δικανῐκιον
668 1578 866 1615 protovestiarii
880 1587 930 1606 au-

151 1626 234 1653 riﬁcio
250 1634 331 1661 opere
351 1626 539 1660 χρυσοχοῖκόν,
555 1626 712 1661 quuatoque
732 1625 811 1652 viridi
826 1625 858 1651 ad
875 1624 934 1659 pig—

151 1676 269 1699 mentum
282 1672 392 1698 tuetallo
409 1672 509 1699 vitrum
526 1673 648 1699 imitante
659 1671 812 1704 ὑποῡέ).ιον,
827 1678 859 1698 ac
873 1670 934 1698 ideo

151 1718 234 1744 viride
250 1717 332 1744 simul
349 1725 381 1744 ac
396 1725 508 1744 aureum
527 1718 756 1753 χρυσοπράσινον.

180 1762 248 1790 Ibid.
263 1761 317 1798 [Τὰ
341 1761 520 1796 ὑποδήματα
545 1762 638 1788 αὑτοῦ
661 1762 806 1797 πρᾶο-ινα.
829 1762 932 1795 Quibus

150 1814 291 1835 attestatur
310 1807 416 1835 Nicetas
429 1809 456 1834 in
473 1809 568 1835 Alexio
588 1809 701 1844 Angelo,
716 1809 859 1844 eidemque
873 1817 934 1843 pro-

152 1853 308 1880 torestiario
329 1855 475 1882 tentorium
492 1855 631 1890 proprium
652 1854 798 1882 concedit:
815 1856 846 1881 υἱ
867 1855 932 1890 βίιρ⁸

152 1900 226 1934 ὃιροι
243 1899 274 1926 τὸ
300 1900 520 1934 νυκτιφυ).ακοῦν
543 1900 701 1936 στράτευμα
713 1902 746 1935 τῇ
763 1900 810 1927 τοῦ
827 1909 934 1936 πρωτο-

153 1945 307 1979 ϐεστιαριου
328 1945 451 1972 Ἰωάννου
467 1947 553 1981 σκηνῇ
567 1947 666 1980 φεῦγον
679 1946 886 1979 ἐπικατέλαΰον,
897 1946 934 1978 ὡς

153 1992 197 2018 καὶ
209 1992 303 2018 τοῦτον
314 1991 499 2025 θορυϐηθέντα
510 1991 700 2026 ὲξχναστῆναι.
710 1990 742 2018 Et
754 1990 823 2018 infra
836 1999 843 2018 :
854 1991 894 2017 Τὰ
905 1992 934 2017 ἐν

151 2040 183 2073 τῇ
200 2041 285 2074 σκηνῇ
310 2038 471 2070 διελόμενοι,
487 2038 516 2062 ὲν
530 2034 571 2068 οἷς
590 2035 623 2071 ἦν
643 2037 692 2063 καὶ
704 2036 738 2063 τὰ
753 2036 890 2072 βατράχια
903 2037 934 2063 τὸ

152 2084 247 2118 χρῶμα
256 2084 353 2111 πέδιλα.
362 2083 408 2110 τοῦ
422 2082 681 2118 πρωτοὸεπιαρίου,
692 2083 756 2118 ὃλην
768 2083 877 2116 ἐκείνην
885 2083 934 2118 τὴν

152 2128 234 2153 νύκτα
250 2129 280 2154 ὲν
292 2128 399 2163 pronai;
410 2128 454 2154 καὶ
466 2128 565 2161 γέλωτι.
582 2127 617 2154 τὰ.
646 2127 793 2162 Ῥωμαίων
807 2128 932 2154 ἐτίθεσαν

154 2173 310 2207 πράγματα.
335 2172 407 2200 Idem
426 2173 452 2199 in
465 2173 568 2200 lsaacio
582 2177 610 2200 et
627 2173 730 2207 Angela
745 2171 776 2199 F.
814 2173 843 2199 ‘0
860 2181 934 2207 πρω-

981 254 1007 280 in
1018 253 1136 286 Nerone,
1152 255 1214 288 quia
1232 254 1304 288 quod
1321 254 1469 282 Suetonius
1483 255 1532 287 ait,
1548 254 1684 282 Neronem
1701 263 1765 290 pur-
1803 285 1809 290 _

981 307 1047 334 pura
1066 307 1204 334 coccoque
1218 299 1329 326 funibus
1345 300 1422 327 nexis
1435 300 1581 334 piscatum,
1599 300 1651 327 hoc
1665 300 1765 327 Eutro-

980 344 1041 377 pius
1058 343 1164 370 blatteir
1190 344 1270 371 dixit.
1287 344 1366 378 Apud
1390 344 1578 379 Lampridium
1598 344 1625 371 in
1641 345 1767 379 Helioga-

980 388 1041 415 balo
1055 389 1131 422 funes
1150 389 1234 415 blatta
1251 394 1275 415 et
1292 390 1376 416 serico
1393 390 1497 417 intorti.
1515 389 1592 417 Unde
1607 390 1765 417 sericoblat-

981 437 1048 459 team
1067 439 1170 460 vestem
1196 434 1336 468 accipiunt
1355 435 1480 461 nonnulli
1497 442 1558 461 eam
1584 442 1643 469 quae
1660 443 1777 471 purpuy

981 479 1018 505 rei
1038 478 1137 505 coloris
1166 484 1207 505 est
1234 483 1261 505 et
1284 479 1337 506 lilis
1363 480 1452 506 uitreis
1470 480 1572 506 variata
1592 480 1610 506 1.
1627 488 1653 512 x,
1679 488 1702 507 c.
1731 481 1765 507 de

980 523 1161 558 murilegulis.
1179 528 1206 550 et
1222 524 1239 550 Ι.
1254 531 1279 551 c.
1290 524 1393 551 Tlteod.
1409 525 1469 551 eod.
1485 524 1548 552 Haec
1560 525 1704 552 Browerus
1716 533 1764 552 no«

979 572 1036 594 ster
1069 568 1100 594 ad
1136 560 1311 596 chantium;
1340 569 1417 603 Apud
1441 567 1630 596 Turonensem
1660 569 1762 597 llistor.

979 612 1077 640 Franc.
1095 621 1125 646 ιι,
1142 613 1176 640 58
1192 614 1291 640 blattea
1319 615 1410 641 tunica
1435 614 1493 640 sine
1513 614 1596 641 dubio
1627 622 1762 649 purpurea

980 664 1031 686 est.
1051 659 1078 685 In
1104 659 1219 685 historia
1237 659 1375 685 Anastasii
1402 659 1436 686 de
1452 658 1520 686 Vitis
1538 660 1708 694 pontiﬁcum.
1735 662 1763 687 in

980 704 1116 737 Paschali,
1130 705 1212 731 habes
1222 713 1325 731 erucem
1339 706 1369 732 de
1385 705 1637 740 blattin,periclysin
1650 705 1682 732 de
1696 706 1765 732 blat-

980 751 1040 783 tin;
1057 758 1117 785 qua-
1136 752 1217 777 etiam
1244 751 1270 777 in
1287 750 1380 778 Leone
1396 751 1428 778 Ill
1447 752 1546 785 sacpius
1572 751 1705 778 invenies.
1723 752 1763 778 Ad

980 794 1180 821 distinctionem
1191 795 1301 821 additur
1313 795 1447 822 interdum
1461 796 1492 822 de
1504 795 1600 821 blattin
1617 794 1763 829 Bgzanteo,

979 840 1012 866 de
1028 840 1121 866 blattin
1136 839 1326 874 Neapolitano.
1349 841 1385 868 De
1407 841 1497 868 Leone
1512 841 1562 867 Ill:
1579 839 1653 866 Fecit
1668 844 1764 866 vestem

980 884 1178 918 ehrysoclabam
1201 892 1233 911 ea:
1251 885 1346 911 blattin
1362 885 1508 920 Byzauteo,
1522 885 1659 917 habentem
1675 885 1764 910 histo-

981 930 1050 956 riam
1064 931 1211 957 nativitatis
1229 935 1253 957 et
1269 930 1299 958 S.
1326 930 1468 958 Simeonis.
1487 931 1537 958 Ubi
1555 931 1668 958 materia
1684 938 1698 957 a
1714 930 1765 965 By-

981 975 1070 1002 zantio
1087 983 1186 1002 nomen
1201 977 1298 1002 sortita
1321 976 1453 1003 innuitur.
1469 976 1540 1009 Quid
1557 976 1643 1003 Grazci
1656 975 1667 1001 ?
1682 976 1762 1003 Glos-

981 1022 1103 1049 sarium:
1131 1021 1243 1048 Βλάτιον
1260 1021 1356 1048 blatta.
1384 1023 1530 1049 Actuarius
1545 1031 1551 1048 :
1568 1022 1696 1048 Βλάττιον
1712 1022 1765 1047 Βυ-

982 1065 1088 1098 ζάντιον
1105 1065 1200 1092 ὀστοῦν
1218 1066 1267 1100 τῆς
1284 1066 1358 1100 ῥινὸς
1372 1067 1421 1100 τῆς
1436 1067 1590 1101 πορφύρας
1603 1065 1693 1093 Blatta
1713 1066 1763 1101 By-

982 1112 1072 1137 zantia
1092 1116 1129 1138 est
1144 1119 1172 1137 οε
1188 1119 1221 1138 ea:
1238 1119 1303 1138 naso
1319 1120 1454 1146 purpurea.
1473 1111 1561 1145 Str-pe,
1583 1112 1671 1146 inquit
1687 1112 1765 1139 Clos-

982 1158 1094 1190 sarium,
1118 1159 1238 1186 occurrit
1252 1161 1322 1194 apud
1335 1159 1483 1192 Codinum,
1516 1158 1650 1192 Nicetam,
1665 1159 1766 1186 Cedro-

983 1212 1060 1234 num.
1076 1204 1153 1239 Saepe
1179 1206 1310 1237 occurrit,
1329 1205 1436 1232 lateor:
1468 1206 1515 1232 sed
1531 1212 1595 1232 num
1612 1213 1720 1240 semper
1733 1213 1764 1232 ea

983 1258 1064 1284 quam
1082 1258 1113 1277 ex
1127 1251 1258 1278 Actuario
1270 1251 1363 1283 aﬂ'ers,
1374 1251 1596 1286 signiﬁcatione?
1610 1251 1699 1283 Quare
1710 1258 1764 1277 non

983 1297 1096 1330 exponis
1113 1297 1177 1330 quid
1208 1297 1243 1324 sit
1268 1297 1390 1323 absolute
1420 1297 1548 1331 βλάττιον
1570 1300 1597 1323 et
1614 1296 1738 1331 βλᾶτιυον
1753 1296 1766 1323 ἲ

982 1343 1060 1377 Apud
1085 1342 1219 1370 Codinunt
1235 1348 1310 1370 certe
1321 1351 1373 1370 non
1394 1347 1483 1377 potest
1497 1351 1557 1370 esse
1575 1351 1602 1369 os
1615 1345 1675 1370 nasi
1703 1351 1766 1377 pur-

982 1398 1066 1424 purm.
1077 1389 1210 1418 Nimirum
1222 1390 1363 1426 antiquum
1377 1395 1470 1419 tenes:
1488 1391 1577 1418 abdita
1592 1391 1671 1426 fugis,
1685 1392 1765 1418 Obvia

983 1442 1010 1463 et
1026 1437 1147 1469 vulgaria
1169 1437 1329 1471 plerumque
1349 1438 1475 1465 sectaris.
1494 1437 1666 1465 Theodosius
1681 1437 1767 1472 Zygo-

984 1481 1070 1509 malas
1089 1481 1201 1510 Graecus
1215 1482 1242 1509 in
1267 1483 1383 1517 epistola
1409 1484 1524 1518 quadam
1551 1483 1767 1511 Tereo-Gracche

985 1527 1086 1554 inserta
1105 1535 1132 1563 p.
1149 1529 1184 1555 99
1196 1528 1291 1564 βλατία
1305 1529 1395 1563 χρυσᾶ
1408 1529 1456 1554 καὶ
1476 1528 1595 1562 ὲξάμετα
1609 1537 1615 1555 :
1631 1529 1676 1555 ubi
1698 1528 1767 1556 Cru—

985 1573 1043 1601 sius
1061 1573 1167 1609 gftldine
1185 1573 1259 1601 sturk
1275 1575 1328 1600 und
1343 1573 1459 1600 damnat.
1478 1574 1591 1601 Alexins
1608 1574 1767 1600 Contnenus

983 1619 1107 1646 mittebat
1119 1627 1151 1646 ex
1165 1626 1244 1653 pacto
1258 1618 1375 1646 Henrico
1391 1618 1425 1645 ιν
1441 1619 1496 1654 τεεί
1507 1623 1535 1646 et
1553 1619 1709 1653 imperatori
1723 1619 1766 1652 Ill,

983 1668 1079 1698 praeter
1107 1664 1252 1698 plurimam
1280 1665 1432 1698 pecuniam,
1464 1665 1563 1691 ἑκατὸν
1600 1665 1722 1700 βλαττία,
1739 1671 1766 1691 ιιι

983 1710 1064 1745 237
1073 1710 1167 1737 scribit
1179 1711 1256 1737 Anna
1267 1710 1415 1743 Comnena,
1433 1710 1451 1738 Ι.
1467 1719 1496 1738 ιιι
1513 1711 1636 1738 Aleriad.
1655 1711 1773 1738 Crusius

984 1756 1210 1790 interpretaretur
1235 1757 1350 1783 hundert
1365 1757 1473 1792 guldine
1490 1756 1566 1783 stﬁek
1582 1756 1653 1784 tuch.
1669 1756 1770 1784 Posses

983 1803 1064 1830 etiam
1091 1803 1261 1837 interpretari
1292 1807 1396 1829 centum
1417 1810 1563 1836 purpureas
1579 1807 1673 1829 vestes.
1689 1802 1768 1836 Apud

983 1849 1117 1877 Codinum
1143 1854 1266 1876 nostrum
1284 1857 1310 1876 (ς.
1327 1849 1343 1875 4
1359 1849 1442 1876 habes
1461 1849 1609 1875 καόὃάδιον
1633 1848 1767 1883 βλάτινῠν.

984 1895 1155 1929 Purpureum
1182 1895 1226 1923 hic
1240 1895 1300 1922 sine
1326 1895 1381 1922 ullo
1401 1895 1574 1922 incommodo
1591 1895 1705 1922 reddere
1719 1902 1769 1929 po-

985 1945 1035 1969 tes.
1048 1941 1147 1969 Eodem
1162 1949 1188 1968 c.
1207 1942 1328 1968 occurrit
1353 1940 1473 1976 βλάτιον,
1498 1941 1542 1968 ubi
1559 1940 1661 1967 dicitur
1676 1945 1770 1975 proto-

984 1987 1085 2014 sebasti
1099 1987 1184 2022 pileus
1199 1994 1260 2014 esse
1273 1987 1348 2013 aurei
1363 1991 1390 2013 et
1402 1986 1505 2020 prasini
1521 1987 1633 2018 coloris,
1645 1987 1714 2021 πλὴν
1733 1989 1763 2012 τὺ

986 2034 1089 2068 σύρμα,
1101 2033 1131 2059 οὐ
1147 2033 1176 2059 τὸ
1190 2032 1309 2067 βλάτιον.
1321 2032 1432 2063 Junius,
1449 2037 1628 2059 verumtamen
1640 2037 1766 2067 syrmate,

984 2087 1036 2106 non
1066 2083 1155 2105 autem
1175 2082 1258 2110 textu,
1286 2078 1350 2113 quia
1367 2078 1451 2106 Junio'
1467 2078 1578 2113 βλάτιον
1597 2079 1665 2106 nihil
1684 2079 1760 2106 aliud

985 2129 1036 2157 est,
1049 2132 1132 2160 quam
1149 2132 1213 2159 opus
1228 2125 1327 2152 textile.
1341 2123 1472 2157 Quocirca
1488 2125 1588 2160 ubique
1601 2125 1646 2152 ubi
1667 2127 1773 2152 mentio

985 2171 1019 2198 de
1036 2171 1129 2203 blatio,
1161 2170 1194 2197 ad
1221 2174 1322 2197 textum
1344 2174 1371 2197 et
1391 2170 1536 2197 textrinam
1555 2171 1688 2205 confugit.
1715 2171 1770 2198 Sed

152 2220 336 2253 τοὸεστιάριος
350 2218 385 2244 τὰ
402 2219 457 2249 τοῖς
479 2218 582 2250 πολλοῖς
608 2218 787 2254 ἐτερόχρωμα
812 2218 933 2244 καθυπο-
948 2229 975 2259 D
987 2217 1130 2252 legendum
1144 2216 1164 2243 1.
1178 2223 1204 2243 c.
1225 2216 1295 2251 πλὴν
1320 2217 1351 2243 τὸ
1370 2217 1474 2252 σύρμα,
1490 2217 1570 2244 τοῦτο
1589 2217 1707 2252 βλάτιον,
1724 2225 1774 2244 es:-

152 2264 280 2298 ὂςὺμενος
291 2264 395 2290 πέδιλα.
408 2263 506 2300 σωκ]

187 2309 422 2338 Ibid.B.ldnror.
432 2311 498 2338 Cod.
510 2311 606 2339 Buirns
617 2311 736 2347 βλατίον,
749 2312 808 2339 aliis
817 2311 934 2346 βλάτιον.

154 2354 228 2389 Saepe
244 2356 368 2382 occurrit.
396 2355 422 2382 in
444 2356 494 2382 hoc
519 2361 546 2383 et
562 2357 587 2383 in
611 2357 672 2384 aliis
698 2356 859 2390 posterioris
886 2356 935 2383 aevi

152 2401 356 2435 scriptoribus;
378 2409 427 2428 nec
457 2402 520 2436 quid
553 2403 597 2433 sit,
618 2401 696 2430 facile
722 2402 855 2437 explicatu
884 2406 934 2429 est.

155 2446 231 2474 Prius
259 2447 387 2474 dicamus
414 2448 479 2482 quid
495 2449 530 2475 sit
558 2449 627 2483 apud
651 2448 771 2481 Latinos,
791 2449 888 2475 deinde
903 2448 936 2475 ad

153 2493 261 2521 Graecos
290 2494 443 2520 veniamus.
471 2493 572 2521 Savaro
594 2494 621 2520 in
640 2495 704 2520 illud
723 2494 829 2521 Sidonii
848 2494 867 2521 ι.
898 2501 936 2527 ix,

154 2540 232 2574 epist.
248 2540 296 2566 15:
308 2539 466 2574 Rutilatque
477 2545 545 2567 veste
555 2540 663 2572 blattas.
676 2541 702 2568 id
719 2545 761 2569 est
776 2548 937 2575 purpuram.

155 2584 255 2612 Paulus
275 2585 413 2611 Diacouus
439 2586 465 2611 in
485 2585 601 2619 glossis:
620 2584 705 2612 blatta
732 2593 817 2620 genus
837 2592 939 2619 purpu-

156 2639 229 2657 reum
245 2631 359 2658 Vermis.
377 2629 409 2656 Et
423 2631 443 2657 ι.
459 2639 486 2657 ιι
505 2631 566 2658 cod.
583 2632 618 2658 de
648 2632 829 2666 murilegulis.
846 2631 867 2656 Α
884 2637 937 2666 qua

156 2677 262 2702 blattcae
284 2676 385 2702 tunica:
413 2676 566 2710 Capitolino
582 2681 609 2704 et
629 2676 758 2711 Vopisco,
781 2681 807 2703 et
827 2675 938 2702 blatteur

156 2722 229 2749 culor
243 2722 346 2748 Isidoro
363 2721 380 2747 ι.
395 2729 443 2754 ιιι,
459 2729 484 2748 c.
502 2722 550 2748 ult.
564 2727 592 2749 et
609 2722 626 2749 l.
640 2730 714 2755 nix,
729 2730 753 2750 c.
771 2723 812 2754 l8.
831 2727 857 2749 et
872 2722 940 2749 blat-

156 2769 216 2800 tifer
227 2774 346 2798 senatus,
365 2768 416 2794 hoc
435 2772 475 2795 est
489 2775 653 2803 purpureus,
665 2769 737 2803 apud
752 2769 876 2795 eumdem
895 2768 938 2795 Si-

157 2815 277 2841 donium.
297 2813 450 2841 chantius
468 2814 643 2849 Fortunatus,
658 2815 676 2842 Ι.
692 2823 710 2842 ιι
734 2815 824 2850 Epigr.
847 2815 939 2842 Serica

159 2861 200 2886 ut
218 2860 297 2887 nt'reis
323 2864 423 2894 agnata
439 2866 476 2887 eu
488 2860 583 2887 blattea
605 2860 676 2888 telis.
694 2860 730 2887 De
747 2868 866 2895 purpura
887 2868 935 2888 seu

986 2268 1059 2296 cepto
1075 2266 1190 2296 syrmate
1205 2268 1215 2288 :
1229 2266 1278 2288 Ito:
1293 2262 1362 2288 enim
1376 2269 1538 2296 purpureum
1555 2267 1603 2289 est.
1626 2261 1693 2289 Nam
1709 2264 1748 2296 pri
1760 2277 1770 2282 -

985 2308 1039 2335 oris
1051 2308 1192 2342 scripturae
1210 2307 1300 2334 nullus
1318 2312 1359 2334 est
1382 2315 1489 2335 sensus.
1518 2308 1620 2336 Eodem
1636 2316 1660 2336 c.
1686 2310 1772 2337 habes

985 2354 1081 2380 λευκδν
1095 2354 1212 2390 βλάτιον.
1239 2354 1334 2381 Albam
1351 2354 1432 2381 telam
1460 2356 1551 2383 reddit
1577 2356 1684 2384 Junius.
1701 2357 1774 2384 Malo

986 2401 1077 2428 album
1095 2409 1221 2436 pannum,
1243 2406 1272 2428 ut
1290 2401 1390 2428 blation
1418 2401 1567 2435 generatim
1594 2402 1630 2429 sit
1653 2410 1771 2437 pannus,

987 2448 1033 2476 sed
1051 2448 1102 2475 hoc
1121 2447 1180 2474 loco
1195 2447 1335 2474 candidus.
1352 2448 1413 2474 Mox
1433 2448 1464 2474 ἐκ
1485 2447 1539 2474 τῶν
1555 2449 1678 2483 συνήθως
1694 2450 1774 2475 πολι-

986 2493 1140 2526 τευομένων
1169 2492 1296 2528 βλατιων,
1312 2493 1357 2519 ubi
1388 2493 1487 2527 βλάτια
1515 2495 1666 2528 generatim
1692 2496 1771 2521 vesti-

987 2545 1102 2566 mentum
1118 2543 1221 2566 vertrre
1231 2543 1318 2573 potes.
1330 2539 1434 2567 Sensus
1449 2540 1520 2566 enim
1534 2545 1576 2568 est
1591 2541 1773 2568 :cabbadium

987 2585 1071 2620 hujus
1083 2585 1226 2621 logothetx
1237 2593 1297 2613 esse
1311 2594 1394 2612 unum
1409 2594 1442 2613 ex
1459 2587 1490 2613 iis
1506 2588 1619 2613 vestibus
1635 2595 1694 2620 qllll‘
1707 2580 1774 2613 con-

988 2637 1065 2659 sueto
1082 2639 1158 2659 more
1180 2634 1317 2659 feruntur.
1345 2631 1451 2660 Rursus
1469 2641 1494 2660 c.
1515 2633 1558 2665 l7,
1576 2633 1690 2666 erigitur
1706 2640 1774 2660 ana-

990 2678 1096 2707 batln-a.
1113 2685 1228 2712 eamque
1246 2683 1340 2714 legunt
1355 2684 1381 2706 et
1395 2685 1495 2705 ornant
1510 2679 1555 2704 διὰ
1575 2677 1692 2712 βλατιων
1709 2677 1774 2711 ὲρυ-

989 2723 1072 2759 θρῶν,
1083 2724 1170 2750 rubris
1187 2724 1304 2758 pannis;
1319 2724 1364 2751 ubi
1385 2725 1482 2751 iterum
1494 2723 1603 2758 ﬁlirtov
1620 2731 1670 2757 pro
1686 2730 1775 2756 panno

991 2774 1150 2803 usurpatum
1168 2769 1254 2798 vides.
1278 2769 1378 2796 Junius
1403 2770 1485 2797 vertit
1502 2769 1623 2795 braeteas
1653 2768 1749 2794 rubras
1763 2775 1775 2794 :

990 2809 1036 2844 sed
1050 2816 1116 2843 velis
1130 2821 1157 2843 et
1175 2807 1397 2850 peripetasmatis
1422 2816 1580 2842 anabathra:
1596 2813 1671 2841 indui
1689 2814 1776 2841 vesti-

991 2862 1067 2897 riquc
1083 2862 1184 2895 solent,
1198 2870 1252 2890 non
1268 2861 1386 2890 bracteis
1401 2867 1428 2890 et
1441 2858 1558 2889 laminis.
1577 2861 1648 2890 Alibi
1664 2869 1690 2896 p.
1711 2861 1775 2893 102,
