2041 3144
295 54 309 64 ς

263 156 318 189 263

805 153 847 184 IN
863 153 1018 183 LIBRUM
1039 153 1089 184 DE
1105 152 1276 183 OFFICIlS
1297 151 1351 182 ΕΡ.

1841 149 1892 181 264

265 213 311 244 1⁸1.
335 213 363 240 in
389 211 510 240 triclinio
529 210 702 246 imperatoris
720 209 844 237 vestiunt
874 209 1054 236 anabathram
1071 213 1093 239 Α
1110 208 1278 236 Describitur
1294 207 1450 235 accuratius
1462 214 1476 234 a
1498 206 1629 243 Gregora,
1646 214 1684 240 Vl,
1702 207 1728 239 1,
1744 206 1893 235 Muzalonis

266 260 366 296 βλατίῳ
381 258 510 293 κοκκινῳ.
525 257 635 288 Junius,
647 257 728 283 linteo
743 255 848 281 coccina
861 262 870 282 :
889 254 936 282 sed
955 255 1054 282 melius

265 313 353 341 panno
369 305 498 332 coccineo.
512 304 543 331 (3.
559 303 576 330 6
593 306 667 330 tenet
682 302 829 335 imperator
846 307 927 327 manu
941 300 1053 327 sinistra

267 352 378 386 βλάτιον
407 350 505 377 κώδικι
533 348 646 379 ἑοικόςε
673 347 718 373 nbi
742 347 855 381 βλάτιον
877 351 918 373 est
934 345 1056 372 volumen

267 397 326 424 sire
337 395 508 423 involucrum
519 393 667 427 obligatum
681 391 799 418 mantili.
816 391 844 418 ld
855 391 893 417 ita
904 398 975 422 esse,
990 398 1056 417 ocu-

267 443 301 469 lis
319 442 455 475 inspicere
471 444 546 475 poles
560 440 586 466 in
611 438 700 465 tribus
717 437 883 472 imaginibus
907 437 1055 469 imperato-

266 495 326 514 rum
340 486 419 513 initio
434 485 570 520 Gregoraz,
587 489 614 511 et
630 484 657 511 in
676 490 786 510 nummo
802 482 959 514 Theodosii,
974 489 1054 516 queui

266 541 332 562 tom.
354 533 388 561 Ill
404 533 437 560 de
458 532 486 559 S.
502 533 600 564 Cruce,
616 539 635 564 l,
653 531 695 562 14,
713 530 896 565 rulgavimus.
919 529 951 557 ο.
972 531 989 556 4
1007 530 1055 556 ha-

265 580 314 607 bes
332 580 451 606 σκιάδιον
473 578 582 613 βλάτιον
602 578 733 604 διϐολέον.

302 625 340 652 Dc
361 626 445 652 blatio
461 625 497 651 ita
516 623 636 650 Junius:
655 623 777 654 Βλάτιον,
796 630 841 656 per
856 629 986 656 syncopen
1009 628 1055 654 pro

268 672 404 707 βολάτιον,
422 670 498 705 παρὰ
511 670 541 695 τὸ
558 669 675 703 βάλλειν,
694 673 730 694 est
745 668 797 695 tela
819 675 864 694 seu
881 667 981 693 textilis
999 674 1057 692 ma-

267 718 334 744 teria
345 716 443 751 qumvis
461 719 485 741 et
503 721 569 747 opus
587 718 697 743 textum,
711 713 762 739 sive
778 711 910 743 unicolor,
922 712 974 738 sive
986 711 1056 736 διδο-

265 762 338 796 λέος,
350 761 417 787 bilix
427 765 451 788 et
465 760 576 791 bicolor,
590 759 641 785 sive
649 758 799 793 τριῦολέον,
814 758 888 784 trilix
898 762 922 784 et
931 756 1053 788 tricolor,

266 809 319 835 sive
338 806 499 839 πολύμιτον,
518 805 661 832 mullitium
687 809 764 838 atque
785 804 950 830 multicolor.
971 803 1055 837 Atque

267 853 327 879 hinc
343 851 465 887 βλάτινος
484 851 595 878 textilis.
614 849 676 876 litec
687 849 742 876 ille.
756 848 808 876 Sed
825 849 895 876 unde
907 849 989 875 habet
1004 848 1055 875 iste

268 907 348 927 suum
363 898 487 933 βολάτιον
500 905 514 924 a
529 897 655 932 βάλλεινῖ
673 897 710 924 Ex
723 904 776 930 quo
791 894 942 929 scriptore?
957 902 988 920 cx
1002 901 1056 927 quo

267 945 357 972 lcxico
370 944 381 970 '2
395 952 428 970 ex
445 951 498 977 quo
509 942 666 977 glossario?
680 941 766 968 Multo
779 941 944 976 probabilius
955 939 1056 966 dicitur

267 989 378 1018 Graecos
405 988 532 1014 Latinam
550 995 646 1014 vocem
663 986 789 1013 biaueam
807 986 833 1012 in
856 993 932 1012 suam
959 984 1055 1011 civita-

268 1041 323 1064 tem
350 1035 500 1065 ascivlsse;
518 1033 559 1060 vel
589 1033 697 1068 βλάτιον
713 1040 728 1059 a
750 1031 837 1058 πλατύ
859 1030 1005 1061 formasse,
1027 1033 1056 1055 ut

268 1082 405 1116 signiticet
428 1079 559 1115 quidquid
588 1079 673 1106 latum
700 1082 727 1105 et
750 1085 902 1113 expansum
918 1082 970 1104 est.
986 1075 1056 1103 Hinc

268 1127 394 1154 blattium
416 1126 487 1158 auri,
502 1124 620 1159 argcnti,
639 1124 715 1155 ferri.
731 1124 844 1150 chartae.
862 1122 917 1150 Nec
940 1127 983 1149 sat
998 1122 1056 1148 scio

268 1181 303 1200 an
325 1180 378 1199 non
393 1172 446 1199 huc
467 1171 560 1197 itidem
586 1170 670 1196 faciat
690 1169 882 1197 Germanicum
905 1168 984 1201 blatt,
1000 1174 1056 1202 quo

268 1219 453 1252 signiﬁcamus
470 1217 555 1244 latum
569 1220 596 1243 et
613 1221 758 1242 extensum.
778 1214 881 1242 GRETS.

304 1263 458 1300 [Βλάτινον,
478 1261 672 1296 bombycinum.
692 1260 805 1287 Βλατεον
830 1265 920 1286 autem
949 1264 1056 1293 pannus

233 1336 241 1343 κ,
270 1310 386 1338 scricus.
400 1308 484 1335 vestis
496 1307 659 1342 bombycina
672 1311 723 1338 est,
736 1305 902 1340 quandoque
925 1305 1002 1339 plana
1015 1311 1058 1330 ra-

270 1360 366 1387 saque.
382 1358 579 1385 nonnunquam
598 1350 682 1376 variis
705 1350 800 1383 figuris
824 1349 969 1381 delineata,
988 1356 1056 1374 non-

271 1403 412 1429 nunquam
429 1402 497 1421 auro
519 1394 677 1421 intertexta.
693 1393 741 1420 His
751 1388 817 1419 locis
833 1399 900 1418 auro
912 1399 964 1417 non
979 1390 1058 1417 intel-

271 1441 364 1475 ligitur
380 1440 535 1474 conjugata.
563 1437 704 1464 Choniala:
739 1436 766 1464 in
784 1437 878 1463 Alexio
904 1436 1056 1466 Conmeno,

271 1488 289 1514 Ι.
303 1495 333 1514 Ill
349 1487 412 1514 ἄνευ
427 1486 482 1512 τῶν
494 1484 613 1520 βλατίων
627 1493 634 1517 ;
650 1491 711 1510 nam
729 1483 782 1510 alia
800 1483 879 1510 lectio
897 1481 1058 1515 simpliciter

272 1533 352 1560 habet
367 1532 437 1566 πλὴν
463 1531 518 1558 τῶν
539 1530 663 1565 σηρικῶν
686 1529 816 1564 νημάτων
842 1532 937 1562 ρνωιεγ
959 1528 1058 1554 sericas

273 1583 405 1608 texturas,
421 1577 446 1603 id
462 1579 505 1604 est
517 1574 686 1610 bombycino;
701 1581 802 1608 pannos
820 1582 827 1605 ;
843 1572 959 1600 Cedreni
972 1572 999 1598 in
1014 1571 1057 1598 Ti-

273 1623 349 1650 berio
365 1621 445 1649 tertio
457 1630 464 1648 :
476 1620 578 1651 Στολὰς
594 1619 757 1654 σωληνωτὰς
772 1619 825 1645 ἀπὸ
836 1618 963 1653 βλαττῐου
978 1619 1004 1652 (τ
1016 1625 1062 1652 ge-

273 1668 370 1701 minat)
392 1667 480 1700 ὀξέος,
510 1670 591 1692 vestes
616 1665 810 1691 canaliculatas
836 1664 952 1691 violaceo
978 1664 1062 1690 serico

272 1713 407 1747 confectas
419 1721 429 1745 ;
441 1711 541 1739 Codini
557 1711 640 1746 paulo
656 1711 772 1738 inferius
786 1710 821 1736 τὰ
839 1710 965 1744 συνήθως
987 1709 1063 1735 πολι-

273 1759 409 1794 τευόμενοι
424 1758 526 1793 βλατία
540 1757 688 1784 scribentis
704 1766 711 1784 :
728 1756 800 1783 inter
813 1760 957 1783 consuetos
971 1760 1061 1782 autem

275 1804 410 1832 multitios
430 1803 474 1831 vel
490 1808 580 1830 textos
596 1810 703 1837 pannos
725 1810 804 1829 rasos
830 1802 920 1836 plures
939 1809 952 1827 a
970 1800 1063 1835 ﬁguris

275 1850 338 1877 nudi
357 1849 577 1884 conspiciuntur.
597 1848 646 1875 His
662 1854 752 1876 tamen
768 1848 829 1876 aliis
840 1855 855 1874 a
868 1847 962 1875 Nieeta
976 1847 1062 1881 scrip-

273 1896 309 1923 tis
325 1902 394 1923 auro
411 1895 493 1929 238
511 1895 635 1922 noscitur
662 1899 789 1921 ornatum
821 1897 849 1920 et
876 1893 1061 1920 intermistutn

274 1940 395 1975 βλατίσν.
410 1939 513 1966 Βλατια
530 1939 616 1966 πολλὰ
631 1939 732 1974 χρυσᾶ,
754 1945 816 1973 qum
831 1937 884 1964 alia
903 1937 983 1965 lectio
999 1938 1063 1964 red-

273 1985 315 2013 dit
332 1985 435 2021 σηρικὰ
447 1985 645 2020 διαπλεχθέντα
656 1984 750 2020 χρυσῷ
763 1993 770 2011 :
783 1985 847 2011 item
863 1985 932 2019 μετὰ
945 1984 1062 2021 βλαγτίων

273 2030 397 2065 χρυσῶν.
414 2029 467 2056 alia
485 2029 566 2057 lectio
584 2028 701 2060 πέπλοις
718 2028 901 2064 χρυσοῦφέσι.
921 2027 975 2055 Ubi
991 2020 1062 2061 1ρεί-

259 2099 260 2102 η
273 2080 317 2102 tur
331 2075 471 2110 ἀμφόδους
483 2074 610 2106 ἐπιπλοις
624 2074 672 2101 καὶ
685 2074 789 2109 τάπησι
815 2073 993 2108 διεκόσμουν,
1008 2072 1061 2099 alia

275 2120 357 2147 lectio
387 2121 457 2154 μετὰ
484 2119 601 2154 βλατιων
627 2118 751 2154 χρυσῶν.
788 2118 905 2152 Insuper
930 2117 1063 2153 τρυφῶσα

275 2166 358 2201 ἐσθής
374 2166 493 2200 quodam
511 2166 572 2193 loco
588 2164 729 2196 scribitur,
743 2171 824 2197 quem
847 2164 898 2190 alia
911 2163 1001 2190 Ilectin
1017 2170 1064 2190 ριν

1105 255 1252 290 logotheta:
1274 253 1416 289 iungentis
1434 252 1522 280 ofﬁcio
1539 253 1570 279 τδ
1599 253 1732 280 σκιάδιον.
1750 251 1808 280 Ἦν
1835 254 1864 281 δὲ
1879 255 1892 280 ὁ
1925 282 1927 285 ⁴

1104 301 1257 333 Μουζάλων
1279 301 1363 335 ¹τιμήν
1389 309 1450 326 τινα
1474 299 1575 334 ταύτην
1593 299 1662 334 ἔχων
1681 299 1828 335 ἐξαίρετον,
1845 300 1894 334 μό-

1105 355 1149 377 νος
1169 347 1224 372 τῶν
1241 346 1327 372 πάλαι
1342 345 1373 372 τὸ
1399 346 1494 380 ὅμοιον
1514 345 1589 379 αὐτῷ
1612 345 1818 380 προειληφότων
1833 345 1892 378 ἀεί⁸

1106 399 1180 425 ωμα,
1195 390 1357 425 καλύπτραν
1374 391 1472 426 φορεῖν,
1482 390 1530 416 ἐπὶ
1547 389 1670 424 κεφαλῆς
1684 390 1891 425 χρυσοκοκκίνῳ

1106 436 1321 470 κεκαλυμμένην
1338 435 1479 470 ὲνδύματι,
1491 435 1553 462 ὅσον
1579 435 1609 461 τὸ
1624 435 1680 462 ἄνω
1694 437 1742 462 καὶ
1767 436 1835 470 πρὸς
1857 439 1890 470 τῇ

1106 481 1239 516 πυραμίδι
1257 482 1306 517 τῆς
1334 481 1497 515 ἐπιφανείας
1514 481 1621 516 σχῆμα,
1638 482 1667 507 ὲν
1681 481 1770 516 τούτῳ
1788 482 1893 516 παρα).-

1105 527 1259 554 λάττουσαν
1285 529 1357 562 μόνῳ
1377 526 1426 554 τοῦ
1456 527 1653 562 παραπλησίαν
1670 524 1740 553 εἶναι
1760 526 1891 558 καθάπαξ

1106 576 1139 609 τῇ
1154 574 1208 600 τῶν
1219 573 1266 600 τοῦ
1281 573 1413 608 βασιλέως
1433 574 1564 607 ἐγγόνων,
1580 574 1621 599 ὖτι
1635 573 1672 607 μὴ
1687 573 1735 599 καὶ
1752 573 1801 607 etv
1820 573 1894 599 κάτω

1107 622 1153 647 καὶ.
1170 620 1265 655 κοίλην
1288 622 1453 654 ἐπιφάνειαν
1469 618 1526 655 εἶχε
1545 619 1702 650 κυκλίσκοις
1719 619 1895 653 πεποικιλμέ-

1107 675 1156 701 νην
1177 667 1372 702 χρυσοειδέσιν,
1389 666 1457 693 ἀλλὰ
1482 666 1557 693 λείαν
1581 665 1692 696 τελέως.
1722 665 1894 692 Conferenda

1109 712 1167 739 haec
1195 719 1257 739 cum
1277 712 1358 739 dictis
1380 712 1462 745 hujus
1482 716 1509 738 et
1530 710 1682 745 superioris
1706 709 1813 748 capitis.
1831 713 1895 734 nota

1107 757 1204 791 prima.
1223 756 1417 783 Castamonilze
1445 755 1590 789 logothetaa
1618 754 1750 782 inusitata
1777 751 1895 785 insignia

1108 802 1237 829 describit
1267 800 1375 827 Nicetas
1406 799 1503 827 Isaaeii
1522 798 1628 833 Angeli,
1648 798 1666 824 l.
1687 805 1734 824 lll:
1763 795 1895 832 ΙΙροῖέναι

1108 849 1163 883 γὰρ
1177 847 1225 874 καὶ
1241 848 1349 882 φάλαρα
1372 846 1496 881 ὀευὸςιφῆ
1513 845 1587 877 αὐτῷ
1603 844 1734 870 ἐνέδωκεν
1748 843 1829 878 ἔχειν,
1844 839 1894 869 τοῦ

1074 883 1093 911 Β
1110 893 1184 929 ῑεροῦ
1206 894 1398 929 σχοινίσματος
1423 892 1478 919 ὄντι
1503 892 1645 926 πρότερον,
1669 891 1717 917 καὶ
1748 889 1893 924 ἐφεστρίδα

1109 940 1239 974 τοιαύτην
1253 940 1282 966 ὲν
1296 940 1334 974 τῷ
1357 938 1484 964 ἱππεύειν
1502 936 1668 969 κεκτῆσθαι,
1686 936 1732 962 καὶ
1744 935 1787 961 διὰ
1804 935 1894 969 βαφῆς

1110 988 1206 1022 ὁμοίας
1229 986 1462 1022 ἐπισημαίνεσοαι
1481 985 1544 1016 τοὺς
1568 983 1668 1018 τόμους
1682 984 1735 1009 τῶν
1757 983 1895 1018 δημοσίων
1924 979 1928 981 ξ

1109 1033 1195 1067 λόγων
1212 1034 1259 1060 καὶ
1272 1033 1306 1059 τὰ
1316 1029 1491 1067 γραμμάτια.

1145 1080 1187 1107 1b.
1200 1079 1465 1113 Βερικυκκόχροον.
1483 1077 1593 1114 [Malum
1621 1077 1811 1104 Armeniacnm
1833 1075 1895 1102 Cri-

1110 1127 1204 1161 spinus
1219 1131 1313 1154 censct
1325 1133 1388 1153 esse
1411 1125 1584 1159 βερίκωικον.
1596 1123 1725 1153 arbricot.
1736 1123 1812 1150 vocis
1827 1122 1897 1151 allu-

1111 1173 1190 1198 sione
1207 1172 1346 1206 deceptus,
1367 1178 1420 1205 qua
1446 1169 1547 1197 certius
1563 1169 1590 1195 in
1618 1176 1739 1195 errorem
1759 1168 1896 1194 abductus

1111 1218 1208 1246 fuisset
1222 1218 1244 1245 si
1269 1217 1442 1244 arbricoccoli
1458 1216 1579 1242 ltalicum
1593 1214 1620 1240 in
1635 1218 1750 1241 mentem
1768 1216 1896 1240 revocas-

1110 1269 1162 1292 set.
1191 1263 1275 1290 Favct
1300 1263 1472 1289 Democritus
1491 1261 1614 1295 Gcopon.
1631 1260 1649 1287 1.
1673 1268 1690 1287 x
1715 1259 1787 1293 apud
1803 1259 1895 1285 Meur-

1111 1310 1183 1338 sium
1199 1317 1206 1336 :
1224 1309 1404 1343 Ἀρμενιακόν
1418 1308 1476 1333 ἐστι
1491 1307 1522 1332 τὸ
1537 1306 1708 1341 βερικοκκον.
1724 1304 1896 1339 Suffragatur

1113 1356 1208 1384 Simon
1225 1354 1334 1382 Portius
1349 1363 1356 1381 :
1371 1353 1526 1389 Βερικωκον
1541 1353 1692 1387 (corrupte)
1708 1351 1896 1378 Armeniaca»:

1112 1402 1223 1430 malum.
1239 1400 1420 1436 ’Δρμενιακδν
1434 1399 1530 1434 μῆλον.
1546 1400 1643 1427 Obstat
1655 1398 1753 1426 Suidas
1766 1406 1773 1424 :
1788 1397 1899 1424 Κοκκύ-

1113 1447 1187 1483 μηλα
1201 1445 1272 1478 εῐδος
1290 1445 1418 1481 ὀπωρῶν,
1433 1445 1467 1472 τὰ
1483 1445 1549 1480 Ιιιαρ*
1565 1445 1633 1479 ἡμῖν
1660 1444 1793 1478 λεγόμενα
1826 1443 1900 1478 βερξ-

1112 1501 1212 1520 κοκκα.
1228 1492 1401 1527 Κοκκύμηλα
1413 1499 1476 1518 vero
1489 1495 1552 1518 sunt
1565 1497 1664 1525 pruna,
1679 1489 1712 1516 de
1723 1489 1822 1523 quibus
1835 1487 1900 1514 Dio-

1114 1538 1246 1569 scorides,
1264 1537 1359 1571 1.157,
1371 1537 1413 1564 vel
1428 1532 1505 1571 ju'xta
1525 1535 1658 1562 Matthioli
1670 1534 1818 1562 editionem
1834 1533 1898 1559 174.

1114 1583 1267 1618 Βερικοκκα
1283 1583 1374 1617 itaque
1388 1590 1485 1617 pruna,
1504 1586 1531 1608 at
1547 1588 1600 1608 non
1616 1579 1755 1615 quaelibet,
1778 1578 1825 1606 sed
1839 1586 1900 1613 quae

1113 1631 1263 1654 nascuntur
1278 1627 1303 1654 in
1321 1634 1386 1660 agro
1402 1627 1583 1658 Damasceno,
1595 1625 1761 1660 δαμασκηνει
1773 1625 1898 1658 proprie.

1113 1673 1151 1700 Ea
1165 1666 1230 1701 vero
1246 1677 1312 1700 sunt
1327 1672 1444 1699 ﬂammei
1458 1673 1559 1702 coloris
1574 1673 1600 1699 in
1614 1672 1705 1699 album
1722 1670 1898 1702 declinantis,

1088 1742 1094 1751 μ,
1113 1726 1175 1746 cum
1191 1719 1232 1746 οτί
1250 1723 1358 1746 matura
1383 1726 1522 1753 manuque
1547 1718 1667 1746 nondum
1694 1722 1818 1745 contacta
1837 1724 1901 1744 rore

1114 1765 1205 1792 nativo
1218 1770 1244 1792 et
1259 1765 1309 1792 levi
1330 1765 1444 1800 pictura:
1467 1765 1529 1793 fuco
1542 1769 1737 1800 resperguntur
1751 1765 1783 1790 ad
1795 1768 1899 1795 cutem,

1113 1816 1140 1838 et
1150 1817 1214 1838 sunt
1237 1806 1423 1846 φλογόλευᾶια,
1447 1816 1521 1839 etut
1543 1819 1604 1838 cum
1625 1810 1774 1845 baphiariis
1797 1810 1899 1837 Graecis

1114 1854 1222 1888 loquar,
1237 1856 1472 1890 ἀσπροφεσκέτια.
1494 1854 1553 1882 Uno
1567 1856 1652 1882 verbo
1666 1855 1723 1890 ipsa
1749 1855 1900 1890 βερίκυκκα

1113 1904 1178 1927 sunt
1194 1899 1411 1936 βερικοκκόχροα
1423 1901 1495 1936 μέσα
1509 1901 1635 1927 κοκκίνου
1654 1901 1701 1927 καὶ
1713 1900 1824 1931 λευκοῦ,
1838 1908 1898 1934 quo:

1114 1941 1236 1980 Geopon.
1258 1950 1352 1973 auctor
1368 1946 1420 1972 hoc
1429 1953 1510 1973 sensu
1525 1953 1653 1980 germane
1665 1945 1802 1972 vocaverit
1814 1944 1901 1980 δαμα-

1114 1991 1202 2025 σκηνὰ
1226 1991 1413 2027 βερικοιικιας.

1149 2036 1430 2073 1ὺ,[Διατε.λὰστου.
1448 2037 1575 2065 Nonnulli
1599 2039 1730 2074 principis
1753 2039 1898 2074 imaginem

1113 2087 1143 2110 ut
1156 2083 1319 2110 arridenlem
1338 2088 1367 2110 et
1382 2091 1478 2111 serena
1495 2085 1637 2118 majestate
1650 2092 1793 2112 coruscam
1811 2085 1900 2119 διαγέ-

1114 2128 1213 2154 λαστον
1226 2132 1334 2159 vocant.
1343 2128 1384 2155 An
1403 2136 1456 2155 non
1473 2129 1564 2156 verius
1573 2129 1748 2162 διαγέλαστον
1763 2138 1812 2157 ceu
1829 2131 1900 2158 risus

1113 2177 1142 2199 et
1158 2172 1256 2199 laztitize
1271 2173 1297 2198 in
1310 2173 1498 2207 spectantibus
1506 2181 1616 2200 causam
1629 2173 1641 2200 ?
1653 2178 1799 2209 utrumque
1811 2175 1902 2204 riden-

276 2213 352 2246 ponit
372 2205 470 2247 βλατία
484 2212 575 2247 χρυσᾶ
603 2211 650 2237 καὶ
663 2210 780 2244 ὲξάμιτα
795 2210 842 2236 καὶ
856 2209 938 2244 ἔτερα
955 2209 1059 2244 βλατία.

1116 2219 1190 2245 dum.
1206 2218 1243 2244 Τὸ
1256 2218 1433 2252 διαγελάστου
1443 2219 1515 2246 enim
1529 2219 1561 2246 ad
1575 2220 1717 2247 materiam
1732 2205 1834 2252 ὑέλίου,
1847 2229 1911 2249 non,

277 2259 399 2293 Denique
410 2258 619 2294 περιπόρφυρος
640 2258 743 2288 πέπλος
760 2256 831 2292 apud
850 2264 912 2284 eum
926 2264 1064 2284 memora-

276 2308 323 2330 tur
348 2303 478 2338 χρυσέοις
507 2303 628 2338 βλατίοις
648 2304 696 2329 καὶ
715 2302 853 2337 ὲξαμῐτοις
871 2303 1065 2332 κατάστικτος.

280 2348 317 2375 De
333 2348 416 2375 blatio
432 2348 567 2376 Meursius
594 2349 676 2376 nimis
689 2346 794 2382 jejnue,
811 2347 957 2375 Gretserus
974 2348 1007 2374 ad
1024 2355 1068 2374 sa.

279 2394 414 2425 tietatem,
431 2395 563 2422 adversus
580 2394 727 2421 Mcursium
742 2398 770 2420 et
783 2393 894 2420 Junium
909 2403 915 2420 :
937 2401 988 2421 nos
999 2399 1068 2420 tem-

282 2444 421 2476 peranter,
439 2446 471 2467 ut
485 2448 518 2467 eo
537 2441 645 2474 prolato
657 2439 803 2466 confestim
822 2447 983 2473 purpureum
998 2447 1068 2474 pan-

279 2494 342 2513 num
356 2485 437 2512 menti
452 2493 506 2512 non
516 2485 699 2519 objiciendum
714 2491 932 2519 suggereremus.

314 2531 344 2558 Ρ.
366 2531 409 2558 18.
426 2530 638 2566 [Ἑγκοπτούς.
655 2529 729 2563 Quos
745 2529 874 2556 nimirum
897 2529 974 2556 initio
993 2530 1070 2564 capi-

284 2577 318 2605 tis
333 2577 490 2610 c'orruptius
505 2576 612 2603 dixerat
639 2574 827 2610 ἰνοκοπητούς.
843 2573 910 2602 Vide
928 2579 1021 2603 notant
1042 2576 1071 2603 in

282 2623 333 2651 hoc
350 2627 432 2657 caput
444 2622 476 2649 ad
492 2629 520 2656 p.
537 2622 583 2649 l7.

317 2669 390 2696 Ibid.
406 2668 476 2705 [Τοῦ
493 2668 528 2694 δὲ
544 2667 715 2695 ὃικιινικίου
738 2667 842 2695 αὐτοῦ.
859 2667 1072 2696 Protostratoris

281 2715 409 2743 baculum
433 2720 567 2742 memorat
582 2713 729 2748 Gregoras,
753 2721 801 2745 vn,
821 2713 853 2741 ll
870 2721 878 2740 :
899 2714 947 2745 ⁸ος
962 2715 1008 2741 καὶ
1020 2715 1070 2750 τὴν

285 2761 564 2796 πρωτοστρατοριχὴν
581 2759 658 2795 παρὰ
677 2759 811 2795 βασιλέως
839 2759 953 2795 ὕστερον
970 2769 1072 2795 παρει-

280 2807 373 2842 ληφὼς
388 2805 421 2843 ἦν
439 2807 604 2842 βακτηρίαν.

317 2853 347 2881 Ρ.
365 2853 408 2881 i9.
427 2852 498 2889 [Τοῦ
521 2852 657 2888 μεγάλου
677 2851 839 2887 λογοθέτου
867 2852 899 2879 τὸ
922 2851 1072 2880 σκιάδιον.

1117 2264 1150 2291 ad
1169 2264 1359 2298 imperatorem
1372 2264 1484 2298 βασιλέα
1496 2264 1609 2292 referes.
1619 2266 1654 2291 At
1678 2273 1740 2293 cum
1761 2267 1903 2294 ὺποῡὲλιον

1117 2310 1277 2345 pigmentum
1304 2310 1467 2337 mctaiiicttm
1482 2311 1528 2343 sit,
1551 2312 1624 2345 quod
1640 2311 1728 2337 ὑέλιον
1746 2320 1859 2347 quoque
1869 2313 1903 2339 ob

1118 2357 1322 2384 similitudinem
1335 2365 1396 2384 cum
1409 2358 1478 2384 vitro
1489 2362 1674 2392 nuncupatur.
1683 2358 1727 2384 διὰ
1736 2359 1826 2385 ῦέλιον
1837 2366 1904 2393 quo-

1119 2410 1172 2437 que
1184 2423 1190 2435 ,
1208 2403 1286 2437 quasi
1302 2403 1347 2429 διὰ
1368 2403 1457 2429 ὑελίου
1471 2411 1503 2430 ex
1521 2404 1590 2431 vitro
1605 2404 1764 2438 conﬂatum,
1780 2405 1835 2432 dici
1858 2412 1904 2439 po-

1121 2449 1180 2475 tuit.
1200 2448 1268 2475 llinc
1280 2449 1336 2475 δια·
1355 2449 1488 2482 ῠέλιστον,
1501 2456 1527 2476 et
1548 2449 1582 2477 ob
1609 2450 1770 2487 prolationis
1787 2450 1903 2477 ailimta-

1121 2498 1173 2521 tem
1191 2489 1494 2529 διαγέλιστονρὸτιὶιις
1512 2496 1585 2522 enim
1617 2496 1674 2529 ipse
1702 2497 1828 2530 γερανιός
1848 2497 1905 2522 vice

1121 2537 1251 2570 ἣεράνεος
1264 2541 1292 2563 et
1307 2537 1379 2570 γιαλι
1400 2538 1458 2564 vice
1468 2537 1535 2568 ὑελί,
1550 2537 1622 2571 quod
1640 2538 1789 2568 οδιύἐλιον,
1800 2539 1905 2570 scribit)

1122 2587 1149 2609 ct
1168 2582 1275 2609 tandem
1293 2582 1482 2616 διαγέλαστον,
1497 2589 1526 2610 ut
1547 2583 1696 2618 jucundius
1726 2584 1862 2618 quoddam
1877 2588 1904 2610 ct

1122 2625 1225 2660 gratius
1240 2631 1329 2652 ortum
1344 2630 1396 2653 est.

1159 2670 1241 2705 239
1254 2670 1283 2698 Ρ.
1307 2671 1352 2699 20.
1373 2671 1479 2708 [Τοῦτο
1492 2672 1629 2704 β.1ατιόν.
1648 2671 1680 2699 Ni
1693 2673 1770 2708 juxta
1796 2672 1904 2707 Regium

1125 2720 1272 2750 utrumque
1283 2717 1402 2744 codicem
1423 2718 1453 2744 οὐ
1472 2719 1502 2744 τὸ
1518 2718 1627 2753 βλατίον
1644 2720 1814 2753 reposueris.
1830 2719 1902 2746 locus

1125 2766 1271 2796 corruptus
1288 2768 1313 2789 et
1332 2770 1429 2790 sensus
1445 2770 1603 2798 perseverat
1626 2765 1814 2799 imperfectus.

1161 2805 1203 2832 Ib.
1219 2808 1399 2836 Δικανίκιον.
1412 2808 1534 2845 [Virgam
1548 2817 1657 2837 auream
1673 2817 1723 2837 ccu
1743 2810 1849 2844 proprie
1867 2809 1904 2835 in-

1128 2853 1206 2888 signe
1229 2855 1340 2894 gerebat
1365 2856 1429 2883 olim
1443 2864 1506 2884 cura
1527 2857 1639 2890 palatii,
1667 2857 1712 2892 qui
1738 2857 1905 2890 curopalates
