2041 3144
200 171 258 205 269

749 171 940 204 GltETSEilI
962 175 1007 203 iﬁT
1027 172 1144 204 SOARI
1164 170 1281 205 ΝΟΤΕι

1777 170 1829 203 270

203 237 300 259 ratur:
316 235 360 259 est
374 229 448 259 enim
465 230 547 258 trulla
562 238 611 259 seu
628 230 728 258 trullun
746 238 793 258 seu
823 231 918 258 trul!or
935 231 991 258 for-
1006 234 1027 262 Α
1042 236 1109 267 gunt
1122 231 1197 259 vocis
1224 230 1306 264 hujus
1334 237 1456 258 sensum.
1490 228 1639 256 Siromaste
1664 227 1827 256 s'romastcn

206 277 251 303 nix
268 276 326 304 sive
341 277 554 308 concameratio.
581 280 612 304 ut
638 280 716 311 patet
731 284 764 304 ex
790 276 895 304 Codino
919 277 938 303 1.
958 276 992 304 de

204 322 339 358 Originib.
354 322 518 358 Cpolitanis,
531 323 575 350 ubi
590 322 646 357 agit
657 322 691 350 de
701 323 781 350 trulla
795 322 896 357 Magnae
908 323 993 350 eet-le-

204 369 252 396 siae
264 373 422 397 constructa
439 376 453 395 a
472 367 627 396 Iustiniano
650 373 678 396 et
704 374 829 403 reparata
842 376 858 395 a
870 367 991 396 Justino.

206 414 273 442 llinc
286 415 369 442 etiam
382 415 505 450 synodus
529 414 662 442 Trullana
688 420 737 442 seu
755 415 782 441 in
806 413 911 445 Trnllo.
926 413 991 448 quia

206 461 297 488 habita
311 466 354 488 est
369 461 394 488 iu
406 461 553 488 secretario
575 461 679 495 palatii,
693 460 766 495 quod
795 460 947 492 trnllatum,
961 464 992 488 ut

205 507 245 535 sic
254 506 355 539 dicam,
364 514 413 534 seu
428 510 650 534 coneameratum
663 510 732 533 erat.
748 504 836 533 Verbo
849 503 993 541 τρουλ).οῦ-

206 553 268 580 σθαι
278 560 329 588 pro
335 552 588 586 truttam'azdiﬁcare
604 552 686 580 utitur
695 551 814 580 Codinus
823 552 843 580 l.
853 559 877 580 c.
888 552 990 580 Gnsvs.

242 598 378 634 [Τροῦλαν
400 600 459 627 sive
471 598 606 633 τροῢλλαν
619 603 648 627 et
674 598 804 633 τροῢλλον
815 605 992 626 concamera-

206 649 262 672 tum
277 651 347 679 opus
363 644 466 672 referre
476 644 568 672 nullus
584 643 701 678 ignorat.
714 643 781 670 Eam
800 643 836 671 ob
850 651 906 670 rem
926 643 989 678 pilei

204 698 259 725 qua
278 690 414 718 clauditur
437 688 474 717 ét-
490 689 568 724 quasi
594 693 813 722 coneameratur,
830 696 885 716 non
910 689 990 717 modo

205 743 340 763 smnmam
353 739 457 770 partem
472 734 575 769 τροῦλα
599 734 746 769 signiﬁcat,
765 734 813 761 sed
843 738 929 761 totum
948 734 991 768 pi-

205 782 289 811 leum.
302 781 350 816 qui
365 785 438 808 totus
458 780 580 816 τροῦλα;
603 780 684 815 cujus
699 779 908 814 descriptionem
923 779 991 808 satis

204 827 295 862 ample
311 826 453 862 posuimus
469 826 568 861 capitis
596 825 750 861 superioris
766 826 840 853 notis
857 826 944 859 prima
962 829 990 853 et

205 873 468 908 s«cunda;&ﬁpque
488 872 514 899 in
528 872 649 900 secunda
676 877 857 904 memoratus,
885 876 927 900 est
941 871 988 907 qui

1041 279 1167 312 exploro,
1184 282 1210 305 et
1233 278 1306 305 velut
1330 274 1632 310 κλεπτοτελωνούμενον
1655 275 1682 302 in
1701 274 1826 302 obscuris

1042 324 1149 352 Tzotzis
1163 323 1330 351 carminibus
1346 322 1427 358 (Chil.
1442 321 1485 353 13.
1501 321 1543 349 tit.
1555 320 1618 356 492)
1631 320 1684 347 νοῶ
1698 321 1746 347 καὶ
1757 329 1826 354 κρα-

1040 369 1089 396 τῶ.
1101 369 1296 397 Mercatoribus
1307 376 1338 395 ex
1356 368 1467 396 Oriente
1480 375 1586 395 merces
1615 368 1827 402 exportantibus

1041 422 1097 442 non
1111 415 1185 449 prius
1199 414 1263 442 licet
1280 422 1326 442 eas
1342 414 1369 442 in
1381 422 1464 442 naves
1476 420 1625 448 congerere
1650 414 1692 441 vel
1705 421 1720 440 e
1743 417 1825 448 portu

1041 461 1187 492 abducere,
1204 467 1287 495 quam
1314 460 1493 494 vectigalibus
1523 459 1682 494 colligendis
1705 459 1826 494 praefecti

1041 514 1149 542 sagmas
1163 515 1259 534 omnes
1275 511 1302 534 et
1315 515 1379 534 vasa
1395 507 1562 536 examinent.
1590 514 1623 534 ne
1650 506 1827 541 pretiosiores

1041 553 1083 580 vel
1106 553 1244 587 exportari
1264 552 1416 587 prohibitas
1445 552 1496 580 sub
1526 552 1668 579 vilioribus
1691 558 1716 579 et
1745 551 1827 578 licitis

1040 599 1329 630 occultentilli.utita
1344 597 1387 625 vel
1414 599 1447 626 de
1475 599 1648 633 vectigalium
1675 599 1761 634 pretio
1781 599 1830 625 de-

1042 645 1166 672 fraudem
1178 645 1218 672 vel
1231 645 1344 680 principi
1353 645 1437 677 legem
1449 644 1542 672 ferenti
1556 645 1683 672 subtilius
1699 645 1825 673 illudaut.

1041 689 1194 725 Explorant
1211 690 1304 724 itaque
1329 690 1470 725 publicani
1487 698 1596 725 sagmas
1615 696 1642 718 et
1653 695 1743 718 strues
1766 698 1827 718 sar-

1040 735 1173 767 cinarias.
1189 739 1217 763 et
1234 736 1375 770 colligatos
1392 736 1569 771 quantumvis
1592 736 1769 763 strictissime
1784 737 1826 763 vel

1040 781 1423 816 tenacissimejunctaslongo
1433 786 1566 816 acutoque
1578 781 1648 810 ferro
1660 782 1826 816 perfodiunt.

1040 831 1066 856 et
1081 835 1163 856 sensu
1176 827 1246 854 duce
1263 827 1485 862 experientiaqne
1510 828 1652 862 magistra,
1682 827 1755 862 quod
1771 828 1828 862 ipse

1039 873 1099 901 visu
1111 881 1172 901 sum
1184 878 1322 908 expertus.
1335 881 1400 900 num
1425 869 1514 901 serica
1531 874 1574 901 ﬁla
1590 874 1673 901 verbi‘
1687 881 1770 901 causa
1778 874 1830 901 sub

205 919 309 947 dicitur
322 919 349 946 in
364 917 489 953 praesenti
504 918 589 954 ἄκρον
606 916 655 944 τοῦ
683 917 818 951 σκιαδιου,
834 917 918 952 γῦρος
942 918 991 953 τῆς

1046 919 1192 955 gossipinis
1215 919 1257 946 vel
1275 919 1381 946 metalla
1397 920 1447 947 sub
1457 926 1527 947 cera:
1551 927 1641 947 massa
1659 919 1771 950 lateant.
1789 919 1830 946 in-

205 966 335 1001 τροὺλης.
351 965 427 992 Gout
441 964 450 1001 ]
527 995 538 1002 δ

242 1013 273 1040 Ρ.
297 1013 343 1040 23.
371 1011 484 1039 Variant
509 1010 554 1039 hic
576 1010 684 1039 codices
716 1010 803 1042 Buici,
842 1014 872 1037 ut
899 1009 993 1037 notavi

207 1059 273 1086 olim
292 1059 319 1085 in
340 1058 414 1085 notis
431 1058 465 1084 ad
481 1056 630 1084 Codinum.
647 1057 701 1084 Sed
720 1064 764 1084 res
784 1057 851 1084 tanti
868 1063 921 1083 non
935 1060 992 1088 est;

207 1106 316 1138 \‘ulgala
330 1104 412 1132 lectio
429 1103 513 1138 proba
530 1103 607 1130 mihi.

243 1151 275 1178 P.
293 1151 340 1178 21.
356 1150 531 1177 Siromasten.
552 1149 650 1176 Junius
662 1155 715 1176 non
743 1151 816 1176 recte
831 1148 993 1183 interpreta-

207 1203 252 1224 tnr
266 1197 379 1231 ferream
393 1195 506 1227 clavam,
523 1200 552 1222 ut
568 1199 642 1230 patet
658 1202 691 1222 ex
706 1202 731 1223 c.
748 1195 783 1222 25
797 1194 992 1228 Numerorum,

209 1244 254 1271 ubi
264 1243 404 1278 Scriptura
413 1242 446 1269 de
458 1241 574 1268 Pbinees
586 1249 594 1268 :
606 1241 661 1267 Kal.
670 1240 761 1268 λαὸὼν
774 1241 994 1276 σειρομάστηνιν

208 1291 244 1325 τῇ
261 1290 347 1325 χειρί,
363 1293 421 1316 etc.
434 1287 489 1314 Καὶ
503 1287 691 1322 ἁπεκέντησεν
702 1287 887 1321 ἀμφοτέρους,
901 1287 947 1313 τὸν
964 1294 994 1313 τε

207 1337 353 1371 ἄνθρωπον
367 1335 413 1361 τὴν
437 1333 610 1369 Ἰπραηλίτην
625 1333 673 1359 καὶ
687 1333 738 1367 τὴν
753 1334 872 1367 γυναῖκα
885 1332 931 1359 διὰ
943 1333 995 1368 τῆς

210 1383 317 1417 μήτρας
331 1381 427 1414 αὐτῆ·.
443 1380 501 1407 Νοη
517 1387 580 1414 ergo
594 1379 644 1406 fuit
658 1378 745 1411 clava,
758 1377 806 1406 sed
820 1379 861 1405 vel
872 1378 992 1413 iaculum

208 1428 250 1455 vel
269 1429 358 1454 hasta.
387 1427 454 1453 llinc
468 1425 564 1460 Aquila
589 1425 670 1452 vertit
694 1425 798 1456 κοντόν,
814 1425 993 1460 Symmachus

206 1475 284 1510 δόρυ.
316 1474 429 1508 Vulgata
460 1472 562 1500 editio:
590 1473 702 1506 Arrepto
729 1471 842 1505 pugione
877 1471 993 1505 confodit

210 1521 310 1548 ambos.
341 1519 451 1547 Notavit
472 1520 545 1546 hunc
573 1517 647 1545 Junii
664 1524 784 1544 errorem
808 1516 942 1551 Rigaltius
966 1517 992 1543 in

206 1567 330 1594 Glossar.
348 1573 375 1592 v.
408 1565 581 1592 Siromastes.
604 1564 682 1598 Apud
697 1563 862 1593 Cedrenum,
883 1570 910 1597 p.
927 1563 990 1594 700,

209 1612 262 1639 Leo
277 1611 438 1639 Hclisscnus
454 1609 576 1645 increpat
604 1609 715 1636 fratrem
739 1607 820 1644 243
846 1608 991 1643 Theogno-

209 1662 292 1690 stum,
309 1665 342 1684 ne
357 1656 515 1691 imperatori
536 1655 696 1687 maledicat;
725 1663 778 1682 non
793 1655 989 1689 ohtemperanti

209 1706 338 1741 imposuit
354 1704 458 1739 aliquot
477 1703 569 1738 plagas
584 1709 633 1730 seu
649 1701 728 1734 ictus,
741 1701 788 1728 τὸν
805 1702 991 1736 σειρομὰπην

209 1753 339 1782 ἐντείνας.
369 1750 399 1777 S.
422 1749 614 1784 Hieronymus,
642 1748 723 1782 cpisr.
749 1747 802 1775 55:
840 1746 902 1782 Legi
922 1747 991 1773 enim

207 1800 363 1826 Iiromasten
396 1797 517 1828 Phineas,
541 1795 725 1822 austeritatem
757 1793 860 1826 Helice;
889 1793 935 1820 ubi
964 1797 992 1821 et

208 1847 264 1880 ipse
277 1852 326 1879 pro
339 1845 417 1870 [iusta
428 1843 532 1869 videtur
548 1842 711 1869 siromasten
729 1841 862 1874 accipere.
876 1839 989 1874 JOSt'ph.

208 1891 299 1924 Antiq.
316 1897 353 1921 tv,
370 1889 398 1919 6.
416 1889 496 1915 vertit
510 1887 689 1921 roum/uvam:
711 1886 803 1912 Παίων
817 1886 850 1920 τῇ
868 1886 992 1922 ῥομφαίᾳ

210 1938 366 1964 ἀπέκτεινε·
390 1934 544 1969 Hesychius
557 1933 596 1960 ait
620 1932 805 1967 σειρομάστην
834 1939 903 1959 csse.
922 1930 992 1963 εἶδος

209 1983 320 2017 λόγχης.
346 1981 377 2008 S.
410 1980 484 2007 Hier.
499 1980 526 2007 in
554 1987 579 2006 c.
610 1979 629 2005 2
648 1978 762 2006 Malach.
792 1978 990 2013 interpretatur

209 2027 394 2063 σιιρομὰστην
404 2025 552 2060 pugionem,
569 2028 598 2051 ut
612 2028 640 2051 et
655 2024 738 2051 Num.
756 2031 819 2056 xxv;
836 2028 863 2051 at
879 2023 912 2051 111
926 2024 991 2059 Reg.

211 2074 252 2101 18.
267 2078 294 2100 et
321 2073 339 2100 l.
360 2072 406 2104 ιν,
423 2079 450 2099 e.
467 2071 509 2102 11.
523 2071 639 2098 hastam.
658 2070 757 2098 Sttidas
778 2078 786 2098 ε
803 2070 993 2106 Σειρομάστης

208 2117 279 2150 εἶδος
294 2119 434 2149 ἀκοντίου,
451 2117 547 2153 λόγχη.
574 2116 694 2144 Joannes
720 2117 833 2145 Tzetzes
854 2127 861 2145 :
895 2118 993 2144 Πολλοὶ

211 2165 301 2200 mea
314 2164 440 2191 ἀκόντιον
457 2164 570 2190 taleis:
592 2163 780 2198 σειρομάπην
813 2163 908 2199 ὥσπερ
941 2165 993 2191 κάν

208 2211 242 2245 τῇ
255 2211 346 2239 Φινεὲς
366 2211 469 2236 νοεῖται
485 2209 604 2244 ἱστορίᾳ.
621 2215 687 2241 elc.,
720 2209 826 2244 κυρίως
854 2210 882 2236 δὲ
916 2210 994 2245 σιδή-

210 2264 268 2291 ριον
284 2256 340 2282 τῶν
353 2255 480 2282 τελωνῶν
496 2255 626 2290 ὑπάρχει,
641 2255 678 2286 ὡς
698 2255 784 2289 μέγας
798 2256 940 2286 ὀδελίσκος
952 2265 994 2287 τις

209 2298 233 2335 ᾧ
250 2303 416 2337 πλήττοντες
431 2302 494 2332 τοὺς
508 2301 626 2332 σάκκους
638 2302 674 2327 τὰ
702 2301 997 2336 κλεπτοτεὶωνούμενςι

209 2348 302 2374 νποῦσι
315 2349 363 2374 καὶ
386 2347 544 2382 κρατοῦσιν.
568 2346 679 2374 Videtur
691 2348 814 2375 omnium
831 2349 998 2375 commodis-

211 2394 282 2422 sime
299 2395 367 2421 verti
403 2393 476 2428 apud
497 2389 686 2427 Curupalalam
717 2394 798 2420 telum
832 2402 880 2421 seu
907 2395 997 2429 pugio,

210 2439 435 2475 quandoquidem
451 2440 608 2467 siromastes
624 2439 764 2467 ferebatur
780 2448 794 2466 a
808 2447 905 2475 magno
920 2446 999 2468 tzau-

209 2487 252 2514 sio
267 2493 300 2513 ex
317 2486 428 2514 sinistra
443 2491 519 2520 parte
541 2493 625 2515 zonze.
643 2485 687 2513 Ait
705 2486 825 2514 Codinus
843 2487 915 2514 hunc
932 2487 1000 2514 siro-

211 2538 315 2560 llllSlell
332 2532 412 2567 vulgo
427 2532 517 2559 vocari
549 2531 673 2559 satillum.
693 2531 747 2559 Leo
767 2532 831 2566 imp.
848 2532 995 2560 Constituit.

211 2579 246 2606 7:
264 2578 312 2611 Εἰς
326 2579 358 2605 τὺ
377 2578 459 2613 ῥῖψαι
472 2578 593 2613 μηκὸθεν
617 2579 760 2613 ριπτάριον
776 2579 824 2605 καὶ
841 2579 998 2613 ματζοὸὰρ-

210 2624 316 2656 ϐουλον,
331 2625 402 2660 ὅπερ
417 2625 530 2658 λέγεται
545 2625 594 2651 νῦν
610 2624 709 2651 σαλίὸα
725 2625 742 2659 ἢ
760 2625 808 2651 καὶ
824 2625 999 2660 τζηκούριον.

210 2669 379 2698 Glossarium
395 2671 494 2698 scribit
515 2670 766 2705 μαρτζομάϐουλον.
794 2671 950 2707 Anonynms
966 2672 999 2698 de

211 2715 280 2743 bello
292 2722 391 2747 sacro:
407 2715 526 2747 suum;
543 2713 616 2749 εἶχον
641 2716 802 2749 τουρκικάς.
819 2715 917 2743 ,Ιιιιλίιιδ
935 2717 1001 2744 dicit

211 2761 324 2787 σελίσιν
350 2769 412 2789 esse
427 2769 520 2788 vocem
545 2762 702 2788 Arabicam.
723 2763 756 2788 At
785 2763 924 2796 quomodo
949 2763 1001 2791 seit

210 2813 270 2834 esse
285 2806 444 2836 Arabicam.
461 2814 523 2833 cum
539 2808 643 2833 nesciat
666 2807 732 2841 quid
760 2807 916 2842 significet?
940 2807 998 2835 Non

210 2853 280 2880 enim
298 2857 341 2881 est
360 2853 490 2880 militaris
499 2853 591 2884 clava,
606 2859 634 2880 ut
650 2858 713 2880 ante
738 2854 870 2880 diximus.
891 2853 994 2881 (Iners.

247 2898 391 2936 [Indicant
402 2900 450 2935 qui
462 2899 781 2934 Meursiumsctpnmtur,
799 2905 825 2926 at
846 2908 898 2926 non
916 2901 996 2927 altiu-

1046 965 1160 1000 quirunt
1173 968 1201 992 et
1213 965 1420 1000 deprehendunt
1431 974 1438 998 ;
1448 969 1478 992 ut
1488 964 1582 992 fraude
1597 970 1736 999 comperta
1747 965 1829 992 multa

1046 1010 1204 1046 pecuniaria
1216 1011 1258 1039 vel
1272 1010 1429 1039 verberibus
1444 1011 1571 1038 dolorum
1582 1011 1701 1038 artifices
1715 1012 1832 1045 punian-

1046 1059 1102 1090 tur,
1117 1064 1150 1084 ac
1163 1057 1307 1092 regiojure
1323 1056 1498 1085 detineantur
1512 1065 1618 1085 merces
1628 1063 1656 1085 et
1667 1057 1831 1085 addicantur

1047 1103 1125 1131 ﬁsco.
1136 1103 1267 1131 Verutum
1281 1108 1373 1131 autem
1389 1104 1456 1132 illud
1472 1103 1582 1139 longius
1598 1109 1625 1131 et
1655 1105 1775 1137 acutius,
1799 1113 1832 1132 cx

1046 1149 1138 1184 aliqua
1151 1157 1213 1176 eum
1226 1150 1346 1185 pugione,
1359 1149 1422 1183 telo,
1434 1150 1512 1177 hasta
1545 1149 1734 1182 similitudine,
1748 1159 1833 1184 σειρο-

1049 1196 1153 1232 μάστης
1168 1197 1208 1224 vel
1222 1196 1395 1230 σειρομάστις
1410 1195 1504 1223 audit:
1521 1197 1584 1231 quia
1596 1203 1660 1224 vero
1672 1198 1833 1232 praecipitem

1047 1247 1231 1270 mercatorum
1255 1242 1281 1268 in
1297 1242 1475 1276 exportandis
1499 1243 1636 1270 mercibus
1665 1243 1833 1278 diligentiam

1047 1287 1171 1323 reprimit
1183 1293 1210 1315 et
1219 1287 1327 1314 fraudes
1338 1293 1458 1320 cocrcct,
1468 1288 1580 1315 σαλιὸαν
1590 1289 1632 1316 vel
1641 1289 1767 1325 σαλιϐάρι
1776 1291 1833 1316 vul-

1047 1341 1098 1369 gus
1127 1333 1256 1368 appellat,
1282 1333 1385 1368 [renum
1413 1333 1549 1362 videlicet.
1571 1332 1652 1362 Hisce
1684 1337 1834 1370 perspectis

1047 1379 1086 1406 nil
1103 1377 1269 1406 ditlicultatis
1282 1383 1404 1406 remanet
1429 1379 1457 1406 in
1473 1379 1571 1407 Tzctze
1589 1381 1834 1415 absqueinterpre-

1049 1426 1151 1452 latione
1163 1432 1177 1452 a
1189 1424 1308 1459 Rigaltio
1319 1425 1440 1452 Meursio
1450 1431 1477 1452 et
1490 1425 1630 1457 Gretsrro,
1643 1426 1778 1457 relato,nil
1788 1428 1834 1454 ob-

1048 1469 1189 1497 scuritatis
1202 1470 1228 1496 in
1241 1468 1388 1504 Hesychia,
1400 1469 1437 1496 nil
1451 1469 1523 1503 quod
1536 1478 1639 1496 moram
1654 1471 1734 1498 faciat
1746 1472 1773 1498 in
1785 1472 1831 1499 Co-

1048 1514 1288 1550 dino.llesycbius
1307 1523 1313 1540 :
1330 1515 1516 1550 Σειρομάστης
1541 1516 1637 1548 σκεῦός
1647 1525 1672 1543 τι
1699 1517 1835 1554 σιδηροῦν,

1048 1561 1116 1596 ὅπερ
1127 1561 1152 1587 οἱ
1166 1562 1280 1588 τελῶναι
1290 1561 1474 1596 πρδςέρευναν
1497 1562 1598 1597 ἔχουσι,
1622 1563 1706 1599 λαεὴν
1728 1563 1836 1600 ξυλίνην

1046 1607 1116 1642 ἕχον.
1126 1607 1181 1634 Cur
1194 1607 1258 1634 illud
1275 1607 1300 1634 in
1312 1615 1380 1636 zona
1401 1612 1477 1643 gerat
1504 1609 1639 1643 tzausius,
1657 1611 1719 1638 alibi
1747 1612 1835 1639 discu-

1047 1653 1140 1680 timus.
1158 1652 1232 1680 Gosa
1248 1652 1257 1688 ]

1082 1697 1124 1724 Ib.
1150 1697 1315 1732 Ἀμηρὰλιος
1336 1703 1362 1726 et
1391 1699 1836 1736 ἀμηράληςρνίείέειιιεηιανὶδ,‹·ι

1049 1745 1167 1773 Arabico
1177 1747 1265 1774 amira
1281 1755 1328 1774 seu
1343 1749 1455 1781 amirus,
1473 1749 1563 1785 inquit
1576 1750 1685 1784 Junius,
1698 1757 1726 1779 et
1741 1752 1835 1780 Cra-co

1048 1792 1122 1823 ἆλιος
1139 1793 1270 1819 marinus.
1287 1793 1386 1821 Credat
1398 1795 1444 1829 qui
1459 1796 1532 1823 volet
1547 1805 1555 1823 :
1573 1805 1622 1832 ego
1634 1805 1775 1825 assensum
1787 1807 1836 1826 ('0-

1047 1837 1138 1866 bibeo.
1155 1839 1277 1867 Transiit
1288 1848 1337 1866 vox
1354 1840 1410 1869 haec
1427 1841 1459 1867 ad
1476 1842 1580 1874 Gallos,
1602 1844 1683 1871 Italos
1698 1850 1725 1871 et
1753 1845 1835 1875 alios.

1046 1885 1147 1919 quibus
1160 1886 1259 1912 amiral
1271 1891 1313 1913 est
1327 1887 1473 1921 pra-fectus
1497 1890 1582 1916 maris
1604 1898 1651 1917 seu
1675 1891 1834 1919 thalassiar-

1047 1931 1127 1958 chus.
1141 1931 1218 1963 Quod
1233 1939 1331 1958 nomen
1347 1933 1404 1960 sive
1423 1934 1545 1961 absolute
1558 1942 1607 1969 pro
1624 1936 1747 1970 prim-ipe
1765 1945 1830 1969 gen-

1049 1977 1084 2004 tis
1095 1976 1152 2004 sive
1165 1984 1214 2012 pro
1229 1977 1358 2011 prmfecto
1382 1980 1466 2006 maris
1490 1981 1651 2015 acripiatur.
1679 1983 1792 2010 militicc
1817 1993 1831 2010 a

1048 2023 1153 2050 Latinis
1167 2024 1349 2058 scriptoribus
1359 2026 1492 2057 variatur,
1513 2028 1653 2054 utostendi
1674 2028 1781 2064 2441(
1794 2038 1832 2057 m.

1048 2068 1070 2095 Il
1083 2069 1115 2096 de
1131 2070 1160 2097 S.
1171 2070 1268 2103 Cruce,
1278 2071 1624 2108 ε.1⁶ὶ.Ἀμηρᾶςιη-ῑηορρε
1637 2079 1688 2105 est,
1702 2077 1830 2102 usitatum

1049 2122 1149 2142 nomen
1165 2116 1235 2150 apud
1251 2116 1455 2145 Mahometauos
1470 2118 1580 2151 Arabes,
1592 2124 1620 2146 ut
1633 2125 1660 2146 et
1677 2121 1830 2156 ἀμηραῖοε,

1049 2161 1174 2194 quamvis
1189 2166 1216 2188 et
1228 2162 1279 2189 hoc
1292 2163 1342 2189 sub
1359 2171 1448 2190 amera
1461 2164 1579 2192 minores
1602 2165 1685 2193 dum-5
1714 2168 1834 2194 (lt-notet.

1049 2207 1206 2242 Sigebertns
1220 2208 1246 2234 in
1275 2207 1433 2236 Chronico:
1464 2208 1497 2236 In
1532 2219 1609 2245 regno
1639 2212 1835 2240 Saracenorum

1050 2258 1164 2287 quatuor
1180 2259 1305 2289 pra'tores
1330 2256 1434 2287 statuit,
1452 2258 1496 2291 qui
1531 2258 1634 2285 antirwi
1663 2248 1832 2292 vocabantur,

1049 2301 1103 2334 ipse
1112 2308 1170 2328 vero
1181 2303 1282 2328 amiras
1293 2301 1437 2328 vocabatur
1451 2302 1488 2329 rel
1501 2305 1725 2338 protosymbulus.

1085 2345 1127 2374 Ib.
1163 2347 1229 2373 Ἐπὶ
1256 2347 1316 2374 τῶν
1337 2348 1482 2381 δεήσεων.
1501 2349 1537 2377 Ita
1549 2358 1661 2378 ottmtno
1680 2352 1754 2387 lugeo
1768 2355 1833 2386 lmn,

1048 2398 1075 2420 et
1085 2393 1150 2419 illml
1160 2393 1206 2419 imi.
1216 2393 1269 2420 τῶν
1280 2394 1413 2421 δικάσεων
1427 2396 1520 2429 procul
1533 2398 1717 2432 relegandum.
1733 2400 1834 2429 Gnrz'rs.

1087 2439 1130 2467 Ib.
1164 2439 1357 2475 [Χειρόρτιον.
1391 2439 1484 2468 Simon
1521 2443 1833 2478 Ροηῐυεξϐιιὶνουηιειι,

1049 2486 1171 2521 χερόκτι.
1189 2487 1310 2522 χερόρτι,
1327 2488 1488 2522 χειροοήκη.
1501 2488 1654 2524 Ἐγχείριον
1677 2492 1834 2526 διεσχισμὲ-

1050 2541 1099 2567 νην
1112 2533 1150 2563 εἰς
1166 2533 1297 2559 δάκτυλον
1312 2534 1417 2560 vocavit
1427 2533 1535 2563 Nicctas
1546 2536 1571 2562 in
1585 2537 1679 2564 Alexio
1695 2537 1834 2565 Comncuo

1050 2578 1069 2604 I.
1082 2586 1111 2605 Ill
1127 2588 1134 2605 :
1156 2579 1186 2605 Ἡ
1204 2579 1226 2605 δ’
1241 2580 1311 2614 αὑτὴ
1327 2581 1374 2607 καὶ
1385 2580 1467 2616 δορὰν
1489 2583 1679 2616 χρυσόπαστον
1699 2585 1834 2618 ἐγχείριην

1050 2624 1159 2659 ἔχοντα,
1174 2625 1369 2661 διεσχισμένην
1385 2627 1412 2658 ἐς
1426 2627 1569 2660 δάκτυλον,
1587 2629 1734 2662 κονητίναν
1758 2627 1832 2663 εἶχεν

1051 2670 1156 2706 lignea,
1171 2673 1216 2697 κιὶ
1232 2672 1340 2703 ἐξιοῦσα
1358 2672 1427 2707 προς
1459 2673 1545 2708 θήραν
1568 2673 1705 2705 ἐπέκλωζέ
1731 2683 1761 2700 τε
1786 2676 1834 2701 καὶ

1055 2716 1205 2749 summa.
1221 2716 1348 2751 Vulgaris
1365 2724 1455 2745 textus
1485 2719 1563 2745 habet
1579 2728 1586 2745 :
1609 2719 1639 2744 'fl
1657 2719 1685 2745 δὲ
1707 2719 1774 2753 αὐτὴ
1804 2721 1834 2746 τὲι

1054 2764 1207 2798 χειρῦρτιον
1228 2765 1417 2798 χρυσόπαστον
1452 2765 1561 2799 ἔχουσα,
1588 2765 1779 2800 διεσχισμένην
1795 2767 1834 2797 εἰς

1054 2808 1194 2843 δάκτυλον,
1207 2812 1351 2845 κονητίναν
1367 2808 1439 2844 εἶχεν
1457 2810 1563 2844 ὅρνιθα.
1575 2810 1669 2845 Carpit
1683 2811 1725 2838 bis
1744 2812 1834 2839 verbis

1052 2855 1162 2882 Nic-etas
1187 2855 1317 2882 indecens
1346 2856 1528 2890 imperauit-is
1553 2856 1675 2883 factum:
1704 2859 1833 2892 probrum

1052 2907 1142 2929 tamen
1160 2909 1215 2936 quo
1234 2909 1306 2935 eam,
1326 2903 1397 2929 velut
1416 2911 1478 2929 «vis
1494 2903 1562 2938 ipsa,
1575 2903 1690 2938 populus
1716 2905 1835 2933 insecta-
