2041 3144
246 161 299 194 Ξ99

796 159 837 188 IN
861 157 1008 188 LIBRUM
1029 158 1077 187 DE
1100 157 1266 187 OFFICHS
1289 157 1342 187 (ΖΡ.

1829 154 1880 185 300

247 220 306 246 ὄιον
337 216 541 249 maniclavium,
570 214 705 242 manantis
724 214 808 240 clara.
825 213 853 239 in
870 214 964 240 codice
982 219 1036 238 uno
1054 221 1076 249 Α
1090 220 1149 239 eum
1180 213 1305 239 aditurus
1333 219 1423 238 canem
1438 215 1483 237 aut
1514 218 1585 237 arent
1604 210 1721 244 offerret,
1755 209 1882 243 facillime

248 266 333 293 Boico
347 270 373 292 et
389 265 479 291 altero
492 262 678 289 Laullteriano
688 261 786 287 desunt
801 259 846 286 illa
862 260 918 294 ῆως
938 258 1040 294 βακτη-

249 313 309 347 ρέσις
323 312 339 345 ἦ
356 310 480 346 ῥάϐδους.
499 308 641 336 Etclarum
660 307 764 334 \idetnr
775 313 836 334 esse
853 305 900 332 τοῦ
916 305 1040 340 μαγκλα-

248 359 307 385 είου
316 357 539 385 declarationem,
549 354 571 381 si
582 362 634 380 non
643 353 676 380 ab
686 359 808 384 auctore,
818 357 890 379 certe
904 353 937 378 ab
949 351 1041 385 aliquo

250 404 374 431 librario.
387 402 454 429 Hinc
468 398 722 436 μαγκ).α6ῖται,‹ιυί
732 397 887 425 manuarias
900 397 990 425 clavas
1004 396 1042 424 fe-

249 453 323 477 runt.
336 448 437 475 Gnars.
858 460 863 465 -

279 495 351 522 Ibid.
363 491 541 529 [Μαγγὶάόια
553 494 649 518 auctor
659 489 771 516 aduolat
781 496 841 515 esse
851 487 966 522 λώρους,
978 487 1043 522 ῥάϐ-

248 543 322 572 δους,
332 539 494 575 βῖκτηρὶας,
509 544 601 564 nervos
613 535 741 563 videlicet
754 534 877 566 bubulos,
888 534 987 568 virgas,
999 533 1044 566 [n-

251 594 314 618 stcs,
331 585 459 614 sontibus
475 585 630 619 quibusque
643 582 799 617 puniendis.
818 579 911 615 l’lagw
938 587 1046 614 qtloque

248 634 338 660 ncrt'is
350 636 376 658 et
390 630 508 658 fustibus
525 628 679 662 Ilujusmodi
697 626 806 653 inﬂictm
838 631 903 653 sunt
921 624 1043 659 μαγγλά-

249 678 365 707 6:a..Leo
373 676 575 704 Grammaticus
584 675 610 701 in
618 672 771 708 Thcopbilo
783 672 845 698 :Tov
856 671 1044 706 στρατηλάτην

248 727 304 756 τοῖς
334 724 502 759 προσήκουσι
518 720 698 756 μαγγλαΰίοις
726 718 905 752 ἐσωφρόνισε.
933 717 1045 745 Nicctas

251 773 278 800 in
292 771 399 798 Manttel
419 770 437 796 ι,
456 777 500 795 tv:
520 767 571 793 Τὸν
590 767 619 793 δὲ
635 765 784 798 [inunitqu
800 766 813 791 ὁ
830 764 956 798 βασιλεὺς
970 763 1045 789 .συλ-

251 818 342 844 λαϐὼν
360 817 459 849 ἒξπινε,
475 814 633 850 puniamur
647 813 708 844 δοὺς
723 810 808 837 πολλὰ
834 810 950 844 δημόσια
975 809 1046 836 κατά

251 873 281 891 τε
300 863 348 890 τοῦ
366 862 450 889 νώτου
464 862 511 887 καὶ
521 861 575 886 τῶν
604 858 698 892 ὤμων.
728 856 812 884 Miror
828 856 912 892 (quod
927 859 954 882 et
970 863 1045 883 nunc

253 912 280 938 in
295 909 396 936 Turcia
415 915 490 935 more
509 903 659 940 receptum)
677 902 830 930 verberatis
855 901 958 928 nullam
981 900 1045 927 inde
1059 891 1082 921 Β

253 958 377 985 inustam
410 953 565 981 infamiam.
591 951 726 978 Petronas
751 949 824 976 enim
852 946 996 982 Theophili
1011 954 1044 973 ex

253 1010 338 1031 uxore
351 1002 447 1033 frater,
461 998 587 1027 criminis
602 996 758 1027 convictus,
771 993 947 1029 imperatoris
958 993 1041 1028 jussu

253 1049 373 1080 ὲκδυθεὶς
399 1048 428 1074 ὲν
441 1049 475 1081 τῇ
497 1045 566 1080 μέσῃ
597 1044 647 1078 τῆς
672 1041 733 1069 ὁδοῦ
758 1041 891 1068 τύπτεται
914 1039 948 1066 τὰ
963 1038 1037 1064 νῶτα.

255 1095 397 1130 σφοδρῶς,
442 1098 561 1125 moxque
588 1091 621 1116 ad
650 1089 782 1124 palatium
812 1091 840 1114 et.
869 1083 1046 1120 imperatoris

253 1129 464 1170 contubernium
493 1136 652 1164 revertitur.
672 1134 711 1161 Ita
725 1133 781 1161 Leo
794 1130 1001 1159 Grammaticus
1017 1129 1044 1156 in

254 1187 418 1223 Theophila.
436 1182 579 1219 Ejusmodi
605 1182 691 1217 plagae
715 1178 841 1207 ἁλλακτά
865 1177 1044 1208 dicebautur,

254 1231 481 1265 duodenarioque
508 1235 626 1256 numero
652 1225 777 1254 solebant
796 1223 1046 1259 iniiigi.Blastares

254 1288 279 1307 ε.
293 1280 328 1306 .i'5
348 1277 395 1305 τοῦ
412 1277 430 1303 Ε
452 1275 583 1309 στοιχείου
597 1282 604 1300 :
619 1272 722 1299 δώδεκα
738 1270 860 1298 ἁλλακτὰ
873 1267 1046 1302 λαμὸανέτω.

253 1325 405 1352 Cbouiates
420 1322 446 1349 iu
472 1319 651 1348 Andronico:
669 1315 867 1344 ΔιῬὰλλακτῶν
899 1312 1045 1340 ἐπαίδευσε

254 1371 368 1397 δώδεκα.
392 1368 514 1396 Observo
551 1366 664 1400 insuper
693 1362 873 1390 Bardariotas
907 1360 998 1390 istos,
1014 1357 1047 1384 de

255 1417 354 1451 quibus
373 1422 477 1447 sermo,
494 1411 659 1447 ῥαϐδῡύχους
674 1418 690 1436 a
708 1408 823 1443 fustibus
849 1405 963 1441 gestatis
989 1402 1043 1430 dici

255 1463 326 1497 apud
347 1461 470 1488 Nicctatn
486 1457 637 1485 Andronici
655 1456 672 1482 2
685 1464 692 1482 :
707 1456 738 1482 Οἱ
754 1455 788 1481 τὰ
801 1451 975 1487 ὑσγινοϐαφῆ
991 1457 1045 1497 φο-

257 1496 375 1544 ρδῦντες-
394 1505 477 1541 289
501 1505 525 1531 oi.
542 1502 698 1539 ραὃῖςιῦχοι.
730 1499 935 1534 Μιγκλαῦιτεις
960 1496 1045 1544 etiam

257 1541 318 1589 lego
344 1553 370 1580 in
396 1553 537 1586 Auonymo
553 1549 617 1584 περὶ
638 1547 791 1577 κατακάει.
817 1545 883 1573 ἁπλ.
903 1544 936 1571 ad
947 1541 1051 1576 aquilo-

258 1608 352 1629 naretn
361 1599 409 1633 τῆς
421 1597 519 1632 κόρτης
531 1596 598 1630 regii
611 1594 771 1625 tentorii,ad
783 1592 855 1628 quod
866 1589 1046 1619 excubabant,

260 1649 375 1680 partem,
391 1644 537 1671 stationem
552 1641 579 1668 in
595 1640 715 1668 exercitu
725 1639 865 1667 habuisse.
881 1635 1045 1664 Praefectum

258 1699 353 1720 eorum
370 1691 468 1726 κόρτης
481 1689 589 1723 κόμητα
602 1687 672 1721 apud
686 1687 840 1714 Cedrenum
854 1685 880 1711 in
892 1682 1046 1717 Nicepltoro

259 1738 270 1763 1
288 1737 391 1764 dictum
407 1734 545 1766 existimo,
571 1733 618 1767 qui
635 1732 736 1759 deinde
754 1730 945 1766 μαγγλαϐίτης
963 1728 1047 1754 Itono-

259 1782 347 1809 rarius
361 1779 492 1812 carnifex,
510 1783 682 1811 nuncupatus
697 1776 784 1803 eidem
798 1774 923 1802 Cedreno
935 1774 961 1800 in
975 1772 1047 1800 Con—

260 1827 380 1854 stantino
392 1823 490 1852 Leonis
505 1822 536 1855 F,
549 1823 581 1857 τῇ
598 1820 645 1848 τοῦ
671 1819 870 1856 μαγκλαδίτου.
881 1819 918 1845 ita
939 1818 1046 1851 scribit,

261 1872 325 1908 ἀξίᾳ
349 1870 483 1906 τιμηθείς.
512 1869 547 1895 At
562 1876 596 1896 ne
613 1868 675 1903 quis
692 1867 746 1893 ἀπὸ
760 1866 809 1900 τῆς
828 1865 875 1892 τοῦ
892 1864 1047 1901 μαγγλαὸί-

260 1928 306 1945 του
325 1918 402 1950 ἀξίας
422 1916 607 1944 carniﬁcinam
631 1917 707 1948 putet
729 1912 858 1943 alienam,
880 1918 915 1938 en
936 1910 1045 1944 utapud

259 1964 475 1992 Grammaticqu
502 1961 621 1988 Leonem
645 1959 782 1994 θυμωθεὶς
797 1959 811 1984 ό
828 1956 954 1992 βασιλεὺς
978 1956 1050 1982 καὶὸ

260 2009 399 2040 Dasium;
425 2006 619 2034 ἀποητέλΜυσι
644 2004 831 2039 pan-116tqu
868 2003 911 2028 τὸν
938 2003 1049 2037 Μαυρο-

262 2057 393 2091 οεὸδαρον
417 2054 487 2088 ξίφει
501 2053 607 2080 ἀνελεῖν
626 2052 671 2078 τὸν
699 2051 826 2086 μοναχόν,
844 2055 872 2077 ut
900 2048 977 2084 quid,
996 2048 1049 2076 nisi

261 2106 292 2129 ut
303 2101 395 2128 ollicio
410 2098 588 2133 ietttgetetur?

299 2145 594 2183 1ὺ.[11ριμμικήριον.
608 2144 658 2177 Qui
698 2142 887 2179 μαγγ).α61της
909 2147 936 2170 et
963 2142 1051 2177 κόμης

261 2196 374 2229 χάρτης,
388 2194 421 2220 de
437 2200 491 2226 quo
508 2197 570 2218 nota
589 2190 741 2225 superiore.
756 2190 831 2217 Goan
845 2188 854 2224 j

298 2241 327 2268 l’.
343 2241 388 2268 39.
403 2239 615 2273 Σκυλλόμαγγος
636 2244 731 2271 mango
747 2244 853 2262 canum.
871 2234 974 2262 Glossaz
994 2234 1048 2261 La«
1065 2251 1086 2278 ι)

260 2286 451 2315 lino-Graeca):
471 2292 565 2319 mango
590 2283 767 2317 κυνοτρὸφος.
794 2281 893 2309 Junius
919 2281 1048 2308 libentius

262 2334 362 2367 μιμῇ-ι
374 2330 621 2365 σκυλλομαγγὸνων
633 2349 639 2361 ,
658 2330 757 2364 quibus
775 2333 890 2363 praeerat
904 2329 917 2353 ὁ
943 2336 1049 2362 πρωτυ-

263 2379 393 2411 κυνηγός,
407 2377 533 2411 magister
553 2384 601 2403 seu
615 2376 736 2410 princeps
753 2380 918 2402 venatorum.
936 2374 1003 2402 Nam
1019 2379 1049 2401 ut

265 2423 356 2455 hodie,
378 2422 418 2449 sic
433 2426 460 2447 et
476 2421 541 2447 olim
559 2420 668 2454 regibus
686 2424 713 2446 et
738 2419 909 2454 principibus
938 2419 1049 2445 venatio

265 2475 338 2496 curm
355 2472 424 2504 crat,
445 2466 536 2493 lorsau
567 2464 668 2495 nimim,
695 2464 790 2491 saltem
809 2464 946 2490 interdum
961 2473 968 2491 :
986 2471 1047 2490 nam

262 2513 373 2550 quando
396 2513 539 2546 Bulgaros,
557 2511 683 2544 Srytltas,
701 2509 869 2539 Patzinacas.
885 2511 1047 2543 Saracenos,

263 2560 368 2587 Turcas
386 2557 523 2593 principes
547 2555 685 2590 Cpolitani
702 2555 793 2581 \‘enari
824 2554 969 2593 debebant,
996 2555 1048 2590 ipsi

263 2606 435 2634 venabantur
448 2609 554 2634 cervos,
572 2609 665 2636 apros,
679 2608 758 2628 ursos
771 2605 798 2628 et
813 2600 912 2633 similia
923 2602 1049 2628 animan-

264 2653 312 2685 tia,
346 2659 399 2678 non
427 2650 486 2678 siue
513 2647 615 2682 ingenti
645 2646 778 2681 impensa,
807 2654 867 2681 qua:
895 2648 1049 2674 necesmrio

264 2697 386 2725 facienda
403 2701 461 2723 erat
478 2700 532 2722 tam
550 2695 576 2720 in
596 2692 721 2722 homines
739 2699 820 2728 quam
838 2696 864 2720 in
883 2701 977 2720 canes.
997 2693 1049 2724 Ubi

262 2744 373 2772 modum
389 2743 500 2770 tninime
516 2740 639 2769 omnium
656 2739 742 2767 tenuit
756 2740 928 2769 Andronicus
949 2741 1050 2769 Palzeo-

261 2790 340 2825 logus
356 2789 453 2817 Junior
470 2790 635 2822 imperator,
654 2785 688 2813 de
708 2793 763 2821 quo
790 2785 927 2822 Gregoras
949 2788 1001 2816 sub
1017 2788 1049 2815 li-

260 2844 322 2864 nem
338 2843 393 2863 sua:
411 2835 556 2863 Historiae:
584 2833 670 2860 Canes
685 2837 710 2859 et
729 2841 789 2860 aves
805 2834 936 2861 uenaticas
952 2843 1047 2871 magno

260 2883 486 2914 aleoatnumero;
504 2881 597 2916 quibus
623 2879 661 2905 ita
677 2883 734 2907 erat
757 2879 873 2914 deditus,
893 2885 921 2907 ut
936 2881 958 2908 si
987 2883 1046 2914 quis

1097 266 1202 293 campos
1219 258 1272 285 uoti
1292 258 1454 284 redderetur.
1486 257 1551 288 Qui;
1578 256 1666 283 omnia
1685 254 1883 282 Cantacuzenus

1095 309 1153 337 post
1173 304 1231 339 ejus
1247 304 1345 331 obitum
1362 303 1395 330 iis
1424 303 1470 338 qui
1500 301 1621 336 petebant
1651 301 1797 334 distrtbuit,
1827 308 1883 327 cum

1098 350 1306 384 magnitudinem
1319 354 1472 384 sumptuum
1491 352 1636 383 reputaret,
1663 349 1775 374 et-~rem
1803 348 1884 381 ipsum

1097 396 1206 430 imperio
1225 403 1286 435 ηοηὶ
1295 396 1370 422 modo
1394 395 1527 428 inutilem,
1543 395 1587 421 sed
1607 395 1686 420 etiam
1713 393 1885 428 periculosam

1094 442 1250 476 judicaret:
1271 450 1332 469 nam
1347 440 1497 476 quindecim
1515 449 1656 467 aureorum
1676 441 1760 467 millia
1774 441 1888 474 impera-

1098 488 1160 514 torii
1175 488 1234 522 ﬁsci
1255 492 1440 522 procuratores
1470 487 1543 513 ultra
1559 491 1669 513 veterem
1685 494 1783 512 morem
1803 487 1829 512 in
1844 495 1887 515 eus

1099 541 1138 560 res
1159 541 1275 568 expensa
1301 533 1458 560 retulerunt.
1476 531 1627 559 Numerum
1641 538 1740 558 canum
1756 536 1783 558 et
1796 533 1886 558 avium

1099 579 1287 606 venaticarutn
1303 578 1452 606 Andronici
1461 578 1594 612 expressit
1605 576 1743 604 Pltrauzes
1753 577 1771 604 1.
1785 585 1793 604 ι
1808 577 1887 604 C/er»

1099 626 1149 652 uici
1162 633 1186 653 c.
1205 625 1237 652 12
1250 634 1257 652 :
1273 624 1335 651 Fuit
1347 625 1513 651 Andronicus
1523 624 1669 651 venationis
1682 624 1867 658 cupidissimus
1881 632 1889 650 :

1098 671 1185 698 aiebat
1216 679 1294 698 canes
1327 670 1441 703 mnplins
1473 670 1544 697 mille
1573 669 1799 704 quadringentos,
1832 678 1889 697 aves

1097 719 1150 746 sive
1173 719 1312 751 accipitres
1348 725 1428 750 supra
1458 717 1528 744 mille
1564 717 1793 751 quadringentos;
1827 725 1890 751 quos

1099 763 1142 799 qui
1168 768 1301 796 curarent,
1321 762 1509 797 propemodum
1531 762 1643 789 totidem
1669 763 1890 789 numerabantur.
1914 780 1917 781 ν

1101 810 1204 837 Gnsrs.

1136 854 1208 882 Ibid.
1233 853 1365 890 [Σκύλλας
1380 855 1453 881 canis
1478 859 1530 887 est,
1559 861 1612 881 non
1633 854 1771 882 hodiernis
1794 855 1890 887 modo,

1097 900 1143 927 sed
1162 904 1189 927 et
1203 901 1335 936 antiquis,
1350 908 1412 927 cum
1429 900 1547 935 Scyllam
1566 899 1684 934 pueliatn
1704 900 1729 927 in
1758 899 1828 928 freto
1848 900 1892 928 Si-

1097 946 1160 974 culo
1184 954 1199 973 a
1217 946 1332 974 canibus
1360 947 1477 974 obs-itam
1505 947 1625 974 σκύλλαν
1642 955 1744 980 canem,
1763 948 1891 982 feminam

1097 991 1247 1027 mythologi
1264 992 1434 1019 vocaverint.
1460 992 1577 1026 Μάγγος
1593 996 1657 1019 nota
1687 999 1750 1026 vox,
1776 1001 1810 1020 ex
1840 1001 1893 1028 qua

1097 1045 1160 1065 cum
1175 1037 1264 1073 priore
1279 1037 1500 1073 σκυ).).ομάγγῡς.
1527 1038 1660 1066 Eumdem
1677 1039 1795 1067 arbitror
1812 1047 1892 1074 quem

1099 1083 1254 1119 Scyliorum
1281 1083 1348 1118 (τῶν
1365 1083 1680 1118 σκυλλιων)εευειοι1ειη
1709 1085 1894 1120 Luitprandus

1099 1129 1196 1157 scribit
1229 1129 1308 1157 initio
1333 1129 1507 1165 chationis:
1533 1131 1612 1165 cujus
1642 1130 1705 1158 ﬁdei
1723 1131 1808 1166 (quod
1838 1140 1893 1159 non

1097 1176 1223 1211 advertit)
1235 1176 1292 1211 ipse
1304 1175 1330 1202 in
1344 1180 1528 1210 contemptum
1543 1176 1594 1204 fuit
1607 1177 1783 1204 commissus.
1794 1176 1894 1214 Cosa]

1138 1222 1180 1249 Ib.
1198 1222 1235 1249 Τὸ
1250 1222 1384 1249 διὸἐλ).ιον
1399 1222 1498 1256 duplex
1511 1230 1559 1250 seu
1576 1224 1709 1257 geminum
1735 1223 1830 1252 velum.
1846 1227 1894 1252 Ju-

1098 1268 1162 1296 nius
1192 1268 1293 1302 ubiqtte
1309 1268 1459 1296 inscienter
1485 1269 1575 1295 divum
1595 1269 1693 1300 velum,
1724 1276 1755 1296 ex
1787 1269 1894 1298 Latinis

1098 1314 1173 1341 divus
1189 1318 1215 1341 et
1229 1314 1330 1345 velum;
1343 1321 1370 1341 et
1387 1314 1544 1342 inscietttius
1559 1314 1649 1342 adhuc
1665 1315 1747 1349 hujus
1761 1322 1819 1343 sua:
1836 1316 1895 1351 opi-

1100 1360 1252 1387 natiuniset
1264 1360 1453 1395 originatiouis
1469 1361 1600 1388 rationem
1612 1361 1710 1388 reddit.
1720 1361 1893 1397 Legatquem

1100 1414 1178 1441 nuga-
1195 1406 1341 1434 delectant.
1373 1405 1475 1433 Vocula
1503 1407 1540 1439 δε,
1575 1411 1603 1432 ιιι
1618 1407 1645 1434 in
1662 1407 1735 1439 aliis,
1750 1407 1785 1434 ita
1805 1413 1833 1435 et
1849 1409 1894 1436 hic

1100 1452 1255 1488 geminaudi
1269 1456 1334 1479 nota
1349 1457 1403 1480 est.
1418 1453 1482 1479 Erat
1493 1453 1544 1480 hoc
1554 1453 1691 1480 dit-allium
1705 1461 1752 1481 seu
1766 1454 1893 1481 diurlium

1099 1499 1230 1526 vexillum
1248 1498 1436 1533 imperatoris,
1451 1499 1559 1532 gemino
1576 1501 1637 1527 velo
1653 1504 1795 1532 constans,
1813 1502 1894 1535 quasi

1099 1545 1174 1573 dicas
1191 1545 1317 1577 divetum,
1336 1546 1408 1580 quod
1426 1538 1585 1579 imperatori
1601 1553 1709 1580 semper
1731 1554 1747 1574 a
1775 1547 1895 1575 scuterio

1060 1578 1083 1609 Ο
1100 1599 1147 1619 seu
1162 1591 1294 1620 scutii‘ero
1314 1578 1520 1626 praeferebatur.
1539 1592 1646 1620 Gns'rs.

1134 1637 1208 1664 Ibid.
1227 1637 1375 1673 [Meursius
1407 1638 1532 1666 rea-illum
1562 1639 1734 1674 imperatoris
1762 1640 1893 1674 biﬁdum,

1097 1683 1243 1711 Grctserus
1254 1684 1380 1711 vexillum
1394 1685 1565 1719 imperaturis
1574 1686 1678 1720 gemino
1691 1686 1747 1714 veto
1758 1692 1893 1714 constans.

1099 1729 1146 1757 Ille
1161 1730 1260 1757 iterum
1274 1738 1281 1756 :
1302 1729 1359 1756 Viri
1372 1730 1454 1763 docti,
1470 1729 1582 1758 Junium
1600 1731 1737 1767 intelligit,
1750 1732 1834 1768 270
1854 1733 1895 1760 hic

1098 1784 1198 1812 quoque
1229 1777 1435 1812 interpretantur
1447 1778 1536 1805 divum
1561 1778 1645 1807 velum
1660 1787 1670 1807 :
1685 1781 1730 1807 sed
1747 1781 1894 1815 falluntur.

1099 1823 1150 1851 llic
1167 1831 1262 1851 rursus
1276 1832 1283 1850 :
1302 1823 1400 1851 Junius
1418 1825 1512 1860 ubique
1527 1826 1670 1853 inscienter
1684 1827 1772 1854 divum
1799 1828 1893 1855 celum.

1099 1871 1132 1897 At
1148 1878 1198 1897 nec
1212 1870 1314 1898 fallitur
1335 1878 1385 1898 nec
1403 1871 1551 1898 inscienter
1563 1870 1661 1900 Junitts
1679 1873 1812 1908 loqttitur,
1838 1873 1894 1905 cui,

1099 1923 1132 1942 eo
1150 1917 1234 1943 tutius
1243 1924 1297 1951 quo
1308 1916 1456 1948 eruditius,
1471 1919 1660 1951 patrocinatur
1677 1919 1853 1954 Dcmpsterus
1867 1920 1894 1946 in

1101 1962 1197 1989 ultima
1213 1962 1398 1990 Romanarum
1416 1963 1544 1997 antiquit.
1561 1963 1645 1992 calce.
1661 1963 1703 1991 Ea:
1715 1973 1776 1999 quo.
1795 1965 1893 1999 inquit,

1101 2008 1208 2035 nontina
1222 2009 1318 2034 ducum
1330 2008 1434 2035 vexillis
1450 2009 1618 2043 prwscripta,
1644 2016 1707 2042 puto
1729 2010 1851 2045 affectant
1867 2016 1894 2038 ut

1101 2054 1276 2080 adorerentur
1293 2054 1380 2088 signa.
1400 2053 1463 2081 Idea
1479 2054 1595 2082 salutari
1613 2056 1726 2082 concilio
1740 2056 1895 2084 Constanti-

1102 2108 1151 2126 nus
1166 2107 1269 2126 cruccm
1281 2100 1351 2127 inter
1363 2100 1439 2135 signa
1456 2101 1607 2134 collocauit,
1626 2107 1653 2128 ut
1668 2104 1781 2129 adorari
1798 2108 1895 2136 posset.

1103 2145 1278 2179 Hieronymus
1292 2145 1369 2178 epist.
1384 2145 1419 2171 ad
1432 2144 1534 2172 La'tam
1551 2147 1583 2173 tle
1598 2147 1683 2173 instit.
1697 2148 1774 2181 ﬁlim:
1795 2147 1897 2174 Veri/la

1103 2191 1219 2218 militum
1244 2192 1330 2218 u‘ttcis
1360 2191 1477 2226 insignia
1504 2197 1575 2219 sunt.
1605 2192 1773 2220 Claudianus
1790 2194 1809 2220 Ι.
1837 2194 1854 2220 2
1871 2195 1897 2220 in

1104 2238 1234 2272 Ru/ﬁnum
1246 2246 1255 2264 :
1272 2239 1406 2272 Augustus
1418 2239 1566 2264 veneranda
1587 2240 1660 2273 prior
1675 2240 1772 2266 vexilla
1784 2241 1896 2267 salutat.

1101 2285 1134 2312 Et
1150 2285 1169 2310 l.
1185 2283 1216 2310 de
1228 2283 1293 2310 bello
1307 2283 1414 2311 Getica:
1432 2283 1519 2311 Turba
1528 2284 1651 2312 salutatis
1665 2286 1813 2320 effunditur
1821 2286 1898 2313 obvia

1101 2328 1192 2362 signis.
1217 2326 1346 2354 chillum
1366 2328 1437 2354 istud
1464 2328 1588 2355 labarum
1606 2331 1692 2357 audit.
1721 2330 1898 2366 Curopalates

1100 2373 1231 2400 6t6éi.).tw
1261 2378 1356 2405 vocat,
1385 2374 1474 2400 divum
1503 2375 1600 2402 velum.
1631 2375 1794 2404 Prudentius
1819 2377 1839 2403 l.
1871 2369 1907 2404 in‘

1101 2418 1311 2454 Symmachum:
1340 2419 1461 2447 Christus
1478 2429 1640 2455 purpureum
1660 2427 1792 2457 gemmata
1810 2428 1898 2450 textus

1101 2465 1129 2492 in
1144 2473 1209 2492 auro
1221 2464 1350 2500 Signabat
1364 2465 1500 2493 labarum.
1518 2466 1559 2494 Ea
1575 2475 1656 2494 causa
1680 2469 1760 2495 etiam
1791 2478 1839 2496 cur
1853 2479 1901 2505 per

1101 2512 1177 2546 signa
1190 2511 1312 2546 iurarent
1328 2512 1437 2539 milites.
1464 2511 1527 2540 Haec
1549 2521 1598 2541 nos
1625 2521 1657 2540 ex
1677 2513 1842 2549 Detupstero
1869 2517 1898 2543 in

1101 2557 1157 2584 diri
1185 2558 1313 2592 sacrique
1338 2558 1390 2585 veli
1418 2559 1614 2593 patrocinium,
1647 2567 1682 2587 ne
1711 2563 1897 2597 proscriptum

1101 2601 1176 2630 Junii
1190 2603 1342 2631 doctrinam
1360 2608 1461 2632 temere
1482 2604 1637 2632 viderentur
1662 2606 1821 2634 defelldere.
1850 2608 1896 2634 lu-

1103 2655 1143 2675 tet
1157 2650 1252 2677 iconas
1264 2650 1385 2677 concilio
1403 2649 1566 2678 Florentitto
1580 2649 1712 2679 Romana:
1725 2653 1855 2680 editionis
1871 2657 1899 2680 et

1101 2695 1191 2731 Regia
1203 2696 1353 2729 admixtas,
1367 2697 1401 2724 ad
1417 2696 1592 2731 imperatoris
1609 2697 1768 2725 Graecorqu
1786 2699 1814 2726 in
1844 2699 1897 2726 tri-

1101 2742 1170 2769 remi
1182 2742 1303 2770 scdentis
1319 2742 1391 2770 latus
1403 2743 1531 2770 vexillum
1546 2748 1586 2770 est
1601 2743 1721 2778 longius,
1734 2749 1761 2770 at
1778 2753 1832 2772 non
1851 2745 1894 2771 bi-

1104 2787 1200 2819 lidum,
1217 2787 1261 2815 cui
1277 2795 1344 2815 crux
1360 2788 1467 2823 appicta
1480 2793 1541 2816 est:
1558 2796 1592 2815 an
1605 2797 1659 2816 non
1678 2792 1769 2824 potius
1782 2791 1818 2818 ob
1833 2799 1899 2819 cru-

1099 2845 1158 2866 cem
1177 2842 1204 2866 et
1214 2838 1374 2874 religionem
1391 2839 1480 2867 divum
1499 2838 1583 2867 velum
1608 2847 1689 2875 quam
1705 2840 1841 2875 geminum
1855 2847 1898 2868 ve-

1101 2885 1153 2912 lum
1165 2885 1177 2912 ?
