2041 3144
236 169 289 199 303

784 167 823 197 IN
847 166 998 197 LIBRUM
1021 165 1068 196 DE
1085 166 1249 196 OFFICIIS
1266 167 1321 197 Cl‘.

1807 162 1860 194 304

235 234 268 252 cx
285 225 364 261 cquis
381 225 520 261 pugnandi
545 224 694 254 derivaret.
710 223 744 252 de
775 224 874 259 quibus
898 223 996 252 Festus
1011 233 1018 251 :
1034 227 1057 255 Α
1072 225 1232 259 ὑπηρεσίαι,
1245 228 1273 251 ut
1287 228 1393 251 constet
1410 223 1509 251 oratio.
1527 222 1636 251 Certum
1653 228 1694 251 est
1705 227 1796 250 autem
1811 222 1864 250 Co-

238 271 354 300 Paribus
368 273 452 307 equis,
470 272 497 299 id
511 276 550 298 eu
567 271 680 302 duobus,
697 270 811 298 Romani
827 270 970 298 utebantur
993 271 1022 297 in

235 318 338 353 praelia,
353 323 381 344 ut
394 317 507 345 sudante
525 318 609 344 altero
628 317 773 344 transirent
791 318 817 343 in
845 317 956 344 siccant.
984 316 1022 344 De

238 363 434 390 monocaballis
447 368 536 390 aetum
546 363 710 398 jandudum.
730 362 829 398 Gotn.]

272 409 313 435 Ib.
331 409 368 436 De
384 409 501 436 Arabica
517 408 623 442 origine
648 408 774 435 vocabuli
804 408 1021 435 Blachcrnarum

237 455 417 482 suavissimas
437 462 523 490 nugas
553 455 608 489 agit
637 453 745 483 Junius.
779 454 889 487 Quanto
918 455 1022 482 rectius

236 509 332 530 auctor
350 501 432 529 libelli
459 501 492 529 de
514 502 546 529 Μ
578 501 736 536 regionibus
754 502 830 528 urbis
846 501 997 536 Cpolitame
1013 500 1019 526 ι

238 549 443 576 Iiluchernarum
464 547 612 583 (suburbii)
644 555 738 574 nomen
765 555 781 573 α
807 547 922 581 quadam
949 554 978 573 eo
994 545 1022 572 iu

235 595 292 621 ιυευ
307 598 430 629 regnante
443 593 556 620 inditum
572 593 654 628 [uisse
677 600 710 619 ea:
738 592 864 628 Dionysio
888 591 1022 626 Byzantio

236 640 332 668 Gillius
363 644 493 667 autumat.
525 639 639 666 Iacebat
671 639 704 665 ad
738 637 815 665 littus
844 639 949 670 maris,
976 637 1022 665 ubi

234 687 316 715 etiam
340 686 393 714 Leo
423 686 537 721 Magnus
560 686 683 720 Deiparae
708 685 839 720 templum
870 685 1022 718 exstruxit,

235 734 306 761 aliud
321 733 355 760 ab
371 733 417 760 illo
436 731 596 772 Pul'ehcrize,
611 731 645 758 de
656 739 710 766 quo
726 730 897 766 Nicephorus
913 731 955 764 15,
975 731 1022 758 2t.

271 779 302 807 Ρ.
321 779 366 806 ΛΞ.
381 778 501 813 Drunga.
522 777 568 805 Sic
596 777 657 812 lego
672 784 706 805 ex
723 785 792 805 mss.
809 777 958 805 codicibus.
974 775 1024 804 Ju-

236 826 298 852 nius
313 825 444 860 drungas,
457 824 550 851 mallet
568 828 658 850 tamen
672 825 801 858 drungus.
817 822 917 850 Gut-:15.

271 870 312 897 Ib.
329 870 608 906 [Ιιάστροφύλακες.
625 869 776 904 ’Ἄρχοντες
787 869 981 903 στρατιωτικοὶ
995 869 1024 894 ὲν

234 919 294 948 ταῖς
317 917 426 943 πόλεσιν
443 917 501 952 ἦτοι
516 913 836 951 usurpathustiniauus
850 921 936 949 nuper
952 913 1021 941 cita-

235 969 288 990 tus.
303 963 402 999 Ceam]

269 1008 311 1036 Ib.
338 1008 450 1036 Videtur
479 1009 622 1044 legendum
651 1011 698 1035 aut
723 1007 833 1034 πάντων
853 1011 901 1034 aut
932 1006 1020 1033 πᾶσαι

1074 271 1168 297 diuum
1187 271 1278 297 omnia
1291 269 1379 297 oﬂicia
1392 274 1419 296 et
1434 269 1595 301 ministeria,
1608 276 1668 303 qua:
1679 269 1746 296 olim
1761 268 1786 295 in
1802 269 1862 295 aula

1073 315 1213 350 Cpolitana
1228 321 1316 348 erant,
1330 323 1384 342 nou
1400 315 1591 350 percensuisse
1604 314 1654 350 (α),
1666 315 1714 342 sed
1731 322 1762 342 ea
1780 315 1864 349 potis-

1077 361 1177 388 simutn
1196 369 1254 395 qum
1273 368 1323 388 suo
1341 365 1463 394 tempore
1483 360 1610 395 vigebant
1625 369 1632 387 :
1650 368 1712 386 nam
1729 360 1793 386 olim
1809 361 1874 387 alia

1073 411 1155 442 atque
1170 407 1222 434 alia
1238 412 1326 438 erant,
1341 411 1370 434 ut
1384 406 1484 434 Graeca:
1501 406 1622 434 historia:
1649 406 1732 434 Iet‘lIO
1749 414 1800 434 nos
1813 407 1861 433 do-

1074 458 1128 480 cet.
1153 453 1231 488 Apud
1249 452 1458 480 Constantinum
1491 451 1757 487 Porphyrogenitum
1782 451 1800 479 l.
1828 452 1862 478 de

1075 499 1292 527 administrando
1308 499 1423 534 imperio
1439 507 1464 526 e.
1479 498 1510 526 51
1529 503 1627 532 praeter
1639 497 1826 532 protoearabol
1835 501 1862 524 et

1075 546 1144 574 alios
1157 546 1279 573 invenies
1290 546 1336 572 τὸν
1346 546 1392 572 ἐπὶ
1406 545 1456 580 τῆς
1468 545 1568 579 φιάλης
1578 552 1626 572 seu
1638 544 1684 571 τὸν
1695 546 1745 579 τῆς
1759 544 1860 579 «Min;

1074 591 1119 626 qui
1136 597 1193 619 erat
1216 592 1298 626 judcx
1316 592 1402 619 turba:
1431 591 1549 618 nautica:
1564 591 1717 617 dromontm
1733 598 1780 618 seu
1796 589 1861 616 dro-

1074 639 1223 665 moniorum
1241 638 1435 673 imper-iulium,
1450 638 1550 672 jusque
1565 637 1673 665 dicebat
1700 636 1800 665 sedens
1830 636 1858 663 in

1074 685 1133 712 loco
1147 685 1298 718 dromonis,
1317 685 1363 719 qui
1384 684 1478 711 Phiala
1493 683 1659 718 appellatur.
1679 682 1751 710 Idem
1779 682 1862 709 Codi-

1074 738 1128 758 nus
1143 731 1210 758 nihil
1224 731 1335 765 scripsit
1347 731 1380 758 de
1395 730 1556 758 otticialibus
1567 732 1696 764 Augusta:
1713 736 1761 756 seu
1776 727 1862 762 impe-

1075 776 1184 804 ratricis
1198 785 1205 809 ;
1222 781 1249 804 et
1263 781 1366 809 tamen,
1384 782 1413 803 ut
1436 777 1488 803 hoc
1504 783 1561 803 aevo
1589 774 1809 809 itnperatricibus
1834 777 1862 800 et

1075 823 1178 858 reginis
1194 823 1237 850 sui
1249 827 1313 851 sunt
1328 822 1468 855 otlicialcs,
1485 822 1523 849 ita
1535 827 1563 849 et
1591 820 1744 855 antiquitus
1770 824 1860 846 crant.

1075 868 1145 896 Hinc
1158 868 1229 904 apud
1256 868 1337 896 modo
1363 867 1533 895 nominatum
1563 866 1772 894 Constantinum
1788 872 1813 892 c.
1827 864 1875 894 5L

1062 914 1203 955 \iuvenies
1218 914 1265 940 τὸν
1275 915 1322 940 ἐπὶ
1337 914 1387 948 τῆς
1401 912 1542 948 τραπέζης
1561 912 1613 946 τῆς
1627 910 1799 944 Αὐγούστης,
1813 908 1862 944 qui

1074 959 1155 986 etiam
1171 963 1229 986 erat
1241 958 1324 992 judex
1338 958 1512 993 Agrariorum
1528 956 1639 992 (navigii
1653 956 1677 982 id
1690 954 1798 990 genus),
1809 954 1863 980 Au-

1074 1009 1168 1040 gusta.
1182 1004 1282 1032 Gners.

266 1066 302 1098 (τι)
320 1066 410 1092 (ἶι-ιιις..
427 1069 504 1095 erant,
522 1065 699 1098 percensuisse,
717 1067 772 1090 sine
787 1065 894 1096 negandi
915 1064 1020 1095 particut

1073 1064 1198 1089 mendose.
1217 1063 1284 1088 Ευιτ.
1327 1085 1332 1088 .

239 1130 341 1138 _—__.

796 1190 973 1234 LIBER
1022 1190 1306 1235 TERTIUS.

507 1330 588 1365 273
608 1327 722 1357 CAPUT
743 1328 764 1356 ι.

237 1389 440 1418 Observationes
459 1391 483 1414 et
501 1387 690 1455 explisatifanes
719 1385 744 1412 in
765 1389 844 1420 caput
862 1385 888 1418 6,
903 1386 972 1424 quod
987 1391 1024 1413 est

589 1430 603 1448 e
632 1429 706 1448 erm.

589 1430 603 1448 e
621 1429 706 1448 teme.

272 1469 304 1499 Ρ,
323 1468 368 1495 45.
391 1466 533 1494 Ἐντεῦθεν
550 1467 578 1493 αἱ
596 1466 700 1501 ἑορταί,
727 1470 780 1494 etc.
806 1467 835 1493 tu
852 1466 914 1494 cod.
936 1466 1019 1493 Buico

236 1515 331 1543 titulus
350 1514 432 1549 hujus
446 1513 544 1548 capitis
561 1513 598 1540 ita
618 1512 718 1540 habet:
737 1512 819 1544 Τάξις
843 1512 976 1546 γινρμένη
991 1513 1019 1540 ἑν

1077 1330 1205 1365 Ειιςιιιιῐω
1220 1334 1253 1356 ct‘
1274 1329 1381 1362 Basilze,
1413 1328 1538 1364 Philippo
1566 1328 1695 1364 Eugeniae
1712 1330 1792 1364 patri,
1810 1338 1861 1359 nec

1078 1382 1131 1401 non
1145 1374 1258 1401 Nicolao
1276 1374 1455 1409 martyribus,
1471 1381 1503 1401 ex
1521 1374 1619 1408 majori
1634 1380 1710 1409 parte
1726 1376 1862 1410 impendi-

1081 1427 1139 1447 tur:
1176 1421 1364 1448 natalitiorum
1402 1421 1553 1456 προεόρτια
1592 1425 1698 1448 tanttun
1733 1423 1858 1457 quzcdain

1078 1466 1190 1502 ᾅσματα
1203 1466 1347 1493 admiscet.
1360 1466 1400 1493 Ad
1414 1466 1478 1493 illud
1495 1467 1586 1501 itaque
1599 1474 1652 1494 non
1672 1469 1861 1495 eonvenitim-

1076 1517 1196 1546 perator,
1218 1512 1290 1547 quod
1307 1512 1368 1547 ejus
1391 1512 1554 1540 sole-unitas
1578 1513 1668 1540 minor
1682 1513 1718 1541 sit
1729 1521 1778 1541 nce
1792 1515 1860 1542 adeo

235 1563 296 1593 ταῖς
309 1560 489 1594 Δεσποτικιίς
499 1559 618 1594 ἑορταῖς,
630 1557 731 1585 Forma
743 1558 878 1585 observari
893 1559 974 1585 solita
990 1559 1017 1585 in

1073 1560 1185 1588 iestiva:
1207 1561 1275 1589 alias
1286 1561 1367 1588 horas
1380 1560 1517 1588 Christum
1533 1561 1590 1595 jam
1603 1567 1695 1589 natum
1709 1570 1859 1597 personan-

237 1608 312 1643 testis
336 1605 438 1634 Christi
457 1605 574 1631 Domini.
608 1604 675 1631 Nam
700 1611 748 1639 per
774 1605 943 1636 Δεσποτικὰς
959 1605 1020 1639 ἐορ-

240 1654 290 1684 τάς
318 1652 472 1686 intelligunt
501 1649 587 1678 Graeci
619 1657 672 1676 non
704 1648 761 1676 dies
784 1648 953 1681 Domiulcos.
973 1649 1020 1676 sed

239 1700 305 1726 festa
331 1698 441 1726 Christo
466 1696 581 1724 Domino
610 1696 719 1731 proprie
746 1695 845 1729 dicata,
872 1703 933 1731 quae
958 1700 1022 1723 sunt

239 1747 306 1772 ista:
337 1744 533 1772 Cha-retismus
550 1742 608 1769 sive
633 1741 814 1768 Annuutiatio
833 1741 866 1768 Β.
891 1741 1018 1776 Virginis,

237 1791 371 1817 Natiritas
399 1789 521 1821 Christi,
544 1788 702 1824 llypapante
724 1787 781 1815 sive
806 1787 964 1815 Puriiicatio
990 1787 1021 1814 Β.

239 1836 368 1871 \‘irginis,
391 1834 541 1870 Epiphania
563 1842 610 1862 seu
629 1833 767 1869 Baptisma
780 1833 894 1866 Christi,
913 1833 1021 1868 quando

238 1892 252 1910 ιι
273 1870 381 1910 Joanne
395 1883 420 1909 in
435 1881 556 1908 Jm'dane
570 1881 722 1915 baptizatus
739 1884 792 1911 est.
807 1870 1022 1915 Transtigurat‘io

237 1928 359 1962 Domini,
372 1926 555 1955 ltesusuitatio
567 1926 674 1958 Lazari,
688 1925 754 1952 festa
765 1924 931 1958 Pulmarum,
945 1926 1021 1960 Ligni

238 1981 287 2002 seu
309 1974 339 2001 S.
369 1973 478 2005 Crucis,
496 1970 731 2002 llesurrcctiouis,
749 1969 934 2002 Ascensiunis,
952 1971 1021 1997 Mis-

239 2021 326 2048 sionis
341 2019 370 2055 β.
391 2020 521 2054 Spiritus,
544 2017 746 2052 Assumptionis
770 2015 800 2043 ί).
826 2015 954 2051 Virginis.
971 2016 1021 2044 Ubi

236 2075 284 2099 per
298 2066 397 2093 festum
426 2063 501 2099 Ligni
518 2071 566 2091 seu
584 2062 615 2090 δ.
634 2061 727 2089 Cruci;
754 2067 807 2087 non
824 2064 929 2087 tantum
945 2060 1022 2087 intel-

236 2113 331 2148 ligitur
369 2111 522 2138 l'arasceve
557 2108 603 2135 illa
637 2115 689 2142 qua
719 2107 846 2135 Christus
881 2107 907 2133 in
934 2106 1021 2133 Cruce

236 2160 387 2185 exstinctus
400 2161 452 2189 est,
462 2155 509 2183 sed
520 2159 547 2182 et
566 2154 663 2181 festum
675 2153 855 2180 Exaltationis
865 2151 894 2179 S.
904 2151 1019 2180 Crucis:

237 2214 299 2232 nam
313 2209 341 2231 et
362 2204 413 2230 hoc
445 2205 593 2230 numerant
616 2199 703 2228 Graeci
721 2204 748 2227 et
763 2199 821 2234 ipse
840 2198 960 2226 Codiuus
972 2206 1022 2225 uo-

237 2256 294 2278 ster
306 2253 332 2277 in
350 2248 502 2284 Despoticis
514 2247 600 2275 feriis.

274 2297 343 2323 Ibid.
369 2297 469 2324 Ibidem
493 2293 637 2329 legendum
655 2292 763 2320 videtur
775 2290 1020 2327 Χριστουγεννῶν.

239 2343 350 2377 Legitur
364 2344 445 2368 etiam
461 2340 618 2375 disjunctim
640 2339 760 2374 Χριστοῦ
777 2339 870 2373 γέννα.

276 2388 346 2415 Ibid.
361 2387 510 2422 Πιραιμονή
526 2386 570 2414 hic
585 2389 626 2413 est
640 2385 740 2420 vigilia,
760 2385 794 2412 ad
813 2385 925 2412 verb-um
941 2384 1020 2418 quasi

239 2433 397 2469 exspectatio
433 2433 502 2467 festi.
523 2431 615 2466 Inepte
644 2431 742 2458 Junius
767 2431 892 2459 stativum
920 2433 1017 2467 feriam

238 2481 331 2512 vertit,
354 2479 434 2514 idque
447 2487 500 2506 non
517 2482 622 2504 tantum
651 2484 724 2509 meo,
740 2477 787 2504 sed
807 2482 833 2504 et
854 2477 965 2504 Meursii
978 2479 1021 2512 ju-

239 2528 321 2555 dicio.
337 2526 430 2559 Inepte
441 2525 540 2552 ibidem
557 2524 597 2555 εις
608 2522 655 2549 τὸν
669 2522 769 2558 ὄρθρον
782 2523 864 2550 vertit
880 2523 1021 2550 adverbia-

239 2575 300 2602 liter
314 2571 461 2598 matutino:
474 2569 528 2597 imo
543 2569 578 2596 ad
591 2569 764 2601 matutinum,
779 2569 815 2595 ad
828 2568 919 2596 laudet
937 2574 1024 2595 matu-

239 2621 319 2647 tinas.
334 2618 436 2645 Gut-:15.

276 2665 347 2694 Ibid.
361 2663 466 2702 [Basilii
480 2663 572 2691 missa:
586 2662 684 2690 titulus
695 2662 722 2690 in
735 2661 921 2696 Eucliologio:
936 2661 979 2688 Ἔν
991 2662 1024 2696 τῇ

240 2713 388 2747 παραμονῇ
420 2710 470 2742 τῆς
482 2709 528 2736 τοῦ
557 2709 682 2744 Χριετοῦ
700 2708 778 2744 ἡμῶν
793 2710 954 2742 γεννήσεως.
967 2707 1024 2734 Me-

239 2767 346 2786 tritum:
367 2758 398 2785 Ei
420 2758 490 2793 τύχῃ
510 2757 526 2791 ἡ
549 2755 695 2791 παραμονὴ
724 2755 774 2789 τῆς
800 2755 918 2790 Χριστοῦ
948 2754 1026 2790 ἡμῶν

239 2807 394 2840 ιίεννήτεως
414 2806 443 2831 ὲν
464 2804 595 2838 meam.
608 2803 624 2836 ἢ
640 2803 778 2837 κυριακῇ.

276 2852 345 2879 Ibid.
358 2851 421 2887 [ιΕις
437 2851 490 2877 τὸν
506 2850 614 2884 ὄρθρον
625 2849 668 2883 μὴ
684 2847 872 2881 ἐξελθόντος.
886 2846 1024 2882 Pervigilii

243 2899 426 2928 natalitiorum
440 2897 542 2926 Christi
558 2896 676 2927 cilicium
690 2896 856 2926 matutinum
879 2895 1025 2924 laudandis

1074 1611 1114 1633 tes
1133 1613 1165 1633 ac
1181 1606 1350 1634 celebrantes
1372 1606 1460 1634 audit.
1479 1606 1571 1641 Ipsum
1590 1607 1721 1634 Meumqu
1740 1608 1860 1635 min0ri-

1073 1653 1124 1680 hus
1159 1653 1233 1679 horis
1260 1652 1374 1687 praeﬁgit
1399 1653 1525 1685 titulum;
1566 1653 1650 1688 Ἀρχὴ
1666 1654 1715 1689 τῆς
1740 1655 1856 1681 ἁχοληυ-

1073 1698 1133 1730 eis;
1143 1698 1197 1725 τῶν
1212 1698 1291 1734 ὡρῶν
1308 1698 1359 1734 τῆς
1374 1698 1445 1726 κατὰ
1461 1699 1552 1734 σάρκα
1565 1701 1718 1734 γεννήσεως
1733 1699 1779 1726 τοῦ
1795 1701 1854 1727 Κυ-

1075 1745 1145 1780 ρίου.

1105 1790 1135 1818 Ρ.
1145 1790 1189 1818 Η.
1201 1789 1293 1827 [Μετὰ
1303 1791 1361 1824 τὴν
1370 1790 1534 1818 ἀπόλυσιν.
1546 1789 1665 1825 Supplex
1678 1791 1855 1819 ecclesiastici

1073 1836 1154 1864 ofﬁcii
1171 1837 1311 1864 conclusio
1322 1841 1364 1863 est
1375 1835 1518 1867 ἀπόλυσις.
1539 1835 1651 1863 Scatent
1674 1836 1854 1871 undequaun

1073 1882 1204 1916 exemplis
1219 1880 1399 1908 ecclesiastici
1415 1880 1489 1907 libri.
1507 1880 1656 1908 Inscienter
1670 1879 1753 1917 274
1763 1881 1854 1915 itaque

1074 1928 1207 1955 Meursius
1231 1926 1364 1954 ἀπόλυσιν
1380 1926 1508 1953 ultimum
1524 1926 1596 1953 diem
1627 1926 1761 1961 cujusque
1781 1926 1853 1959 festi,

1073 1973 1146 2008 quod
1159 1977 1224 2000 tunc
1237 1972 1314 2007 quasi
1326 1971 1491 2004 solveretur,
1516 1972 1653 2006 exposuit.
1666 1972 1746 2000 Solus
1760 1973 1803 2000 hic
1814 1973 1854 1998 Iu-

1073 2027 1133 2052 cus,
1148 2027 1202 2054 quo
1228 2026 1277 2046 nec
1291 2017 1428 2046 festivitas
1439 2017 1518 2052 plene
1532 2018 1615 2053 cmpit
1629 2025 1680 2045 nec
1693 2019 1747 2045 alia
1760 2018 1851 2050 desiit,

1074 2065 1268 2093 hallucinatum
1287 2065 1419 2092 declarat.
1431 2063 1534 2100 Com]

1108 2111 1140 2139 P.
1157 2111 1202 2138 ιι.
1219 2111 1316 2139 Inscite
1340 2110 1439 2138 Junius
1454 2110 1657 2137 εῑκονοστάσιον
1682 2113 1762 2138 vertlt
1780 2111 1853 2138 dele-

1073 2158 1159 2186 brum.
1176 2158 1323 2186 Dclubrum
1340 2158 1416 2189 verti,
1445 2158 1545 2192 inquit,
1558 2157 1636 2191 quasi
1655 2158 1697 2184 dei
1713 2163 1758 2184 aut
1779 2159 1854 2184 dita-

1074 2204 1258 2230 rumIabrum.
1275 2202 1417 2230 Prtnclare.
1450 2202 1633 2229 Iconostasiou
1649 2203 1752 2230 dicitur
1775 2211 1856 2230 omne

1038 2251 1060 2279 D
1076 2250 1141 2277 illud
1157 2250 1183 2277 in
1200 2257 1254 2284 quo
1275 2249 1316 2277 vel
1329 2253 1401 2276 stant
1421 2249 1461 2276 vel
1488 2257 1520 2276 ex
1548 2257 1602 2283 quo
1629 2250 1746 2284 pculent
1772 2257 1856 2277 sacra:

1072 2297 1215 2332 imagines,
1230 2301 1259 2323 ut
1271 2304 1302 2324 ex
1322 2297 1375 2324 isto
1389 2296 1543 2331 pendebant
1559 2297 1691 2330 imagines
1708 2296 1857 2324 nativitatis

1072 2344 1174 2371 Christi
1194 2343 1307 2377 aliaque
1323 2347 1378 2369 tres
1399 2347 1446 2369 aut
1461 2346 1587 2377 quatuor.
1604 2342 1732 2369 Germani
1759 2347 1857 2370 vorant

1073 2390 1114 2415 tiu
1131 2389 1214 2415 biider
1233 2387 1347 2424 gestelle.
1361 2388 1463 2416 Gut-:15.

1110 2434 1180 2462 Ibid.
1190 2434 1295 2470 [Sacris
1307 2434 1474 2468 imaginibus
1483 2434 1675 2469 circumposita
1686 2441 1856 2467 ornamenta.

1074 2482 1174 2516 quibus
1191 2482 1242 2508 illae
1257 2486 1321 2509 sunt
1349 2481 1447 2514 aliine,
1470 2486 1511 2507 est
1528 2481 1738 2508 εἰκονῡστάσιον.
1757 2481 1856 2508 Turra-

1075 2528 1119 2553 tici
1133 2527 1216 2561 operis
1233 2526 1393 2561 quadratum
1407 2525 1512 2553 labella
1525 2522 1670 2561 marginem
1684 2527 1729 2553 alii
1749 2532 1857 2554 vocant.

1076 2571 1152 2599 Genu
1167 2571 1178 2608 ]

1111 2619 1181 2646 Ibid.
1211 2618 1397 2652 ‘Araldrtor.
1422 2616 1561 2645 Scr-ibitur
1579 2618 1661 2645 etiam
1684 2618 1854 2651 haloyaiov.

1076 2664 1198 2691 Suidas:
1234 2663 1417 2698 Ἀναλογεῖον,
1445 2663 1473 2690 ἑν
1509 2660 1664 2696 ᾧτιοενται
1696 2663 1730 2689 τὰ
1755 2663 1855 2697 ﬁrmis.

1078 2709 1217 2744 Usurpant
1247 2717 1356 2744 quoque
1370 2709 1469 2736 Latini.
1484 2708 1582 2736 lsidori
1595 2708 1718 2736 Glossm:
1738 2709 1858 2737 Lectrmu

1077 2757 1240 2791 analogium,
1255 2764 1334 2790 super
1345 2763 1396 2790 quo
1412 2755 1516 2790 legitur.
1534 2754 1712 2785 Walairidus.
1731 2755 1767 2783 De
1781 2757 1858 2783 rebus

1076 2802 1233 2829 ecclesiast.
1246 2810 1270 2828 ρ.
1287 2802 1320 2829 6:
1335 2802 1507 2836 Analogium,
1523 2802 1592 2835 quod
1607 2800 1635 2827 in
1648 2809 1678 2828 eo
1691 2801 1795 2828 verbum
1814 2801 1859 2827 Dei

1078 2848 1174 2883 legitur
1190 2852 1214 2874 et
1236 2851 1423 2874 annuntiatur.
1437 2847 1482 2873 l-Ist
1493 2846 1616 2881 ejusdem
1633 2847 1736 2883 mentio
1752 2848 1778 2874 iu
1793 2846 1860 2873 Tur-

1077 2902 1152 2928 cogr.
1165 2894 1181 2922 l.
1200 2901 1229 2927 ll,
1244 2902 1268 2929 p.
1289 2893 1348 2921 168.
1359 2892 1462 2921 Gnns.
