2041 3144
239 212 405 246 excipiuntur
417 219 474 247 qua
485 212 608 246 dicimus,
624 213 787 248 excipiuntur
802 222 860 248 qnte
877 215 982 247 dicitis;
996 220 1019 241 ιιι
1035 224 1056 251 Α

239 265 312 284 meus
325 265 410 284 sermo
425 263 448 285 et
463 263 555 287 uestrte
576 259 777 285 acclamationes
792 259 818 284 in
843 264 940 285 terram
969 268 1020 286 nan

239 304 347 332 cadunt.
363 304 484 338 Apertius
506 309 534 331 ut
548 305 646 337 dicam,
662 305 838 331 ecclesiastica
855 313 923 331 nunc
949 310 1021 339 gesta

239 349 406 383 conficimus.
421 349 466 376 Sic
480 350 550 376 enim
564 349 612 376 hoc
622 357 677 376 esse
692 353 820 384 quantum
839 350 872 377 ad
903 350 1020 377 homines

239 394 425 426 confirmatum
438 393 504 420 volo.
525 393 628 427 Populo
643 394 820 420 acclamatum
840 400 880 422 est
899 395 1020 430 trigesics

241 439 340 471 sexies,
355 440 408 466 Deo
419 440 531 474 gratias,
545 439 648 467 Christo
662 439 764 469 laudes.
779 439 887 467 Exaudi
897 441 1022 468 Christe!

239 486 386 519 Augustino
401 485 472 518 vita;
484 485 587 513 dictum
601 486 791 514 esttretlecies.
808 486 840 513 Et
855 487 905 515 sub
922 487 1018 514 linem:

240 527 292 557 Hic
304 531 369 557 mihi
380 532 545 565 responsione
560 537 645 559 vestra
653 539 717 566 opus
726 537 776 559 est.
793 531 904 560 Tcneant
915 540 1018 567 τωρωι·

239 576 338 602 sionem
352 581 475 604 uestram.
488 577 524 604 De
536 577 585 604 ltac
595 579 742 606 assertione
752 578 852 612 aliquid
861 578 1017 605 acclamale.

238 623 258 650 Α
275 623 377 657 populo
404 624 590 656 acclamatum,
617 623 692 656 Fiat,
713 625 761 658 ﬁat
775 632 784 650 :
812 625 918 655 dictum,
936 624 1020 652 vicies

239 669 397 703 quinquies.
414 669 525 703 Dignum
539 676 590 701 est,
614 670 718 704 fastum
743 675 793 702 est,
818 671 921 698 dictum
937 671 1020 698 vicies

240 715 336 742 octies.
354 714 427 746 Fiat,
443 716 490 749 ﬁat
506 715 628 743 :dictum
654 721 751 750 quater
775 717 875 745 decies.
891 717 960 744 Otim
978 717 1019 744 di-

240 768 317 794 gnus,
353 761 416 787 olim
441 761 574 789 meritus:
602 762 706 789 dictum
739 761 821 790 vicies
863 762 1018 797 quinquies.

239 805 348 833 JuJicio
360 812 404 833 tuo
422 808 523 841 gratias
538 809 652 842 agimus,
673 808 777 835 dictum
800 808 945 836 tredecies.
962 808 1016 835 Ea:-

241 851 318 884 uudi,
336 850 452 884 Christe,
481 852 610 881 Eradium
627 861 775 881 conserva:
797 853 900 880 dictum
933 854 1020 882 octies

240 896 342 923 decies.
358 895 439 924 Vides
473 897 517 924 hic
543 897 628 933 280
649 898 771 930 eamdem
794 898 1016 930 acclamationem
1035 889 1056 918 Β

240 943 364 970 iteratam
381 943 475 977 fuisse,
493 951 547 972 non
560 949 664 972 tantum
674 945 769 978 semel,
787 945 835 975 sed
858 952 886 973 et
908 946 1019 981 saepius,

239 987 296 1014 imo
313 987 475 1021 saepissime.

277 1032 314 1058 En
335 1032 400 1067 quid
426 1038 538 1061 senatus
560 1034 588 1061 in
604 1033 760 1068 Claudium,
787 1043 849 1064 cum
871 1035 1021 1071 imperator

241 1079 413 1106 renuntiatus
423 1087 505 1111 esset,
515 1080 586 1115 apud
602 1081 765 1109 Trebellium
779 1090 786 1109 :
800 1084 916 1117 Auguste
939 1082 1022 1110 Clau—

239 1125 278 1154 di.
293 1125 331 1151 dii
351 1129 375 1152 te
388 1125 460 1153 nobis
475 1131 600 1160 priestent
614 1135 624 1154 :
638 1128 738 1155 dictum
762 1129 896 1163 sexagirs.
924 1127 1022 1157 Claudi

241 1173 368 1206 Auguste,
379 1173 522 1208 principem
537 1179 570 1206 te,
586 1180 630 1200 aut
641 1174 728 1209 qualis
741 1179 768 1202 tu
783 1183 820 1208 es,
838 1182 937 1208 semper
945 1179 1021 1209 opta-

240 1219 324 1245 cimus
338 1226 348 1246 :
363 1219 466 1246 dictum
481 1219 654 1255 quadragies.
670 1220 767 1248 Claudi
786 1221 914 1256 Auguste,
928 1225 951 1249 te
966 1229 1017 1249 res-

240 1264 348 1302 publica
380 1265 551 1299 requirebat:
582 1265 684 1293 dictum
718 1267 889 1301 quadragies.
925 1267 1023 1294 Claudi

227 1312 368 1349 _Auguste,
384 1315 410 1337 tu
426 1311 520 1344 frater,
536 1315 563 1337 tu
589 1316 675 1345 pater,
701 1316 729 1338 tu
757 1313 868 1344 anticus,
885 1317 912 1339 tu
941 1312 1023 1340 bonus

240 1361 356 1390 senator,
373 1362 400 1384 tu
413 1365 469 1384 rere
481 1358 600 1392 princeps
614 1366 623 1385 :
639 1359 742 1385 dictum
763 1359 894 1386 octavies.
928 1358 1023 1386 Claudi

241 1400 368 1434 Auguste,
384 1406 412 1427 tu
430 1409 476 1428 nos
487 1401 519 1428 ab
531 1402 644 1430 Aureolo
671 1403 774 1430 vindica
793 1411 802 1431 :
822 1404 925 1431 dictum
945 1404 1024 1438 quin-

242 1445 331 1478 quies.
343 1445 438 1472 Claudi
448 1446 574 1481 Auguste,
590 1452 619 1474 tu
633 1456 679 1475 nos
692 1456 707 1474 a
721 1449 886 1484 Palmyreni:
902 1450 1021 1476 vindica:

241 1490 344 1516 dictum
359 1491 515 1526 quinquies.
531 1491 628 1520 Claudi
643 1493 771 1529 Auguste,
798 1500 827 1521 tu
847 1503 894 1522 nos
909 1503 924 1521 a
940 1494 1024 1521 Zeno-

243 1537 285 1563 bia
297 1541 320 1563 et
331 1536 479 1591 amVictoria
495 1538 577 1566 libera
593 1547 602 1566 :
617 1540 719 1567 dictum
735 1541 845 1576 septies.
859 1541 956 1568 Claudi
969 1542 1023 1568 Au-
1035 1559 1057 1591 Ο

242 1587 325 1616 gusta,
341 1582 457 1610 Tetricus
477 1583 542 1610 nihil
555 1584 605 1618 fuit
622 1593 631 1612 :
650 1586 752 1613 tlictutn
768 1587 881 1621 septies.

277 1628 334 1655 Nec
355 1629 433 1657 bonis
449 1634 553 1657 tantum
585 1631 666 1662 bona,
679 1632 725 1659 sed
745 1635 772 1659 et
803 1631 871 1658 mala
902 1632 981 1660 malis
995 1633 1021 1659 in

243 1673 403 1708 lntjnsmodi
442 1677 688 1705 acclamationibus
723 1678 942 1713 apprecabantur
982 1679 1022 1706 vel

243 1721 321 1754 quasi
343 1721 405 1755 jure
440 1729 491 1749 suo
522 1722 713 1759 eﬂlagitabant.
742 1723 852 1752 lllustre
876 1724 957 1760 bujus
984 1725 1022 1751 rei

243 1767 395 1801 exemplum
421 1768 576 1802 suppeditat
604 1768 693 1797 Elius
723 1769 907 1805 Lampridius,
952 1770 1021 1805 apud

243 1820 323 1846 qttetn
347 1813 429 1840 habes
466 1815 676 1842 acclamationes
703 1822 817 1843 senatus
846 1816 873 1842 in
901 1816 1021 1843 occisum

243 1858 422 1885 Commodum
449 1859 663 1893 imperatorem:
691 1859 768 1887 Hosti
794 1861 890 1895 putria:
913 1861 1022 1887 honores

241 1903 426 1936 detrahuntur,
442 1905 584 1939 parricida
600 1906 710 1933 honores
724 1906 908 1938 detrahantur,
936 1907 1023 1940 patri-

241 1950 301 1977 cida
317 1952 446 1978 trahatur.
462 1951 552 1978 Hostis
565 1952 669 1986 patria,
689 1951 832 1985 parricida,
849 1951 983 1986 gladiator
996 1952 1022 1978 in

241 1996 367 2030 spoliario
385 1997 509 2024 lanietur.
519 1997 612 2024 Hostis
625 1998 745 2030 deorum,
765 1998 886 2032 carnifex
902 2002 1019 2030 senatus,

241 2043 321 2070 hostis
338 2043 454 2076 deorum,
466 2044 599 2078 parricida
611 2044 827 2070 senatus.Hostis
847 2044 963 2076 deorum,
979 2044 1024 2070 Ito-

240 2089 287 2115 stis
300 2093 418 2116 senatus.
435 2087 616 2115 Gladiatorem
630 2089 656 2115 in
673 2088 809 2123 spoliario.
828 2089 880 2120 Qui
904 2093 1023 2115 senatum

241 2135 344 2167 occidit,
357 2135 384 2161 in
398 2134 522 2169 spoliario
536 2139 660 2170 ponatur.
690 2133 742 2166 Qui
770 2138 889 2161 senatum
918 2133 1022 2165 occidit,

241 2189 308 2207 unco
323 2181 457 2208 trahatur.
471 2181 523 2214 Qui
536 2181 683 2208 innocentes
699 2180 805 2211 occidit,
820 2187 886 2206 unco
899 2179 1023 2205 trahatur

769 161 808 191 IN
836 162 985 192 LlBRUM
1015 156 1062 192 DE
1086 161 1251 191 OFFICllS
1271 160 1327 190 ΕΡ.

1801 159 1854 193 312

1071 215 1210 249 parricida:
1226 219 1322 241 statuta
1338 214 1522 242 detrahantur.
1539 212 1654 241 Necator
1663 213 1759 241 civium
1792 219 1852 241 tra-

1073 260 1161 291 hatur,
1177 260 1312 294 parricida
1330 260 1426 286 ciuium
1446 260 1578 287 trahatur.
1604 259 1767 287 Gladiatoria
1796 266 1852 286 sta-
1885 264 1887 266 '

1072 311 1123 332 tua'
1137 306 1321 333 detrahantur.
1343 306 1379 334 Τσ
1400 306 1473 333 saluo
1492 306 1561 333 salvi
1588 310 1613 332 et
1641 307 1727 333 securi
1749 314 1852 338 sanius,

1071 360 1136 383 rere,
1145 361 1217 384 vero;
1229 353 1304 379 modo
1320 350 1408 388 digne,
1423 353 1498 379 modo
1509 360 1576 385 vere,
1588 352 1663 379 modo
1673 351 1762 379 libere.
1775 351 1852 378 Nunc

1071 398 1155 424 securi
1171 405 1272 424 smnus.
1296 397 1463 424 Delatoribus
1479 402 1586 425 metum.
1602 397 1633 425 Ut
1657 397 1742 423 securi
1755 397 1850 428 simus,

1071 442 1360 475 delatoribusmetum;
1381 448 1409 468 ut
1442 442 1508 469 salvi
1541 443 1633 474 sintut,
1663 442 1794 469 delatores
1821 443 1854 468 de

1071 492 1174 513 senatu.
1197 486 1363 513 Delatoribus
1388 487 1484 521 fustem
1501 491 1524 513 te
1535 486 1618 513 salvo.
1650 485 1786 513 Delatorcs
1816 486 1850 512 ad

1073 532 1170 559 leonem
1184 537 1208 559 te
1225 533 1380 567 imperante.
1401 532 1567 559 Delatoribus
1586 532 1692 566 fustem.
1706 531 1853 558 Parricida:

1071 579 1226 613 gladiatoris
1239 579 1362 605 memoria
1383 578 1533 609 oboleatnr,
1546 577 1687 610 parricida:
1718 577 1853 612 gladiatoc

1071 625 1108 651 ris
1120 629 1218 652 statue
1233 625 1417 651 detrahantur.
1447 624 1551 659 lmpuri
1575 623 1733 659 gladiatoris
1758 631 1855 650 memo-

1071 671 1112 697 ria
1141 671 1293 702 abolentur;
1324 670 1498 705 gladiatorem
1527 671 1554 696 in
1579 669 1716 703 spoliario.
1734 668 1849 700 Exaudi,
1881 676 1886 690 I

1072 717 1171 743 σίτων.
1198 716 1326 751 Carnifex
1353 724 1419 743 unco
1439 715 1570 743 trahatur.
1588 715 1717 750 Carnifex
1746 720 1852 742 senatus

1072 770 1141 789 more
1173 762 1304 796 majorum
1315 770 1381 789 unco
1415 762 1547 789 trahatur.
1563 761 1663 788 Stroior
1688 760 1849 791 Domitiano.
1874 781 1878 797 π

1071 807 1200 840 impurior
1214 807 1329 839 Nerone,
1345 808 1383 835 sic
1410 807 1482 842 fecit,
1504 808 1540 834 sic
1568 809 1699 842 patiatur.
1720 807 1851 834 Memoria:

1070 853 1244 880 innocentium
1251 858 1395 885 serventur,
1406 853 1515 881 [tonores
1525 854 1704 880 innocentium
1716 853 1849 880 restitsas.

1070 898 1213 935 Rogamus.
1225 899 1366 934 parricida:
1377 899 1488 927 cadaver
1499 907 1565 927 unco
1580 901 1714 932 trahatur,
1723 898 1852 934 gladiato—

1072 946 1109 972 ris
1123 945 1234 972 cadaver
1247 946 1273 972 in
1282 945 1407 979 spoliario
1415 950 1540 979 portatur.
1568 945 1696 981 Perroga,
1711 945 1824 980 Perroga
1841 952 1852 971 :

1072 1000 1159 1018 omnes
1167 991 1246 1026 281
1255 999 1386 1018 censemus
1404 999 1468 1018 unco
1478 991 1642 1019 trahendum.
1653 990 1703 1024 Qui
1713 999 1796 1018 annos
1807 999 1851 1017 oc-

1072 1037 1146 1068 cidit,
1154 1045 1219 1064 unca
1230 1038 1360 1064 trahatur.
1370 1036 1530 1069 Quiomnem
1538 1042 1643 1065 atatem
1664 1036 1766 1069 occitﬁt,
1785 1045 1854 1064 unto

1073 1083 1206 1110 trahatur.
1216 1083 1266 1116 Qui
1276 1087 1414 1118 utrumque
1421 1091 1511 1110 suum
1531 1083 1636 1118 occidit,
1646 1091 1712 1111 unca
1719 1083 1852 1112 trahatur,

1073 1130 1125 1164 Qui
1132 1131 1256 1166 sanguini
1263 1139 1310 1158 suo
1319 1139 1371 1157 non
1381 1131 1503 1165 pepercit,
1514 1140 1579 1158 unco
1589 1132 1716 1158 traitatar.
1726 1131 1777 1163 Qui
1788 1135 1838 1156 tem
1845 1143 1854 1149 -

1072 1175 1116 1210 pla
1136 1175 1269 1210 spoliavit,
1284 1183 1350 1202 unco
1366 1176 1496 1203 trahatur.
1512 1175 1562 1208 Qui
1579 1180 1733 1203 testamenta
1748 1175 1852 1206 deleuit,

1073 1229 1140 1248 unco
1152 1222 1282 1249 trahatur.
1303 1221 1355 1254 Qui
1374 1223 1443 1250 vivos
1460 1221 1592 1254 spoliavit,
1619 1230 1685 1249 unco
1719 1221 1853 1248 trahatur.

1072 1265 1160 1294 Servis
1180 1267 1342 1295 set-vivimus.
1368 1269 1420 1300 Qui
1444 1269 1528 1303 pretia
1545 1269 1604 1296 vitta
1622 1268 1705 1303 exegit
1729 1273 1752 1294 et
1776 1267 1853 1301 fidem

1074 1321 1125 1340 non
1139 1314 1264 1345 servavit,
1285 1321 1352 1340 unco
1369 1315 1503 1342 trahatur.
1521 1314 1573 1346 Qui
1590 1319 1712 1341 senatum
1729 1313 1853 1343 vendidit,

1074 1368 1141 1386 unco
1154 1360 1288 1387 trahatur.
1307 1360 1357 1392 Qui
1376 1360 1439 1394 filiis
1452 1360 1562 1387 abstulit
1581 1361 1771 1391 ha'rcditatcm,
1788 1367 1855 1386 unco

1075 1406 1205 1432 trahatur.
1221 1404 1325 1432 Indices
1339 1405 1371 1432 de
1379 1409 1483 1436 senatu,
1494 1404 1624 1432 delatores
1636 1405 1667 1431 de
1679 1409 1782 1435 senatu,
1800 1411 1854 1430 ser-

1074 1457 1165 1482 uorum
1188 1451 1372 1479 subornatores
1393 1451 1425 1477 de
1441 1456 1543 1478 senatu.
1571 1449 1604 1477 Et
1625 1455 1653 1477 tu
1672 1450 1803 1476 nobiscum
1820 1449 1853 1475 ti-

1075 1495 1176 1528 muisti,
1200 1497 1288 1524 omnia
1308 1497 1378 1530 scis,
1400 1496 1480 1523 bonos
1502 1501 1526 1523 et
1550 1497 1634 1523 malos
1660 1496 1739 1522 nosti.
1761 1494 1855 1521 Omnia

1075 1541 1137 1573 scis,
1154 1541 1241 1568 omnia
1262 1541 1380 1569 eruenda.
1395 1541 1449 1568 Pro
1464 1545 1488 1568 te
1503 1541 1650 1568 timuimus.
1670 1540 1692 1568 0
1707 1548 1752 1567 nos
1767 1539 1855 1574 felices

1075 1592 1099 1614 te
1114 1588 1169 1614 viro
1182 1589 1337 1622 imperante.
1355 1587 1391 1614 De
1404 1587 1537 1622 parricida
1550 1587 1628 1621 refer,
1640 1586 1717 1620 refer,
1727 1592 1855 1620 perroga:

1073 1634 1238 1669 prtesentiam
1261 1638 1334 1660 tuam
1357 1641 1489 1668 rogamus.
1515 1632 1670 1660 lnnocentes
1687 1632 1782 1663 sepulti
1804 1639 1855 1657 non

1073 1683 1152 1711 sunt;
1169 1679 1309 1714 parricida:
1325 1678 1437 1705 cadaver
1457 1678 1590 1705 trahatur.
1611 1677 1754 1704 Parricida
1770 1684 1857 1711 πριιι-

1075 1728 1115 1752 tos
1126 1725 1204 1756 eruit,
1216 1723 1358 1758 parricida:
1371 1722 1481 1750 cadaver
1496 1724 1628 1750 trahatur.
1778 1756 1784 1763 .

1109 1769 1212 1797 Similis
1227 1769 1313 1796 ferme
1321 1773 1362 1796 est
1377 1769 1420 1795 illa
1436 1769 1604 1802 ὲπιφώνησις
1622 1775 1681 1803 quae
1703 1768 1729 1794 in
1747 1767 1854 1802 synodo

1073 1817 1124 1844 sub
1144 1816 1218 1843 Mena
1235 1816 1342 1844 actione
1357 1813 1390 1842 IV
1406 1815 1514 1850 legitur.
1534 1814 1685 1841 Multianni
1711 1814 1854 1849 imperato-

1073 1862 1121 1893 ris,
1142 1862 1218 1889 multi
1231 1861 1294 1888 anni
1308 1861 1477 1895 patriarchas.
1495 1859 1602 1886 Petrum
1617 1860 1729 1887 Zoaram
1740 1865 1764 1886 et
1779 1859 1855 1886 Sere-

1073 1916 1131 1934 rum
1148 1907 1223 1934 modo
1237 1907 1442 1934 anathematiza.
1465 1906 1645 1934 Orthodoxum
1672 1906 1854 1938 imperatorem

1073 1952 1170 1979 habes:
1187 1952 1332 1987 quidtitnes
1344 1951 1405 1978 ieos
1418 1952 1463 1986 qui
1474 1951 1675 1985 parabaptizant
1692 1950 1755 1983 εἰὶσε
1769 1950 1850 1988 [οι-ιιι.

1074 1996 1107 2023 Et
1119 2004 1178 2023 cum
1189 1997 1319 2023 .monachi
1339 1996 1578 2032 Hierosolymorum
1596 2000 1766 2031 porrexerunt
1777 1995 1854 2022 char-

1074 2048 1138 2076 tam,
1154 2042 1267 2070 universi
1280 2042 1456 2069 clamauerunt
1466 2050 1475 2068 :
1490 2041 1571 2068 Multi
1595 2042 1658 2068 anni
1686 2041 1852 2073 patriarcha.

1073 2087 1202 2115 Libellum
1219 2087 1404 2114 monachorum
1419 2087 1494 2116 modo
1509 2087 1621 2122 suscipe.
1636 2086 1753 2114 Libellus
1779 2086 1854 2112 modo

1074 2134 1186 2168 legatur.
1205 2132 1255 2160 Eos
1267 2133 1312 2168 qui
1332 2140 1378 2167 per
1405 2133 1512 2159 domum
1542 2131 1677 2167 baptizant
1697 2132 1761 2166 ejice
1772 2132 1853 2166 foras.

1075 2178 1230 2213 Speluncam
1245 2179 1339 2206 Zoarw
1356 2180 1431 2205 modo
1458 2183 1588 2213 torqueas.
1608 2177 1685 2204 Multi
1713 2177 1777 2203 anni
1802 2185 1856 2210 pa—

241 2227 335 2259 hostis,
349 2226 491 2261 parricida,
506 2235 574 2259 uere,
591 2234 685 2254 serere.
699 2226 751 2260 Qui
767 2226 889 2261 sanguini
907 2233 954 2252 suo
972 2233 1023 2252 non
1039 2232 1063 2263 ι)
1077 2224 1210 2251 triarchtu.
1228 2224 1441 2258 Parabaptistam
1456 2224 1531 2251 νηοάο
1542 2223 1749 2250 anathematiza.
1777 2222 1854 2249 Citri-

241 2274 362 2306 pepercit,
391 2281 456 2300 unco
469 2274 600 2300 Ira/tatur.
618 2273 669 2306 Qui
686 2277 710 2300 te
726 2273 858 2300 occisurus
875 2272 934 2307 fuit,
957 2279 1023 2298 unco

242 2318 373 2347 trahatur.
390 2318 534 2346 Nobiscum
561 2319 682 2351 timuisti,
698 2318 833 2345 nobiscum
861 2316 1022 2352 periclitatus

241 2373 276 2390 es.
293 2364 323 2392 Ut
335 2364 399 2390 salvi
418 2364 511 2397 simus,
538 2363 652 2399 Jupiter,
673 2364 768 2398 optime
797 2364 920 2395 maxime,
948 2371 1020 2390 serva

241 2411 314 2437 nobis
324 2409 496 2438 Pertinacem.
508 2411 581 2437 Fidei
589 2411 808 2444 prtetorianorum
819 2410 926 2443 feliciter
937 2430 944 2440 ,
956 2418 1017 2443 prir-

244 2457 317 2483 tariis
328 2457 476 2483 cohortibus
487 2457 608 2490 feliciter,
619 2456 773 2484 exercitibus
787 2455 914 2482 Romanis
938 2455 1022 2490 felici-

242 2510 291 2534 tcr,
299 2502 392 2533 pietati
404 2506 510 2529 senatus
533 2502 654 2537 feliciter.
666 2501 804 2529 Parricida
823 2501 955 2528 trahatur.
970 2501 1021 2527 lio-

240 2556 342 2582 g/mnus,
376 2547 502 2582 Anguste,
534 2547 669 2582 parricida
696 2547 828 2574 trahatur.
855 2546 911 2573 Hoc
944 2555 1021 2581 roga-

241 2602 308 2626 mus,
337 2593 472 2626 parricida
508 2593 645 2625 trahatur;
674 2592 781 2624 exaudi,
815 2591 914 2619 Catsar.
943 2591 1021 2618 Dela-

239 2647 307 2667 tures
325 2641 360 2669 ad
389 2640 509 2672 leonem;
547 2639 653 2669 exaudi.
685 2638 785 2666 Cwsar.
827 2637 961 2665 Delatores
986 2637 1020 2664 ad

239 2688 337 2712 leonem
347 2693 355 2718 ;
367 2685 473 2715 exaudi.
488 2685 589 2713 Caesar.
605 2684 745 2718 Speratum
759 2682 792 2709 ad
807 2682 917 2710 leonem.
936 2682 1020 2709 Victo-

240 2731 287 2757 ria:
301 2730 390 2764 populi
405 2730 517 2757 Romani
537 2729 666 2764 feliciter;
685 2728 744 2763 ﬁdei
765 2728 879 2755 militum
894 2728 1018 2762 feliciter;

238 2776 301 2810 [ulei
317 2778 538 2810 pratorianorum
563 2775 691 2809 feliciter;
715 2774 865 2801 cohortibus
888 2775 1019 2809 pra'toriis

237 2821 356 2856 feliciter.
370 2821 463 2850 (lastis
476 2827 579 2850 statuas
598 2821 721 2857 undique,
750 2821 889 2856 parricida:
914 2826 1017 2848 statuas

237 2867 359 2903 itm/ique,
376 2868 534 2906 gladiatoris
550 2873 650 2896 statuas
668 2869 799 2904 undique;
826 2867 980 2902 gladiatoris
994 2872 1017 2894 ct

1075 2270 1157 2297 stiani
1175 2270 1341 2304 imperatoris
1355 2270 1432 2296 multi
1442 2270 1515 2296 anni.
1530 2268 1675 2296 Orthodoxi
1689 2268 1854 2302 imperatoris

1074 2316 1150 2343 multi
1177 2317 1249 2343 anni.
1284 2315 1420 2350 Spelunctc
1447 2315 1627 2342 hterett'corum
1657 2314 1734 2340 modo
1751 2313 1853 2340 ardent.

1078 2362 1163 2389 Vincit
1185 2363 1249 2396 fides
1270 2362 1446 2397 imperatoris.
1467 2359 1632 2389 Orthodoxus
1655 2364 1764 2394 regnat:
1792 2359 1854 2394 quid

1073 2409 1148 2436 times
1158 2409 1171 2435 .9
1185 2408 1278 2435 Petrus
1291 2414 1371 2442 quare
1387 2407 1462 2434 habet
1475 2407 1634 2434 monasteria
1648 2407 1660 2433 .9
1679 2406 1772 2433 Omnes
1800 2406 1853 2432 luc-

1073 2456 1166 2482 reticos
1183 2453 1219 2480 ibi
1239 2453 1326 2481 habet.
1342 2453 1476 2486 Severum,
1486 2452 1595 2480 Petrum
1610 2456 1634 2478 et
1649 2451 1762 2478 Zoaram
1778 2452 1853 2478 modo

1072 2501 1277 2528 anathematisa.
1300 2499 1416 2526 Trinitas
1429 2504 1479 2526 tres
1508 2498 1852 2526 anathematizat.Anothe-

1072 2555 1115 2574 ma
1132 2546 1240 2574 Set-erus
1256 2546 1348 2573 Petrus
1363 2551 1387 2573 et
1403 2544 1514 2572 Zaoras.
1537 2545 1659 2572 Severum
1682 2544 1852 2571 Maniclttrum

1072 2592 1147 2619 modo
1158 2592 1360 2618 anathematiza.
1380 2591 1463 2618 Vincit
1472 2590 1536 2624 ﬁdes
1545 2589 1769 2617 Christianorum.
1779 2588 1853 2616 Multi

1071 2639 1132 2664 anni
1145 2638 1311 2672 patriarchae.
1318 2637 1441 2664 Inimicos
1454 2636 1554 2664 Christi
1562 2636 1640 2664 modo
1647 2635 1850 2663 anathematiza.

1072 2682 1215 2709 Ilmreticos
1253 2683 1329 2709 modo
1362 2682 1568 2709 anothemotiza.
1609 2680 1850 2707 Anathematizatos

1071 2729 1147 2754 modo
1163 2729 1258 2755 anathe
1269 2729 1370 2755 nutiza.
1391 2727 1476 2755 Vincit
1490 2727 1555 2762 ﬁdes
1571 2720 1797 2754 Christianorum.

1106 2775 1137 2801 Et
1149 2775 1210 2802 Λα.
1236 2775 1262 2807 5,
1289 2782 1349 2809 quae
1375 2779 1453 2800 antea
1481 2774 1508 2800 in
1538 2773 1654 2808 vulgatis
1685 2770 1849 2799 editionibus

1071 2821 1175 2848 solebat
1188 2828 1250 2849 esse
1275 2821 1372 2856 prima,
1387 2825 1476 2848 exstat
1492 2820 1650 2855 longissima
1678 2816 1848 2846 acclamatio,

1071 2875 1124 2901 qua
1140 2866 1238 2901 partim
1262 2867 1333 2894 bona
1348 2866 1477 2902 Augustis
1502 2870 1529 2893 et
1556 2864 1729 2901 patriarcha,
1754 2861 1848 2898 partim
