  <div class='ocr_page' id='page_1' title='image "/cluster/home/n/w/nwhite01/storage/ocr_20150623/157/njp.32101077773222/164.png"; bbox 0 0 2041 3144; ppageno 0'>
   <div class='ocr_carea' id='block_1_1' title="bbox 175 151 230 183">
    <p class='ocr_par' dir='ltr' id='par_1_1' title="bbox 175 151 230 183">
     <span class='ocr_line' id='line_1_1' title="bbox 175 151 230 183; baseline 0 -1"><span class='ocrx_word' id='word_1_1' title='bbox 175 151 230 183; x_wconf 70' lang='lat'><strong>313</strong></span> 
     </span>
    </p>
   </div>
   <div class='ocr_carea' id='block_1_2' title="bbox 733 155 1268 187">
    <p class='ocr_par' dir='ltr' id='par_1_2' title="bbox 733 155 1268 187">
     <span class='ocr_line' id='line_1_2' title="bbox 733 155 1268 187; baseline 0.004 -2"><span class='ocrx_word' id='word_1_2' title='bbox 733 155 926 185; x_wconf 81' lang='lat' dir='ltr'><strong>GRETSERI</strong></span> <span class='ocrx_word' id='word_1_3' title='bbox 945 156 990 185; x_wconf 82' lang='grc' dir='ltr'><strong>ΕΤ</strong></span> <span class='ocrx_word' id='word_1_4' title='bbox 1009 155 1127 186; x_wconf 80' lang='lat' dir='ltr'><strong>GOARI</strong></span> <span class='ocrx_word' id='word_1_5' title='bbox 1149 156 1268 187; x_wconf 73' lang='lat' dir='ltr'><strong>NOT/E.</strong></span> 
     </span>
    </p>
   </div>
   <div class='ocr_carea' id='block_1_3' title="bbox 1745 158 1798 192">
    <p class='ocr_par' dir='ltr' id='par_1_3' title="bbox 1745 158 1798 192">
     <span class='ocr_line' id='line_1_3' title="bbox 1745 158 1798 192; baseline 0.038 -2"><span class='ocrx_word' id='word_1_6' title='bbox 1745 158 1798 192; x_wconf 69' lang='grc'><strong>311</strong></span> 
     </span>
    </p>
   </div>
   <div class='ocr_carea' id='block_1_4' title="bbox 176 208 1797 250">
    <p class='ocr_par' dir='ltr' id='par_1_4' title="bbox 176 208 1797 250">
     <span class='ocr_line' id='line_1_4' title="bbox 176 208 1797 250; baseline 0.005 -16"><span class='ocrx_word' id='word_1_7' title='bbox 176 208 248 236; x_wconf 83' lang='lat' dir='ltr'><strong>mala</strong></span> <span class='ocrx_word' id='word_1_8' title='bbox 273 208 410 238; x_wconf 64' lang='lat' dir='ltr'><strong>haereticis</strong></span> <span class='ocrx_word' id='word_1_9' title='bbox 453 211 570 246; x_wconf 90' lang='lat' dir='ltr'><strong>populus</strong></span> <span class='ocrx_word' id='word_1_10' title='bbox 594 211 772 246; x_wconf 82' lang='lat' dir='ltr'><strong>imprecatur.</strong></span> <span class='ocrx_word' id='word_1_11' title='bbox 802 213 883 240; x_wconf 86' lang='lat' dir='ltr'><strong>Multi</strong></span> <span class='ocrx_word' id='word_1_12' title='bbox 907 214 960 241; x_wconf 76' lang='lat' dir='ltr'><strong>sint</strong></span> <span class='ocrx_word' id='word_1_13' title='bbox 977 219 998 245; x_wconf 68' lang='grc' dir='ltr'><strong>Α</strong></span> <span class='ocrx_word' id='word_1_14' title='bbox 1013 215 1162 249; x_wconf 83' lang='lat' dir='ltr'><strong>superioris</strong></span> <span class='ocrx_word' id='word_1_15' title='bbox 1171 215 1267 249; x_wconf 81' lang='lat' dir='ltr'><strong>capitis</strong></span> <span class='ocrx_word' id='word_1_16' title='bbox 1283 214 1346 250; x_wconf 76' lang='lat' dir='ltr'><strong>(col.</strong></span> <span class='ocrx_word' id='word_1_17' title='bbox 1363 214 1411 242; x_wconf 73' lang='grc'><strong>281</strong></span> <span class='ocrx_word' id='word_1_18' title='bbox 1433 215 1475 250; x_wconf 90' lang='grc'><strong>1)),</strong></span> <span class='ocrx_word' id='word_1_19' title='bbox 1490 215 1577 243; x_wconf 85' lang='lat' dir='ltr'><strong>amice</strong></span> <span class='ocrx_word' id='word_1_20' title='bbox 1591 215 1686 248; x_wconf 89' lang='lat' dir='ltr'><strong>lector,</strong></span> <span class='ocrx_word' id='word_1_21' title='bbox 1704 224 1797 244; x_wconf 80' lang='lat' dir='ltr'><strong>recur-</strong></span> 
     </span>
    </p>
   </div>
   <div class='ocr_carea' id='block_1_5' title="bbox 176 254 959 292">
    <p class='ocr_par' dir='ltr' id='par_1_5' title="bbox 176 254 959 292">
     <span class='ocr_line' id='line_1_5' title="bbox 176 254 959 292; baseline 0.009 -13"><span class='ocrx_word' id='word_1_22' title='bbox 176 254 427 289; x_wconf 75' lang='lat' dir='ltr'><strong>anttt&#39;t&#39;mperatoria,</strong></span> <span class='ocrx_word' id='word_1_23' title='bbox 445 257 522 284; x_wconf 79' lang='lat' dir='ltr'><strong>multi</strong></span> <span class='ocrx_word' id='word_1_24' title='bbox 537 258 601 284; x_wconf 80' lang='lat' dir='ltr'><strong>anni</strong></span> <span class='ocrx_word' id='word_1_25' title='bbox 617 258 751 292; x_wconf 74' lang='lat' dir='ltr'><strong>Attgnsltt,</strong></span> <span class='ocrx_word' id='word_1_26' title='bbox 763 263 814 286; x_wconf 84' lang='lat' dir='ltr'><strong>etc.</strong></span> <span class='ocrx_word' id='word_1_27' title='bbox 836 259 959 289; x_wconf 78' lang='lat' dir='ltr'><strong>Severum</strong></span> 
     </span>
    </p>
   </div>
   <div class='ocr_carea' id='block_1_6' title="bbox 176 299 958 338">
    <p class='ocr_par' dir='ltr' id='par_1_6' title="bbox 176 299 958 338">
     <span class='ocr_line' id='line_1_6' title="bbox 176 299 958 338; baseline 0.005 -12"><span class='ocrx_word' id='word_1_28' title='bbox 176 299 350 329; x_wconf 63' lang='lat' dir='ltr'><strong>Manicheum</strong></span> <span class='ocrx_word' id='word_1_29' title='bbox 387 302 461 334; x_wconf 69' lang='grc' dir='ltr'><em>εἰὶσε,</em></span> <span class='ocrx_word' id='word_1_30' title='bbox 491 307 540 330; x_wconf 80' lang='lat' dir='ltr'><strong>etc.</strong></span> <span class='ocrx_word' id='word_1_31' title='bbox 577 303 745 338; x_wconf 77' lang='lat' dir='ltr'><strong>Effodiantur</strong></span> <span class='ocrx_word' id='word_1_32' title='bbox 773 313 834 332; x_wconf 77' lang='lat' dir='ltr'><strong>oua</strong></span> <span class='ocrx_word' id='word_1_33' title='bbox 871 305 958 332; x_wconf 70' lang='lat' dir='ltr'><strong>Alaui-</strong></span> 
     </span>
    </p>
   </div>
   <div class='ocr_carea' id='block_1_7' title="bbox 175 345 977 384">
    <p class='ocr_par' dir='ltr' id='par_1_7' title="bbox 175 345 977 384">
     <span class='ocr_line' id='line_1_7' title="bbox 175 345 977 384; baseline 0.007 -13"><span class='ocrx_word' id='word_1_34' title='bbox 175 345 317 378; x_wconf 76' lang='lat' dir='ltr'><strong>clnzorum,</strong></span> <span class='ocrx_word' id='word_1_35' title='bbox 333 350 382 374; x_wconf 75' lang='lat' dir='ltr'><strong>etc.</strong></span> <span class='ocrx_word' id='word_1_36' title='bbox 399 346 523 377; x_wconf 71' lang='lat' dir='ltr'><strong>Severum</strong></span> <span class='ocrx_word' id='word_1_37' title='bbox 538 347 713 376; x_wconf 70' lang='lat' dir='ltr'><strong>Martia/mum</strong></span> <span class='ocrx_word' id='word_1_38' title='bbox 729 349 801 384; x_wconf 77' lang='lat' dir='ltr'><strong>foras</strong></span> <span class='ocrx_word' id='word_1_39' title='bbox 812 349 886 384; x_wconf 80' lang='lat' dir='ltr'><strong>ejice,</strong></span> <span class='ocrx_word' id='word_1_40' title='bbox 908 355 977 377; x_wconf 59' lang='grc' dir='ltr'><strong>(παρ’</strong></span> 
     </span>
    </p>
   </div>
   <div class='ocr_carea' id='block_1_8' title="bbox 177 391 958 427">
    <p class='ocr_par' dir='ltr' id='par_1_8' title="bbox 177 391 958 427">
     <span class='ocr_line' id='line_1_8' title="bbox 177 391 958 427; baseline 0.006 -10"><span class='ocrx_word' id='word_1_41' title='bbox 177 391 291 422; x_wconf 79' lang='lat' dir='ltr'><strong>Quinan</strong></span> <span class='ocrx_word' id='word_1_42' title='bbox 318 393 527 420; x_wconf 71' lang='lat' dir='ltr'><strong>anathematizat</strong></span> <span class='ocrx_word' id='word_1_43' title='bbox 558 394 691 427; x_wconf 75' lang='lat' dir='ltr'><strong>Seruum,</strong></span> <span class='ocrx_word' id='word_1_44' title='bbox 717 395 880 423; x_wconf 72' lang='lat' dir='ltr'><strong>Manic/ucus</strong></span> <span class='ocrx_word' id='word_1_45' title='bbox 909 401 958 422; x_wconf 73' lang='lat' dir='ltr'><strong>est.</strong></span> 
     </span>
    </p>
   </div>
   <div class='ocr_carea' id='block_1_9' title="bbox 177 435 958 476">
    <p class='ocr_par' dir='ltr' id='par_1_9' title="bbox 177 435 958 476">
     <span class='ocr_line' id='line_1_9' title="bbox 177 435 958 476; baseline 0.008 -14"><span class='ocrx_word' id='word_1_46' title='bbox 177 435 249 470; x_wconf 74' lang='lat' dir='ltr'><strong>Ejicc</strong></span> <span class='ocrx_word' id='word_1_47' title='bbox 261 437 335 470; x_wconf 69' lang='lat' dir='ltr'><strong>[om</strong></span> <span class='ocrx_word' id='word_1_48' title='bbox 368 438 503 466; x_wconf 78' lang='lat' dir='ltr'><strong>Severum.</strong></span> <span class='ocrx_word' id='word_1_49' title='bbox 533 439 637 467; x_wconf 82' lang='lat' dir='ltr'><strong>Novum</strong></span> <span class='ocrx_word' id='word_1_50' title='bbox 663 440 765 468; x_wconf 75' lang='lat' dir='ltr'><strong>Iudam</strong></span> <span class='ocrx_word' id='word_1_51' title='bbox 789 441 854 476; x_wconf 69' lang='lat' dir='ltr'><strong>cjiee</strong></span> <span class='ocrx_word' id='word_1_52' title='bbox 875 442 958 474; x_wconf 72' lang='lat' dir='ltr'><strong>foras.</strong></span> 
     </span>
    </p>
   </div>
   <div class='ocr_carea' id='block_1_10' title="bbox 176 481 960 521">
    <p class='ocr_par' dir='ltr' id='par_1_10' title="bbox 176 481 960 521">
     <span class='ocr_line' id='line_1_10' title="bbox 176 481 960 521; baseline 0.006 -14"><span class='ocrx_word' id='word_1_53' title='bbox 176 481 365 510; x_wconf 68' lang='lat' dir='ltr'><strong>[insidiatorem</strong></span> <span class='ocrx_word' id='word_1_54' title='bbox 381 483 519 511; x_wconf 72' lang='lat' dir='ltr'><strong>Trinitatis</strong></span> <span class='ocrx_word' id='word_1_55' title='bbox 537 486 600 518; x_wconf 78' lang='lat' dir='ltr'><strong>ejice</strong></span> <span class='ocrx_word' id='word_1_56' title='bbox 609 487 693 521; x_wconf 73' lang='lat' dir='ltr'><strong>foras,</strong></span> <span class='ocrx_word' id='word_1_57' title='bbox 705 492 754 514; x_wconf 82' lang='lat' dir='ltr'><strong>etc.</strong></span> <span class='ocrx_word' id='word_1_58' title='bbox 777 487 960 514; x_wconf 74' lang='lat' dir='ltr'><strong>Exltuntentur</strong></span> 
     </span>
    </p>
   </div>
   <div class='ocr_carea' id='block_1_11' title="bbox 179 527 960 567">
    <p class='ocr_par' dir='ltr' id='par_1_11' title="bbox 179 527 960 567">
     <span class='ocr_line' id='line_1_11' title="bbox 179 527 960 567; baseline 0.008 -14"><span class='ocrx_word' id='word_1_59' title='bbox 179 534 240 553; x_wconf 70' lang='lat' dir='ltr'><strong>ossa</strong></span> <span class='ocrx_word' id='word_1_60' title='bbox 256 527 487 557; x_wconf 72' lang='lat' dir='ltr'><strong>Nestorianorum.</strong></span> <span class='ocrx_word' id='word_1_61' title='bbox 513 529 694 558; x_wconf 71' lang='lat' dir='ltr'><strong>Exltuntentur</strong></span> <span class='ocrx_word' id='word_1_62' title='bbox 712 540 770 559; x_wconf 76' lang='lat' dir='ltr'><strong>ossa</strong></span> <span class='ocrx_word' id='word_1_63' title='bbox 783 532 960 567; x_wconf 44' lang='lat' dir='ltr'><strong>Eatycltiaut&quot;</strong></span> 
     </span>
    </p>
   </div>
   <div class='ocr_carea' id='block_1_12' title="bbox 173 575 960 615">
    <p class='ocr_par' dir='ltr' id='par_1_12' title="bbox 173 575 960 615">
     <span class='ocr_line' id='line_1_12' title="bbox 173 575 960 615; baseline 0.006 -16"><span class='ocrx_word' id='word_1_64' title='bbox 173 579 284 601; x_wconf 75' lang='lat' dir='ltr'><strong>uerunt.</strong></span> <span class='ocrx_word' id='word_1_65' title='bbox 297 575 362 608; x_wconf 76' lang='lat' dir='ltr'><strong>Quis</strong></span> <span class='ocrx_word' id='word_1_66' title='bbox 387 581 424 603; x_wconf 79' lang='lat' dir='ltr'><strong>est</strong></span> <span class='ocrx_word' id='word_1_67' title='bbox 435 576 611 605; x_wconf 73' lang='lat' dir='ltr'><strong>Nestorianus</strong></span> <span class='ocrx_word' id='word_1_68' title='bbox 621 579 633 605; x_wconf 83' lang='lat'><strong><em>?</em></strong></span> <span class='ocrx_word' id='word_1_69' title='bbox 642 578 697 613; x_wconf 82' lang='lat' dir='ltr'><strong>Ego</strong></span> <span class='ocrx_word' id='word_1_70' title='bbox 708 580 791 615; x_wconf 67' lang='lat' dir='ltr'><strong>nescio</strong></span> <span class='ocrx_word' id='word_1_71' title='bbox 801 587 810 610; x_wconf 90' lang='lat'><strong>,&#39;</strong></span> <span class='ocrx_word' id='word_1_72' title='bbox 819 579 960 611; x_wconf 75' lang='lat' dir='ltr'><strong>anathema</strong></span> 
     </span>
    </p>
   </div>
   <div class='ocr_carea' id='block_1_13' title="bbox 174 619 958 659">
    <p class='ocr_par' dir='ltr' id='par_1_13' title="bbox 174 619 958 659">
     <span class='ocr_line' id='line_1_13' title="bbox 174 619 958 659; baseline 0.008 -13"><span class='ocrx_word' id='word_1_73' title='bbox 174 621 207 646; x_wconf 71' lang='lat' dir='ltr'><strong>sit</strong></span> <span class='ocrx_word' id='word_1_74' title='bbox 220 619 274 654; x_wconf 74' lang='lat' dir='ltr'><strong>ipse</strong></span> <span class='ocrx_word' id='word_1_75' title='bbox 287 630 303 647; x_wconf 88' lang='lat' dir='ltr'><strong>a</strong></span> <span class='ocrx_word' id='word_1_76' title='bbox 318 621 456 656; x_wconf 83' lang='lat' dir='ltr'><strong>Trinitate,</strong></span> <span class='ocrx_word' id='word_1_77' title='bbox 473 628 523 650; x_wconf 82' lang='lat' dir='ltr'><strong>etc.</strong></span> <span class='ocrx_word' id='word_1_78' title='bbox 537 623 700 651; x_wconf 67' lang='lat' dir='ltr'><strong>Manis/mos</strong></span> <span class='ocrx_word' id='word_1_79' title='bbox 713 626 745 651; x_wconf 83' lang='lat' dir='ltr'><strong>de</strong></span> <span class='ocrx_word' id='word_1_80' title='bbox 761 625 869 652; x_wconf 78' lang='lat' dir='ltr'><strong>ecclesia</strong></span> <span class='ocrx_word' id='word_1_81' title='bbox 884 625 958 659; x_wconf 66' lang='grc' dir='ltr'><strong>εἰὶσε.</strong></span> 
     </span>
    </p>
   </div>
   <div class='ocr_carea' id='block_1_14' title="bbox 156 664 958 705">
    <p class='ocr_par' dir='ltr' id='par_1_14' title="bbox 156 664 958 705">
     <span class='ocr_line' id='line_1_14' title="bbox 156 664 958 705; baseline 0.009 -15"><span class='ocrx_word' id='word_1_82' title='bbox 156 664 245 702; x_wconf 61' lang='grc' dir='ltr'><strong>Δ01111³</strong></span> <span class='ocrx_word' id='word_1_83' title='bbox 262 665 409 698; x_wconf 73' lang='lat' dir='ltr'><strong>Stephanus</strong></span> <span class='ocrx_word' id='word_1_84' title='bbox 430 667 462 695; x_wconf 86' lang='lat' dir='ltr'><strong>de</strong></span> <span class='ocrx_word' id='word_1_85' title='bbox 488 668 597 696; x_wconf 73' lang='lat' dir='ltr'><strong>ecclesia</strong></span> <span class='ocrx_word' id='word_1_86' title='bbox 622 670 697 703; x_wconf 81' lang='lat' dir='ltr'><strong>ejice.</strong></span> <span class='ocrx_word' id='word_1_87' title='bbox 723 669 808 697; x_wconf 87' lang='lat' dir='ltr'><strong>Paulo</strong></span> <span class='ocrx_word' id='word_1_88' title='bbox 839 674 900 705; x_wconf 83' lang='lat' dir='ltr'><strong>post</strong></span> <span class='ocrx_word' id='word_1_89' title='bbox 932 670 958 697; x_wconf 92' lang='grc'><strong>111</strong></span> 
     </span>
    </p>
   </div>
   <div class='ocr_carea' id='block_1_15' title="bbox 155 707 960 750">
    <p class='ocr_par' dir='ltr' id='par_1_15' title="bbox 155 707 960 750">
     <span class='ocr_line' id='line_1_15' title="bbox 155 707 960 750; baseline 0.01 -16"><span class='ocrx_word' id='word_1_90' title='bbox 155 707 160 743; x_wconf 62' lang='grc' dir='ltr'>ξ</span> <span class='ocrx_word' id='word_1_91' title='bbox 174 709 267 736; x_wconf 80' lang='lat' dir='ltr'><strong>eadem</strong></span> <span class='ocrx_word' id='word_1_92' title='bbox 279 712 402 739; x_wconf 78' lang='lat' dir='ltr'><strong>sessione</strong></span> <span class='ocrx_word' id='word_1_93' title='bbox 415 719 566 748; x_wconf 87' lang='lat' dir='ltr'><strong>sequuntur</strong></span> <span class='ocrx_word' id='word_1_94' title='bbox 579 714 655 750; x_wconf 79' lang='lat' dir='ltr'><strong>plura</strong></span> <span class='ocrx_word' id='word_1_95' title='bbox 672 714 753 750; x_wconf 82' lang='lat' dir='ltr'><strong>hujus</strong></span> <span class='ocrx_word' id='word_1_96' title='bbox 777 715 886 750; x_wconf 76' lang='lat' dir='ltr'><strong>generis</strong></span> <span class='ocrx_word' id='word_1_97' title='bbox 902 716 960 750; x_wconf 87' lang='lat' dir='ltr'><strong>epi-</strong></span> 
     </span>
    </p>
   </div>
   <div class='ocr_carea' id='block_1_16' title="bbox 153 758 346 790">
    <p class='ocr_par' dir='ltr' id='par_1_16' title="bbox 153 758 346 790">
     <span class='ocr_line' id='line_1_16' title="bbox 153 758 346 790; baseline 0.026 -9"><span class='ocrx_word' id='word_1_98' title='bbox 153 773 157 790; x_wconf 61' lang='lat'><strong>,</strong></span> <span class='ocrx_word' id='word_1_99' title='bbox 173 758 346 790; x_wconf 79' lang='lat' dir='ltr'><strong>pltouemata.</strong></span> 
     </span>
    </p>
   </div>
   <div class='ocr_carea' id='block_1_17' title="bbox 207 803 959 842">
    <p class='ocr_par' dir='ltr' id='par_1_17' title="bbox 207 803 959 842">
     <span class='ocr_line' id='line_1_17' title="bbox 207 803 959 842; baseline 0.007 -12"><span class='ocrx_word' id='word_1_100' title='bbox 207 803 403 832; x_wconf 76' lang='lat' dir='ltr'><strong>Acclamabant</strong></span> <span class='ocrx_word' id='word_1_101' title='bbox 417 806 498 834; x_wconf 86' lang='lat' dir='ltr'><strong>etiam</strong></span> <span class='ocrx_word' id='word_1_102' title='bbox 512 807 750 835; x_wconf 77' lang='lat' dir='ltr'><strong>concionatoribus</strong></span> <span class='ocrx_word' id='word_1_103' title='bbox 763 816 771 840; x_wconf 71' lang='grc' dir='ltr'><strong>ς</strong></span> <span class='ocrx_word' id='word_1_104' title='bbox 787 808 865 842; x_wconf 81' lang='lat' dir='ltr'><strong>cujus</strong></span> <span class='ocrx_word' id='word_1_105' title='bbox 876 807 959 835; x_wconf 90' lang='lat' dir='ltr'><strong>moris</strong></span> 
     </span>
    </p>
   </div>
   <div class='ocr_carea' id='block_1_18' title="bbox 171 851 959 886">
    <p class='ocr_par' dir='ltr' id='par_1_18' title="bbox 171 851 959 886">
     <span class='ocr_line' id='line_1_18' title="bbox 171 851 959 886; baseline 0.008 -12"><span class='ocrx_word' id='word_1_106' title='bbox 171 851 296 884; x_wconf 81' lang='lat' dir='ltr'><strong>exempla</strong></span> <span class='ocrx_word' id='word_1_107' title='bbox 323 851 445 877; x_wconf 76' lang='lat' dir='ltr'><strong>invenies</strong></span> <span class='ocrx_word' id='word_1_108' title='bbox 471 852 544 886; x_wconf 87' lang='lat' dir='ltr'><strong>apud</strong></span> <span class='ocrx_word' id='word_1_109' title='bbox 573 851 602 880; x_wconf 78' lang='lat' dir='ltr'><strong>S.</strong></span> <span class='ocrx_word' id='word_1_110' title='bbox 625 853 807 886; x_wconf 81' lang='lat' dir='ltr'><strong>Augustinum</strong></span> <span class='ocrx_word' id='word_1_111' title='bbox 819 854 838 880; x_wconf 87' lang='lat' dir='ltr'><strong>l.</strong></span> <span class='ocrx_word' id='word_1_112' title='bbox 868 861 893 881; x_wconf 86' lang='lat' dir='ltr'><strong>Iv</strong></span> <span class='ocrx_word' id='word_1_113' title='bbox 919 853 959 880; x_wconf 76' lang='lat' dir='ltr'><strong>De</strong></span> 
     </span>
    </p>
   </div>
   <div class='ocr_carea' id='block_1_19' title="bbox 1011 260 1305 296">
    <p class='ocr_par' dir='ltr' id='par_1_19' title="bbox 1011 260 1305 296">
     <span class='ocr_line' id='line_1_19' title="bbox 1011 260 1305 296; baseline 0 -8"><span class='ocrx_word' id='word_1_114' title='bbox 1011 268 1057 288; x_wconf 90' lang='lat' dir='ltr'><strong>ras</strong></span> <span class='ocrx_word' id='word_1_115' title='bbox 1082 268 1188 295; x_wconf 79' lang='lat' dir='ltr'><strong>precor.</strong></span> <span class='ocrx_word' id='word_1_116' title='bbox 1205 260 1305 296; x_wconf 80' lang='lat' dir='ltr'><strong>GOAB.]</strong></span> 
     </span>
    </p>
   </div>
   <div class='ocr_carea' id='block_1_20' title="bbox 1046 306 1796 341">
    <p class='ocr_par' dir='ltr' id='par_1_20' title="bbox 1046 306 1796 341">
     <span class='ocr_line' id='line_1_20' title="bbox 1046 306 1796 341; baseline 0.001 -9"><span class='ocrx_word' id='word_1_117' title='bbox 1046 306 1118 333; x_wconf 84' lang='lat' dir='ltr'><strong>Ibid.</strong></span> <span class='ocrx_word' id='word_1_118' title='bbox 1145 306 1283 334; x_wconf 83' lang='lat' dir='ltr'><strong>Criuonia.</strong></span> <span class='ocrx_word' id='word_1_119' title='bbox 1307 306 1362 334; x_wconf 89' lang='lat' dir='ltr'><strong>lloc</strong></span> <span class='ocrx_word' id='word_1_120' title='bbox 1381 306 1554 341; x_wconf 73' lang='lat' dir='ltr'><strong>imperatoris</strong></span> <span class='ocrx_word' id='word_1_121' title='bbox 1567 312 1672 341; x_wconf 72' lang='lat' dir='ltr'><strong>tegmen</strong></span> <span class='ocrx_word' id='word_1_122' title='bbox 1687 307 1796 334; x_wconf 77' lang='lat' dir='ltr'><strong>videtur</strong></span> 
     </span>
    </p>
   </div>
   <div class='ocr_carea' id='block_1_21' title="bbox 1011 351 1795 386">
    <p class='ocr_par' dir='ltr' id='par_1_21' title="bbox 1011 351 1795 386">
     <span class='ocr_line' id='line_1_21' title="bbox 1011 351 1795 386; baseline -0.001 -8"><span class='ocrx_word' id='word_1_123' title='bbox 1011 359 1025 378; x_wconf 87' lang='lat' dir='ltr'><strong>a</strong></span> <span class='ocrx_word' id='word_1_124' title='bbox 1041 351 1132 386; x_wconf 87' lang='lat' dir='ltr'><strong>specie</strong></span> <span class='ocrx_word' id='word_1_125' title='bbox 1146 351 1193 378; x_wconf 81' lang='lat' dir='ltr'><strong>lilii</strong></span> <span class='ocrx_word' id='word_1_126' title='bbox 1209 352 1344 379; x_wconf 71' lang='lat' dir='ltr'><strong>Crinonia:</strong></span> <span class='ocrx_word' id='word_1_127' title='bbox 1364 360 1460 379; x_wconf 84' lang='lat' dir='ltr'><strong>nomen</strong></span> <span class='ocrx_word' id='word_1_128' title='bbox 1479 353 1625 382; x_wconf 81' lang='lat' dir='ltr'><strong>invenisse,</strong></span> <span class='ocrx_word' id='word_1_129' title='bbox 1642 357 1670 379; x_wconf 89' lang='lat' dir='ltr'><strong>ut</strong></span> <span class='ocrx_word' id='word_1_130' title='bbox 1684 357 1711 378; x_wconf 89' lang='lat' dir='ltr'><strong>et</strong></span> <span class='ocrx_word' id='word_1_131' title='bbox 1731 352 1795 378; x_wconf 85' lang='lat' dir='ltr'><strong>illud</strong></span> 
     </span>
    </p>
   </div>
   <div class='ocr_carea' id='block_1_22' title="bbox 1012 397 1797 432">
    <p class='ocr_par' dir='ltr' id='par_1_22' title="bbox 1012 397 1797 432">
     <span class='ocr_line' id='line_1_22' title="bbox 1012 397 1797 432; baseline 0.001 -9"><span class='ocrx_word' id='word_1_132' title='bbox 1012 397 1198 432; x_wconf 71' lang='lat' dir='ltr'><strong>tetrap/tgllum</strong></span> <span class='ocrx_word' id='word_1_133' title='bbox 1218 406 1232 425; x_wconf 86' lang='lat' dir='ltr'><strong>a</strong></span> <span class='ocrx_word' id='word_1_134' title='bbox 1254 404 1371 432; x_wconf 89' lang='lat' dir='ltr'><strong>quatuor</strong></span> <span class='ocrx_word' id='word_1_135' title='bbox 1390 398 1472 425; x_wconf 82' lang='lat' dir='ltr'><strong>foliis.</strong></span> <span class='ocrx_word' id='word_1_136' title='bbox 1505 397 1651 432; x_wconf 77' lang='lat' dir='ltr'><strong>Utriusque</strong></span> <span class='ocrx_word' id='word_1_137' title='bbox 1671 399 1797 424; x_wconf 75' lang='lat' dir='ltr'><strong>meminit</strong></span> 
     </span>
    </p>
   </div>
   <div class='ocr_carea' id='block_1_23' title="bbox 1010 441 1796 477">
    <p class='ocr_par' dir='ltr' id='par_1_23' title="bbox 1010 441 1796 477">
     <span class='ocr_line' id='line_1_23' title="bbox 1010 441 1796 477; baseline 0 -9"><span class='ocrx_word' id='word_1_138' title='bbox 1010 441 1192 474; x_wconf 83' lang='lat' dir='ltr'><strong>Glossarium,</strong></span> <span class='ocrx_word' id='word_1_139' title='bbox 1220 442 1266 469; x_wconf 88' lang='lat' dir='ltr'><strong>sed</strong></span> <span class='ocrx_word' id='word_1_140' title='bbox 1297 443 1380 469; x_wconf 87' lang='lat' dir='ltr'><strong>nudis</strong></span> <span class='ocrx_word' id='word_1_141' title='bbox 1417 442 1539 477; x_wconf 93' lang='lat' dir='ltr'><strong>solisque</strong></span> <span class='ocrx_word' id='word_1_142' title='bbox 1566 442 1656 469; x_wconf 85' lang='lat' dir='ltr'><strong>verbis</strong></span> <span class='ocrx_word' id='word_1_143' title='bbox 1685 441 1796 473; x_wconf 83' lang='lat' dir='ltr'><strong>Codiui,</strong></span> 
     </span>
    </p>
   </div>
   <div class='ocr_carea' id='block_1_24' title="bbox 1011 487 1567 521">
    <p class='ocr_par' dir='ltr' id='par_1_24' title="bbox 1011 487 1567 521">
     <span class='ocr_line' id='line_1_24' title="bbox 1011 487 1567 521; baseline 0.004 -9"><span class='ocrx_word' id='word_1_144' title='bbox 1011 487 1084 513; x_wconf 82' lang='lat' dir='ltr'><strong>nulla</strong></span> <span class='ocrx_word' id='word_1_145' title='bbox 1097 487 1277 521; x_wconf 84' lang='lat' dir='ltr'><strong>explicatione</strong></span> <span class='ocrx_word' id='word_1_146' title='bbox 1293 487 1424 514; x_wconf 83' lang='lat' dir='ltr'><strong>adhibita.</strong></span> <span class='ocrx_word' id='word_1_147' title='bbox 1460 487 1567 515; x_wconf 73' lang='lat' dir='ltr'><strong>anrs.</strong></span> 
     </span>
    </p>
   </div>
   <div class='ocr_carea' id='block_1_25' title="bbox 1047 532 1795 568">
    <p class='ocr_par' dir='ltr' id='par_1_25' title="bbox 1047 532 1795 568">
     <span class='ocr_line' id='line_1_25' title="bbox 1047 532 1795 568; baseline -0.001 -8"><span class='ocrx_word' id='word_1_148' title='bbox 1047 532 1237 568; x_wconf 73' lang='grc' dir='ltr'><strong>[Κρινωνιάν.</strong></span> <span class='ocrx_word' id='word_1_149' title='bbox 1266 532 1396 560; x_wconf 83' lang='lat' dir='ltr'><strong>Coronam</strong></span> <span class='ocrx_word' id='word_1_150' title='bbox 1429 533 1494 560; x_wconf 73' lang='lat' dir='ltr'><strong>lilii;</strong></span> <span class='ocrx_word' id='word_1_151' title='bbox 1526 533 1583 560; x_wconf 77' lang='lat' dir='ltr'><strong>sive</strong></span> <span class='ocrx_word' id='word_1_152' title='bbox 1613 532 1733 560; x_wconf 76' lang='lat' dir='ltr'><strong>ﬂosculis</strong></span> <span class='ocrx_word' id='word_1_153' title='bbox 1768 532 1795 559; x_wconf 92' lang='lat' dir='ltr'><strong>in</strong></span> 
     </span>
    </p>
   </div>
   <div class='ocr_carea' id='block_1_26' title="bbox 1011 578 1796 615">
    <p class='ocr_par' dir='ltr' id='par_1_26' title="bbox 1011 578 1796 615">
     <span class='ocr_line' id='line_1_26' title="bbox 1011 578 1796 615; baseline -0.001 -11"><span class='ocrx_word' id='word_1_154' title='bbox 1011 586 1106 615; x_wconf 79' lang='lat' dir='ltr'><strong>gyrum</strong></span> <span class='ocrx_word' id='word_1_155' title='bbox 1122 579 1325 614; x_wconf 76' lang='lat' dir='ltr'><strong>germinantem.</strong></span> <span class='ocrx_word' id='word_1_156' title='bbox 1350 579 1477 606; x_wconf 87' lang='lat' dir='ltr'><strong>Coresius</strong></span> <span class='ocrx_word' id='word_1_157' title='bbox 1498 579 1523 606; x_wconf 92' lang='lat' dir='ltr'><strong>in</strong></span> <span class='ocrx_word' id='word_1_158' title='bbox 1553 579 1704 613; x_wconf 84' lang='lat' dir='ltr'><strong>rescriptis.</strong></span> <span class='ocrx_word' id='word_1_159' title='bbox 1732 578 1796 604; x_wconf 82' lang='lat' dir='ltr'><strong>Bal-</strong></span> 
     </span>
    </p>
   </div>
   <div class='ocr_carea' id='block_1_27' title="bbox 1010 624 1794 653">
    <p class='ocr_par' dir='ltr' id='par_1_27' title="bbox 1010 624 1794 653">
     <span class='ocr_line' id='line_1_27' title="bbox 1010 624 1794 653; baseline -0.003 -1"><span class='ocrx_word' id='word_1_160' title='bbox 1010 625 1115 653; x_wconf 80' lang='lat' dir='ltr'><strong>salmon</strong></span> <span class='ocrx_word' id='word_1_161' title='bbox 1133 624 1263 653; x_wconf 83' lang='lat' dir='ltr'><strong>Meditato</strong></span> <span class='ocrx_word' id='word_1_162' title='bbox 1277 625 1437 653; x_wconf 86' lang='lat' dir='ltr'><strong>deincensis</strong></span> <span class='ocrx_word' id='word_1_163' title='bbox 1463 630 1516 653; x_wconf 82' lang='lat' dir='ltr'><strong>etc.</strong></span> <span class='ocrx_word' id='word_1_164' title='bbox 1550 625 1622 653; x_wconf 72' lang='lat' dir='ltr'><strong>Iuris</strong></span> <span class='ocrx_word' id='word_1_165' title='bbox 1649 625 1695 652; x_wconf 81' lang='lat' dir='ltr'><strong>GR</strong></span> <span class='ocrx_word' id='word_1_166' title='bbox 1721 624 1740 651; x_wconf 92' lang='grc'><strong>1.</strong></span> <span class='ocrx_word' id='word_1_167' title='bbox 1754 624 1794 651; x_wconf 87' lang='lat'><strong>7:</strong></span> 
     </span>
    </p>
   </div>
   <div class='ocr_carea' id='block_1_28' title="bbox 1011 671 1534 706">
    <p class='ocr_par' dir='ltr' id='par_1_28' title="bbox 1011 671 1534 706">
     <span class='ocr_line' id='line_1_28' title="bbox 1011 671 1534 706; baseline -0.004 -8"><span class='ocrx_word' id='word_1_168' title='bbox 1011 671 1112 706; x_wconf 83' lang='grc' dir='ltr'><strong>Κρίνος</strong></span> <span class='ocrx_word' id='word_1_169' title='bbox 1122 671 1155 697; x_wconf 74' lang='grc' dir='ltr'>ἐκ</span> <span class='ocrx_word' id='word_1_170' title='bbox 1166 671 1313 706; x_wconf 78' lang='grc' dir='ltr'>κρινωνιᾶς</span> <span class='ocrx_word' id='word_1_171' title='bbox 1329 671 1534 705; x_wconf 78' lang='grc' dir='ltr'><strong>συλλεγόμενος.</strong></span> 
     </span>
    </p>
   </div>
   <div class='ocr_carea' id='block_1_29' title="bbox 1047 715 1792 753">
    <p class='ocr_par' dir='ltr' id='par_1_29' title="bbox 1047 715 1792 753">
     <span class='ocr_line' id='line_1_29' title="bbox 1047 715 1792 753; baseline -0.003 -10"><span class='ocrx_word' id='word_1_172' title='bbox 1047 717 1118 744; x_wconf 86' lang='lat' dir='ltr'><strong>Ibid.</strong></span> <span class='ocrx_word' id='word_1_173' title='bbox 1136 716 1364 753; x_wconf 60' lang='grc' dir='ltr'><strong>[τετράφυλλυν.</strong></span> <span class='ocrx_word' id='word_1_174' title='bbox 1383 718 1510 744; x_wconf 80' lang='lat' dir='ltr'><strong>Coresius</strong></span> <span class='ocrx_word' id='word_1_175' title='bbox 1531 716 1601 743; x_wconf 80' lang='lat' dir='ltr'><strong>idem</strong></span> <span class='ocrx_word' id='word_1_176' title='bbox 1616 716 1697 744; x_wconf 87' lang='lat' dir='ltr'><strong>docet</strong></span> <span class='ocrx_word' id='word_1_177' title='bbox 1713 715 1792 742; x_wconf 85' lang='lat' dir='ltr'><strong>aliam</strong></span> 
     </span>
    </p>
   </div>
   <div class='ocr_carea' id='block_1_30' title="bbox 1010 761 1792 798">
    <p class='ocr_par' dir='ltr' id='par_1_30' title="bbox 1010 761 1792 798">
     <span class='ocr_line' id='line_1_30' title="bbox 1010 761 1792 798; baseline -0.004 -8"><span class='ocrx_word' id='word_1_178' title='bbox 1010 770 1138 790; x_wconf 82' lang='lat' dir='ltr'><strong>coronam</strong></span> <span class='ocrx_word' id='word_1_179' title='bbox 1159 770 1228 794; x_wconf 81' lang='lat' dir='ltr'><strong>esse,</strong></span> <span class='ocrx_word' id='word_1_180' title='bbox 1246 771 1260 789; x_wconf 85' lang='lat' dir='ltr'><strong>e</strong></span> <span class='ocrx_word' id='word_1_181' title='bbox 1274 771 1325 796; x_wconf 88' lang='lat' dir='ltr'><strong>qua</strong></span> <span class='ocrx_word' id='word_1_182' title='bbox 1342 767 1461 798; x_wconf 78' lang='lat' dir='ltr'><strong>quatuor</strong></span> <span class='ocrx_word' id='word_1_183' title='bbox 1478 762 1597 792; x_wconf 81' lang='lat' dir='ltr'><strong>ﬂosculi.</strong></span> <span class='ocrx_word' id='word_1_184' title='bbox 1623 761 1656 788; x_wconf 83' lang='lat' dir='ltr'><strong>ad</strong></span> <span class='ocrx_word' id='word_1_185' title='bbox 1675 761 1792 788; x_wconf 77' lang='lat' dir='ltr'><strong>frontem</strong></span> 
     </span>
    </p>
   </div>
   <div class='ocr_carea' id='block_1_31' title="bbox 1010 806 1794 843">
    <p class='ocr_par' dir='ltr' id='par_1_31' title="bbox 1010 806 1794 843">
     <span class='ocr_line' id='line_1_31' title="bbox 1010 806 1794 843; baseline -0.001 -10"><span class='ocrx_word' id='word_1_186' title='bbox 1010 807 1139 834; x_wconf 88' lang='lat' dir='ltr'><strong>nimirum</strong></span> <span class='ocrx_word' id='word_1_187' title='bbox 1154 812 1181 834; x_wconf 88' lang='lat' dir='ltr'><strong>et</strong></span> <span class='ocrx_word' id='word_1_188' title='bbox 1196 807 1317 842; x_wconf 88' lang='lat' dir='ltr'><strong>sinciput</strong></span> <span class='ocrx_word' id='word_1_189' title='bbox 1333 815 1365 835; x_wconf 89' lang='lat' dir='ltr'><strong>ac</strong></span> <span class='ocrx_word' id='word_1_190' title='bbox 1381 808 1414 834; x_wconf 78' lang='lat' dir='ltr'><strong>ad</strong></span> <span class='ocrx_word' id='word_1_191' title='bbox 1431 813 1576 843; x_wconf 86' lang='lat' dir='ltr'><strong>utramque</strong></span> <span class='ocrx_word' id='word_1_192' title='bbox 1600 814 1706 840; x_wconf 88' lang='lat' dir='ltr'><strong>aurem,</strong></span> <span class='ocrx_word' id='word_1_193' title='bbox 1722 806 1794 833; x_wconf 89' lang='lat' dir='ltr'><strong>emi-</strong></span> 
     </span>
    </p>
   </div>
   <div class='ocr_carea' id='block_1_32' title="bbox 1010 852 1196 889">
    <p class='ocr_par' dir='ltr' id='par_1_32' title="bbox 1010 852 1196 889">
     <span class='ocr_line' id='line_1_32' title="bbox 1010 852 1196 889; baseline 0.005 -10"><span class='ocrx_word' id='word_1_194' title='bbox 1010 857 1083 880; x_wconf 68' lang='lat' dir='ltr'><strong>cant.</strong></span> <span class='ocrx_word' id='word_1_195' title='bbox 1096 852 1196 889; x_wconf 66' lang='lat' dir='ltr'><strong>Cum]</strong></span> 
     </span>
    </p>
   </div>
   <div class='ocr_carea' id='block_1_33' title="bbox 171 891 1795 934">
    <p class='ocr_par' dir='ltr' id='par_1_33' title="bbox 171 891 1795 934">
     <span class='ocr_line' id='line_1_33' title="bbox 171 891 1795 934; baseline 0.001 -11"><span class='ocrx_word' id='word_1_196' title='bbox 171 894 292 923; x_wconf 80' lang='lat' dir='ltr'><strong>doctrina</strong></span> <span class='ocrx_word' id='word_1_197' title='bbox 312 895 475 930; x_wconf 77' lang='lat' dir='ltr'><strong>Christiana,</strong></span> <span class='ocrx_word' id='word_1_198' title='bbox 494 904 520 924; x_wconf 88' lang='lat' dir='ltr'><strong>c.</strong></span> <span class='ocrx_word' id='word_1_199' title='bbox 546 897 593 930; x_wconf 77' lang='lat'><strong>9.6,</strong></span> <span class='ocrx_word' id='word_1_200' title='bbox 616 903 643 924; x_wconf 85' lang='lat' dir='ltr'><strong>et</strong></span> <span class='ocrx_word' id='word_1_201' title='bbox 666 905 737 932; x_wconf 84' lang='lat' dir='ltr'><strong>sa-pe</strong></span> <span class='ocrx_word' id='word_1_202' title='bbox 761 898 787 925; x_wconf 90' lang='lat' dir='ltr'><strong>in</strong></span> <span class='ocrx_word' id='word_1_203' title='bbox 819 898 954 927; x_wconf 78' lang='lat' dir='ltr'><strong>lloutiliis.</strong></span> <span class='ocrx_word' id='word_1_204' title='bbox 973 891 993 918; x_wconf 75' lang='grc' dir='ltr'><strong><em>Β</em></strong></span> <span class='ocrx_word' id='word_1_205' title='bbox 1042 899 1112 926; x_wconf 84' lang='lat' dir='ltr'><strong>Ibid.</strong></span> <span class='ocrx_word' id='word_1_206' title='bbox 1123 898 1285 927; x_wconf 80' lang='lat' dir='ltr'><strong>Flammula.</strong></span> <span class='ocrx_word' id='word_1_207' title='bbox 1298 899 1401 927; x_wconf 77' lang='lat' dir='ltr'><strong>Dicitur</strong></span> <span class='ocrx_word' id='word_1_208' title='bbox 1412 899 1442 927; x_wconf 65' lang='grc' dir='ltr'><strong>τὸ</strong></span> <span class='ocrx_word' id='word_1_209' title='bbox 1451 899 1617 934; x_wconf 75' lang='lat' dir='ltr'><strong>ﬂammulam</strong></span> <span class='ocrx_word' id='word_1_210' title='bbox 1630 903 1658 926; x_wconf 87' lang='lat' dir='ltr'><strong>et</strong></span> <span class='ocrx_word' id='word_1_211' title='bbox 1670 899 1703 925; x_wconf 78' lang='grc' dir='ltr'><strong>τὰ</strong></span> <span class='ocrx_word' id='word_1_212' title='bbox 1715 898 1795 932; x_wconf 84' lang='lat' dir='ltr'><strong>ﬂam-</strong></span> 
     </span>
    </p>
   </div>
   <div class='ocr_carea' id='block_1_34' title="bbox 172 938 779 972">
    <p class='ocr_par' dir='ltr' id='par_1_34' title="bbox 172 938 779 972">
     <span class='ocr_line' id='line_1_34' title="bbox 172 938 779 972; baseline 0.008 -6"><span class='ocrx_word' id='word_1_213' title='bbox 172 938 307 968; x_wconf 83' lang='lat' dir='ltr'><strong>llactcnus</strong></span> <span class='ocrx_word' id='word_1_214' title='bbox 327 941 361 968; x_wconf 86' lang='lat' dir='ltr'><strong>de</strong></span> <span class='ocrx_word' id='word_1_215' title='bbox 371 941 422 969; x_wconf 91' lang='lat' dir='ltr'><strong>ista</strong></span> <span class='ocrx_word' id='word_1_216' title='bbox 446 943 657 971; x_wconf 77' lang='lat' dir='ltr'><strong>consuetudine.</strong></span> <span class='ocrx_word' id='word_1_217' title='bbox 677 943 779 972; x_wconf 79' lang='lat' dir='ltr'><strong>GRK‘I‘S.</strong></span> 
     </span>
    </p>
   </div>
   <div class='ocr_carea' id='block_1_35' title="bbox 205 986 955 1025">
    <p class='ocr_par' dir='ltr' id='par_1_35' title="bbox 205 986 955 1025">
     <span class='ocr_line' id='line_1_35' title="bbox 205 986 955 1025; baseline 0.004 -12"><span class='ocrx_word' id='word_1_218' title='bbox 205 986 288 1021; x_wconf 76' lang='lat'><strong>282</strong></span> <span class='ocrx_word' id='word_1_219' title='bbox 297 986 326 1014; x_wconf 82' lang='lat' dir='ltr'><strong>P.</strong></span> <span class='ocrx_word' id='word_1_220' title='bbox 338 987 385 1015; x_wconf 72' lang='grc'><strong>46.</strong></span> <span class='ocrx_word' id='word_1_221' title='bbox 394 988 474 1024; x_wconf 83' lang='grc' dir='ltr'><strong>[Σᾶς.</strong></span> <span class='ocrx_word' id='word_1_222' title='bbox 486 988 660 1018; x_wconf 68' lang='grc' dir='ltr'><strong>Ρ1’011011111.15</strong></span> <span class='ocrx_word' id='word_1_223' title='bbox 674 989 705 1016; x_wconf 83' lang='grc' dir='ltr'><strong>σύ</strong></span> <span class='ocrx_word' id='word_1_224' title='bbox 717 990 820 1025; x_wconf 83' lang='lat' dir='ltr'><strong>plurale</strong></span> <span class='ocrx_word' id='word_1_225' title='bbox 830 995 872 1018; x_wconf 82' lang='lat' dir='ltr'><strong>est</strong></span> <span class='ocrx_word' id='word_1_226' title='bbox 884 991 955 1023; x_wconf 79' lang='grc' dir='ltr'><strong>ὲσεῖς</strong></span> 
     </span>
    </p>
   </div>
   <div class='ocr_carea' id='block_1_36' title="bbox 171 1033 955 1074">
    <p class='ocr_par' dir='ltr' id='par_1_36' title="bbox 171 1033 955 1074">
     <span class='ocr_line' id='line_1_36' title="bbox 171 1033 955 1074; baseline 0.01 -16"><span class='ocrx_word' id='word_1_227' title='bbox 171 1033 198 1059; x_wconf 84' lang='grc'><strong>111</strong></span> <span class='ocrx_word' id='word_1_228' title='bbox 234 1034 322 1068; x_wconf 90' lang='lat' dir='ltr'><strong>primo</strong></span> <span class='ocrx_word' id='word_1_229' title='bbox 352 1042 435 1067; x_wconf 86' lang='lat' dir='ltr'><strong>casu;</strong></span> <span class='ocrx_word' id='word_1_230' title='bbox 452 1035 480 1062; x_wconf 88' lang='lat' dir='ltr'><strong>in</strong></span> <span class='ocrx_word' id='word_1_231' title='bbox 506 1036 620 1072; x_wconf 76' lang='lat' dir='ltr'><strong>reliquis</strong></span> <span class='ocrx_word' id='word_1_232' title='bbox 632 1037 681 1068; x_wconf 77' lang='grc' dir='ltr'><strong>σᾶς</strong></span> <span class='ocrx_word' id='word_1_233' title='bbox 698 1038 799 1070; x_wconf 66' lang='lat' dir='ltr'><strong>etsed;</strong></span> <span class='ocrx_word' id='word_1_234' title='bbox 828 1044 955 1074; x_wconf 83' lang='lat' dir='ltr'><strong>corrupte</strong></span> 
     </span>
    </p>
   </div>
   <div class='ocr_carea' id='block_1_37' title="bbox 169 1079 457 1113">
    <p class='ocr_par' dir='ltr' id='par_1_37' title="bbox 169 1079 457 1113">
     <span class='ocr_line' id='line_1_37' title="bbox 169 1079 457 1113; baseline 0.017 -9"><span class='ocrx_word' id='word_1_235' title='bbox 169 1079 327 1113; x_wconf 81' lang='lat' dir='ltr'><strong>pronuntiat</strong></span> <span class='ocrx_word' id='word_1_236' title='bbox 342 1080 457 1109; x_wconf 67' lang='lat' dir='ltr'><strong>Graecia.</strong></span> 
     </span>
    </p>
   </div>
   <div class='ocr_carea' id='block_1_38' title="bbox 204 1124 956 1167">
    <p class='ocr_par' dir='ltr' id='par_1_38' title="bbox 204 1124 956 1167">
     <span class='ocr_line' id='line_1_38' title="bbox 204 1124 956 1167; baseline 0.011 -15"><span class='ocrx_word' id='word_1_237' title='bbox 204 1124 272 1153; x_wconf 85' lang='lat' dir='ltr'><strong>Ibid.</strong></span> <span class='ocrx_word' id='word_1_238' title='bbox 293 1126 388 1162; x_wconf 79' lang='grc' dir='ltr'><strong>[Θεύς.</strong></span> <span class='ocrx_word' id='word_1_239' title='bbox 400 1127 450 1155; x_wconf 89' lang='lat' dir='ltr'><strong>Cui</strong></span> <span class='ocrx_word' id='word_1_240' title='bbox 466 1129 550 1156; x_wconf 82' lang='lat' dir='ltr'><strong>verbo</strong></span> <span class='ocrx_word' id='word_1_241' title='bbox 563 1129 647 1158; x_wconf 80' lang='lat' dir='ltr'><strong>addes</strong></span> <span class='ocrx_word' id='word_1_242' title='bbox 659 1138 691 1158; x_wconf 83' lang='lat' dir='ltr'><strong>ex</strong></span> <span class='ocrx_word' id='word_1_243' title='bbox 707 1130 863 1167; x_wconf 80' lang='lat' dir='ltr'><strong>llorologio,</strong></span> <span class='ocrx_word' id='word_1_244' title='bbox 878 1137 907 1160; x_wconf 91' lang='lat' dir='ltr'><strong>ut</strong></span> <span class='ocrx_word' id='word_1_245' title='bbox 920 1135 956 1160; x_wconf 85' lang='lat' dir='ltr'><strong>sit</strong></span> 
     </span>
    </p>
   </div>
   <div class='ocr_carea' id='block_1_39' title="bbox 171 1171 954 1214">
    <p class='ocr_par' dir='ltr' id='par_1_39' title="bbox 171 1171 954 1214">
     <span class='ocr_line' id='line_1_39' title="bbox 171 1171 954 1214; baseline 0.01 -16"><span class='ocrx_word' id='word_1_246' title='bbox 171 1171 297 1200; x_wconf 87' lang='lat' dir='ltr'><strong>modulus</strong></span> <span class='ocrx_word' id='word_1_247' title='bbox 310 1173 422 1208; x_wconf 82' lang='lat' dir='ltr'><strong>integer.</strong></span> <span class='ocrx_word' id='word_1_248' title='bbox 433 1175 493 1201; x_wconf 85' lang='grc' dir='ltr'><strong>Τῶν</strong></span> <span class='ocrx_word' id='word_1_249' title='bbox 501 1175 628 1209; x_wconf 81' lang='grc' dir='ltr'><strong>πατέρων</strong></span> <span class='ocrx_word' id='word_1_250' title='bbox 639 1177 716 1212; x_wconf 79' lang='grc' dir='ltr'><strong>ήμῶν</strong></span> <span class='ocrx_word' id='word_1_251' title='bbox 725 1178 739 1204; x_wconf 83' lang='grc' dir='ltr'>ὁ</span> <span class='ocrx_word' id='word_1_252' title='bbox 749 1178 833 1205; x_wconf 84' lang='grc' dir='ltr'>ποιῶν</span> <span class='ocrx_word' id='word_1_253' title='bbox 844 1180 886 1206; x_wconf 67' lang='grc' dir='ltr'><strong>ἀεὶ</strong></span> <span class='ocrx_word' id='word_1_254' title='bbox 896 1179 954 1214; x_wconf 73' lang='grc' dir='ltr'><strong>μεθ’</strong></span> 
     </span>
    </p>
   </div>
   <div class='ocr_carea' id='block_1_40' title="bbox 168 1218 955 1260">
    <p class='ocr_par' dir='ltr' id='par_1_40' title="bbox 168 1218 955 1260">
     <span class='ocr_line' id='line_1_40' title="bbox 168 1218 955 1260; baseline 0.01 -16"><span class='ocrx_word' id='word_1_255' title='bbox 168 1218 247 1252; x_wconf 78' lang='grc' dir='ltr'><strong>ἡμῶν</strong></span> <span class='ocrx_word' id='word_1_256' title='bbox 255 1219 325 1245; x_wconf 72' lang='grc' dir='ltr'><strong>κατὰ</strong></span> <span class='ocrx_word' id='word_1_257' title='bbox 333 1220 384 1255; x_wconf 85' lang='grc' dir='ltr'><strong>τὴν</strong></span> <span class='ocrx_word' id='word_1_258' title='bbox 395 1221 444 1254; x_wconf 67' lang='grc' dir='ltr'><strong>σὴν</strong></span> <span class='ocrx_word' id='word_1_259' title='bbox 453 1221 612 1254; x_wconf 76' lang='grc' dir='ltr'><strong>ἐπιείκειαν,</strong></span> <span class='ocrx_word' id='word_1_260' title='bbox 637 1223 673 1257; x_wconf 81' lang='grc' dir='ltr'><strong>μὴ</strong></span> <span class='ocrx_word' id='word_1_261' title='bbox 680 1223 782 1260; x_wconf 75' lang='grc' dir='ltr'><strong>ἀποπή</strong></span> <span class='ocrx_word' id='word_1_262' title='bbox 788 1234 835 1260; x_wconf 66' lang='lat' dir='ltr'><strong>an;</strong></span> <span class='ocrx_word' id='word_1_263' title='bbox 844 1225 873 1252; x_wconf 79' lang='grc' dir='ltr'><strong>τὸ</strong></span> <span class='ocrx_word' id='word_1_264' title='bbox 883 1225 955 1257; x_wconf 75' lang='grc' dir='ltr'><strong>ἔλεός</strong></span> 
     </span>
    </p>
   </div>
   <div class='ocr_carea' id='block_1_41' title="bbox 169 1263 954 1307">
    <p class='ocr_par' dir='ltr' id='par_1_41' title="bbox 169 1263 954 1307">
     <span class='ocr_line' id='line_1_41' title="bbox 169 1263 954 1307; baseline 0.01 -18"><span class='ocrx_word' id='word_1_265' title='bbox 169 1270 215 1290; x_wconf 80' lang='grc' dir='ltr'><strong>σου</strong></span> <span class='ocrx_word' id='word_1_266' title='bbox 226 1263 273 1297; x_wconf 76' lang='grc' dir='ltr'><strong>ἀφ’</strong></span> <span class='ocrx_word' id='word_1_267' title='bbox 285 1264 374 1299; x_wconf 78' lang='grc' dir='ltr'><strong>ἡμῶν,</strong></span> <span class='ocrx_word' id='word_1_268' title='bbox 390 1265 457 1292; x_wconf 71' lang='grc' dir='ltr'><strong>ἀλλὰ</strong></span> <span class='ocrx_word' id='word_1_269' title='bbox 481 1268 539 1298; x_wconf 65' lang='grc' dir='ltr'><strong>ταῖς</strong></span> <span class='ocrx_word' id='word_1_270' title='bbox 559 1268 649 1294; x_wconf 78' lang='grc' dir='ltr'><strong>αὐτῶν</strong></span> <span class='ocrx_word' id='word_1_271' title='bbox 678 1269 792 1301; x_wconf 67' lang='grc' dir='ltr'><strong>ἱκεσίαις</strong></span> <span class='ocrx_word' id='word_1_272' title='bbox 815 1271 844 1296; x_wconf 86' lang='grc' dir='ltr'>ὲν</span> <span class='ocrx_word' id='word_1_273' title='bbox 858 1271 954 1307; x_wconf 74' lang='grc' dir='ltr'><strong>εἱρήνῃ</strong></span> 
     </span>
    </p>
   </div>
   <div class='ocr_carea' id='block_1_42' title="bbox 169 1308 954 1347">
    <p class='ocr_par' dir='ltr' id='par_1_42' title="bbox 169 1308 954 1347">
     <span class='ocr_line' id='line_1_42' title="bbox 169 1308 954 1347; baseline 0.013 -13"><span class='ocrx_word' id='word_1_274' title='bbox 169 1308 336 1344; x_wconf 76' lang='grc' dir='ltr'><strong>κυϐέρνησον</strong></span> <span class='ocrx_word' id='word_1_275' title='bbox 347 1310 397 1345; x_wconf 85' lang='grc' dir='ltr'><strong>τὴν</strong></span> <span class='ocrx_word' id='word_1_276' title='bbox 410 1311 482 1346; x_wconf 77' lang='grc' dir='ltr'><strong>ζωὴν</strong></span> <span class='ocrx_word' id='word_1_277' title='bbox 493 1313 583 1346; x_wconf 81' lang='grc' dir='ltr'><strong>ἡμῶν.</strong></span> <span class='ocrx_word' id='word_1_278' title='bbox 610 1313 864 1347; x_wconf 82' lang='lat' dir='ltr'><strong>Polycltrouismum</strong></span> <span class='ocrx_word' id='word_1_279' title='bbox 894 1324 954 1344; x_wconf 86' lang='lat' dir='ltr'><strong>tuo-</strong></span> 
     </span>
    </p>
   </div>
   <div class='ocr_carea' id='block_1_43' title="bbox 169 1356 955 1397">
    <p class='ocr_par' dir='ltr' id='par_1_43' title="bbox 169 1356 955 1397">
     <span class='ocr_line' id='line_1_43' title="bbox 169 1356 955 1397; baseline 0.011 -16"><span class='ocrx_word' id='word_1_280' title='bbox 169 1356 319 1382; x_wconf 79' lang='lat' dir='ltr'><strong>meliorum</strong></span> <span class='ocrx_word' id='word_1_281' title='bbox 330 1356 357 1383; x_wconf 92' lang='lat' dir='ltr'><strong>in</strong></span> <span class='ocrx_word' id='word_1_282' title='bbox 368 1358 521 1392; x_wconf 85' lang='lat' dir='ltr'><strong>superioris</strong></span> <span class='ocrx_word' id='word_1_283' title='bbox 543 1360 660 1387; x_wconf 83' lang='lat' dir='ltr'><strong>salutem</strong></span> <span class='ocrx_word' id='word_1_284' title='bbox 686 1361 817 1388; x_wconf 85' lang='lat' dir='ltr'><strong>emissum</strong></span> <span class='ocrx_word' id='word_1_285' title='bbox 845 1362 955 1397; x_wconf 81' lang='lat' dir='ltr'><strong>require</strong></span> 
     </span>
    </p>
   </div>
   <div class='ocr_carea' id='block_1_44' title="bbox 169 1401 779 1444">
    <p class='ocr_par' dir='ltr' id='par_1_44' title="bbox 169 1401 779 1444">
     <span class='ocr_line' id='line_1_44' title="bbox 169 1401 779 1444; baseline 0.015 -17"><span class='ocrx_word' id='word_1_286' title='bbox 169 1401 194 1428; x_wconf 91' lang='lat' dir='ltr'><strong>in</strong></span> <span class='ocrx_word' id='word_1_287' title='bbox 213 1401 316 1429; x_wconf 68' lang='lat' dir='ltr'><strong>Meneo</strong></span> <span class='ocrx_word' id='word_1_288' title='bbox 328 1408 402 1430; x_wconf 84' lang='lat' dir='ltr'><strong>retro</strong></span> <span class='ocrx_word' id='word_1_289' title='bbox 427 1403 510 1432; x_wconf 75' lang='lat' dir='ltr'><strong>Nona:</strong></span> <span class='ocrx_word' id='word_1_290' title='bbox 531 1405 660 1434; x_wconf 76' lang='lat' dir='ltr'><strong>oﬂicinm.</strong></span> <span class='ocrx_word' id='word_1_291' title='bbox 681 1406 779 1444; x_wconf 71' lang='lat' dir='ltr'><strong>Cum]</strong></span> 
     </span>
    </p>
   </div>
   <div class='ocr_carea' id='block_1_45' title="bbox 202 1447 955 1484">
    <p class='ocr_par' dir='ltr' id='par_1_45' title="bbox 202 1447 955 1484">
     <span class='ocr_line' id='line_1_45' title="bbox 202 1447 955 1484; baseline 0.012 -10"><span class='ocrx_word' id='word_1_292' title='bbox 202 1447 275 1476; x_wconf 84' lang='lat' dir='ltr'><strong>Ibid.</strong></span> <span class='ocrx_word' id='word_1_293' title='bbox 291 1447 548 1483; x_wconf 76' lang='lat' dir='ltr'><strong>Protapostolarins.</strong></span> <span class='ocrx_word' id='word_1_294' title='bbox 564 1452 648 1484; x_wconf 81' lang='lat' dir='ltr'><strong>Vides</strong></span> <span class='ocrx_word' id='word_1_295' title='bbox 660 1457 687 1481; x_wconf 88' lang='lat' dir='ltr'><strong>et</strong></span> <span class='ocrx_word' id='word_1_296' title='bbox 703 1454 747 1481; x_wconf 86' lang='lat' dir='ltr'><strong>hic</strong></span> <span class='ocrx_word' id='word_1_297' title='bbox 763 1462 862 1483; x_wconf 86' lang='lat' dir='ltr'><strong>nomen</strong></span> <span class='ocrx_word' id='word_1_298' title='bbox 879 1455 955 1483; x_wconf 68' lang='lat' dir='ltr'><strong>Grae-</strong></span> 
     </span>
    </p>
   </div>
   <div class='ocr_carea' id='block_1_46' title="bbox 169 1493 952 1536">
    <p class='ocr_par' dir='ltr' id='par_1_46' title="bbox 169 1493 952 1536">
     <span class='ocr_line' id='line_1_46' title="bbox 169 1493 952 1536; baseline 0.014 -17"><span class='ocrx_word' id='word_1_299' title='bbox 169 1493 270 1522; x_wconf 72' lang='lat' dir='ltr'><strong>canica:</strong></span> <span class='ocrx_word' id='word_1_300' title='bbox 284 1495 456 1530; x_wconf 81' lang='lat' dir='ltr'><strong>ambitionis,</strong></span> <span class='ocrx_word' id='word_1_301' title='bbox 476 1498 548 1533; x_wconf 90' lang='lat' dir='ltr'><strong>quod</strong></span> <span class='ocrx_word' id='word_1_302' title='bbox 565 1498 637 1526; x_wconf 86' lang='lat' dir='ltr'><strong>inter</strong></span> <span class='ocrx_word' id='word_1_303' title='bbox 652 1499 711 1528; x_wconf 89' lang='lat' dir='ltr'><strong>illos</strong></span> <span class='ocrx_word' id='word_1_304' title='bbox 725 1501 773 1535; x_wconf 89' lang='lat' dir='ltr'><strong>qui</strong></span> <span class='ocrx_word' id='word_1_305' title='bbox 799 1502 952 1536; x_wconf 75' lang='lat' dir='ltr'><strong>apostolum</strong></span> 
     </span>
    </p>
   </div>
   <div class='ocr_carea' id='block_1_47' title="bbox 170 1538 987 1596">
    <p class='ocr_par' dir='ltr' id='par_1_47' title="bbox 170 1538 987 1596">
     <span class='ocr_line' id='line_1_47' title="bbox 170 1538 987 1596; baseline 0.009 -31"><span class='ocrx_word' id='word_1_306' title='bbox 170 1538 277 1567; x_wconf 79' lang='lat' dir='ltr'><strong>Paulum</strong></span> <span class='ocrx_word' id='word_1_307' title='bbox 297 1541 403 1576; x_wconf 87' lang='lat' dir='ltr'><strong>publice</strong></span> <span class='ocrx_word' id='word_1_308' title='bbox 413 1542 549 1578; x_wconf 81' lang='lat' dir='ltr'><strong>legebant,</strong></span> <span class='ocrx_word' id='word_1_309' title='bbox 562 1543 613 1571; x_wconf 84' lang='lat' dir='ltr'><strong>hoc</strong></span> <span class='ocrx_word' id='word_1_310' title='bbox 625 1550 667 1572; x_wconf 87' lang='lat' dir='ltr'><strong>est</strong></span> <span class='ocrx_word' id='word_1_311' title='bbox 679 1545 750 1572; x_wconf 87' lang='lat' dir='ltr'><strong>inter</strong></span> <span class='ocrx_word' id='word_1_312' title='bbox 759 1547 951 1580; x_wconf 78' lang='lat' dir='ltr'><strong>apostolarios,</strong></span> <span class='ocrx_word' id='word_1_313' title='bbox 963 1564 987 1596; x_wconf 66' lang='grc' dir='ltr'>α</span> 
     </span>
    </p>
   </div>
   <div class='ocr_carea' id='block_1_48' title="bbox 169 1586 846 1625">
    <p class='ocr_par' dir='ltr' id='par_1_48' title="bbox 169 1586 846 1625">
     <span class='ocr_line' id='line_1_48' title="bbox 169 1586 846 1625; baseline 0.012 -13"><span class='ocrx_word' id='word_1_314' title='bbox 169 1586 311 1614; x_wconf 66' lang='lat' dir='ltr'><strong>voluerunt</strong></span> <span class='ocrx_word' id='word_1_315' title='bbox 323 1588 424 1616; x_wconf 81' lang='lat' dir='ltr'><strong>habere</strong></span> <span class='ocrx_word' id='word_1_316' title='bbox 450 1591 720 1625; x_wconf 83' lang='lat' dir='ltr'><strong>protapostolarium.</strong></span> <span class='ocrx_word' id='word_1_317' title='bbox 743 1592 846 1620; x_wconf 79' lang='lat' dir='ltr'><strong>Guer.</strong></span> 
     </span>
    </p>
   </div>
   <div class='ocr_carea' id='block_1_49' title="bbox 202 1632 952 1672">
    <p class='ocr_par' dir='ltr' id='par_1_49' title="bbox 202 1632 952 1672">
     <span class='ocr_line' id='line_1_49' title="bbox 202 1632 952 1672; baseline 0.012 -13"><span class='ocrx_word' id='word_1_318' title='bbox 202 1632 273 1660; x_wconf 77' lang='lat' dir='ltr'><strong>Ibid.</strong></span> <span class='ocrx_word' id='word_1_319' title='bbox 288 1633 339 1670; x_wconf 83' lang='lat' dir='ltr'><strong>[&#39;H</strong></span> <span class='ocrx_word' id='word_1_320' title='bbox 355 1634 411 1669; x_wconf 81' lang='grc' dir='ltr'><strong>τῆς</strong></span> <span class='ocrx_word' id='word_1_321' title='bbox 421 1637 605 1672; x_wconf 78' lang='grc' dir='ltr'><strong>λειτουργίας</strong></span> <span class='ocrx_word' id='word_1_322' title='bbox 622 1637 692 1672; x_wconf 82' lang='grc' dir='ltr'><strong>ὥρα.</strong></span> <span class='ocrx_word' id='word_1_323' title='bbox 707 1638 771 1672; x_wconf 77' lang='lat' dir='ltr'><strong>Qua:</strong></span> <span class='ocrx_word' id='word_1_324' title='bbox 786 1639 836 1666; x_wconf 79' lang='lat' dir='ltr'><strong>hac</strong></span> <span class='ocrx_word' id='word_1_325' title='bbox 861 1640 905 1667; x_wconf 84' lang='lat' dir='ltr'><strong>die</strong></span> <span class='ocrx_word' id='word_1_326' title='bbox 919 1641 952 1667; x_wconf 88' lang='lat' dir='ltr'><strong>ab</strong></span> 
     </span>
    </p>
   </div>
   <div class='ocr_carea' id='block_1_50' title="bbox 168 1679 951 1718">
    <p class='ocr_par' dir='ltr' id='par_1_50' title="bbox 168 1679 951 1718">
     <span class='ocr_line' id='line_1_50' title="bbox 168 1679 951 1718; baseline 0.009 -13"><span class='ocrx_word' id='word_1_327' title='bbox 168 1683 226 1705; x_wconf 84' lang='lat' dir='ltr'><strong>orto</strong></span> <span class='ocrx_word' id='word_1_328' title='bbox 239 1679 297 1706; x_wconf 84' lang='lat' dir='ltr'><strong>sole</strong></span> <span class='ocrx_word' id='word_1_329' title='bbox 312 1680 417 1708; x_wconf 82' lang='lat' dir='ltr'><strong>decima</strong></span> <span class='ocrx_word' id='word_1_330' title='bbox 431 1685 482 1709; x_wconf 88' lang='lat' dir='ltr'><strong>est.</strong></span> <span class='ocrx_word' id='word_1_331' title='bbox 498 1682 536 1710; x_wconf 86' lang='lat' dir='ltr'><strong>Ita</strong></span> <span class='ocrx_word' id='word_1_332' title='bbox 561 1687 641 1718; x_wconf 76' lang='lat' dir='ltr'><strong>typus</strong></span> <span class='ocrx_word' id='word_1_333' title='bbox 667 1684 790 1711; x_wconf 82' lang='lat' dir='ltr'><strong>hodierni</strong></span> <span class='ocrx_word' id='word_1_334' title='bbox 821 1684 900 1712; x_wconf 78' lang='lat' dir='ltr'><strong>oliicii</strong></span> <span class='ocrx_word' id='word_1_335' title='bbox 919 1687 951 1712; x_wconf 88' lang='lat' dir='ltr'><strong>ad</strong></span> 
     </span>
    </p>
   </div>
   <div class='ocr_carea' id='block_1_51' title="bbox 166 1724 952 1766">
    <p class='ocr_par' dir='ltr' id='par_1_51' title="bbox 166 1724 952 1766">
     <span class='ocr_line' id='line_1_51' title="bbox 166 1724 952 1766; baseline 0.009 -15"><span class='ocrx_word' id='word_1_336' title='bbox 166 1724 248 1752; x_wconf 65' lang='lat' dir='ltr'><strong>Nonae</strong></span> <span class='ocrx_word' id='word_1_337' title='bbox 259 1726 360 1754; x_wconf 83' lang='lat' dir='ltr'><strong>calcem</strong></span> <span class='ocrx_word' id='word_1_338' title='bbox 371 1727 492 1762; x_wconf 83' lang='lat' dir='ltr'><strong>positus:</strong></span> <span class='ocrx_word' id='word_1_339' title='bbox 503 1729 568 1764; x_wconf 83' lang='grc' dir='ltr'><strong>Περὶ</strong></span> <span class='ocrx_word' id='word_1_340' title='bbox 579 1729 606 1756; x_wconf 69' lang='grc' dir='ltr'><strong>δὲ</strong></span> <span class='ocrx_word' id='word_1_341' title='bbox 614 1729 688 1764; x_wconf 73' lang='grc' dir='ltr'><strong>ὥραν</strong></span> <span class='ocrx_word' id='word_1_342' title='bbox 699 1730 814 1766; x_wconf 76' lang='grc' dir='ltr'><strong>δεκάτην</strong></span> <span class='ocrx_word' id='word_1_343' title='bbox 825 1731 952 1766; x_wconf 73' lang='grc' dir='ltr'><strong>σημαίνει</strong></span> 
     </span>
    </p>
   </div>
   <div class='ocr_carea' id='block_1_52' title="bbox 167 1770 950 1811">
    <p class='ocr_par' dir='ltr' id='par_1_52' title="bbox 167 1770 950 1811">
     <span class='ocr_line' id='line_1_52' title="bbox 167 1770 950 1811; baseline 0.011 -15"><span class='ocrx_word' id='word_1_344' title='bbox 167 1770 195 1796; x_wconf 76' lang='grc' dir='ltr'><strong>τὸ</strong></span> <span class='ocrx_word' id='word_1_345' title='bbox 221 1771 294 1805; x_wconf 68' lang='grc' dir='ltr'><strong>μέγα</strong></span> <span class='ocrx_word' id='word_1_346' title='bbox 330 1777 385 1799; x_wconf 85' lang='lat' dir='ltr'><strong>etc.</strong></span> <span class='ocrx_word' id='word_1_347' title='bbox 411 1773 444 1800; x_wconf 90' lang='lat' dir='ltr'><strong>ad</strong></span> <span class='ocrx_word' id='word_1_348' title='bbox 475 1774 599 1809; x_wconf 81' lang='lat' dir='ltr'><strong>synaxim</strong></span> <span class='ocrx_word' id='word_1_349' title='bbox 627 1775 754 1802; x_wconf 77' lang='lat' dir='ltr'><strong>videlicet</strong></span> <span class='ocrx_word' id='word_1_350' title='bbox 776 1783 950 1811; x_wconf 86' lang='lat' dir='ltr'><strong>vesperarum</strong></span> 
     </span>
    </p>
   </div>
   <div class='ocr_carea' id='block_1_53' title="bbox 167 1817 952 1860">
    <p class='ocr_par' dir='ltr' id='par_1_53' title="bbox 167 1817 952 1860">
     <span class='ocr_line' id='line_1_53' title="bbox 167 1817 952 1860; baseline 0.006 -15"><span class='ocrx_word' id='word_1_351' title='bbox 167 1817 340 1850; x_wconf 70' lang='lat' dir='ltr'><strong>habendam;</strong></span> <span class='ocrx_word' id='word_1_352' title='bbox 359 1819 459 1854; x_wconf 79' lang='lat' dir='ltr'><strong>quibus</strong></span> <span class='ocrx_word' id='word_1_353' title='bbox 474 1819 558 1848; x_wconf 76' lang='lat' dir='ltr'><strong>(initis</strong></span> <span class='ocrx_word' id='word_1_354' title='bbox 575 1820 692 1856; x_wconf 76' lang='grc' dir='ltr'><strong>καθεξῆς</strong></span> <span class='ocrx_word' id='word_1_355' title='bbox 711 1822 728 1857; x_wconf 85' lang='grc' dir='ltr'>ὴ</span> <span class='ocrx_word' id='word_1_356' title='bbox 747 1821 805 1849; x_wconf 70' lang='grc' dir='ltr'>θεία</span> <span class='ocrx_word' id='word_1_357' title='bbox 829 1822 952 1860; x_wconf 82' lang='grc' dir='ltr'><strong>λειτουρ-</strong></span> 
     </span>
    </p>
   </div>
   <div class='ocr_carea' id='block_1_54' title="bbox 166 1864 583 1900">
    <p class='ocr_par' dir='ltr' id='par_1_54' title="bbox 166 1864 583 1900">
     <span class='ocr_line' id='line_1_54' title="bbox 166 1864 583 1900; baseline 0.012 -10"><span class='ocrx_word' id='word_1_358' title='bbox 166 1864 213 1898; x_wconf 77' lang='grc' dir='ltr'><strong>γία</strong></span> <span class='ocrx_word' id='word_1_359' title='bbox 224 1865 272 1891; x_wconf 76' lang='grc' dir='ltr'><strong>τοῦ</strong></span> <span class='ocrx_word' id='word_1_360' title='bbox 287 1865 408 1900; x_wconf 75' lang='grc' dir='ltr'><strong>μεγάλου</strong></span> <span class='ocrx_word' id='word_1_361' title='bbox 431 1866 583 1896; x_wconf 59' lang='lat' dir='ltr'><strong>Daedalon.</strong></span> 
     </span>
    </p>
   </div>
   <div class='ocr_carea' id='block_1_55' title="bbox 200 1911 951 1950">
    <p class='ocr_par' dir='ltr' id='par_1_55' title="bbox 200 1911 951 1950">
     <span class='ocr_line' id='line_1_55' title="bbox 200 1911 951 1950; baseline 0.008 -12"><span class='ocrx_word' id='word_1_362' title='bbox 200 1911 269 1939; x_wconf 82' lang='lat' dir='ltr'><strong>Ibid.</strong></span> <span class='ocrx_word' id='word_1_363' title='bbox 300 1911 435 1948; x_wconf 87' lang='lat' dir='ltr'><strong>[Sabbato</strong></span> <span class='ocrx_word' id='word_1_364' title='bbox 455 1913 498 1941; x_wconf 85' lang='lat' dir='ltr'><strong>vel</strong></span> <span class='ocrx_word' id='word_1_365' title='bbox 526 1913 667 1941; x_wconf 88' lang='lat' dir='ltr'><strong>Dominica</strong></span> <span class='ocrx_word' id='word_1_366' title='bbox 690 1914 826 1950; x_wconf 79' lang='lat' dir='ltr'><strong>jejunium</strong></span> <span class='ocrx_word' id='word_1_367' title='bbox 848 1915 951 1945; x_wconf 70' lang='lat' dir='ltr'><strong>Crzecis</strong></span> 
     </span>
    </p>
   </div>
   <div class='ocr_carea' id='block_1_56' title="bbox 170 1953 951 1991">
    <p class='ocr_par' dir='ltr' id='par_1_56' title="bbox 170 1953 951 1991">
     <span class='ocr_line' id='line_1_56' title="bbox 170 1953 951 1991; baseline 0.01 -9"><span class='ocrx_word' id='word_1_368' title='bbox 170 1953 308 1986; x_wconf 77' lang='lat' dir='ltr'><strong>illicitum.</strong></span> <span class='ocrx_word' id='word_1_369' title='bbox 325 1957 393 1986; x_wconf 81' lang='lat' dir='ltr'><strong>Eam</strong></span> <span class='ocrx_word' id='word_1_370' title='bbox 412 1959 447 1986; x_wconf 90' lang='lat' dir='ltr'><strong>ob</strong></span> <span class='ocrx_word' id='word_1_371' title='bbox 460 1966 515 1987; x_wconf 87' lang='lat' dir='ltr'><strong>rem</strong></span> <span class='ocrx_word' id='word_1_372' title='bbox 531 1960 554 1987; x_wconf 85' lang='lat' dir='ltr'><strong>si</strong></span> <span class='ocrx_word' id='word_1_373' title='bbox 568 1959 706 1988; x_wconf 80' lang='lat' dir='ltr'><strong>Natalium</strong></span> <span class='ocrx_word' id='word_1_374' title='bbox 730 1960 832 1989; x_wconf 86' lang='lat' dir='ltr'><strong>Christi</strong></span> <span class='ocrx_word' id='word_1_375' title='bbox 857 1963 951 1991; x_wconf 85' lang='lat' dir='ltr'><strong>diebus</strong></span> 
     </span>
    </p>
   </div>
   <div class='ocr_carea' id='block_1_57' title="bbox 167 2001 951 2042">
    <p class='ocr_par' dir='ltr' id='par_1_57' title="bbox 167 2001 951 2042">
     <span class='ocr_line' id='line_1_57' title="bbox 167 2001 951 2042; baseline 0.01 -13"><span class='ocrx_word' id='word_1_376' title='bbox 167 2001 326 2037; x_wconf 75' lang='lat' dir='ltr'><strong>liujusmodi</strong></span> <span class='ocrx_word' id='word_1_377' title='bbox 345 2012 405 2032; x_wconf 85' lang='lat' dir='ltr'><strong>sors</strong></span> <span class='ocrx_word' id='word_1_378' title='bbox 423 2004 490 2033; x_wconf 79' lang='lat' dir='ltr'><strong>ferat</strong></span> <span class='ocrx_word' id='word_1_379' title='bbox 507 2006 641 2034; x_wconf 85' lang='lat' dir='ltr'><strong>celebrari</strong></span> <span class='ocrx_word' id='word_1_380' title='bbox 676 2008 861 2042; x_wconf 78' lang='lat' dir='ltr'><strong>pervigilium,</strong></span> <span class='ocrx_word' id='word_1_381' title='bbox 891 2014 951 2037; x_wconf 84' lang='lat' dir='ltr'><strong>uta</strong></span> 
     </span>
    </p>
   </div>
   <div class='ocr_carea' id='block_1_58' title="bbox 162 2048 950 2090">
    <p class='ocr_par' dir='ltr' id='par_1_58' title="bbox 162 2048 950 2090">
     <span class='ocr_line' id='line_1_58' title="bbox 162 2048 950 2090; baseline 0.01 -16"><span class='ocrx_word' id='word_1_382' title='bbox 162 2048 266 2083; x_wconf 82' lang='lat' dir='ltr'><strong>jejunio</strong></span> <span class='ocrx_word' id='word_1_383' title='bbox 285 2049 490 2084; x_wconf 82' lang='lat' dir='ltr'><strong>abstinent,.ita</strong></span> <span class='ocrx_word' id='word_1_384' title='bbox 517 2052 628 2081; x_wconf 83' lang='lat' dir='ltr'><strong>missam</strong></span> <span class='ocrx_word' id='word_1_385' title='bbox 652 2058 785 2081; x_wconf 88' lang='lat' dir='ltr'><strong>consueto</strong></span> <span class='ocrx_word' id='word_1_386' title='bbox 817 2060 950 2090; x_wconf 82' lang='lat' dir='ltr'><strong>tempore,</strong></span> 
     </span>
    </p>
   </div>
   <div class='ocr_carea' id='block_1_59' title="bbox 164 2094 950 2132">
    <p class='ocr_par' dir='ltr' id='par_1_59' title="bbox 164 2094 950 2132">
     <span class='ocr_line' id='line_1_59' title="bbox 164 2094 950 2132; baseline 0.01 -12"><span class='ocrx_word' id='word_1_387' title='bbox 164 2094 234 2127; x_wconf 79' lang='lat' dir='ltr'><strong>quod</strong></span> <span class='ocrx_word' id='word_1_388' title='bbox 250 2094 305 2122; x_wconf 86' lang='lat' dir='ltr'><strong>diei</strong></span> <span class='ocrx_word' id='word_1_389' title='bbox 326 2095 406 2122; x_wconf 81' lang='lat' dir='ltr'><strong>tertia</strong></span> <span class='ocrx_word' id='word_1_390' title='bbox 417 2101 470 2128; x_wconf 88' lang='lat' dir='ltr'><strong>est,</strong></span> <span class='ocrx_word' id='word_1_391' title='bbox 487 2103 623 2132; x_wconf 72' lang='lat' dir='ltr'><strong>peragunt</strong></span> <span class='ocrx_word' id='word_1_392' title='bbox 638 2107 645 2125; x_wconf 89' lang='lat'><strong>:</strong></span> <span class='ocrx_word' id='word_1_393' title='bbox 663 2099 685 2126; x_wconf 88' lang='lat' dir='ltr'><strong>si</strong></span> <span class='ocrx_word' id='word_1_394' title='bbox 699 2099 769 2126; x_wconf 85' lang='lat' dir='ltr'><strong>alias</strong></span> <span class='ocrx_word' id='word_1_395' title='bbox 797 2099 900 2129; x_wconf 81' lang='lat' dir='ltr'><strong>incidat</strong></span> <span class='ocrx_word' id='word_1_396' title='bbox 922 2101 950 2129; x_wconf 91' lang='lat' dir='ltr'><strong>in</strong></span> 
     </span>
    </p>
   </div>
   <div class='ocr_carea' id='block_1_60' title="bbox 165 2139 950 2180">
    <p class='ocr_par' dir='ltr' id='par_1_60' title="bbox 165 2139 950 2180">
     <span class='ocr_line' id='line_1_60' title="bbox 165 2139 950 2180; baseline 0.011 -14"><span class='ocrx_word' id='word_1_397' title='bbox 165 2139 256 2174; x_wconf 79' lang='lat' dir='ltr'><strong>ferias,</strong></span> <span class='ocrx_word' id='word_1_398' title='bbox 270 2149 334 2168; x_wconf 89' lang='lat' dir='ltr'><strong>cum</strong></span> <span class='ocrx_word' id='word_1_399' title='bbox 348 2142 460 2170; x_wconf 80' lang='lat' dir='ltr'><strong>nonnisi</strong></span> <span class='ocrx_word' id='word_1_400' title='bbox 485 2144 575 2172; x_wconf 61' lang='lat' dir='ltr'><strong>misse</strong></span> <span class='ocrx_word' id='word_1_401' title='bbox 595 2145 753 2180; x_wconf 55' lang='lat' dir='ltr'><strong>praemissis</strong></span> <span class='ocrx_word' id='word_1_402' title='bbox 780 2148 950 2179; x_wconf 78' lang='lat' dir='ltr'><strong>solemnibus</strong></span> 
     </span>
    </p>
   </div>
   <div class='ocr_carea' id='block_1_61' title="bbox 164 2186 949 2228">
    <p class='ocr_par' dir='ltr' id='par_1_61' title="bbox 164 2186 949 2228">
     <span class='ocr_line' id='line_1_61' title="bbox 164 2186 949 2228; baseline 0.014 -15"><span class='ocrx_word' id='word_1_403' title='bbox 164 2186 201 2213; x_wconf 81' lang='lat' dir='ltr'><strong>fas</strong></span> <span class='ocrx_word' id='word_1_404' title='bbox 213 2187 249 2214; x_wconf 88' lang='lat' dir='ltr'><strong>sit</strong></span> <span class='ocrx_word' id='word_1_405' title='bbox 267 2187 375 2215; x_wconf 84' lang='lat' dir='ltr'><strong>solvere</strong></span> <span class='ocrx_word' id='word_1_406' title='bbox 392 2188 538 2223; x_wconf 85' lang='lat' dir='ltr'><strong>jejunium,</strong></span> <span class='ocrx_word' id='word_1_407' title='bbox 556 2190 623 2218; x_wconf 91' lang='lat' dir='ltr'><strong>illud</strong></span> <span class='ocrx_word' id='word_1_408' title='bbox 654 2199 719 2220; x_wconf 86' lang='lat' dir='ltr'><strong>vero</strong></span> <span class='ocrx_word' id='word_1_409' title='bbox 751 2193 783 2219; x_wconf 81' lang='lat' dir='ltr'><strong>ad</strong></span> <span class='ocrx_word' id='word_1_410' title='bbox 809 2201 949 2228; x_wconf 78' lang='lat' dir='ltr'><strong>vesperam</strong></span> 
     </span>
    </p>
   </div>
   <div class='ocr_carea' id='block_1_62' title="bbox 1007 945 1794 980">
    <p class='ocr_par' dir='ltr' id='par_1_62' title="bbox 1007 945 1794 980">
     <span class='ocr_line' id='line_1_62' title="bbox 1007 945 1794 980; baseline -0.003 -9"><span class='ocrx_word' id='word_1_411' title='bbox 1007 945 1091 978; x_wconf 85' lang='lat' dir='ltr'><strong>mula,</strong></span> <span class='ocrx_word' id='word_1_412' title='bbox 1103 945 1252 976; x_wconf 85' lang='lat' dir='ltr'><strong>aliquando</strong></span> <span class='ocrx_word' id='word_1_413' title='bbox 1281 945 1398 980; x_wconf 83' lang='lat' dir='ltr'><strong>simplici</strong></span> <span class='ocrx_word' id='word_1_414' title='bbox 1424 954 1454 980; x_wconf 78' lang='grc' dir='ltr'><strong>μ,</strong></span> <span class='ocrx_word' id='word_1_415' title='bbox 1483 945 1620 972; x_wconf 89' lang='lat' dir='ltr'><strong>interdum</strong></span> <span class='ocrx_word' id='word_1_416' title='bbox 1645 945 1794 980; x_wconf 72' lang='lat' dir='ltr'><strong>geminato.</strong></span> 
     </span>
    </p>
   </div>
   <div class='ocr_carea' id='block_1_63' title="bbox 1005 989 1789 1025">
    <p class='ocr_par' dir='ltr' id='par_1_63' title="bbox 1005 989 1789 1025">
     <span class='ocr_line' id='line_1_63' title="bbox 1005 989 1789 1025; baseline -0.003 -8"><span class='ocrx_word' id='word_1_417' title='bbox 1005 990 1110 1018; x_wconf 90' lang='lat' dir='ltr'><strong>Dicitur</strong></span> <span class='ocrx_word' id='word_1_418' title='bbox 1136 990 1218 1018; x_wconf 86' lang='lat' dir='ltr'><strong>etiam</strong></span> <span class='ocrx_word' id='word_1_419' title='bbox 1250 990 1364 1025; x_wconf 74' lang='lat' dir='ltr'><strong>[tantula</strong></span> <span class='ocrx_word' id='word_1_420' title='bbox 1391 990 1518 1025; x_wconf 68' lang='lat' dir='ltr'><strong>ﬂanzulw,</strong></span> <span class='ocrx_word' id='word_1_421' title='bbox 1532 998 1630 1025; x_wconf 79' lang='lat' dir='ltr'><strong>genere</strong></span> <span class='ocrx_word' id='word_1_422' title='bbox 1646 989 1789 1016; x_wconf 80' lang='lat' dir='ltr'><strong>ietniuino.</strong></span> 
     </span>
    </p>
   </div>
   <div class='ocr_carea' id='block_1_64' title="bbox 1007 1035 1793 1071">
    <p class='ocr_par' dir='ltr' id='par_1_64' title="bbox 1007 1035 1793 1071">
     <span class='ocr_line' id='line_1_64' title="bbox 1007 1035 1793 1071; baseline -0.003 -8"><span class='ocrx_word' id='word_1_423' title='bbox 1007 1035 1144 1071; x_wconf 79' lang='lat' dir='ltr'><strong>Vegetius.</strong></span> <span class='ocrx_word' id='word_1_424' title='bbox 1153 1043 1195 1066; x_wconf 86' lang='grc'><strong>111.</strong></span> <span class='ocrx_word' id='word_1_425' title='bbox 1204 1035 1236 1063; x_wconf 84' lang='lat'><strong>5:</strong></span> <span class='ocrx_word' id='word_1_426' title='bbox 1248 1035 1359 1068; x_wconf 64' lang='lat' dir='ltr'><strong>Aquilae,</strong></span> <span class='ocrx_word' id='word_1_427' title='bbox 1372 1037 1510 1068; x_wconf 74' lang='lat' dir='ltr'><strong>dracones,</strong></span> <span class='ocrx_word' id='word_1_428' title='bbox 1519 1037 1626 1066; x_wconf 65' lang='lat' dir='ltr'><strong>vexilla,</strong></span> <span class='ocrx_word' id='word_1_429' title='bbox 1638 1035 1793 1070; x_wconf 73' lang='lat' dir='ltr'><strong>ﬂantmulw,</strong></span> 
     </span>
    </p>
   </div>
   <div class='ocr_carea' id='block_1_65' title="bbox 1007 1080 1794 1115">
    <p class='ocr_par' dir='ltr' id='par_1_65' title="bbox 1007 1080 1794 1115">
     <span class='ocr_line' id='line_1_65' title="bbox 1007 1080 1794 1115; baseline 0.001 -8"><span class='ocrx_word' id='word_1_430' title='bbox 1007 1082 1071 1115; x_wconf 74' lang='lat' dir='ltr'><strong>tura:</strong></span> <span class='ocrx_word' id='word_1_431' title='bbox 1090 1089 1136 1108; x_wconf 78' lang='lat' dir='ltr'><strong>seu</strong></span> <span class='ocrx_word' id='word_1_432' title='bbox 1149 1082 1248 1115; x_wconf 72' lang='lat' dir='ltr'><strong>tuphaa.</strong></span> <span class='ocrx_word' id='word_1_433' title='bbox 1266 1080 1363 1108; x_wconf 78' lang='lat' dir='ltr'><strong>Merito</strong></span> <span class='ocrx_word' id='word_1_434' title='bbox 1375 1086 1465 1109; x_wconf 87' lang='lat' dir='ltr'><strong>autem</strong></span> <span class='ocrx_word' id='word_1_435' title='bbox 1482 1081 1660 1115; x_wconf 78' lang='lat' dir='ltr'><strong>reprehendit</strong></span> <span class='ocrx_word' id='word_1_436' title='bbox 1673 1080 1794 1115; x_wconf 82' lang='lat' dir='ltr'><strong>Lipsius,</strong></span> 
     </span>
    </p>
   </div>
   <div class='ocr_carea' id='block_1_66' title="bbox 1005 1125 1792 1162">
    <p class='ocr_par' dir='ltr' id='par_1_66' title="bbox 1005 1125 1792 1162">
     <span class='ocr_line' id='line_1_66' title="bbox 1005 1125 1792 1162; baseline -0.001 -9"><span class='ocrx_word' id='word_1_437' title='bbox 1005 1127 1023 1154; x_wconf 90' lang='grc'><strong>1.</strong></span> <span class='ocrx_word' id='word_1_438' title='bbox 1043 1134 1069 1153; x_wconf 89' lang='lat' dir='ltr'><strong>tv</strong></span> <span class='ocrx_word' id='word_1_439' title='bbox 1080 1127 1113 1154; x_wconf 86' lang='lat' dir='ltr'><strong>de</strong></span> <span class='ocrx_word' id='word_1_440' title='bbox 1125 1127 1218 1154; x_wconf 81' lang='lat' dir='ltr'><strong>Militia</strong></span> <span class='ocrx_word' id='word_1_441' title='bbox 1250 1125 1385 1159; x_wconf 76' lang='lat' dir='ltr'><strong>Romana.</strong></span> <span class='ocrx_word' id='word_1_442' title='bbox 1404 1127 1466 1154; x_wconf 85' lang='lat' dir='ltr'><strong>illos</strong></span> <span class='ocrx_word' id='word_1_443' title='bbox 1494 1127 1541 1159; x_wconf 81' lang='lat' dir='ltr'><strong>qui</strong></span> <span class='ocrx_word' id='word_1_444' title='bbox 1569 1128 1639 1162; x_wconf 91' lang='lat' dir='ltr'><strong>apud</strong></span> <span class='ocrx_word' id='word_1_445' title='bbox 1653 1125 1792 1162; x_wconf 68' lang='lat' dir='ltr'><strong>chetium</strong></span> 
     </span>
    </p>
   </div>
   <div class='ocr_carea' id='block_1_67' title="bbox 1005 1173 1792 1208">
    <p class='ocr_par' dir='ltr' id='par_1_67' title="bbox 1005 1173 1792 1208">
     <span class='ocr_line' id='line_1_67' title="bbox 1005 1173 1792 1208; baseline 0 -8"><span class='ocrx_word' id='word_1_446' title='bbox 1005 1174 1158 1208; x_wconf 77' lang='lat' dir='ltr'><strong>ﬂammulas</strong></span> <span class='ocrx_word' id='word_1_447' title='bbox 1172 1179 1279 1202; x_wconf 82' lang='lat' dir='ltr'><strong>mutant</strong></span> <span class='ocrx_word' id='word_1_448' title='bbox 1294 1175 1320 1202; x_wconf 88' lang='lat' dir='ltr'><strong>in</strong></span> <span class='ocrx_word' id='word_1_449' title='bbox 1348 1174 1498 1202; x_wconf 83' lang='lat' dir='ltr'><strong>ﬂameola:</strong></span> <span class='ocrx_word' id='word_1_450' title='bbox 1531 1173 1552 1202; x_wconf 92' lang='grc' dir='ltr'>ο</span> <span class='ocrx_word' id='word_1_451' title='bbox 1580 1175 1659 1207; x_wconf 82' lang='lat' dir='ltr'><strong>male,</strong></span> <span class='ocrx_word' id='word_1_452' title='bbox 1690 1175 1792 1208; x_wconf 84' lang='lat' dir='ltr'><strong>inquit,</strong></span> 
     </span>
    </p>
   </div>
   <div class='ocr_carea' id='block_1_68' title="bbox 1005 1218 1788 1253">
    <p class='ocr_par' dir='ltr' id='par_1_68' title="bbox 1005 1218 1788 1253">
     <span class='ocr_line' id='line_1_68' title="bbox 1005 1218 1788 1253; baseline -0.003 -6"><span class='ocrx_word' id='word_1_453' title='bbox 1005 1220 1166 1247; x_wconf 78' lang='lat' dir='ltr'><strong>abstineant.</strong></span> <span class='ocrx_word' id='word_1_454' title='bbox 1181 1220 1213 1247; x_wconf 86' lang='lat' dir='ltr'><strong>Et</strong></span> <span class='ocrx_word' id='word_1_455' title='bbox 1227 1220 1324 1247; x_wconf 88' lang='lat' dir='ltr'><strong>merito</strong></span> <span class='ocrx_word' id='word_1_456' title='bbox 1341 1225 1433 1247; x_wconf 85' lang='lat' dir='ltr'><strong>monet</strong></span> <span class='ocrx_word' id='word_1_457' title='bbox 1450 1224 1480 1246; x_wconf 93' lang='lat' dir='ltr'><strong>ut</strong></span> <span class='ocrx_word' id='word_1_458' title='bbox 1511 1219 1684 1251; x_wconf 83' lang='lat' dir='ltr'><strong>abstineant;</strong></span> <span class='ocrx_word' id='word_1_459' title='bbox 1706 1218 1788 1253; x_wconf 77' lang='lat'><strong>283</strong></span> 
     </span>
    </p>
   </div>
   <div class='ocr_carea' id='block_1_69' title="bbox 1005 1265 1792 1301">
    <p class='ocr_par' dir='ltr' id='par_1_69' title="bbox 1005 1265 1792 1301">
     <span class='ocr_line' id='line_1_69' title="bbox 1005 1265 1792 1301; baseline -0.001 -9"><span class='ocrx_word' id='word_1_460' title='bbox 1005 1266 1052 1300; x_wconf 87' lang='lat' dir='ltr'><strong>qui</strong></span> <span class='ocrx_word' id='word_1_461' title='bbox 1083 1270 1158 1293; x_wconf 86' lang='lat' dir='ltr'><strong>recte</strong></span> <span class='ocrx_word' id='word_1_462' title='bbox 1185 1265 1277 1293; x_wconf 89' lang='lat' dir='ltr'><strong>itidem</strong></span> <span class='ocrx_word' id='word_1_463' title='bbox 1306 1267 1424 1301; x_wconf 81' lang='lat' dir='ltr'><strong>castigat</strong></span> <span class='ocrx_word' id='word_1_464' title='bbox 1451 1266 1627 1300; x_wconf 83' lang='lat' dir='ltr'><strong>interpretem</strong></span> <span class='ocrx_word' id='word_1_465' title='bbox 1665 1266 1792 1297; x_wconf 81' lang='lat' dir='ltr'><strong>Ccdreni,</strong></span> 
     </span>
    </p>
   </div>
   <div class='ocr_carea' id='block_1_70' title="bbox 1005 1311 1821 1348">
    <p class='ocr_par' dir='ltr' id='par_1_70' title="bbox 1005 1311 1821 1348">
     <span class='ocr_line' id='line_1_70' title="bbox 1005 1311 1821 1348; baseline -0.001 -10"><span class='ocrx_word' id='word_1_466' title='bbox 1005 1311 1064 1339; x_wconf 74' lang='lat' dir='ltr'><strong>lucc</strong></span> <span class='ocrx_word' id='word_1_467' title='bbox 1083 1312 1164 1340; x_wconf 84' lang='lat' dir='ltr'><strong>verba</strong></span> <span class='ocrx_word' id='word_1_468' title='bbox 1179 1311 1272 1339; x_wconf 66' lang='lat' dir='ltr'><strong>Graeca</strong></span> <span class='ocrx_word' id='word_1_469' title='bbox 1288 1312 1332 1338; x_wconf 76' lang='grc' dir='ltr'><strong>τὸν</strong></span> <span class='ocrx_word' id='word_1_470' title='bbox 1344 1312 1392 1347; x_wconf 80' lang='grc' dir='ltr'><strong>τῆς</strong></span> <span class='ocrx_word' id='word_1_471' title='bbox 1407 1312 1519 1348; x_wconf 70' lang='grc' dir='ltr'><strong>εἳρήνης</strong></span> <span class='ocrx_word' id='word_1_472' title='bbox 1532 1311 1672 1347; x_wconf 73' lang='grc' dir='ltr'>ἔγγραφον</span> <span class='ocrx_word' id='word_1_473' title='bbox 1684 1312 1791 1346; x_wconf 77' lang='grc' dir='ltr'><strong>χάρτην</strong></span> <span class='ocrx_word' id='word_1_474' title='bbox 1817 1340 1821 1346; x_wconf 23' lang='grc' dir='ltr'><strong><em>ἢ</em></strong></span> 
     </span>
    </p>
   </div>
   <div class='ocr_carea' id='block_1_71' title="bbox 1004 1357 1793 1393">
    <p class='ocr_par' dir='ltr' id='par_1_71' title="bbox 1004 1357 1793 1393">
     <span class='ocr_line' id='line_1_71' title="bbox 1004 1357 1793 1393; baseline 0.001 -10"><span class='ocrx_word' id='word_1_475' title='bbox 1004 1358 1051 1384; x_wconf 79' lang='grc' dir='ltr'><strong>ἐπὶ</strong></span> <span class='ocrx_word' id='word_1_476' title='bbox 1059 1357 1254 1393; x_wconf 76' lang='grc' dir='ltr'><strong>φλαμμυο).ίου</strong></span> <span class='ocrx_word' id='word_1_477' title='bbox 1269 1358 1458 1392; x_wconf 68' lang='grc' dir='ltr'><strong>κρεμάσαντες</strong></span> <span class='ocrx_word' id='word_1_478' title='bbox 1473 1358 1516 1385; x_wconf 84' lang='lat' dir='ltr'><strong>Itis</strong></span> <span class='ocrx_word' id='word_1_479' title='bbox 1531 1357 1635 1384; x_wconf 75' lang='lat' dir='ltr'><strong>Latinis</strong></span> <span class='ocrx_word' id='word_1_480' title='bbox 1661 1357 1793 1391; x_wconf 78' lang='lat' dir='ltr'><strong>interpre-</strong></span> 
     </span>
    </p>
   </div>
   <div class='ocr_carea' id='block_1_72' title="bbox 1004 1402 1791 1437">
    <p class='ocr_par' dir='ltr' id='par_1_72' title="bbox 1004 1402 1791 1437">
     <span class='ocr_line' id='line_1_72' title="bbox 1004 1402 1791 1437; baseline 0 -9"><span class='ocrx_word' id='word_1_481' title='bbox 1004 1407 1119 1433; x_wconf 81' lang='lat' dir='ltr'><strong>tantem.</strong></span> <span class='ocrx_word' id='word_1_482' title='bbox 1154 1403 1251 1430; x_wconf 72' lang='lat' dir='ltr'><strong>tabulis</strong></span> <span class='ocrx_word' id='word_1_483' title='bbox 1279 1404 1352 1436; x_wconf 80' lang='lat' dir='ltr'><strong>pacis</strong></span> <span class='ocrx_word' id='word_1_484' title='bbox 1369 1404 1400 1430; x_wconf 82' lang='lat' dir='ltr'><strong>de</strong></span> <span class='ocrx_word' id='word_1_485' title='bbox 1433 1409 1509 1430; x_wconf 88' lang='lat' dir='ltr'><strong>conto</strong></span> <span class='ocrx_word' id='word_1_486' title='bbox 1537 1404 1681 1436; x_wconf 73' lang='lat' dir='ltr'><strong>suspensis,</strong></span> <span class='ocrx_word' id='word_1_487' title='bbox 1713 1402 1791 1437; x_wconf 86' lang='lat' dir='ltr'><strong>quasi</strong></span> 
     </span>
    </p>
   </div>
   <div class='ocr_carea' id='block_1_73' title="bbox 1005 1448 1791 1484">
    <p class='ocr_par' dir='ltr' id='par_1_73' title="bbox 1005 1448 1791 1484">
     <span class='ocr_line' id='line_1_73' title="bbox 1005 1448 1791 1484; baseline -0.001 -9"><span class='ocrx_word' id='word_1_488' title='bbox 1005 1449 1168 1484; x_wconf 79' lang='grc' dir='ltr'><strong>φλαμούλιον</strong></span> <span class='ocrx_word' id='word_1_489' title='bbox 1182 1450 1217 1477; x_wconf 87' lang='lat' dir='ltr'><strong>sit</strong></span> <span class='ocrx_word' id='word_1_490' title='bbox 1231 1454 1332 1476; x_wconf 77' lang='lat' dir='ltr'><strong>contus.</strong></span> <span class='ocrx_word' id='word_1_491' title='bbox 1344 1449 1505 1477; x_wconf 72' lang='lat' dir='ltr'><strong>Rectissime</strong></span> <span class='ocrx_word' id='word_1_492' title='bbox 1518 1448 1627 1484; x_wconf 78' lang='lat' dir='ltr'><strong>Lipsius</strong></span> <span class='ocrx_word' id='word_1_493' title='bbox 1643 1449 1791 1476; x_wconf 81' lang='lat' dir='ltr'><strong>:Cltartam</strong></span> 
     </span>
    </p>
   </div>
   <div class='ocr_carea' id='block_1_74' title="bbox 1004 1495 1792 1531">
    <p class='ocr_par' dir='ltr' id='par_1_74' title="bbox 1004 1495 1792 1531">
     <span class='ocr_line' id='line_1_74' title="bbox 1004 1495 1792 1531; baseline -0.003 -9"><span class='ocrx_word' id='word_1_494' title='bbox 1004 1495 1191 1530; x_wconf 81' lang='lat' dir='ltr'><strong>conscriptam,</strong></span> <span class='ocrx_word' id='word_1_495' title='bbox 1219 1497 1293 1531; x_wconf 75' lang='lat' dir='ltr'><strong>pacis</strong></span> <span class='ocrx_word' id='word_1_496' title='bbox 1325 1500 1427 1528; x_wconf 81' lang='lat' dir='ltr'><strong>testem,</strong></span> <span class='ocrx_word' id='word_1_497' title='bbox 1443 1503 1523 1530; x_wconf 78' lang='lat' dir='ltr'><strong>super</strong></span> <span class='ocrx_word' id='word_1_498' title='bbox 1549 1495 1662 1530; x_wconf 81' lang='lat' dir='ltr'><strong>ﬂamuln</strong></span> <span class='ocrx_word' id='word_1_499' title='bbox 1684 1503 1792 1529; x_wconf 72' lang='lat' dir='ltr'><strong>snspen-</strong></span> 
     </span>
    </p>
   </div>
   <div class='ocr_carea' id='block_1_75' title="bbox 1005 1541 1790 1577">
    <p class='ocr_par' dir='ltr' id='par_1_75' title="bbox 1005 1541 1790 1577">
     <span class='ocr_line' id='line_1_75' title="bbox 1005 1541 1790 1577; baseline -0.003 -8"><span class='ocrx_word' id='word_1_500' title='bbox 1005 1542 1104 1569; x_wconf 71' lang='lat' dir='ltr'><strong>dentes.</strong></span> <span class='ocrx_word' id='word_1_501' title='bbox 1121 1541 1176 1570; x_wconf 80' lang='lat' dir='ltr'><strong>Nec</strong></span> <span class='ocrx_word' id='word_1_502' title='bbox 1193 1547 1268 1569; x_wconf 88' lang='lat' dir='ltr'><strong>recte</strong></span> <span class='ocrx_word' id='word_1_503' title='bbox 1285 1541 1385 1570; x_wconf 86' lang='lat' dir='ltr'><strong>Junius</strong></span> <span class='ocrx_word' id='word_1_504' title='bbox 1410 1541 1566 1577; x_wconf 71' lang='grc' dir='ltr'>φλάμουλον</span> <span class='ocrx_word' id='word_1_505' title='bbox 1591 1544 1790 1575; x_wconf 80' lang='lat' dir='ltr'><strong>interpretatur</strong></span> 
     </span>
    </p>
   </div>
   <div class='ocr_carea' id='block_1_76' title="bbox 1008 1587 1791 1624">
    <p class='ocr_par' dir='ltr' id='par_1_76' title="bbox 1008 1587 1791 1624">
     <span class='ocr_line' id='line_1_76' title="bbox 1008 1587 1791 1624; baseline -0.003 -9"><span class='ocrx_word' id='word_1_506' title='bbox 1008 1589 1138 1620; x_wconf 81' lang='lat' dir='ltr'><strong>labarum,</strong></span> <span class='ocrx_word' id='word_1_507' title='bbox 1157 1589 1220 1624; x_wconf 87' lang='lat' dir='ltr'><strong>quia</strong></span> <span class='ocrx_word' id='word_1_508' title='bbox 1234 1589 1356 1616; x_wconf 83' lang='lat' dir='ltr'><strong>labarum</strong></span> <span class='ocrx_word' id='word_1_509' title='bbox 1381 1597 1466 1616; x_wconf 87' lang='lat' dir='ltr'><strong>unum</strong></span> <span class='ocrx_word' id='word_1_510' title='bbox 1495 1593 1572 1621; x_wconf 85' lang='lat' dir='ltr'><strong>erat;</strong></span> <span class='ocrx_word' id='word_1_511' title='bbox 1595 1592 1622 1615; x_wconf 91' lang='lat' dir='ltr'><strong>at</strong></span> <span class='ocrx_word' id='word_1_512' title='bbox 1648 1587 1791 1623; x_wconf 76' lang='grc' dir='ltr'><strong>φλάμουλα</strong></span> 
     </span>
    </p>
   </div>
   <div class='ocr_carea' id='block_1_77' title="bbox 1006 1633 1795 1671">
    <p class='ocr_par' dir='ltr' id='par_1_77' title="bbox 1006 1633 1795 1671">
     <span class='ocr_line' id='line_1_77' title="bbox 1006 1633 1795 1671; baseline -0.004 -8"><span class='ocrx_word' id='word_1_513' title='bbox 1006 1636 1087 1663; x_wconf 83' lang='lat' dir='ltr'><strong>etiam</strong></span> <span class='ocrx_word' id='word_1_514' title='bbox 1104 1636 1229 1671; x_wconf 69' lang='grc' dir='ltr'><strong>βισιλικὰ</strong></span> <span class='ocrx_word' id='word_1_515' title='bbox 1244 1640 1270 1662; x_wconf 84' lang='lat' dir='ltr'><strong>ct</strong></span> <span class='ocrx_word' id='word_1_516' title='bbox 1284 1635 1457 1670; x_wconf 84' lang='lat' dir='ltr'><strong>imperatoria</strong></span> <span class='ocrx_word' id='word_1_517' title='bbox 1474 1635 1560 1670; x_wconf 82' lang='lat' dir='ltr'><strong>plura,</strong></span> <span class='ocrx_word' id='word_1_518' title='bbox 1573 1634 1714 1661; x_wconf 70' lang='lat' dir='ltr'><strong>nimirum</strong></span> <span class='ocrx_word' id='word_1_519' title='bbox 1728 1633 1795 1660; x_wconf 88' lang='lat' dir='ltr'><strong>duo-</strong></span> 
     </span>
    </p>
   </div>
   <div class='ocr_carea' id='block_1_78' title="bbox 1006 1680 1794 1717">
    <p class='ocr_par' dir='ltr' id='par_1_78' title="bbox 1006 1680 1794 1717">
     <span class='ocr_line' id='line_1_78' title="bbox 1006 1680 1794 1717; baseline -0.003 -9"><span class='ocrx_word' id='word_1_520' title='bbox 1006 1682 1149 1715; x_wconf 80' lang='lat' dir='ltr'><strong>decim;ct</strong></span> <span class='ocrx_word' id='word_1_521' title='bbox 1163 1681 1235 1708; x_wconf 90' lang='lat' dir='ltr'><strong>domi</strong></span> <span class='ocrx_word' id='word_1_522' title='bbox 1252 1689 1371 1717; x_wconf 86' lang='lat' dir='ltr'><strong>quoque,</strong></span> <span class='ocrx_word' id='word_1_523' title='bbox 1390 1689 1443 1708; x_wconf 88' lang='lat' dir='ltr'><strong>non</strong></span> <span class='ocrx_word' id='word_1_524' title='bbox 1463 1686 1567 1708; x_wconf 89' lang='lat' dir='ltr'><strong>tantum</strong></span> <span class='ocrx_word' id='word_1_525' title='bbox 1586 1681 1613 1708; x_wconf 91' lang='lat' dir='ltr'><strong>in</strong></span> <span class='ocrx_word' id='word_1_526' title='bbox 1628 1680 1698 1707; x_wconf 72' lang='lat' dir='ltr'><strong>Iullo</strong></span> <span class='ocrx_word' id='word_1_527' title='bbox 1726 1687 1794 1714; x_wconf 65' lang='lat' dir='ltr'><strong>prm-</strong></span> 
     </span>
    </p>
   </div>
   <div class='ocr_carea' id='block_1_79' title="bbox 1006 1727 1793 1762">
    <p class='ocr_par' dir='ltr' id='par_1_79' title="bbox 1006 1727 1793 1762">
     <span class='ocr_line' id='line_1_79' title="bbox 1006 1727 1793 1762; baseline 0 -8"><span class='ocrx_word' id='word_1_528' title='bbox 1006 1727 1174 1760; x_wconf 82' lang='lat' dir='ltr'><strong>ierehantur,</strong></span> <span class='ocrx_word' id='word_1_529' title='bbox 1187 1731 1217 1754; x_wconf 91' lang='lat' dir='ltr'><strong>ut</strong></span> <span class='ocrx_word' id='word_1_530' title='bbox 1235 1729 1312 1754; x_wconf 86' lang='lat' dir='ltr'><strong>docet</strong></span> <span class='ocrx_word' id='word_1_531' title='bbox 1332 1727 1508 1762; x_wconf 78' lang='lat' dir='ltr'><strong>Curopalata,</strong></span> <span class='ocrx_word' id='word_1_532' title='bbox 1535 1735 1560 1755; x_wconf 88' lang='lat' dir='ltr'><strong>c.</strong></span> <span class='ocrx_word' id='word_1_533' title='bbox 1579 1727 1606 1755; x_wconf 89' lang='lat'><strong>6.</strong></span> <span class='ocrx_word' id='word_1_534' title='bbox 1622 1727 1701 1755; x_wconf 73' lang='lat' dir='ltr'><strong>Fet-te</strong></span> <span class='ocrx_word' id='word_1_535' title='bbox 1713 1732 1793 1755; x_wconf 81' lang='lat' dir='ltr'><strong>vetus</strong></span> 
     </span>
    </p>
   </div>
   <div class='ocr_carea' id='block_1_80' title="bbox 1005 1773 1790 1809">
    <p class='ocr_par' dir='ltr' id='par_1_80' title="bbox 1005 1773 1790 1809">
     <span class='ocr_line' id='line_1_80' title="bbox 1005 1773 1790 1809; baseline 0 -9"><span class='ocrx_word' id='word_1_536' title='bbox 1005 1774 1071 1801; x_wconf 88' lang='lat' dir='ltr'><strong>illud</strong></span> <span class='ocrx_word' id='word_1_537' title='bbox 1087 1774 1208 1801; x_wconf 78' lang='lat' dir='ltr'><strong>labarum</strong></span> <span class='ocrx_word' id='word_1_538' title='bbox 1224 1773 1295 1809; x_wconf 88' lang='lat' dir='ltr'><strong>apud</strong></span> <span class='ocrx_word' id='word_1_539' title='bbox 1321 1774 1487 1808; x_wconf 78' lang='lat' dir='ltr'><strong>posteriOres</strong></span> <span class='ocrx_word' id='word_1_540' title='bbox 1517 1773 1628 1801; x_wconf 76' lang='lat' dir='ltr'><strong>Grtrcos</strong></span> <span class='ocrx_word' id='word_1_541' title='bbox 1652 1775 1790 1801; x_wconf 79' lang='lat' dir='ltr'><strong>desierat:</strong></span> 
     </span>
    </p>
   </div>
   <div class='ocr_carea' id='block_1_81' title="bbox 1005 1819 1792 1854">
    <p class='ocr_par' dir='ltr' id='par_1_81' title="bbox 1005 1819 1792 1854">
     <span class='ocr_line' id='line_1_81' title="bbox 1005 1819 1792 1854; baseline -0.003 -6"><span class='ocrx_word' id='word_1_542' title='bbox 1005 1820 1047 1848; x_wconf 87' lang='lat' dir='ltr'><strong>sin</strong></span> <span class='ocrx_word' id='word_1_543' title='bbox 1061 1820 1164 1850; x_wconf 89' lang='lat' dir='ltr'><strong>minus.</strong></span> <span class='ocrx_word' id='word_1_544' title='bbox 1176 1819 1307 1846; x_wconf 74' lang='grc' dir='ltr'><strong>διόέλλιον</strong></span> <span class='ocrx_word' id='word_1_545' title='bbox 1319 1820 1410 1854; x_wconf 89' lang='lat' dir='ltr'><strong>potius</strong></span> <span class='ocrx_word' id='word_1_546' title='bbox 1425 1820 1520 1848; x_wconf 86' lang='lat' dir='ltr'><strong>labaro</strong></span> <span class='ocrx_word' id='word_1_547' title='bbox 1538 1821 1704 1854; x_wconf 79' lang='lat' dir='ltr'><strong>rc5pon-lere</strong></span> <span class='ocrx_word' id='word_1_548' title='bbox 1719 1819 1792 1846; x_wconf 79' lang='lat' dir='ltr'><strong>dice-</strong></span> 
     </span>
    </p>
   </div>
   <div class='ocr_carea' id='block_1_82' title="bbox 1004 1865 1794 1905">
    <p class='ocr_par' dir='ltr' id='par_1_82' title="bbox 1004 1865 1794 1905">
     <span class='ocr_line' id='line_1_82' title="bbox 1004 1865 1794 1905; baseline -0.005 -11"><span class='ocrx_word' id='word_1_549' title='bbox 1004 1874 1061 1895; x_wconf 87' lang='lat' dir='ltr'><strong>rem</strong></span> <span class='ocrx_word' id='word_1_550' title='bbox 1075 1875 1083 1894; x_wconf 85' lang='lat'>:</span> <span class='ocrx_word' id='word_1_551' title='bbox 1104 1865 1156 1893; x_wconf 82' lang='lat' dir='ltr'><strong>hoc</strong></span> <span class='ocrx_word' id='word_1_552' title='bbox 1170 1865 1242 1892; x_wconf 82' lang='lat' dir='ltr'><strong>enim</strong></span> <span class='ocrx_word' id='word_1_553' title='bbox 1254 1866 1363 1892; x_wconf 87' lang='lat' dir='ltr'><strong>unicum</strong></span> <span class='ocrx_word' id='word_1_554' title='bbox 1375 1871 1444 1897; x_wconf 85' lang='lat' dir='ltr'><strong>erat,</strong></span> <span class='ocrx_word' id='word_1_555' title='bbox 1463 1872 1525 1893; x_wconf 84' lang='lat' dir='ltr'><strong>ante</strong></span> <span class='ocrx_word' id='word_1_556' title='bbox 1542 1873 1638 1893; x_wconf 75' lang='lat' dir='ltr'><strong>omnes</strong></span> <span class='ocrx_word' id='word_1_557' title='bbox 1656 1865 1794 1905; x_wconf 49' lang='lat' dir='ltr'><strong>“amulos,</strong></span> 
     </span>
    </p>
   </div>
   <div class='ocr_carea' id='block_1_83' title="bbox 1005 1911 1790 1942">
    <p class='ocr_par' dir='ltr' id='par_1_83' title="bbox 1005 1911 1790 1942">
     <span class='ocr_line' id='line_1_83' title="bbox 1005 1911 1790 1942; baseline -0.005 -1"><span class='ocrx_word' id='word_1_558' title='bbox 1005 1913 1270 1942; x_wconf 81' lang='lat' dir='ltr'><strong>utibidemdicitur.</strong></span> <span class='ocrx_word' id='word_1_559' title='bbox 1297 1911 1351 1940; x_wconf 87' lang='lat' dir='ltr'><strong>Nec</strong></span> <span class='ocrx_word' id='word_1_560' title='bbox 1376 1911 1557 1940; x_wconf 86' lang='lat' dir='ltr'><strong>omittendum</strong></span> <span class='ocrx_word' id='word_1_561' title='bbox 1583 1911 1648 1938; x_wconf 91' lang='lat' dir='ltr'><strong>illud</strong></span> <span class='ocrx_word' id='word_1_562' title='bbox 1674 1911 1790 1937; x_wconf 71' lang='lat' dir='ltr'><strong>Suidm:</strong></span> 
     </span>
    </p>
   </div>
   <div class='ocr_carea' id='block_1_84' title="bbox 1004 1958 1791 1996">
    <p class='ocr_par' dir='ltr' id='par_1_84' title="bbox 1004 1958 1791 1996">
     <span class='ocr_line' id='line_1_84' title="bbox 1004 1958 1791 1996; baseline -0.008 -8"><span class='ocrx_word' id='word_1_563' title='bbox 1004 1961 1128 1996; x_wconf 57' lang='grc' dir='ltr'><strong>Σκυρίων</strong></span> <span class='ocrx_word' id='word_1_564' title='bbox 1142 1958 1211 1992; x_wconf 72' lang='grc' dir='ltr'>εἶδος</span> <span class='ocrx_word' id='word_1_565' title='bbox 1225 1959 1376 1995; x_wconf 70' lang='grc' dir='ltr'><strong>σημαιαςῆ</strong></span> <span class='ocrx_word' id='word_1_566' title='bbox 1403 1958 1569 1993; x_wconf 75' lang='grc' dir='ltr'><strong>φλαμοὺλου.</strong></span> <span class='ocrx_word' id='word_1_567' title='bbox 1597 1958 1666 1991; x_wconf 84' lang='lat' dir='ltr'><strong>Quid</strong></span> <span class='ocrx_word' id='word_1_568' title='bbox 1700 1964 1791 1985; x_wconf 86' lang='lat' dir='ltr'><strong>tamen</strong></span> 
     </span>
    </p>
   </div>
   <div class='ocr_carea' id='block_1_85' title="bbox 1005 2003 1791 2041">
    <p class='ocr_par' dir='ltr' id='par_1_85' title="bbox 1005 2003 1791 2041">
     <span class='ocr_line' id='line_1_85' title="bbox 1005 2003 1791 2041; baseline -0.006 -7"><span class='ocrx_word' id='word_1_569' title='bbox 1005 2007 1127 2038; x_wconf 76' lang='lat' dir='ltr'><strong>saurion,</strong></span> <span class='ocrx_word' id='word_1_570' title='bbox 1144 2006 1253 2041; x_wconf 73' lang='lat' dir='ltr'><strong>ignoro.</strong></span> <span class='ocrx_word' id='word_1_571' title='bbox 1275 2005 1365 2040; x_wconf 88' lang='lat' dir='ltr'><strong>inquit</strong></span> <span class='ocrx_word' id='word_1_572' title='bbox 1380 2005 1499 2040; x_wconf 86' lang='lat' dir='ltr'><strong>Lipsius.</strong></span> <span class='ocrx_word' id='word_1_573' title='bbox 1527 2004 1578 2031; x_wconf 89' lang='lat' dir='ltr'><strong>Sed</strong></span> <span class='ocrx_word' id='word_1_574' title='bbox 1594 2004 1658 2038; x_wconf 91' lang='lat' dir='ltr'><strong>quid</strong></span> <span class='ocrx_word' id='word_1_575' title='bbox 1678 2003 1700 2030; x_wconf 91' lang='lat' dir='ltr'><strong>si</strong></span> <span class='ocrx_word' id='word_1_576' title='bbox 1718 2003 1791 2038; x_wconf 68' lang='lat' dir='ltr'><strong>lege-</strong></span> 
     </span>
    </p>
   </div>
   <div class='ocr_carea' id='block_1_86' title="bbox 1004 2050 1793 2088">
    <p class='ocr_par' dir='ltr' id='par_1_86' title="bbox 1004 2050 1793 2088">
     <span class='ocr_line' id='line_1_86' title="bbox 1004 2050 1793 2088; baseline -0.005 -8"><span class='ocrx_word' id='word_1_577' title='bbox 1004 2058 1081 2081; x_wconf 86' lang='lat' dir='ltr'><strong>retur</strong></span> <span class='ocrx_word' id='word_1_578' title='bbox 1097 2052 1259 2088; x_wconf 75' lang='lat' dir='ltr'><strong>ataupluwi</strong></span> <span class='ocrx_word' id='word_1_579' title='bbox 1278 2051 1360 2079; x_wconf 83' lang='lat' dir='ltr'><strong>Certe</strong></span> <span class='ocrx_word' id='word_1_580' title='bbox 1376 2059 1461 2078; x_wconf 88' lang='lat' dir='ltr'><strong>unum</strong></span> <span class='ocrx_word' id='word_1_581' title='bbox 1475 2059 1505 2078; x_wconf 82' lang='lat' dir='ltr'><strong>ex</strong></span> <span class='ocrx_word' id='word_1_582' title='bbox 1518 2050 1636 2077; x_wconf 87' lang='lat' dir='ltr'><strong>llamulis</strong></span> <span class='ocrx_word' id='word_1_583' title='bbox 1649 2050 1793 2084; x_wconf 52' lang='lat' dir='ltr'><strong>imperatos</strong></span> 
     </span>
    </p>
   </div>
   <div class='ocr_carea' id='block_1_87' title="bbox 1004 2097 1791 2135">
    <p class='ocr_par' dir='ltr' id='par_1_87' title="bbox 1004 2097 1791 2135">
     <span class='ocr_line' id='line_1_87' title="bbox 1004 2097 1791 2135; baseline -0.005 -7"><span class='ocrx_word' id='word_1_584' title='bbox 1004 2101 1043 2129; x_wconf 89' lang='lat' dir='ltr'><strong>ris</strong></span> <span class='ocrx_word' id='word_1_585' title='bbox 1063 2099 1176 2135; x_wconf 79' lang='grc' dir='ltr'><strong>σταυρός</strong></span> <span class='ocrx_word' id='word_1_586' title='bbox 1194 2104 1264 2131; x_wconf 84' lang='lat' dir='ltr'><strong>erat,</strong></span> <span class='ocrx_word' id='word_1_587' title='bbox 1286 2099 1337 2126; x_wconf 91' lang='lat' dir='ltr'><strong>hoc</strong></span> <span class='ocrx_word' id='word_1_588' title='bbox 1353 2103 1397 2126; x_wconf 84' lang='lat' dir='ltr'><strong>est</strong></span> <span class='ocrx_word' id='word_1_589' title='bbox 1412 2106 1492 2130; x_wconf 78' lang='lat' dir='ltr'><strong>crux,</strong></span> <span class='ocrx_word' id='word_1_590' title='bbox 1522 2102 1552 2125; x_wconf 90' lang='lat' dir='ltr'><strong>ut</strong></span> <span class='ocrx_word' id='word_1_591' title='bbox 1572 2106 1654 2131; x_wconf 87' lang='lat' dir='ltr'><strong>supra</strong></span> <span class='ocrx_word' id='word_1_592' title='bbox 1687 2097 1791 2125; x_wconf 77' lang='lat' dir='ltr'><strong>dictum</strong></span> 
     </span>
    </p>
   </div>
   <div class='ocr_carea' id='block_1_88' title="bbox 1003 2143 1792 2182">
    <p class='ocr_par' dir='ltr' id='par_1_88' title="bbox 1003 2143 1792 2182">
     <span class='ocr_line' id='line_1_88' title="bbox 1003 2143 1792 2182; baseline -0.008 -6"><span class='ocrx_word' id='word_1_593' title='bbox 1003 2155 1037 2176; x_wconf 83' lang='lat' dir='ltr'><strong>cx</strong></span> <span class='ocrx_word' id='word_1_594' title='bbox 1050 2147 1210 2182; x_wconf 84' lang='lat' dir='ltr'><strong>Curopalata</strong></span> <span class='ocrx_word' id='word_1_595' title='bbox 1230 2153 1255 2174; x_wconf 91' lang='lat' dir='ltr'><strong>c.</strong></span> <span class='ocrx_word' id='word_1_596' title='bbox 1276 2145 1303 2173; x_wconf 91' lang='lat'><strong>6.</strong></span> <span class='ocrx_word' id='word_1_597' title='bbox 1318 2144 1353 2173; x_wconf 85' lang='lat' dir='ltr'><strong>Ut</strong></span> <span class='ocrx_word' id='word_1_598' title='bbox 1369 2145 1450 2181; x_wconf 74' lang='lat' dir='ltr'><strong>igitur</strong></span> <span class='ocrx_word' id='word_1_599' title='bbox 1466 2152 1482 2172; x_wconf 86' lang='lat' dir='ltr'><strong>a</strong></span> <span class='ocrx_word' id='word_1_600' title='bbox 1508 2145 1626 2172; x_wconf 82' lang='lat' dir='ltr'><strong>dracone</strong></span> <span class='ocrx_word' id='word_1_601' title='bbox 1652 2143 1792 2171; x_wconf 81' lang='lat' dir='ltr'><strong>llamulum</strong></span> 
     </span>
    </p>
   </div>
   <div class='ocr_carea' id='block_1_89' title="bbox 1004 2189 1792 2228">
    <p class='ocr_par' dir='ltr' id='par_1_89' title="bbox 1004 2189 1792 2228">
     <span class='ocr_line' id='line_1_89' title="bbox 1004 2189 1792 2228; baseline -0.008 -7"><span class='ocrx_word' id='word_1_602' title='bbox 1004 2193 1140 2228; x_wconf 87' lang='lat' dir='ltr'><strong>quoddam</strong></span> <span class='ocrx_word' id='word_1_603' title='bbox 1158 2192 1261 2220; x_wconf 90' lang='lat' dir='ltr'><strong>dicitur</strong></span> <span class='ocrx_word' id='word_1_604' title='bbox 1291 2191 1362 2225; x_wconf 84' lang='lat' dir='ltr'><strong>apud</strong></span> <span class='ocrx_word' id='word_1_605' title='bbox 1382 2190 1577 2226; x_wconf 84' lang='lat' dir='ltr'><strong>Curopalatam</strong></span> <span class='ocrx_word' id='word_1_606' title='bbox 1608 2189 1792 2223; x_wconf 69' lang='grc' dir='ltr'>δρακθντείον,</span> 
     </span>
    </p>
   </div>
   <div class='ocr_carea' id='block_1_90' title="bbox 165 2234 1792 2275">
    <p class='ocr_par' dir='ltr' id='par_1_90' title="bbox 165 2234 1792 2275">
     <span class='ocr_line' id='line_1_90' title="bbox 165 2234 1792 2275; baseline 0.002 -16"><span class='ocrx_word' id='word_1_607' title='bbox 165 2239 248 2266; x_wconf 80' lang='lat' dir='ltr'><strong>usque</strong></span> <span class='ocrx_word' id='word_1_608' title='bbox 261 2234 300 2261; x_wconf 77' lang='lat' dir='ltr'><strong>sit</strong></span> <span class='ocrx_word' id='word_1_609' title='bbox 320 2235 545 2269; x_wconf 77' lang='lat' dir='ltr'><strong>protrahendum,</strong></span> <span class='ocrx_word' id='word_1_610' title='bbox 560 2244 673 2272; x_wconf 85' lang='lat' dir='ltr'><strong>vespere</strong></span> <span class='ocrx_word' id='word_1_611' title='bbox 695 2238 881 2272; x_wconf 88' lang='lat' dir='ltr'><strong>solummodo,</strong></span> <span class='ocrx_word' id='word_1_612' title='bbox 897 2249 950 2274; x_wconf 79' lang='lat' dir='ltr'><strong>quo</strong></span> <span class='ocrx_word' id='word_1_613' title='bbox 967 2242 991 2272; x_wconf 79' lang='lat' dir='ltr'><strong>D</strong></span> <span class='ocrx_word' id='word_1_614' title='bbox 1005 2239 1045 2267; x_wconf 84' lang='lat' dir='ltr'><strong>sic</strong></span> <span class='ocrx_word' id='word_1_615' title='bbox 1059 2239 1131 2275; x_wconf 86' lang='lat' dir='ltr'><strong>apud</strong></span> <span class='ocrx_word' id='word_1_616' title='bbox 1147 2239 1260 2267; x_wconf 85' lang='lat' dir='ltr'><strong>Suidam</strong></span> <span class='ocrx_word' id='word_1_617' title='bbox 1276 2239 1386 2266; x_wconf 85' lang='lat' dir='ltr'><strong>videtur</strong></span> <span class='ocrx_word' id='word_1_618' title='bbox 1403 2246 1417 2265; x_wconf 84' lang='lat' dir='ltr'><strong>a</strong></span> <span class='ocrx_word' id='word_1_619' title='bbox 1441 2243 1589 2266; x_wconf 80' lang='lat' dir='ltr'><strong>stauroseu</strong></span> <span class='ocrx_word' id='word_1_620' title='bbox 1607 2245 1688 2265; x_wconf 72' lang='lat' dir='ltr'><strong>cruce</strong></span> <span class='ocrx_word' id='word_1_621' title='bbox 1701 2238 1792 2264; x_wconf 58' lang='lat' dir='ltr'><strong>vos-ari</strong></span> 
     </span>
    </p>
   </div>
   <div class='ocr_carea' id='block_1_91' title="bbox 165 2281 950 2318">
    <p class='ocr_par' dir='ltr' id='par_1_91' title="bbox 165 2281 950 2318">
     <span class='ocr_line' id='line_1_91' title="bbox 165 2281 950 2318; baseline 0.01 -13"><span class='ocrx_word' id='word_1_622' title='bbox 165 2281 384 2314; x_wconf 83' lang='lat' dir='ltr'><strong>vespertinarum</strong></span> <span class='ocrx_word' id='word_1_623' title='bbox 411 2281 523 2309; x_wconf 82' lang='lat' dir='ltr'><strong>laudum</strong></span> <span class='ocrx_word' id='word_1_624' title='bbox 548 2287 656 2318; x_wconf 84' lang='lat' dir='ltr'><strong>tetupus</strong></span> <span class='ocrx_word' id='word_1_625' title='bbox 680 2284 776 2316; x_wconf 80' lang='lat' dir='ltr'><strong>instat,</strong></span> <span class='ocrx_word' id='word_1_626' title='bbox 796 2286 877 2313; x_wconf 88' lang='lat' dir='ltr'><strong>simul</strong></span> <span class='ocrx_word' id='word_1_627' title='bbox 888 2294 950 2314; x_wconf 92' lang='lat' dir='ltr'><strong>cum</strong></span> 
     </span>
    </p>
   </div>
   <div class='ocr_carea' id='block_1_92' title="bbox 167 2326 951 2367">
    <p class='ocr_par' dir='ltr' id='par_1_92' title="bbox 167 2326 951 2367">
     <span class='ocr_line' id='line_1_92' title="bbox 167 2326 951 2367; baseline 0.013 -16"><span class='ocrx_word' id='word_1_628' title='bbox 167 2326 230 2360; x_wconf 87' lang='lat' dir='ltr'><strong>ipsis</strong></span> <span class='ocrx_word' id='word_1_629' title='bbox 245 2333 376 2356; x_wconf 78' lang='lat' dir='ltr'><strong>cantatur</strong></span> <span class='ocrx_word' id='word_1_630' title='bbox 397 2329 500 2363; x_wconf 80' lang='lat' dir='ltr'><strong>missa;</strong></span> <span class='ocrx_word' id='word_1_631' title='bbox 525 2338 578 2364; x_wconf 80' lang='lat' dir='ltr'><strong>qua</strong></span> <span class='ocrx_word' id='word_1_632' title='bbox 601 2332 677 2360; x_wconf 81' lang='lat' dir='ltr'><strong>[inita</strong></span> <span class='ocrx_word' id='word_1_633' title='bbox 705 2331 760 2360; x_wconf 91' lang='lat' dir='ltr'><strong>cibi</strong></span> <span class='ocrx_word' id='word_1_634' title='bbox 773 2334 896 2367; x_wconf 85' lang='lat' dir='ltr'><strong>capiendi</strong></span> <span class='ocrx_word' id='word_1_635' title='bbox 925 2335 951 2362; x_wconf 87' lang='lat' dir='ltr'><strong>lit</strong></span> 
     </span>
    </p>
   </div>
   <div class='ocr_carea' id='block_1_93' title="bbox 164 2373 952 2413">
    <p class='ocr_par' dir='ltr' id='par_1_93' title="bbox 164 2373 952 2413">
     <span class='ocr_line' id='line_1_93' title="bbox 164 2373 952 2413; baseline 0.01 -14"><span class='ocrx_word' id='word_1_636' title='bbox 164 2377 293 2406; x_wconf 83' lang='lat' dir='ltr'><strong>potestas.</strong></span> <span class='ocrx_word' id='word_1_637' title='bbox 305 2373 367 2402; x_wconf 78' lang='lat' dir='ltr'><strong>lla-c</strong></span> <span class='ocrx_word' id='word_1_638' title='bbox 376 2383 408 2402; x_wconf 75' lang='lat' dir='ltr'><strong>ex</strong></span> <span class='ocrx_word' id='word_1_639' title='bbox 423 2375 475 2403; x_wconf 90' lang='lat' dir='ltr'><strong>ritu</strong></span> <span class='ocrx_word' id='word_1_640' title='bbox 488 2376 570 2409; x_wconf 85' lang='lat' dir='ltr'><strong>hujus</strong></span> <span class='ocrx_word' id='word_1_641' title='bbox 581 2377 632 2404; x_wconf 84' lang='lat' dir='ltr'><strong>diei</strong></span> <span class='ocrx_word' id='word_1_642' title='bbox 643 2377 670 2405; x_wconf 90' lang='grc'><strong>111</strong></span> <span class='ocrx_word' id='word_1_643' title='bbox 681 2377 784 2406; x_wconf 75' lang='lat' dir='ltr'><strong>Menam</strong></span> <span class='ocrx_word' id='word_1_644' title='bbox 795 2379 952 2413; x_wconf 80' lang='lat' dir='ltr'><strong>reperiendo</strong></span> 
     </span>
    </p>
   </div>
   <div class='ocr_carea' id='block_1_94' title="bbox 162 2418 704 2460">
    <p class='ocr_par' dir='ltr' id='par_1_94' title="bbox 162 2418 704 2460">
     <span class='ocr_line' id='line_1_94' title="bbox 162 2418 704 2460; baseline 0.013 -15"><span class='ocrx_word' id='word_1_645' title='bbox 162 2418 195 2445; x_wconf 85' lang='lat' dir='ltr'><strong>ad</strong></span> <span class='ocrx_word' id='word_1_646' title='bbox 215 2419 296 2454; x_wconf 85' lang='lat' dir='ltr'><strong>hujus</strong></span> <span class='ocrx_word' id='word_1_647' title='bbox 310 2421 362 2447; x_wconf 78' lang='lat' dir='ltr'><strong>lori</strong></span> <span class='ocrx_word' id='word_1_648' title='bbox 379 2422 589 2456; x_wconf 80' lang='lat' dir='ltr'><strong>expositionem.</strong></span> <span class='ocrx_word' id='word_1_649' title='bbox 607 2424 704 2460; x_wconf 64' lang='lat' dir='ltr'><strong>licam]</strong></span> 
     </span>
    </p>
   </div>
   <div class='ocr_carea' id='block_1_95' title="bbox 200 2463 952 2505">
    <p class='ocr_par' dir='ltr' id='par_1_95' title="bbox 200 2463 952 2505">
     <span class='ocr_line' id='line_1_95' title="bbox 200 2463 952 2505; baseline 0.009 -14"><span class='ocrx_word' id='word_1_650' title='bbox 200 2463 229 2491; x_wconf 83' lang='grc' dir='ltr'>Ρ.</span> <span class='ocrx_word' id='word_1_651' title='bbox 257 2465 302 2492; x_wconf 74' lang='grc'><strong>47.</strong></span> <span class='ocrx_word' id='word_1_652' title='bbox 333 2465 397 2494; x_wconf 76' lang='lat' dir='ltr'><strong>Post</strong></span> <span class='ocrx_word' id='word_1_653' title='bbox 432 2467 500 2494; x_wconf 78' lang='lat' dir='ltr'><strong>hunc</strong></span> <span class='ocrx_word' id='word_1_654' title='bbox 526 2469 635 2504; x_wconf 73' lang='lat' dir='ltr'><strong>litnrgla</strong></span> <span class='ocrx_word' id='word_1_655' title='bbox 666 2469 815 2505; x_wconf 77' lang='lat' dir='ltr'><strong>perﬁcitur.</strong></span> <span class='ocrx_word' id='word_1_656' title='bbox 843 2464 952 2500; x_wconf 78' lang='lat' dir='ltr'><strong>Habent</strong></span> 
     </span>
    </p>
   </div>
   <div class='ocr_carea' id='block_1_96' title="bbox 161 2510 951 2552">
    <p class='ocr_par' dir='ltr' id='par_1_96' title="bbox 161 2510 951 2552">
     <span class='ocr_line' id='line_1_96' title="bbox 161 2510 951 2552; baseline 0.014 -17"><span class='ocrx_word' id='word_1_657' title='bbox 161 2510 236 2539; x_wconf 78' lang='lat' dir='ltr'><strong>hunc</strong></span> <span class='ocrx_word' id='word_1_658' title='bbox 257 2519 360 2539; x_wconf 83' lang='lat' dir='ltr'><strong>morem</strong></span> <span class='ocrx_word' id='word_1_659' title='bbox 384 2512 482 2545; x_wconf 77' lang='lat' dir='ltr'><strong>Grzeci,</strong></span> <span class='ocrx_word' id='word_1_660' title='bbox 519 2515 589 2543; x_wconf 89' lang='lat' dir='ltr'><strong>utin</strong></span> <span class='ocrx_word' id='word_1_661' title='bbox 617 2517 826 2552; x_wconf 79' lang='lat' dir='ltr'><strong>quadragesima</strong></span> <span class='ocrx_word' id='word_1_662' title='bbox 854 2518 951 2546; x_wconf 84' lang='lat' dir='ltr'><strong>diebus</strong></span> 
     </span>
    </p>
   </div>
   <div class='ocr_carea' id='block_1_97' title="bbox 156 2556 952 2594">
    <p class='ocr_par' dir='ltr' id='par_1_97' title="bbox 156 2556 952 2594">
     <span class='ocr_line' id='line_1_97' title="bbox 156 2556 952 2594; baseline 0.009 -11"><span class='ocrx_word' id='word_1_663' title='bbox 156 2556 258 2592; x_wconf 76' lang='lat' dir='ltr'><strong>jejunii</strong></span> <span class='ocrx_word' id='word_1_664' title='bbox 270 2558 332 2585; x_wconf 87' lang='lat' dir='ltr'><strong>etin</strong></span> <span class='ocrx_word' id='word_1_665' title='bbox 348 2558 446 2593; x_wconf 73' lang='lat' dir='ltr'><strong>vigiliis</strong></span> <span class='ocrx_word' id='word_1_666' title='bbox 459 2560 595 2594; x_wconf 78' lang='lat' dir='ltr'><strong>liturgiam</strong></span> <span class='ocrx_word' id='word_1_667' title='bbox 613 2569 661 2593; x_wconf 86' lang='lat' dir='ltr'><strong>seu</strong></span> <span class='ocrx_word' id='word_1_668' title='bbox 678 2562 789 2590; x_wconf 81' lang='lat' dir='ltr'><strong>missam</strong></span> <span class='ocrx_word' id='word_1_669' title='bbox 812 2563 952 2592; x_wconf 87' lang='lat' dir='ltr'><strong>celebrent</strong></span> 
     </span>
    </p>
   </div>
   <div class='ocr_carea' id='block_1_98' title="bbox 159 2604 950 2644">
    <p class='ocr_par' dir='ltr' id='par_1_98' title="bbox 159 2604 950 2644">
     <span class='ocr_line' id='line_1_98' title="bbox 159 2604 950 2644; baseline 0.011 -16"><span class='ocrx_word' id='word_1_670' title='bbox 159 2609 175 2628; x_wconf 76' lang='lat' dir='ltr'><strong>a</strong></span> <span class='ocrx_word' id='word_1_671' title='bbox 194 2604 316 2637; x_wconf 73' lang='lat' dir='ltr'><strong>meridie,</strong></span> <span class='ocrx_word' id='word_1_672' title='bbox 338 2609 365 2631; x_wconf 89' lang='lat' dir='ltr'><strong>ct</strong></span> <span class='ocrx_word' id='word_1_673' title='bbox 384 2610 412 2632; x_wconf 91' lang='lat' dir='ltr'><strong>ut</strong></span> <span class='ocrx_word' id='word_1_674' title='bbox 423 2605 488 2633; x_wconf 82' lang='lat' dir='ltr'><strong>hinc</strong></span> <span class='ocrx_word' id='word_1_675' title='bbox 515 2611 636 2641; x_wconf 76' lang='lat' dir='ltr'><strong>apparet,</strong></span> <span class='ocrx_word' id='word_1_676' title='bbox 667 2612 727 2642; x_wconf 80' lang='lat' dir='ltr'><strong>post</strong></span> <span class='ocrx_word' id='word_1_677' title='bbox 761 2617 898 2644; x_wconf 80' lang='lat' dir='ltr'><strong>vesperas.</strong></span> <span class='ocrx_word' id='word_1_678' title='bbox 923 2611 950 2637; x_wconf 92' lang='grc'><strong>111</strong></span> 
     </span>
    </p>
   </div>
   <div class='ocr_carea' id='block_1_99' title="bbox 158 2648 951 2686">
    <p class='ocr_par' dir='ltr' id='par_1_99' title="bbox 158 2648 951 2686">
     <span class='ocr_line' id='line_1_99' title="bbox 158 2648 951 2686; baseline 0.011 -11"><span class='ocrx_word' id='word_1_679' title='bbox 158 2648 295 2677; x_wconf 74' lang='lat' dir='ltr'><strong>Pascbate</strong></span> <span class='ocrx_word' id='word_1_680' title='bbox 308 2650 416 2686; x_wconf 74' lang='lat' dir='ltr'><strong>liturgia</strong></span> <span class='ocrx_word' id='word_1_681' title='bbox 430 2653 458 2678; x_wconf 88' lang='lat' dir='ltr'><strong>lit</strong></span> <span class='ocrx_word' id='word_1_682' title='bbox 468 2656 531 2679; x_wconf 83' lang='lat' dir='ltr'><strong>ante</strong></span> <span class='ocrx_word' id='word_1_683' title='bbox 545 2653 612 2681; x_wconf 89' lang='lat' dir='ltr'><strong>solis</strong></span> <span class='ocrx_word' id='word_1_684' title='bbox 626 2659 762 2682; x_wconf 83' lang='lat' dir='ltr'><strong>exortum.</strong></span> <span class='ocrx_word' id='word_1_685' title='bbox 777 2655 844 2683; x_wconf 80' lang='lat' dir='ltr'><strong>Aliis</strong></span> <span class='ocrx_word' id='word_1_686' title='bbox 855 2657 951 2684; x_wconf 87' lang='lat' dir='ltr'><strong>diebus</strong></span> 
     </span>
    </p>
   </div>
   <div class='ocr_carea' id='block_1_100' title="bbox 160 2695 949 2732">
    <p class='ocr_par' dir='ltr' id='par_1_100' title="bbox 160 2695 949 2732">
     <span class='ocr_line' id='line_1_100' title="bbox 160 2695 949 2732; baseline 0.009 -10"><span class='ocrx_word' id='word_1_687' title='bbox 160 2695 227 2722; x_wconf 79' lang='lat' dir='ltr'><strong>hora</strong></span> <span class='ocrx_word' id='word_1_688' title='bbox 245 2697 335 2729; x_wconf 84' lang='lat' dir='ltr'><strong>tertia,</strong></span> <span class='ocrx_word' id='word_1_689' title='bbox 359 2702 488 2732; x_wconf 85' lang='lat' dir='ltr'><strong>tanquam</strong></span> <span class='ocrx_word' id='word_1_690' title='bbox 505 2705 646 2732; x_wconf 85' lang='lat' dir='ltr'><strong>consueta,</strong></span> <span class='ocrx_word' id='word_1_691' title='bbox 677 2705 705 2727; x_wconf 92' lang='lat' dir='ltr'><strong>ut</strong></span> <span class='ocrx_word' id='word_1_692' title='bbox 730 2700 810 2728; x_wconf 83' lang='lat' dir='ltr'><strong>docet</strong></span> <span class='ocrx_word' id='word_1_693' title='bbox 839 2701 949 2730; x_wconf 80' lang='lat' dir='ltr'><strong>Gabriel</strong></span> 
     </span>
    </p>
   </div>
   <div class='ocr_carea' id='block_1_101' title="bbox 159 2740 950 2787">
    <p class='ocr_par' dir='ltr' id='par_1_101' title="bbox 159 2740 950 2787">
     <span class='ocr_line' id='line_1_101' title="bbox 159 2740 950 2787; baseline 0.011 -20"><span class='ocrx_word' id='word_1_694' title='bbox 159 2740 409 2777; x_wconf 71' lang='lat' dir='ltr'><strong>Philadelphiensis</strong></span> <span class='ocrx_word' id='word_1_695' title='bbox 426 2744 569 2779; x_wconf 65' lang='lat' dir='ltr'><strong>episcopus</strong></span> <span class='ocrx_word' id='word_1_696' title='bbox 592 2746 619 2787; x_wconf 82' lang='lat' dir='ltr'><strong>in</strong></span> <span class='ocrx_word' id='word_1_697' title='bbox 636 2753 688 2774; x_wconf 84' lang='lat' dir='ltr'><strong>suo</strong></span> <span class='ocrx_word' id='word_1_698' title='bbox 720 2747 757 2775; x_wconf 77' lang='lat' dir='ltr'><strong>De</strong></span> <span class='ocrx_word' id='word_1_699' title='bbox 771 2749 950 2776; x_wconf 81' lang='lat' dir='ltr'><strong>sacramentis</strong></span> 
     </span>
    </p>
   </div>
   <div class='ocr_carea' id='block_1_102' title="bbox 157 2787 386 2817">
    <p class='ocr_par' dir='ltr' id='par_1_102' title="bbox 157 2787 386 2817">
     <span class='ocr_line' id='line_1_102' title="bbox 157 2787 386 2817; baseline 0.017 -4"><span class='ocrx_word' id='word_1_700' title='bbox 157 2787 263 2814; x_wconf 85' lang='lat' dir='ltr'><strong>libello.</strong></span> <span class='ocrx_word' id='word_1_701' title='bbox 281 2788 386 2817; x_wconf 69' lang='lat' dir='ltr'><strong>(Iners.</strong></span> 
     </span>
    </p>
   </div>
   <div class='ocr_carea' id='block_1_103' title="bbox 202 2833 948 2874">
    <p class='ocr_par' dir='ltr' id='par_1_103' title="bbox 202 2833 948 2874">
     <span class='ocr_line' id='line_1_103' title="bbox 202 2833 948 2874; baseline 0.009 -14"><span class='ocrx_word' id='word_1_702' title='bbox 202 2833 269 2862; x_wconf 77' lang='lat' dir='ltr'><strong>Ibid.</strong></span> <span class='ocrx_word' id='word_1_703' title='bbox 289 2835 334 2862; x_wconf 79' lang='grc'><strong>15.</strong></span> <span class='ocrx_word' id='word_1_704' title='bbox 362 2835 556 2870; x_wconf 58' lang='grc' dir='ltr'><strong>[Ἁλλάσσει.</strong></span> <span class='ocrx_word' id='word_1_705' title='bbox 577 2837 634 2865; x_wconf 79' lang='lat' dir='ltr'><strong>Non</strong></span> <span class='ocrx_word' id='word_1_706' title='bbox 659 2844 764 2871; x_wconf 79' lang='lat' dir='ltr'><strong>mutat.</strong></span> <span class='ocrx_word' id='word_1_707' title='bbox 786 2840 834 2867; x_wconf 87' lang='lat' dir='ltr'><strong>sed</strong></span> <span class='ocrx_word' id='word_1_708' title='bbox 859 2840 948 2874; x_wconf 84' lang='lat' dir='ltr'><strong>potius</strong></span> 
     </span>
    </p>
   </div>
   <div class='ocr_carea' id='block_1_104' title="bbox 156 2876 947 2917">
    <p class='ocr_par' dir='ltr' id='par_1_104' title="bbox 156 2876 947 2917">
     <span class='ocr_line' id='line_1_104' title="bbox 156 2876 947 2917; baseline 0.013 -15"><span class='ocrx_word' id='word_1_709' title='bbox 156 2876 259 2910; x_wconf 79' lang='lat' dir='ltr'><strong>induit,</strong></span> <span class='ocrx_word' id='word_1_710' title='bbox 274 2878 306 2905; x_wconf 74' lang='grc' dir='ltr'><strong>τὸ</strong></span> <span class='ocrx_word' id='word_1_711' title='bbox 320 2879 416 2907; x_wconf 75' lang='grc' dir='ltr'>ἐπάνω</span> <span class='ocrx_word' id='word_1_712' title='bbox 433 2881 561 2909; x_wconf 82' lang='lat' dir='ltr'><strong>uituirum</strong></span> <span class='ocrx_word' id='word_1_713' title='bbox 579 2882 690 2917; x_wconf 74' lang='grc' dir='ltr'><strong>ἔνδυμα,</strong></span> <span class='ocrx_word' id='word_1_714' title='bbox 710 2889 762 2912; x_wconf 81' lang='lat' dir='ltr'><strong>etc.</strong></span> <span class='ocrx_word' id='word_1_715' title='bbox 789 2885 828 2912; x_wconf 87' lang='lat' dir='ltr'><strong>Ad</strong></span> <span class='ocrx_word' id='word_1_716' title='bbox 855 2891 947 2913; x_wconf 83' lang='lat' dir='ltr'><strong>notam</strong></span> 
     </span>
    </p>
   </div>
   <div class='ocr_carea' id='block_1_105' title="bbox 309 2997 316 3010">
    <p class='ocr_par' dir='ltr' id='par_1_105' title="bbox 309 2997 316 3010">
     <span class='ocr_line' id='line_1_105' title="bbox 309 2997 316 3010; baseline 0 0"><span class='ocrx_word' id='word_1_717' title='bbox 309 2997 316 3010; x_wconf 73' lang='lat'><strong>\</strong></span> 
     </span>
    </p>
   </div>
   <div class='ocr_carea' id='block_1_106' title="bbox 1002 2284 1794 2320">
    <p class='ocr_par' dir='ltr' id='par_1_106' title="bbox 1002 2284 1794 2320">
     <span class='ocr_line' id='line_1_106' title="bbox 1002 2284 1794 2320; baseline -0.004 -8"><span class='ocrx_word' id='word_1_718' title='bbox 1002 2285 1126 2313; x_wconf 83' lang='lat' dir='ltr'><strong>staurion</strong></span> <span class='ocrx_word' id='word_1_719' title='bbox 1137 2285 1202 2313; x_wconf 92' lang='lat' dir='ltr'><strong>illud</strong></span> <span class='ocrx_word' id='word_1_720' title='bbox 1216 2285 1287 2320; x_wconf 89' lang='lat' dir='ltr'><strong>quod</strong></span> <span class='ocrx_word' id='word_1_721' title='bbox 1301 2292 1318 2312; x_wconf 84' lang='lat' dir='ltr'><strong>a</strong></span> <span class='ocrx_word' id='word_1_722' title='bbox 1345 2284 1507 2319; x_wconf 83' lang='lat' dir='ltr'><strong>Curopalata</strong></span> <span class='ocrx_word' id='word_1_723' title='bbox 1527 2289 1636 2310; x_wconf 76' lang='lat' dir='ltr'><strong>staurus</strong></span> <span class='ocrx_word' id='word_1_724' title='bbox 1650 2290 1698 2310; x_wconf 88' lang='lat' dir='ltr'><strong>seu</strong></span> <span class='ocrx_word' id='word_1_725' title='bbox 1725 2291 1794 2309; x_wconf 68' lang='lat' dir='ltr'><strong>crum</strong></span> 
     </span>
    </p>
   </div>
   <div class='ocr_carea' id='block_1_107' title="bbox 1003 2328 1792 2366">
    <p class='ocr_par' dir='ltr' id='par_1_107' title="bbox 1003 2328 1792 2366">
     <span class='ocr_line' id='line_1_107' title="bbox 1003 2328 1792 2366; baseline -0.001 -8"><span class='ocrx_word' id='word_1_726' title='bbox 1003 2331 1168 2366; x_wconf 85' lang='lat' dir='ltr'><strong>appellatur.</strong></span> <span class='ocrx_word' id='word_1_727' title='bbox 1207 2331 1388 2366; x_wconf 76' lang='grc' dir='ltr'><strong>Φλάμπουρον</strong></span> <span class='ocrx_word' id='word_1_728' title='bbox 1431 2337 1541 2364; x_wconf 88' lang='lat' dir='ltr'><strong>quoque</strong></span> <span class='ocrx_word' id='word_1_729' title='bbox 1571 2329 1694 2356; x_wconf 80' lang='lat' dir='ltr'><strong>invenias</strong></span> <span class='ocrx_word' id='word_1_730' title='bbox 1719 2328 1792 2363; x_wconf 82' lang='lat' dir='ltr'><strong>apud</strong></span> 
     </span>
    </p>
   </div>
   <div class='ocr_carea' id='block_1_108' title="bbox 1003 2375 1792 2413">
    <p class='ocr_par' dir='ltr' id='par_1_108' title="bbox 1003 2375 1792 2413">
     <span class='ocr_line' id='line_1_108' title="bbox 1003 2375 1792 2413; baseline -0.006 -7"><span class='ocrx_word' id='word_1_731' title='bbox 1003 2378 1208 2413; x_wconf 77' lang='lat' dir='ltr'><strong>Moscliopulum</strong></span> <span class='ocrx_word' id='word_1_732' title='bbox 1231 2387 1237 2405; x_wconf 89' lang='lat'>:</span> <span class='ocrx_word' id='word_1_733' title='bbox 1255 2377 1325 2412; x_wconf 87' lang='lat' dir='ltr'><strong>apud</strong></span> <span class='ocrx_word' id='word_1_734' title='bbox 1344 2377 1507 2408; x_wconf 84' lang='lat' dir='ltr'><strong>Cedrenum.</strong></span> <span class='ocrx_word' id='word_1_735' title='bbox 1533 2383 1560 2411; x_wconf 88' lang='lat' dir='ltr'><strong>p.</strong></span> <span class='ocrx_word' id='word_1_736' title='bbox 1588 2376 1651 2406; x_wconf 68' lang='lat' dir='ltr'><strong>Mt,</strong></span> <span class='ocrx_word' id='word_1_737' title='bbox 1669 2375 1792 2410; x_wconf 72' lang='grc' dir='ltr'><strong>φλαμού-</strong></span> 
     </span>
    </p>
   </div>
   <div class='ocr_carea' id='block_1_109' title="bbox 1002 2421 1795 2458">
    <p class='ocr_par' dir='ltr' id='par_1_109' title="bbox 1002 2421 1795 2458">
     <span class='ocr_line' id='line_1_109' title="bbox 1002 2421 1795 2458; baseline -0.003 -9"><span class='ocrx_word' id='word_1_738' title='bbox 1002 2423 1069 2456; x_wconf 74' lang='grc' dir='ltr'>λιον,</span> <span class='ocrx_word' id='word_1_739' title='bbox 1085 2424 1155 2458; x_wconf 84' lang='lat' dir='ltr'><strong>apud</strong></span> <span class='ocrx_word' id='word_1_740' title='bbox 1171 2423 1289 2450; x_wconf 78' lang='lat' dir='ltr'><strong>Leonem</strong></span> <span class='ocrx_word' id='word_1_741' title='bbox 1305 2423 1331 2450; x_wconf 86' lang='lat' dir='ltr'><strong>in</strong></span> <span class='ocrx_word' id='word_1_742' title='bbox 1344 2423 1463 2450; x_wconf 84' lang='lat' dir='ltr'><strong>Tacticis</strong></span> <span class='ocrx_word' id='word_1_743' title='bbox 1471 2421 1613 2449; x_wconf 88' lang='lat' dir='ltr'><strong>constitut.</strong></span> <span class='ocrx_word' id='word_1_744' title='bbox 1629 2421 1657 2455; x_wconf 83' lang='lat'><strong>5,</strong></span> <span class='ocrx_word' id='word_1_745' title='bbox 1674 2421 1795 2456; x_wconf 63' lang='grc' dir='ltr'><strong>φλαμουη</strong></span> 
     </span>
    </p>
   </div>
   <div class='ocr_carea' id='block_1_110' title="bbox 1001 2466 1792 2503">
    <p class='ocr_par' dir='ltr' id='par_1_110' title="bbox 1001 2466 1792 2503">
     <span class='ocr_line' id='line_1_110' title="bbox 1001 2466 1792 2503; baseline -0.004 -7"><span class='ocrx_word' id='word_1_746' title='bbox 1001 2469 1116 2501; x_wconf 81' lang='grc' dir='ltr'><strong>λὶσκιον,</strong></span> <span class='ocrx_word' id='word_1_747' title='bbox 1132 2469 1159 2496; x_wconf 94' lang='grc'><strong>111</strong></span> <span class='ocrx_word' id='word_1_748' title='bbox 1172 2469 1310 2496; x_wconf 86' lang='lat' dir='ltr'><strong>Paudecte</strong></span> <span class='ocrx_word' id='word_1_749' title='bbox 1326 2468 1445 2496; x_wconf 88' lang='lat' dir='ltr'><strong>Turcico</strong></span> <span class='ocrx_word' id='word_1_750' title='bbox 1461 2467 1621 2503; x_wconf 74' lang='lat' dir='ltr'><strong>[lambat-nm</strong></span> <span class='ocrx_word' id='word_1_751' title='bbox 1633 2471 1661 2494; x_wconf 90' lang='lat' dir='ltr'><strong>et</strong></span> <span class='ocrx_word' id='word_1_752' title='bbox 1674 2466 1792 2501; x_wconf 76' lang='lat' dir='ltr'><strong>[lambu-</strong></span> 
     </span>
    </p>
   </div>
   <div class='ocr_carea' id='block_1_111' title="bbox 1003 2513 1794 2550">
    <p class='ocr_par' dir='ltr' id='par_1_111' title="bbox 1003 2513 1794 2550">
     <span class='ocr_line' id='line_1_111' title="bbox 1003 2513 1794 2550; baseline -0.005 -8"><span class='ocrx_word' id='word_1_753' title='bbox 1003 2516 1077 2548; x_wconf 84' lang='lat' dir='ltr'><strong>Ium;</strong></span> <span class='ocrx_word' id='word_1_754' title='bbox 1095 2523 1156 2550; x_wconf 82' lang='lat' dir='ltr'><strong>qua:</strong></span> <span class='ocrx_word' id='word_1_755' title='bbox 1169 2519 1197 2543; x_wconf 87' lang='lat' dir='ltr'><strong>et</strong></span> <span class='ocrx_word' id='word_1_756' title='bbox 1216 2515 1296 2542; x_wconf 81' lang='lat' dir='ltr'><strong>hodie</strong></span> <span class='ocrx_word' id='word_1_757' title='bbox 1311 2514 1414 2542; x_wconf 61' lang='lat' dir='ltr'><strong>Graecis</strong></span> <span class='ocrx_word' id='word_1_758' title='bbox 1427 2514 1540 2542; x_wconf 85' lang='lat' dir='ltr'><strong>usitata.</strong></span> <span class='ocrx_word' id='word_1_759' title='bbox 1555 2514 1682 2548; x_wconf 81' lang='lat' dir='ltr'><strong>Idemque</strong></span> <span class='ocrx_word' id='word_1_760' title='bbox 1700 2513 1794 2542; x_wconf 84' lang='lat' dir='ltr'><strong>omnia</strong></span> 
     </span>
    </p>
   </div>
   <div class='ocr_carea' id='block_1_112' title="bbox 1002 2559 1792 2594">
    <p class='ocr_par' dir='ltr' id='par_1_112' title="bbox 1002 2559 1792 2594">
     <span class='ocr_line' id='line_1_112' title="bbox 1002 2559 1792 2594; baseline -0.008 -5"><span class='ocrx_word' id='word_1_761' title='bbox 1002 2563 1060 2590; x_wconf 73' lang='lat' dir='ltr'><strong>iure</strong></span> <span class='ocrx_word' id='word_1_762' title='bbox 1075 2561 1219 2594; x_wconf 85' lang='lat' dir='ltr'><strong>vocabula,</strong></span> <span class='ocrx_word' id='word_1_763' title='bbox 1233 2561 1284 2589; x_wconf 85' lang='lat' dir='ltr'><strong>etsi</strong></span> <span class='ocrx_word' id='word_1_764' title='bbox 1300 2561 1409 2588; x_wconf 82' lang='lat' dir='ltr'><strong>diverse</strong></span> <span class='ocrx_word' id='word_1_765' title='bbox 1425 2561 1507 2588; x_wconf 79' lang='lat' dir='ltr'><strong>scribi</strong></span> <span class='ocrx_word' id='word_1_766' title='bbox 1518 2560 1609 2592; x_wconf 85' lang='lat' dir='ltr'><strong>solita,</strong></span> <span class='ocrx_word' id='word_1_767' title='bbox 1624 2559 1792 2593; x_wconf 76' lang='lat' dir='ltr'><strong>signiﬁcant,</strong></span> 
     </span>
    </p>
   </div>
   <div class='ocr_carea' id='block_1_113' title="bbox 1003 2604 1789 2642">
    <p class='ocr_par' dir='ltr' id='par_1_113' title="bbox 1003 2604 1789 2642">
     <span class='ocr_line' id='line_1_113' title="bbox 1003 2604 1789 2642; baseline -0.005 -8"><span class='ocrx_word' id='word_1_768' title='bbox 1003 2616 1100 2642; x_wconf 80' lang='lat' dir='ltr'><strong>nenipe</strong></span> <span class='ocrx_word' id='word_1_769' title='bbox 1114 2608 1254 2639; x_wconf 77' lang='lat' dir='ltr'><strong>vexillum,</strong></span> <span class='ocrx_word' id='word_1_770' title='bbox 1268 2615 1326 2639; x_wconf 86' lang='lat' dir='ltr'><strong>seu,</strong></span> <span class='ocrx_word' id='word_1_771' title='bbox 1341 2611 1371 2634; x_wconf 87' lang='lat' dir='ltr'><strong>ut</strong></span> <span class='ocrx_word' id='word_1_772' title='bbox 1382 2607 1578 2642; x_wconf 86' lang='lat' dir='ltr'><strong>interpretatur</strong></span> <span class='ocrx_word' id='word_1_773' title='bbox 1592 2605 1701 2632; x_wconf 78' lang='lat' dir='ltr'><strong>Nicetas</strong></span> <span class='ocrx_word' id='word_1_774' title='bbox 1717 2604 1789 2637; x_wconf 83' lang='lat' dir='ltr'><strong>apud</strong></span> 
     </span>
    </p>
   </div>
   <div class='ocr_carea' id='block_1_114' title="bbox 1002 2649 1794 2687">
    <p class='ocr_par' dir='ltr' id='par_1_114' title="bbox 1002 2649 1794 2687">
     <span class='ocr_line' id='line_1_114' title="bbox 1002 2649 1794 2687; baseline -0.004 -8"><span class='ocrx_word' id='word_1_775' title='bbox 1002 2653 1152 2687; x_wconf 69' lang='lat' dir='ltr'><strong>lligaltium</strong></span> <span class='ocrx_word' id='word_1_776' title='bbox 1171 2654 1196 2680; x_wconf 89' lang='lat' dir='ltr'><strong>in</strong></span> <span class='ocrx_word' id='word_1_777' title='bbox 1209 2652 1362 2686; x_wconf 86' lang='lat' dir='ltr'><strong>Glossario,</strong></span> <span class='ocrx_word' id='word_1_778' title='bbox 1379 2653 1483 2687; x_wconf 77' lang='lat' dir='ltr'><strong>signum</strong></span> <span class='ocrx_word' id='word_1_779' title='bbox 1495 2651 1621 2678; x_wconf 85' lang='lat' dir='ltr'><strong>militare.</strong></span> <span class='ocrx_word' id='word_1_780' title='bbox 1632 2649 1685 2676; x_wconf 70' lang='lat' dir='ltr'><strong>Nec</strong></span> <span class='ocrx_word' id='word_1_781' title='bbox 1702 2653 1794 2676; x_wconf 72' lang='lat' dir='ltr'><strong>tamen</strong></span> 
     </span>
    </p>
   </div>
   <div class='ocr_carea' id='block_1_115' title="bbox 1003 2695 1790 2734">
    <p class='ocr_par' dir='ltr' id='par_1_115' title="bbox 1003 2695 1790 2734">
     <span class='ocr_line' id='line_1_115' title="bbox 1003 2695 1790 2734; baseline -0.003 -8"><span class='ocrx_word' id='word_1_782' title='bbox 1003 2700 1105 2727; x_wconf 66' lang='lat' dir='ltr'><strong>militiae</strong></span> <span class='ocrx_word' id='word_1_783' title='bbox 1123 2701 1212 2727; x_wconf 89' lang='lat' dir='ltr'><strong>solum</strong></span> <span class='ocrx_word' id='word_1_784' title='bbox 1225 2700 1271 2728; x_wconf 87' lang='lat' dir='ltr'><strong>sed</strong></span> <span class='ocrx_word' id='word_1_785' title='bbox 1291 2705 1318 2727; x_wconf 90' lang='lat' dir='ltr'><strong>et</strong></span> <span class='ocrx_word' id='word_1_786' title='bbox 1333 2700 1406 2727; x_wconf 90' lang='lat' dir='ltr'><strong>domi</strong></span> <span class='ocrx_word' id='word_1_787' title='bbox 1423 2698 1582 2734; x_wconf 84' lang='lat' dir='ltr'><strong>imperatori</strong></span> <span class='ocrx_word' id='word_1_788' title='bbox 1596 2702 1624 2724; x_wconf 88' lang='lat' dir='ltr'><strong>et</strong></span> <span class='ocrx_word' id='word_1_789' title='bbox 1657 2695 1790 2730; x_wconf 45' lang='lat' dir='ltr'><strong>principi:</strong></span> 
     </span>
    </p>
   </div>
   <div class='ocr_carea' id='block_1_116' title="bbox 1001 2743 1794 2782">
    <p class='ocr_par' dir='ltr' id='par_1_116' title="bbox 1001 2743 1794 2782">
     <span class='ocr_line' id='line_1_116' title="bbox 1001 2743 1794 2782; baseline -0.01 -7"><span class='ocrx_word' id='word_1_790' title='bbox 1001 2747 1052 2775; x_wconf 85' lang='lat' dir='ltr'><strong>bus</strong></span> <span class='ocrx_word' id='word_1_791' title='bbox 1066 2747 1157 2781; x_wconf 87' lang='lat' dir='ltr'><strong>palatii</strong></span> <span class='ocrx_word' id='word_1_792' title='bbox 1171 2746 1291 2782; x_wconf 76' lang='lat' dir='ltr'><strong>przel&#39;erri</strong></span> <span class='ocrx_word' id='word_1_793' title='bbox 1308 2751 1480 2777; x_wconf 87' lang='lat' dir='ltr'><strong>consuetum,</strong></span> <span class='ocrx_word' id='word_1_794' title='bbox 1514 2744 1586 2779; x_wconf 87' lang='lat' dir='ltr'><strong>quod</strong></span> <span class='ocrx_word' id='word_1_795' title='bbox 1619 2743 1728 2778; x_wconf 81' lang='lat' dir='ltr'><strong>planum</strong></span> <span class='ocrx_word' id='word_1_796' title='bbox 1760 2749 1794 2773; x_wconf 68' lang='lat' dir='ltr'><strong>ex</strong></span> 
     </span>
    </p>
   </div>
   <div class='ocr_carea' id='block_1_117' title="bbox 1001 2787 1793 2828">
    <p class='ocr_par' dir='ltr' id='par_1_117' title="bbox 1001 2787 1793 2828">
     <span class='ocr_line' id='line_1_117' title="bbox 1001 2787 1793 2828; baseline -0.011 -7"><span class='ocrx_word' id='word_1_797' title='bbox 1001 2793 1130 2828; x_wconf 88' lang='lat' dir='ltr'><strong>Cnropal.</strong></span> <span class='ocrx_word' id='word_1_798' title='bbox 1158 2801 1182 2820; x_wconf 91' lang='lat' dir='ltr'><strong>c.</strong></span> <span class='ocrx_word' id='word_1_799' title='bbox 1217 2793 1243 2820; x_wconf 80' lang='grc' dir='ltr'><strong>ϐ.</strong></span> <span class='ocrx_word' id='word_1_800' title='bbox 1275 2792 1331 2819; x_wconf 82' lang='grc'><strong>11110</strong></span> <span class='ocrx_word' id='word_1_801' title='bbox 1359 2791 1431 2819; x_wconf 87' lang='lat' dir='ltr'><strong>domi</strong></span> <span class='ocrx_word' id='word_1_802' title='bbox 1464 2791 1539 2826; x_wconf 86' lang='lat' dir='ltr'><strong>plura</strong></span> <span class='ocrx_word' id='word_1_803' title='bbox 1568 2787 1793 2824; x_wconf 66' lang='lat' dir='ltr'><strong>praeferebantur,</strong></span> 
     </span>
    </p>
   </div>
   <div class='ocr_carea' id='block_1_118' title="bbox 1001 2833 1796 2869">
    <p class='ocr_par' dir='ltr' id='par_1_118' title="bbox 1001 2833 1796 2869">
     <span class='ocr_line' id='line_1_118' title="bbox 1001 2833 1796 2869; baseline -0.01 -2"><span class='ocrx_word' id='word_1_804' title='bbox 1001 2840 1132 2867; x_wconf 79' lang='lat' dir='ltr'><strong>nimirum</strong></span> <span class='ocrx_word' id='word_1_805' title='bbox 1149 2839 1292 2867; x_wconf 84' lang='lat' dir='ltr'><strong>duodecim</strong></span> <span class='ocrx_word' id='word_1_806' title='bbox 1310 2847 1318 2865; x_wconf 89' lang='lat'><strong>:</strong></span> <span class='ocrx_word' id='word_1_807' title='bbox 1351 2837 1444 2868; x_wconf 69' lang='grc' dir='ltr'><strong>Ἐκτδς</strong></span> <span class='ocrx_word' id='word_1_808' title='bbox 1458 2837 1486 2863; x_wconf 72' lang='grc' dir='ltr'>δὲ</span> <span class='ocrx_word' id='word_1_809' title='bbox 1495 2835 1595 2863; x_wconf 79' lang='grc' dir='ltr'><strong>ὁπόταν</strong></span> <span class='ocrx_word' id='word_1_810' title='bbox 1620 2834 1763 2869; x_wconf 74' lang='grc' dir='ltr'><strong>στρατεύει</strong></span> <span class='ocrx_word' id='word_1_811' title='bbox 1779 2833 1796 2868; x_wconf 60' lang='grc' dir='ltr'><strong>ἠ</strong></span> 
     </span>
    </p>
   </div>
   <div class='ocr_carea' id='block_1_119' title="bbox 1003 2879 1798 2918">
    <p class='ocr_par' dir='ltr' id='par_1_119' title="bbox 1003 2879 1798 2918">
     <span class='ocr_line' id='line_1_119' title="bbox 1003 2879 1798 2918; baseline -0.01 -5"><span class='ocrx_word' id='word_1_812' title='bbox 1003 2885 1139 2918; x_wconf 71' lang='grc' dir='ltr'><strong>βισιλεὺς,</strong></span> <span class='ocrx_word' id='word_1_813' title='bbox 1160 2885 1229 2913; x_wconf 78' lang='grc' dir='ltr'><strong>κατὰ</strong></span> <span class='ocrx_word' id='word_1_814' title='bbox 1244 2883 1390 2916; x_wconf 67' lang='grc' dir='ltr'>ἀναλογίαν</span> <span class='ocrx_word' id='word_1_815' title='bbox 1410 2884 1458 2917; x_wconf 71' lang='grc' dir='ltr'><strong>τῆς</strong></span> <span class='ocrx_word' id='word_1_816' title='bbox 1475 2881 1622 2917; x_wconf 72' lang='grc' dir='ltr'><strong>ποσότητος</strong></span> <span class='ocrx_word' id='word_1_817' title='bbox 1634 2881 1683 2916; x_wconf 77' lang='grc' dir='ltr'><strong>τῆς</strong></span> <span class='ocrx_word' id='word_1_818' title='bbox 1707 2879 1798 2918; x_wconf 51' lang='grc' dir='ltr'><strong>αὐτή</strong></span> 
     </span>
    </p>
   </div>
  </div>
