2041 3144
220 161 274 194 315
762 158 804 189 lN
829 157 982 192 LIBRUM,
1004 156 1052 186 DE
1074 154 1238 185 OFFICHS
1267 150 1320 185 GP.
1797 152 1851 184 316

222 211 374 250 αυντάξεως
389 218 443 254 ἔχει
473 219 520 245 καὶ
544 218 698 253 φλυμουλον
711 217 740 244 ἓν
757 217 838 252 τυχὸν
852 217 868 252 ἦ
882 217 938 244 δὺο.
965 216 1002 249 Qu

1068 214 1199 242 caelestis.
1229 213 1322 240 Tertio
1349 211 1566 246 archistrategus
1592 218 1646 239 non
1659 211 1851 240 eratoﬂicium

220 262 388 289 ﬂammnlum
402 268 500 298 gestat,
518 263 619 291 Graecis
632 267 673 296 est
689 262 840 296 ﬂuntttlat‘is
854 270 900 289 seu
929 263 1009 296 flam—

222 309 309 337 bulur.
325 309 454 337 Pandect.
471 310 554 336 Ture.
568 317 592 336 c.
611 309 661 335 174
674 314 701 335 et
730 308 790 335 Vel.
814 307 904 335 Gloss.
937 308 1010 342 apud

221 353 321 388 lligalt.
338 354 754 389 φλαμου).ἀριοι.1ιιΤυι-ιηο-(ἶτ.
790 362 817 388 p.
847 353 894 380 161
924 353 1012 387 φλαμ-

219 399 365 433 π,υλοὶρεοι
383 400 533 434 vexilli/eri.
549 408 575 434 μ.
591 400 639 427 ροι
672 400 810 427 llamboler
825 400 929 434 signum
962 407 1009 427 seu

219 445 357 472 vexillum.
375 445 496 472 Transiit
512 445 620 473 llamula
636 454 667 473 ex
685 446 763 473 Latio
779 447 811 473 ad
828 446 949 477 Grascos.
963 446 1010 480 qui

221 490 286 516 illud
305 491 389 522 varie,
402 496 430 517 ut
449 491 549 524 solent,
575 491 768 518 immutarunt.

254 534 284 562 Ρ.
304 535 349 562 48.
374 535 522 569 Flagitiose
550 544 666 572 prorsus
685 538 785 565 Junius
799 538 826 564 in
845 537 1012 572 interpreta-

218 580 293 607 tione
323 585 348 608 et
369 582 552 616 explicatione
572 590 668 610 eorum
698 591 759 617 qua:
791 583 878 610 hicde
894 582 1012 611 ﬂatttulis

217 626 378 654 scribuntur
392 632 518 655 versatus
536 633 589 655 est.
618 628 644 656 ld
661 635 689 656 ut
702 629 804 663 videas,
814 637 847 656 en
872 629 921 656 tibi
938 629 1011 656 Junii

217 673 311 699 verba:
329 672 367 699 Ea
380 673 511 709 (ﬂatnula)
524 679 585 701 sunt
597 675 662 702 Iure.
680 675 799 702 Primum
807 677 855 711 fert
870 676 1014 703 archistra-

219 722 292 752 trgus
304 727 313 745 .'
325 720 446 754 princeps
463 729 599 747 sacrarunt
616 722 769 753 secundum,
783 722 878 749 habens
888 724 1012 757 imagines

217 766 318 792 divinas
328 767 433 794 multas.
447 767 528 794 Aliud
542 769 645 801 tertius,
657 769 753 795 habens
765 769 892 802 imagines
908 775 1014 797 sancto-

219 819 277 838 rum
292 817 405 846 quatuor
419 822 573 849 magnorum
587 820 746 850 martyrum,
763 816 900 849 Demetrii,
913 816 1014 844 Proco-

217 858 254 890 pii
269 862 293 883 et
311 857 451 886 Theodori.
473 860 564 892 Aliud,
586 862 630 895 qui
646 861 696 895 fert
721 867 844 888 sanctum
870 862 1010 898 Georgium

217 903 341 936 equitavit,
351 904 425 931 aliud
437 905 620 938 dracauteum,
630 907 738 933 etaliud
751 908 848 934 habens
860 914 1005 942 equestrem

218 949 385 982 imperatoris
415 955 545 979 statuam.
565 952 714 987 Perperam
740 961 867 988 prorsus.
891 953 1005 981 Verten-

217 996 280 1022 dum
299 998 384 1030 enim,
413 1002 442 1025 ut
471 999 530 1034 ipsa
558 1000 642 1028 verba
672 1006 700 1028 et
728 1009 805 1029 mens
832 1002 1006 1036 Curnpalata:

217 1042 368 1075 postulant,
398 1044 473 1071 hunc
501 1045 529 1072 in
548 1047 658 1074 modum
675 1054 682 1073 :
713 1047 754 1074 Ea
768 1053 855 1075 autem
871 1048 1003 1082 (llatnula)

215 1094 276 1115 sum
302 1090 368 1117 hrec.
395 1090 518 1118 Primum
543 1093 770 1128 arcltistrategus:
803 1095 921 1121 alterutri
945 1103 1005 1122 raro

217 1134 380 1172 (Remulum)
409 1139 509 1165 multas
539 1139 637 1167 habens
655 1148 748 1167 sacras
774 1146 799 1168 et
813 1141 1004 1168 divinasima-

215 1180 289 1214 gines
303 1183 458 1217 ponti/icui):
473 1189 497 1211 et
513 1184 640 1213 Ecclesia:
661 1187 819 1220 praesulatu;
834 1188 910 1214 aliud
925 1195 1003 1221 crux,

215 1226 312 1254 habens
323 1228 477 1263 (legendum
488 1231 560 1258 enim
577 1240 610 1258 ex
620 1233 681 1259 cod.
695 1241 747 1260 ms.
757 1233 879 1260 doctoris
892 1232 1004 1268 Georgii

217 1272 371 1306 Latttherii,
385 1275 449 1303 ἄλλο
481 1277 598 1312 σταυρὸς
607 1277 698 1313 ’ἔχω-ι)
712 1279 839 1313 imagines
854 1284 1005 1309 sanctorum

215 1326 331 1353 quatuor
346 1329 500 1355 magnorum
517 1323 600 1358 284
612 1328 770 1359 martyrum,
782 1323 919 1358 Demetrii,
935 1325 1004 1353 Pro-

217 1366 287 1401 copii
301 1371 326 1393 et
345 1368 482 1402 utriusque
499 1368 630 1396 Theodori
644 1370 800 1405 (legendum
815 1372 888 1399 enim
905 1371 931 1399 in
945 1372 1004 1407 plu-

219 1411 269 1437 ιιιιὶ
299 1411 456 1448 Θεοδώρων,
485 1419 514 1440 ιιι
546 1415 647 1442 habent
671 1424 738 1444 mss.
762 1417 895 1452 codices).
913 1413 1004 1445 'Aliud

216 1455 313 1483 habens
332 1457 414 1493 (ἕχον)
427 1458 456 1486 S.
470 1458 612 1494 Georgium
640 1462 767 1496 equitem.
796 1463 877 1490 Aliud
889 1464 1004 1492 dracon-

215 1506 296 1535 teum,
311 1507 335 1529 et
349 1503 422 1530 aliud
434 1504 531 1532 habens
540 1511 686 1541 equestrem
698 1507 865 1542 imperatoris
872 1514 1002 1538 statuam.

1061 261 1103 288 vel
1117 268 1216 287 nomen
1230 259 1311 287 ollicii
1326 259 1408 286 aulici
1419 259 1459 286 vel
1474 259 1618 286 militaris:
1636 258 1755 293 alioquin
1770 259 1852 287 omis-

1061 315 1122 335 sum
1140 303 1193 334 neu
1226 306 1324 334 fuisset
1338 306 1389 332 hoc
1403 313 1503 332 munus
1519 313 1533 332 a
1554 304 1719 339 Curopalata
1736 304 1763 331 in
1776 309 1853 332 cata-

1061 353 1133 388 logo.
1143 352 1309 385 Quarevana
1319 356 1359 379 est
1371 351 1415 379 illa
1426 351 1578 379 Calviniani
1590 354 1654 378 nuta
1665 352 1692 377 τὸ
1703 351 1852 385 ἀρχιστρά-

1063 407 1161 434 τηγος,
1175 403 1253 434 puta,
1265 399 1384 435 quisquis
1395 402 1434 425 est
1448 406 1494 432 per
1509 397 1577 424 illud
1589 403 1702 431 tempus.
1715 397 1749 423 At
1761 396 1852 423 nullus

1061 450 1105 473 est
1119 445 1338 480 archistrategus
1358 448 1431 480 apud
1455 444 1648 480 Curopalatam
1664 443 1718 470 nisi
1734 442 1850 470 Michael
1889 457 1895 461 —

1062 492 1255 527 archangelus.
1275 491 1377 519 Gac'rs.

1097 538 1128 566 Ρ.
1141 539 1186 566 48.
1201 538 1338 574 [leestis
1353 537 1547 571 terrestrisque
1557 536 1662 564 militia:
1673 536 1726 563 dux
1736 535 1852 563 ducum-

1063 593 1116 620 que
1132 584 1253 612 omnium
1272 584 1397 619 princeps
1409 583 1534 615 Michael,
1551 582 1772 617 ἀρχιστράτηγος
1785 581 1850 608 ideo

1064 637 1079 656 a
1094 630 1234 661 militibus,
1253 637 1267 656 a
1284 630 1364 664 vulgo
1388 629 1451 664 (hoc
1468 629 1540 656 enim
1558 627 1618 655 solo
1633 628 1743 654 nomine
1758 627 1849 662 plebe-

1042 689 1045 692 -
1065 678 1136 704 culte
1153 683 1235 704 notus
1263 676 1317 710 est)
1349 676 1500 711 ταξιάρχης
1535 675 1671 702 salutatus
1686 684 1691 707 ;
1708 675 1786 709 cujus
1801 682 1850 701 no-

1064 724 1137 751 mine
1152 724 1296 751 ecclesiam
1312 723 1340 750 in
1368 723 1517 751 Sostbenio
1530 727 1612 749 extra
1629 729 1725 749 muros
1740 721 1848 748 dedica-

1065 775 1118 797 tam
1133 769 1432 803 aConstantino,cujus
1446 768 1598 795 munimine
1614 767 1735 801 reginam
1753 767 1846 793 urbem

1064 816 1098 843 ab
1113 815 1215 842 insnltu
1243 815 1423 842 barbarorum
1451 821 1504 841 non
1535 813 1620 840 semel
1651 817 1771 847 ereptam
1807 820 1849 839 re-

1065 862 1118 889 fert
1146 862 1331 889 Damasce‘nus
1365 860 1486 887 Stutlitcs
1515 860 1705 887 subdiaconus
1741 859 1847 894 vulgari

1063 915 1189 935 sermone
1201 907 1234 935 de
1244 907 1303 942 ejus
1318 907 1466 935 festivitate
1478 907 1592 941 scripto,
1608 914 1688 941 quem
1702 906 1776 933 velut
1792 913 1850 932 ma-

1057 954 1104 987 gni
1119 961 1151 981 ac
1179 953 1352 982 celeberrimi
1375 952 1403 981 S.
1439 953 1552 987 Sophia:
1582 953 1674 987 templi
1706 952 1847 980 custodem

1058 1000 1183 1034 depinxit
1206 999 1381 1028 Justinianus
1411 1001 1439 1026 ὲν
1459 1000 1578 1035 προνάῳ,
1594 1000 1654 1025 καθ’
1669 999 1683 1025 ὅ
1695 999 1727 1033 δὴ
1741 1000 1755 1025 ὁ
1770 998 1848 1033 1:de-

1056 1055 1150 1078 τιατος
1165 1048 1211 1074 καὶ
1230 1048 1360 1081 μέγιστος
1376 1047 1430 1073 τῶν
1446 1046 1698 1082 παραστατούντωτι
1713 1045 1848 1080 ἀρχαγέλ-

1057 1092 1111 1120 λων
1140 1093 1201 1128 Θεῷ
1216 1093 1327 1127 Μιχαὴλ
1341 1093 1516 1127 ἐσπασμένος
1545 1092 1684 1126 ῥομφαίαν
1696 1090 1848 1126 satillum:

1060 1137 1186 1172 ψηφίδων
1215 1137 1332 1169 λεπταῖς
1346 1137 1498 1169 ὲπιθέσεσι,
1519 1137 1608 1171 φύλαξ
1626 1136 1849 1172 προϐεὸλημένις

1056 1184 1104 1211 τοῦ
1119 1184 1204 1220 ἱεροῦ,
1221 1184 1310 1219 inquit
1325 1183 1434 1211 Nicetas
1452 1184 1478 1210 in
1495 1183 1589 1210 Alexio
1606 1183 1643 1215 ll;
1660 1190 1740 1216 quem
1756 1188 1850 1208 sacro-

1057 1239 1117 1258 rum
1144 1230 1275 1265 prtesides
1319 1231 1346 1257 in
1380 1231 1451 1257 sacri
1478 1229 1625 1257 tribunalis
1650 1228 1765 1259 foribus,
1792 1235 1847 1254 non

1056 1276 1200 1312 ejiciendis
1216 1275 1263 1303 sed
1282 1274 1451 1302 advocandis
1475 1274 1565 1308 potius
1581 1273 1607 1300 in
1628 1273 1782 1308 paradisum
1798 1271 1848 1298 ho-

1057 1323 1192 1355 minibus,
1220 1321 1409 1349 excubitorem
1441 1328 1494 1348 non
1518 1320 1633 1354 pingunt
1650 1320 1732 1346 modo
1752 1319 1799 1346 sed
1817 1323 1846 1346 et

1057 1373 1237 1401 venerantur,
1256 1371 1376 1395 tremunt
1403 1371 1428 1394 et
1441 1371 1600 1402 precantur,
1619 1370 1649 1392 ut
1664 1365 1691 1392 in
1709 1365 1846 1392 line-holo-

1057 1415 1124 1450 gicis
1148 1414 1339 1442 enarravimus
1357 1422 1364 1446 ;
1387 1420 1469 1448 quem
1487 1412 1608 1447 denique
1623 1411 1729 1446 imperii
1746 1411 1841 1438 defen-

1059 1469 1150 1490 sorem
1168 1461 1250 1488 simul
1265 1468 1326 1488 cum
1344 1459 1472 1487 Gabriele
1482 1458 1559 1486 sccio
1571 1458 1622 1485 sibi
1640 1459 1733 1485 datum
1747 1462 1844 1484 tenue-

1059 1512 1125 1536 runt
1139 1507 1295 1536 Graecorum
1305 1506 1454 1542 principes,
1473 1505 1531 1538 ubi,
1545 1509 1626 1540 prout
1644 1497 1740 1531 auctor
1753 1509 1846 1531 noster

217 1548 294 1575 llanc
312 1556 371 1577 esse
385 1557 476 1578 veram
502 1551 755 1586 interpretationem
773 1555 864 1589 quivis
879 1556 921 1583 vel
933 1564 999 1591 pau-
1011 1556 1034 1586 C
1053 1555 1152 1587 innuit,
1185 1562 1211 1582 c.
1243 1554 1271 1585 4,
1286 1558 1314 1581 et
1342 1553 1529 1580 Damascenus
1560 1551 1661 1578 citatus
1690 1550 1843 1584 profitetur,

216 1593 301 1620 luhnn
326 1601 443 1622 mentem
460 1596 606 1625 advertens
631 1597 777 1627 fatebitur:
795 1608 859 1628 nam
879 1601 999 1636 primum

213 1639 380 1675 Cnropalata
408 1650 570 1672 enumerare
597 1644 691 1672 volens
715 1653 840 1680 quasnam
866 1649 923 1675 sint
953 1648 999 1675 illa

214 1685 366 1717 llauunnla.
380 1688 418 1714 ait
431 1694 491 1715 sunt
506 1695 592 1716 autem
607 1691 662 1718 hazc
677 1698 790 1726 :postca
810 1693 918 1728 singula
936 1702 1000 1729 per-

214 1737 319 1759 censet.
350 1733 484 1765 Primum.
514 1735 613 1770 inquit,
641 1741 680 1764 est
701 1738 920 1774 archistrutegus,
945 1747 998 1766 non

213 1778 262 1812 fert
280 1779 499 1816 archislralegus.
524 1781 619 1818 Neque
647 1784 719 1811 enim
737 1785 901 1820 Curopalata
918 1786 1000 1814 habet

213 1825 285 1852 istud
303 1826 365 1860 fert,
377 1827 425 1855 sed
436 1829 550 1862 primum
561 1834 598 1856 est
615 1837 661 1857 seu
672 1831 770 1858 dicitur
779 1832 998 1867 urchistrategus,

212 1879 226 1898 a
253 1871 284 1899 Ι).
310 1872 449 1901 Michaelis
472 1875 601 1911 imagine,
641 1885 702 1912 qua:
729 1878 755 1905 in
793 1879 840 1906 illo
858 1879 999 1907 ﬂammulo

211 1924 341 1952 expressa
358 1923 385 1945 et
399 1919 498 1947 cllicta.
516 1921 583 1949 llinc
597 1922 779 1958 archangelus
794 1924 841 1951 loti
858 1924 998 1954 llatnmulo

211 1971 311 1990 nurnen
336 1964 421 1997 dedit,
447 1970 476 1992 ut
504 1966 643 1995 diceretur
679 1969 897 2004 archistrategus.
929 1970 996 1998 Nam

213 2008 242 2035 S.
260 2008 373 2037 Michael
388 2010 604 2047 archistratcgus
615 2021 629 2040 a
642 2013 745 2041 Gracis
759 2015 908 2050 appellatur
919 2017 996 2050 quasi

212 2055 341 2089 princeps
352 2055 471 2084 cmlestis
482 2057 594 2085 militiae.
607 2058 646 2086 ita
664 2065 777 2087 vocatur
796 2061 823 2095 1)
838 2062 872 2088 ab
889 2061 998 2089 Emma-

211 2100 290 2127 nucle
314 2102 479 2136 imperatore
507 2103 626 2131 Constit.
648 2104 682 2132 de
707 2104 813 2133 Feriis:
841 2105 995 2139 Feriamur,

211 2147 310 2181 inquit,
335 2154 412 2175 sexta
427 2148 599 2184 Septembris,
615 2150 656 2177 ὅτι
668 2151 695 2177 ὲν
712 2152 780 2187 αὐτῇ
799 2152 829 2178 τὸ
844 2153 873 2178 ἐν
889 2152 996 2186 Χώναις

210 2193 257 2219 τοῦ
272 2194 493 2230 ἀρχιστρατήγου
523 2196 634 2232 Μιχαὴλ
650 2197 743 2233 Οαῦμα
757 2201 994 2235 τερατουργεῖται.

1054 1601 1200 1635 imaginem
1226 1607 1305 1627 suam
1333 1599 1395 1626 hinc
1421 1597 1484 1624 inde
1509 1604 1523 1623 a
1550 1597 1636 1624 sacris
1652 1595 1714 1623 istis
1731 1595 1844 1622 duobus

1054 1647 1205 1675 taxiarchis
1219 1647 1347 1680 stipatam
1375 1650 1538 1671 concessere
1564 1642 1745 1677 gestandum:
1762 1641 1844 1676 285

1052 1692 1122 1728 ejus.
1148 1692 1271 1727 inquam,
1306 1690 1410 1718 nomini
1423 1690 1543 1724 primum
1561 1695 1588 1716 et
1605 1688 1776 1724 prmeipuum
1794 1688 1844 1713 im-

1051 1738 1119 1774 perii
1142 1738 1311 1765 ﬂammulum
1326 1737 1519 1764 consecratum
1544 1740 1595 1769 est,
1612 1740 1639 1763 ct
1658 1733 1843 1770 ἀρχιστράτη-

1051 1793 1100 1820 γος
1115 1787 1301 1818 nuncupatur.

1085 1829 1156 1857 Ibid.
1166 1829 1305 1865 [Εἰκόνας
1313 1829 1393 1862 ἔχων
1401 1828 1530 1872 πολλάς.
1543 1828 1572 1855 Si
1583 1827 1675 1862 plures
1684 1827 1842 1863 pontiﬁcum

1051 1876 1184 1911 imagines
1195 1882 1228 1902 co
1238 1875 1337 1902 vexillo
1353 1874 1513 1909 pinguntur,
1530 1882 1625 1901 eorum
1637 1881 1706 1909 quos
1718 1874 1841 1901 devotius

1050 1922 1176 1950 coluntct
1187 1922 1213 1948 in
1224 1920 1341 1956 publicis
1356 1920 1483 1955 precibus
1495 1919 1666 1954 frequentius
1681 1919 1839 1951 inclamant,

1050 1967 1142 2002 magni
1160 1966 1263 1999 Basilii,
1284 1965 1408 2000 Gregorii
1428 1965 1573 2000 Thcologi,
1586 1964 1701 1992 Joannis
1722 1964 1841 2000 Chryso-

1049 2014 1141 2048 stomi,
1156 2012 1307 2046 Athanasii,
1317 2011 1411 2048 Cyrilli
1429 2011 1606 2038 Alexandrini
1624 2015 1651 2038 et
1665 2009 1769 2037 Nicolai
1787 2009 1841 2045 Μ)-

1051 2059 1140 2086 reusis
1164 2058 1264 2085 ibidem
1282 2058 1384 2092 positas
1408 2056 1473 2083 mihi
1491 2064 1604 2091 prorsus
1622 2055 1763 2082 induhium
1780 2060 1839 2087 est;

1049 2110 1076 2133 et
1102 2109 1175 2132 certe
1190 2105 1217 2131 in
1240 2103 1350 2131 octilido
1382 2101 1483 2130 vexillo
1498 2101 1649 2136 ejusmodi,
1663 2109 1713 2135 pro
1723 2101 1840 2136 singulis

1049 2151 1179 2180 nimirum
1191 2151 1300 2185 lingulis
1317 2146 1415 2181 unum,
1430 2153 1492 2176 octo
1507 2154 1607 2175 censeo
1623 2147 1755 2181 depictos,
1769 2152 1795 2174 et
1808 2147 1840 2174 ad

1050 2195 1155 2233 priores
1176 2204 1230 2224 non
1254 2203 1349 2231 parum
1372 2195 1406 2222 ab
1442 2194 1482 2222 eis
1497 2194 1649 2221 celebratos
1677 2193 1839 2228 Gregorium

210 2239 238 2274 2)
253 2239 272 2265 Λ
291 2240 416 2268 Cedreno
433 2243 460 2268 in
476 2243 592 2277 imperio
605 2243 697 2271 Basilii
714 2243 872 2273 Macedonis
889 2254 896 2273 :
918 2245 994 2272 Ἀνε-
1010 2245 1032 2274 Β
1047 2243 1279 2276 Tltaumatnrgum
1292 2241 1600 2275 etﬂierosolymitanum
1609 2239 1740 2275 Cyrillum
1756 2240 1838 2268 alium

211 2284 319 2311 καίνισε
347 2286 374 2312 δὲ
409 2287 454 2314 τὸν
486 2289 575 2323 μέγαν
602 2288 649 2315 τοῦ
675 2290 898 2325 ἀρχιστρατήγου
933 2291 996 2318 ναδν

211 2331 256 2356 τὸν
282 2331 310 2356 ὲν
330 2332 484 2368 Σωσθενίῳ.
513 2334 542 2368 5)
565 2335 587 2361 Δ
613 2335 707 2362 Niceta
737 2335 902 2364 Choniatcl.
917 2345 948 2364 ιιι
963 2338 997 2365 dc

213 2375 329 2409 imperio
360 2377 445 2406 lsaaci
469 2380 583 2414 Angeli:
606 2381 844 2410 Ἐπισκευάσαιδὲ
855 2383 996 2418 βουληθεὶς

211 2422 259 2447 καὶ
275 2422 321 2447 τὶν
334 2424 361 2448 ἐν
376 2424 415 2458 τῷ
432 2425 546 2461 ἀνάπλῳ
559 2426 628 2452 νεὼν
646 2427 694 2453 τοῦ
707 2428 929 2464 ἀρχιστρατήγου
941 2429 997 2456 τῶν

211 2467 266 2493 ἄνω
285 2467 388 2499 τάξεων
417 2470 539 2506 Μιχαὴλ.
557 2471 684 2500 E0d.lib.
701 2473 747 2504 Εἰς
762 2474 807 2500 τὸν
824 2474 997 2509 περιώνυμον

210 2513 279 2539 νεὼν
305 2513 529 2551 ἀρχιστρατήγου
541 2517 595 2543 τῶν
616 2517 696 2545 θείων
712 2519 759 2545 καὶ
773 2519 861 2545 αὔλων
876 2520 996 2556 Μιχαήλ.

211 2558 316 2586 1ιιιιιιιι.
327 2568 362 2588 vn
372 2560 406 2588 de
424 2561 539 2596 imperio
550 2562 695 2591 Manuelis.
708 2564 828 2599 Denique
840 2565 936 2592 eodem
953 2575 998 2593 ar-

210 2606 370 2642 chistratcgi
385 2608 496 2635 nomine
509 2608 630 2636 alliciunt
645 2610 842 2638 S.Michaelent
853 2611 940 2639 Graeci
950 2614 996 2648 qui

211 2654 335 2681 envomia
357 2655 383 2681 in
402 2663 464 2682 eum
482 2655 688 2690 scripseruntet
702 2657 836 2685 miracula
853 2658 887 2685 ab
900 2666 932 2686 eo
949 2667 998 2694 pa-

207 2703 283 2731 trata
311 2700 408 2727 litteris
431 2701 642 2736 consignarunt.
671 2702 774 2731 Deinde
800 2712 862 2732 cum
876 2705 952 2740 signa
970 2711 997 2734 ct

215 2744 323 2776 \exilla,
351 2754 412 2780 qua:
422 2745 587 2782 Curopalala
605 2753 814 2781 commemorat,
831 2750 998 2785 imaginibus

214 2791 336 2818 m-litum
364 2798 494 2819 exornata
525 2793 638 2826 fuerint,
663 2796 776 2823 omnino
802 2802 910 2831 oportet
926 2803 956 2824 ut
971 2803 999 2825 et

215 2837 333 2869 primum
363 2838 449 2874 rliigie
474 2839 565 2874 aliqua
593 2841 676 2868 fuerit
697 2842 879 2878 insignitum:
897 2848 925 2871 at
945 2845 998 2872 alia

217 2880 375 2916 insignitum
390 2892 443 2912 non
457 2884 595 2920 fuitquam
608 2886 654 2914 τοῦ
666 2886 886 2924 ἀρχιστρατήγου
897 2890 998 2918 militiae

1049 2289 1211 2318 accessisse.
1227 2287 1327 2324 Coum]

1084 2335 1156 2363 Ibid.
1171 2334 1226 2362 Nec
1237 2336 1328 2362 minus
1339 2333 1532 2365 erratJunius.
1545 2340 1605 2360 cum
1621 2332 1688 2360 illud
1701 2333 1838 2369 ἱεραρχῶν

1048 2382 1106 2409 vult
1119 2381 1190 2409 idem
1203 2388 1265 2408 esse
1276 2380 1349 2414 quod
1356 2381 1476 2414 princeps
1487 2388 1635 2409 sacrorum.
1649 2381 1726 2413 quasi
1736 2381 1840 2408 scilicet

1049 2428 1176 2463 princeps
1188 2434 1328 2455 sacrorum
1342 2427 1411 2454 ferat
1424 2426 1490 2454 illud
1509 2426 1650 2453 vexillum.
1663 2427 1757 2460 Nega.
1771 2426 1837 2454 Nam

1050 2473 1186 2508 ἱεραρχῶν
1199 2477 1240 2500 est
1253 2471 1358 2506 patrius
1380 2479 1461 2500 casus
1487 2471 1590 2499 numeri
1616 2472 1799 2500 multitudinis
1824 2480 1839 2500 ι

1050 2523 1123 2545 recto
1139 2517 1282 2553 ῑεράρχης,
1299 2524 1360 2552 quae
1374 2524 1426 2544 vox
1443 2516 1596 2550 praesulem,
1616 2517 1776 2552 episcopum
1792 2525 1839 2545 seu

1050 2563 1204 2602 pontiﬁcem
1218 2564 1340 2591 denotat.
1366 2562 1504 2590 Νικολάου
1534 2562 1582 2589 τοῦ
1604 2563 1784 2598 περιωνύμου
1811 2565 1839 2591 ὲν

1050 2613 1194 2648 ιεράρχαις
1210 2612 1256 2639 τον
1267 2611 1419 2646 περικαλλῆ
1434 2611 1541 2637 τουτονὶ
1553 2611 1625 2643 ναόν,
1637 2610 1727 2645 inquit
1738 2610 1839 2639 Cedre-

1049 2669 1101 2688 nus
1117 2661 1144 2688 in
1160 2660 1276 2696 imperio
1291 2658 1396 2686 Basilii.
1421 2658 1493 2693 Ergo
1517 2658 1656 2685 hierarcha
1681 2658 1839 2693 Cpolitanus

1049 2706 1277 2741 cratpatriarcha
1303 2705 1425 2741 ejusdem
1454 2704 1539 2736 urbis,
1568 2711 1649 2739 quem
1680 2705 1837 2739 imperatori

1049 2750 1188 2778 flatnulum
1201 2759 1248 2780 seu
1264 2750 1393 2780 vexillum
1406 2754 1585 2785 praeportasse
1593 2750 1656 2784 quis
1667 2751 1771 2783 credat,
1787 2751 1836 2779 nisi

1049 2798 1161 2825 aliunde
1171 2798 1196 2824 id
1212 2797 1311 2825 Junius
1327 2796 1423 2831 probet
1438 2796 1449 2822 ?
1463 2795 1562 2823 Gns'rs.

1086 2843 1153 2870 Ibid.
1171 2842 1373 2879 [ὀκταπόδιον.
1385 2841 1489 2870 Piscem
1505 2841 1662 2876 polypadem
1688 2841 1835 2870 hodiernus

1049 2890 1177 2925 loquendi
1194 2897 1261 2918 usus
1277 2889 1436 2917 ὸκταπόδιον
1454 2893 1543 2916 vocat.
1564 2887 1696 2917 Vexillum
1706 2889 1770 2918 illud
1783 2892 1835 2919 dis-
