2041 3144
162 177 216 210 317

161 236 247 264 sociis
261 235 369 263 laciniis
381 235 500 265 inferius
516 238 633 267 divisum
654 239 857 276 ὁκτάγλωσσον,
879 243 960 277 poly-

161 282 318 317 podemque
332 283 463 311 scissuris
475 284 605 318 referens,
622 285 784 314 ὀκτακοδὶου
795 295 893 315 nomen
907 296 954 315 ac-

162 329 232 363 cepit
243 337 258 354 ιι
278 329 370 364 vulgo.

199 373 270 401 Ibid.
291 374 436 410 [Σταιφὸς
450 376 529 410 ἔχων
543 377 675 411 εἰκόνας.
698 378 813 407 Crucem
833 380 904 409 banc
928 381 956 408 in

162 420 262 447 castris
275 425 302 447 ct
320 420 496 450 conﬂictibus
524 423 640 451 delatam
676 424 811 457 ejusmodi
838 427 956 454 arbitror

163 465 258 499 quales
275 466 301 492 in
317 467 404 494 sacris
422 468 596 501 processibus
614 469 656 496 vel
683 470 709 497 in
736 471 861 499 ecclesiis
890 472 955 499 ado-

163 512 263 539 randas
280 519 323 539 me
335 514 511 548 conspexisse
523 515 645 542 memini.
672 515 782 551 Ligneze
812 521 877 545 sunt
903 518 956 545 illa:

164 557 321 592 (argenteas
334 560 481 595 aureisque
509 561 619 588 laminis
649 567 791 590 contectas
820 565 956 601 rapacitas

164 603 278 631 Turcica
295 605 470 640 eliminavit),
485 611 511 633 et
529 608 560 634 ad
575 616 669 636 earum
702 614 840 638 extremos
864 619 955 639 ramoe

164 652 289 686 quamvis
304 652 410 687 amplos
426 653 539 681 latiores
554 654 643 682 adhuc
663 655 828 684 trifoliorum
863 657 955 692 figura

165 699 332 732 prominent,
349 699 376 726 iu
390 700 491 734 quibus
504 708 699 736 nonnunquam
714 707 814 737 pectus
831 707 857 730 et
871 703 956 731 facies

164 748 281 778 quatuor
296 745 523 780 evangelistarum
540 747 581 774 vel
593 747 657 775 hinc
672 748 734 775 inde
753 748 874 784 Deiparae
889 752 916 777 et
926 748 954 778 S.

135 796 143 799 "
165 790 281 818 Joannis
304 791 455 819 aliorumve
469 792 552 820 variis
569 794 718 827 coloribus,
734 794 869 829 delineata
880 797 956 831 prius

163 836 190 863 in
206 837 297 864 medio
313 838 436 866 crucifixi
449 839 552 874 specie,
568 844 726 868 exarantur.
741 840 841 874 Quidni
855 843 956 877 pariter

163 883 242 914 οὗτος
258 884 272 911 ὁ
289 885 407 920 σταυρὸς
426 885 496 920 ἔχων
513 885 554 920 (ὲν
567 887 628 918 ταῖς
647 887 772 923 ἀκρίαις)
786 889 841 915 τῶν
869 889 955 924 ἁγίων

164 931 304 965 τεσςάρων
317 931 443 965 μεγάλων
454 932 602 969 μαρτύρων
616 934 724 966 εἰκόνας
742 935 869 969 ἐφαίνετο
879 944 886 969 ;
895 944 958 963 cru-

165 983 223 1002 cem
246 977 355 1011 qualem
373 978 417 1005 hic
435 987 558 1007 memoro
577 981 700 1015 depictus
721 981 748 1008 in
767 982 890 1010 iconibus
910 991 959 1017 per

165 1022 246 1049 bocrc
255 1031 323 1058 opus
333 1024 429 1053 Codini
445 1026 541 1061 eteius
551 1028 749 1055 commentaria
761 1030 863 1063 sparsis
873 1034 959 1064 gestat

164 1071 320 1103 patriarcha
333 1071 387 1098 Cl".

197 1114 389 1151 [Δημητρίου,
401 1119 571 1153 Προκοπίου
582 1119 632 1146 καὶ
641 1120 808 1155 Θεοὸὡρων.
820 1119 906 1148 Duces
917 1129 961 1147 ar-

163 1163 216 1189 mis
232 1163 372 1196 quondam
390 1165 512 1199 insignes
527 1173 668 1193 armorum
682 1167 773 1194 socios
785 1172 812 1194 et
830 1167 856 1194 in
882 1168 960 1194 hellis

163 1213 333 1243 protectores
356 1209 454 1238 Oriens
477 1212 625 1239 invocabat
657 1212 836 1246 Demetrium,
859 1213 960 1242 Proco-

162 1255 250 1288 piutn,
264 1255 450 1289 καλλινίκους,
466 1262 493 1284 et
508 1257 675 1293 Θεοδώρῡυς,
697 1258 824 1287 Cedreno
836 1260 864 1287 in
891 1260 960 1288 Τιθ-

161 1299 248 1328 misre
262 1301 360 1329 ducem
375 1310 457 1330 unum
473 1304 590 1331 etalium
609 1306 725 1334 tironem
739 1307 838 1334 dictos.
851 1306 960 1335 Primus

161 1347 318 1378 Demetrius
362 1350 582 1387 φλαμπυυράρης
625 1360 657 1380 ae
699 1361 799 1387 praeses
840 1352 967 1381 Thessa?

162 1395 205 1422 lize
230 1397 283 1423 sub
308 1396 472 1425 Maximiano
514 1403 618 1434 martyr
656 1399 724 1427 obiit
759 1399 961 1430 Thessalonica:

163 1442 208 1468 ubi
226 1449 328 1477 corpus
340 1443 400 1476 eius
422 1451 501 1471 sacro
530 1444 637 1479 liquore
651 1446 792 1473 exundans
821 1448 961 1482 perpetuis

162 1496 273 1523 quoque
291 1489 485 1518 miraculorum
504 1492 619 1518 scaturit
636 1491 756 1519 ﬂuentis.
775 1492 795 1519 Δ
821 1493 960 1527 proiectu-

164 1535 200 1561 ris
212 1535 239 1561 in
254 1535 380 1569 prelium
399 1536 554 1570 invocatur,
570 1545 676 1573 suoque
691 1538 822 1566 bellantes
846 1540 960 1574 adjuvat

723 181 916 212 GRETSERI
935 182 983 211 ET
1004 181 1122 214 GOalil
1144 184 1264 215 NUT/E.

977 243 998 271 Δ
1016 243 1062 270 καὶ
1074 244 1155 276 αὐτὸς
1175 245 1237 276 ἕνας
1256 245 1294 276 εἰς
1310 243 1339 271 τὸ
1352 243 1446 278 τάγμα
1469 241 1537 268 Errat)
1555 240 1727 276 ὼνομίζετον
1742 239 1797 267 Τύ-

1012 298 1107 325 ρωνες,
1123 291 1197 317 ὼσὰν
1210 292 1244 317 va
1261 291 1340 326 εἴπῃς
1354 290 1562 324 ἑκατόνταρχος.
1579 287 1611 314 1η
1628 288 1719 314 omine
1733 287 1798 313 tiro-

1011 344 1072 362 num
1097 336 1288 363 numerabatur
1307 337 1466 371 prmipnus,
1488 339 1554 362 retut
1577 334 1600 360 si
1620 333 1798 361 centurionem

1010 384 1095 409 dicas.
1110 383 1147 409 lla
1161 383 1251 410 dictus
1267 387 1363 409 auctor
1381 381 1485 416 vulgari
1501 381 1642 408 itliomale.
1661 376 1762 414 Genu]

1044 428 1220 456 Ρ.48.·1Ηιι(1
1248 427 1394 463 Θεοόὡρων
1420 432 1461 455 est
1489 427 1634 460 utriusque
1663 424 1798 452 Theoderi

1011 475 1151 510 martyris,
1168 475 1246 502 ducis
1260 479 1286 502 et
1308 475 1417 502 tironis.
1453 473 1557 500 Prioris
1584 472 1684 499 festum
1716 474 1798 505 agunt

1010 520 1095 548 Grzeci
1109 521 1124 548 8
1140 520 1225 550 Junii.
1242 521 1402 555 posterioris
1419 520 1452 546 l7
1466 519 1546 546 Febr.
1563 518 1594 545 Et
1609 518 1634 544 in
1652 519 1724 544 hunc
1736 518 1788 543 tiro

1011 574 1071 593 nem
1088 570 1175 593 exstat
1188 565 1217 594 S.
1230 565 1355 601 Gregorii
1372 565 1488 602 Nysseni
1504 565 1686 600 pulcherrima
1699 564 1801 590 oratio.

1009 611 1110 639 Gnsrs.

1036 657 1104 685 Ibid.
1114 656 1275 693 [Γεώργιον
1283 656 1426 691 ἔφιππον.
1434 654 1611 682 Notissimum
1620 653 1685 680 olim
1693 653 1801 682 ducem.

1010 703 1112 731 sanctis
1135 711 1209 731 nunc
1232 703 1346 730 tolerato
1364 701 1496 736 martyrio
1506 700 1651 734 Georgium
1673 699 1801 726 allectum

1010 750 1128 785 equitem
1147 757 1252 784 semper
1267 748 1382 784 pingunt
1397 747 1498 780 Graeci;
1512 747 1585 781 quod
1599 746 1699 780 saepius
1714 745 1750 772 sit
1763 744 1803 771 vi-

1010 804 1057 824 sus
1070 795 1246 831 καῆαλλάρης
1260 796 1298 826 εις
1307 794 1405 828 ἄλογον
1422 794 1528 827 ἆσπρρν
1541 797 1568 820 et.
1583 791 1747 826 λευκοφόρος
1757 799 1804 817 κα-

1010 843 1158 878 εαλ).άριος
1172 843 1211 874 εἰς
1222 842 1319 876 ἄλογον
1331 841 1447 875 ᾶσπρον.
1463 839 1649 866 ῡίιιιιδεοοιιιις
1660 838 1759 865 citatus
1776 837 1803 863 iu

1010 888 1163 916 Thesauro.
1183 888 1219 915 De
1233 887 1350 920 Georgio
1367 892 1391 913 ct
1404 886 1548 913 Theodoro
1565 885 1667 911 sanctis
1695 883 1804 910 Graeco-

974 923 994 951 Β
1013 919 1071 962 riunt
1088 934 1300 962 auxiliatoribus
1315 933 1434 964 Nicetius,
1448 931 1579 958 Mauuelis
1589 929 1721 957 Comneni
1732 929 1751 955 l.
1763 937 1802 956 vt.

1047 980 1116 1007 Ibid.
1127 980 1154 1007 5.
1170 979 1385 1016 [Δρακοντεῖον.
1400 977 1468 1007 Cum
1486 976 1585 1012 aquilis
1596 977 1622 1002 in
1633 976 1719 1002 aciem
1733 974 1803 1001 inter

1013 1027 1111 1054 vexilla
1128 1026 1172 1054 lati
1188 1030 1253 1054 sunt
1269 1026 1350 1054 etiam
1373 1025 1519 1054 dracones,
1551 1023 1668 1050 maxime
1695 1021 1803 1048 labente

1012 1072 1139 1108 imperio.
1157 1072 1240 1100 Docet
1256 1071 1434 1106 Dempslerus
1448 1070 1481 1097 ad
1496 1069 1576 1095 Rom.
1587 1068 1673 1102 autiq.
1687 1067 1801 1094 calcent.

1014 1117 1050 1145 De
1068 1118 1168 1153 quibus
1182 1118 1280 1145 Suidas
1293 1125 1319 1144 ν.
1336 1117 1441 1151 Σημεῖι
1464 1125 1471 1143 :
1490 1115 1507 1142 ἃ
1520 1115 1650 1149 φέρουσιν
1665 1115 1692 1140 ἓν
1703 1113 1741 1147 τῷ
1755 1122 1802 1138 πο·

1013 1166 1088 1201 λὲμῳ
1103 1164 1253 1200 ὑφάσματά
1263 1165 1318 1190 εἰσι
1336 1164 1409 1199 βαφῇ
1420 1162 1631 1196 πεποικιλμένα,
1644 1160 1662 1187 ἂ
1672 1161 1711 1191 εἰς
1729 1160 1802 1186 ὶδέαν

1014 1214 1133 1248 μάλιστα
1151 1213 1241 1247 ὄφεων
1258 1211 1396 1242 εἴκασται,
1430 1210 1477 1237 καὶ
1495 1209 1676 1245 ἀπῃώρηνται
1699 1206 1802 1233 κοντῶν

1013 1258 1193 1293 συμμέτρων.
1212 1257 1397 1291 Descripserat
1414 1256 1488 1290 prius
1504 1253 1689 1285 Marcellinus,
1702 1252 1720 1279 l.
1737 1260 1780 1279 xvi
1795 1260 1802 1278 :

1013 1307 1156 1342 Pnrpureis
1171 1306 1218 1332 sub
1236 1304 1391 1340 tegminibus
1406 1303 1468 1330 terti
1482 1301 1678 1329 circumdedere
1706 1300 1802 1326 draco-

1012 1362 1069 1385 nes,
1086 1353 1223 1379 hastarum
1240 1351 1328 1378 uitreis
1341 1350 1514 1385 gcmuteisque
1532 1348 1729 1375 summitatibus
1750 1346 1806 1372 illi-

1013 1401 1081 1436 gati,
1094 1400 1169 1426 hiatu
1183 1402 1257 1425 vasto
1275 1397 1430 1434 per/Iatiles,
1446 1401 1470 1423 et
1486 1395 1553 1422 velut
1564 1395 1605 1421 ira
1622 1393 1715 1429 perciti
1739 1392 1804 1419 sibi-

1014 1447 1107 1475 lantes.
1120 1445 1319 1479 caudarumque
1327 1443 1459 1471 volumina
1470 1442 1646 1476 relinquentes
1655 1441 1680 1467 in
1689 1444 1804 1466 ventum.

1013 1492 1115 1528 Ceam]

1049 1539 1098 1567 llis
1113 1537 1295 1573 imperatoriis
1309 1537 1428 1564 llamulis
1443 1543 1492 1564 seu
1508 1535 1615 1562 vexillis
1629 1539 1741 1569 propter
1756 1541 1804 1559 co-

166 1582 293 1614 pricsidio
309 1590 316 1615 ;
334 1590 385 1610 nec
403 1583 430 1609 in
445 1583 558 1611 dubium
576 1590 720 1612 revocatur
737 1587 810 1620 quod
840 1586 957 1620 Thessa-
971 1594 993 1623 ο
1013 1586 1166 1621 gnationem
1181 1583 1312 1614 nominis,
1324 1583 1393 1609 adde
1403 1582 1533 1609 vexillum
1548 1581 1577 1607 S.
1594 1579 1727 1615 Dionysii,
1743 1578 1807 1605 Gal-

168 1628 354 1656 tunicensibus
387 1629 532 1657 obsidione
554 1630 588 1657 ab
613 1631 744 1664 Alusiano
777 1631 957 1666 Bulgarormn

167 1675 264 1702 cinctis
290 1680 483 1712 unguentoque
510 1678 544 1704 ab
571 1677 630 1712 ejus
656 1677 783 1713 sepulcro
813 1683 960 1706 eutanante

168 1722 256 1748 unctis
273 1721 402 1749 contulit.
431 1721 563 1751 Romana:
590 1723 659 1751 aciei
691 1723 743 1751 fuit
770 1723 825 1751 dux
858 1729 960 1760 martyr

171 1766 332 1801 Demetrius,
351 1768 390 1794 ait
405 1767 544 1796 Cedrenus
569 1769 596 1796 iu
624 1769 757 1798 hlichaelo
773 1770 959 1806 Paphlagouc,

170 1814 271 1849 iterque
283 1813 481 1849 complanavit,
495 1815 566 1850 quod
576 1816 685 1851 Bulgari
697 1817 796 1852 captivi
805 1817 961 1851 juramento

169 1863 379 1894 conﬁrmarunt,
396 1861 522 1890 dicentes
536 1863 638 1890 vidisse
647 1871 677 1891 se
686 1863 817 1898 juvenem
829 1864 960 1899 equitem,

169 1906 212 1941 qui
230 1907 359 1934 ltomame
376 1907 503 1943 phalangi
521 1908 640 1944 prgeiret,
661 1917 739 1945 aquo
750 1910 880 1938 cxsiliens
892 1910 962 1945 ignis

169 1953 295 1981 adversos
310 1959 448 1981 cremarat
466 1955 568 1984 hostes.
585 1956 663 1983 Alter
687 1955 839 1991 Procopius
864 1957 962 1984 militia

170 2001 256 2028 clarus
269 2000 324 2027 dux
342 2000 516 2028 Alexandriae
530 2001 590 2034 fuit,
605 2006 636 2028 ut
651 2001 742 2030 verbis
759 2002 857 2029 iisdem
873 2002 962 2037 Syna-

169 2047 262 2074 xarioo
276 2047 377 2074 asserit
392 2045 456 2074 Julii
474 2047 506 2074 8:
520 2047 636 2082 Χαιροις
650 2048 795 2083 μαρτύρων
820 2047 962 2083 καύχημα,

168 2092 301 2126 ﬂuuium
313 2093 480 2128 κραταιωμσ.
494 2094 632 2129 canitejus
646 2094 715 2122 festo
725 2093 845 2122 Ecclesia
857 2093 962 2122 Graeca.

168 2138 277 2166 Tertius
295 2140 344 2167 fuit
361 2140 523 2168 Theodorus
539 2140 731 2176 στρατηλάτης
743 2141 964 2176 equitummagis-

168 2191 209 2211 ter
225 2186 276 2212 sub
294 2185 412 2218 Licinio,
441 2193 455 2213 a
471 2194 524 2220 quo
540 2191 656 2213 mortem
672 2186 775 2213 illatam
808 2186 938 2214 sustinuit
955 2195 963 2213 :

166 2231 229 2257 exin
242 2228 519 2259 Romanorumarmis
528 2231 618 2259 favere
627 2232 710 2267 carpit
718 2240 734 2260 e
742 2234 823 2265 caelo,
837 2240 869 2259 ac
879 2231 962 2259 Joan-

167 2276 212 2302 nis
226 2276 373 2304 Tzimiscis
390 2281 513 2311 tempore
532 2282 613 2304 tantae
629 2277 795 2313 Scytharum
811 2278 838 2304 in
850 2277 960 2306 Graecos

166 2323 350 2356 przeliantium
366 2324 466 2357 stragis
477 2327 573 2350 auctor
592 2324 652 2354 fuit.
669 2325 733 2352 utei
751 2324 834 2360 286
843 2325 958 2359 gratiam

166 2377 219 2405 pro
233 2377 286 2404 ope
301 2370 355 2396 lata
373 2370 508 2398 relaturus
516 2370 680 2402 fI‘zimisces,
696 2372 797 2405 templo
809 2371 836 2398 iu
859 2378 914 2405 quo
937 2371 960 2398 is

166 2415 303 2441 humatus
318 2420 377 2442 erat
392 2415 539 2448 destructo,
564 2415 638 2443 aliud
667 2416 890 2450 magniﬁcentius
915 2423 962 2443 cx-

165 2466 307 2489 structum
325 2461 435 2496 praediis
448 2462 554 2497 amplos
563 2462 728 2490 habentibus
744 2463 846 2490 reditus
859 2463 963 2490 ditave-

165 2510 218 2539 rit,
232 2514 259 2535 et
276 2508 384 2540 urbem,
400 2508 566 2536 Euchaneite
579 2516 726 2544 suppresso
737 2509 857 2541 nomine,
881 2516 963 2536 voca-

165 2555 240 2582 verit
255 2554 497 2589 Tbeodoropolim.
512 2554 609 2582 Subdit
622 2554 777 2586 Cedrenus.
788 2562 822 2582 ex
838 2562 894 2589 quo
907 2555 965 2582 hac

164 2602 335 2636 deprompta
353 2610 360 2628 :
379 2608 445 2628 sane
459 2601 502 2628 his
510 2609 618 2636 semper
627 2601 788 2636 auspicibus
796 2605 878 2636 atque
888 2606 966 2628 ante-

164 2648 294 2682 signanis
309 2647 455 2675 adversum
470 2647 562 2675 hostes
576 2647 614 2674 uti
631 2648 737 2675 solebat
748 2647 897 2682 imperator
907 2647 963 2675 hic.

163 2693 226 2722 Nec
242 2698 344 2721 temere
361 2702 369 2720 :
386 2694 460 2722 visus
484 2694 555 2721 enim
583 2693 728 2721 manifesto
760 2697 863 2728 martyr
887 2701 966 2728 opem

163 2747 255 2774 fern,
271 2741 383 2768 hostiles
397 2747 497 2768 cuneos
510 2740 666 2773 turbare,et
682 2740 901 2774 prtcclarissiune
918 2741 968 2767 du-

163 2795 229 2813 cem
251 2794 280 2812 se
292 2790 423 2820 praestare
436 2786 566 2813 victorias.
577 2785 695 2814 Ultimus
709 2785 870 2813 Theodorus
884 2786 966 2818 alius,

164 2833 223 2860 tiro
238 2832 340 2865 dictus,
357 2840 412 2859 non
430 2833 500 2866 qttod
513 2840 650 2859 armorum
664 2832 790 2859 tirocinio
804 2832 968 2866 erudiretur,

164 2878 218 2907 sed
232 2877 309 2912 quod
325 2878 352 2905 in
371 2879 483 2905 cohorte
499 2879 617 2905 tironum
633 2879 705 2906 dicta
719 2883 865 2912 provectus
876 2883 971 2905 centu-

164 2924 211 2952 rio
229 2928 448 2960 promercretur.
465 2923 645 2952 Damasceuus
664 2921 963 2951 subdiaconusz'llrov

1015 1632 1068 1659 lice
1083 1630 1362 1665 oriﬂammedictum,
1384 1627 1457 1663 quod
1484 1635 1563 1662 ri-gcs
1591 1626 1685 1653 Galliae
1699 1631 1806 1652 summa

1011 1677 1143 1712 religione
1158 1683 1249 1703 secum
1262 1675 1289 1702 in
1311 1673 1499 1709 expeditiones
1527 1672 1688 1704 educebant,
1705 1671 1738 1698 de
1753 1679 1807 1704 quo

1015 1723 1077 1750 vide
1089 1727 1164 1758 gesta
1178 1721 1309 1748 Ludovici
1329 1720 1498 1747 Francorum
1515 1718 1587 1753 regis
1604 1717 1652 1745 fol.
1671 1717 1733 1748 t38,
1746 1717 1805 1748 146,

1012 1774 1039 1798 et
1050 1769 1199 1805 liigordum
1215 1769 1248 1796 de
1262 1768 1347 1804 gestis
1358 1766 1475 1801 Philippi
1486 1766 1601 1801 Augusti
1613 1765 1684 1800 regis
1697 1764 1744 1792 fol.
1755 1764 1806 1791 135

1012 1817 1055 1844 ed.
1072 1816 1183 1843 Pitltmi.
1677 1839 1680 1842 .

1047 1862 1107 1890 Non
1122 1870 1232 1898 pessum
1245 1862 1297 1890 hoc
1310 1861 1370 1889 loco
1381 1861 1482 1888 tacitus
1500 1859 1641 1894 prmterire
1660 1856 1804 1892 Nicephori

1013 1909 1140 1944 Gregorre
1154 1909 1173 1936 l.
1189 1917 1224 1936 vn
1241 1909 1384 1936 sinisn'um
1399 1912 1426 1934 et
1445 1906 1582 1941 abiectum
1613 1905 1758 1938 judicium.
1774 1903 1807 1930 de

1014 1955 1218 1982 marchionibus
1232 1954 1348 1986 Latinis,
1361 1960 1430 1988 quos
1445 1953 1483 1979 ait
1500 1959 1554 1978 non
1565 1959 1619 1977 esse
1630 1950 1717 1976 claros
1735 1948 1806 1983 apud

1013 2000 1133 2033 Latinos,
1149 2001 1194 2028 sed
1211 2008 1270 2028 eum
1282 1999 1420 2034 dignitatis
1433 1998 1546 2033 gradum
1553 2001 1638 2023 tenere
1650 2003 1725 2030 quem
1737 1993 1808 2028 apud

1014 2047 1154 2075 Romanos
1166 2046 1346 2083 (Cpolitanos)
1361 2046 1447 2073 tenetb
1463 2045 1513 2079 τὴν
1530 2043 1671 2078 βασιλικὴν
1687 2041 1807 2075 σημαίαν

1015 2094 1045 2120 ὲν
1061 2093 1251 2127 στρατεύμασι
1268 2092 1402 2125 κατέχων,
1413 2095 1439 2118 et
1453 2089 1602 2117 marcltioni
1618 2092 1742 2122 perpetuo
1759 2086 1808 2112 hoc

1014 2140 1171 2166 attributum
1187 2146 1242 2165 esse
1259 2141 1287 2164 ut
1300 2145 1363 2164 nouo
1372 2136 1522 2169 imperatori
1531 2134 1656 2161 uexillum
1667 2132 1805 2166 pra-ferul.

1017 2185 1127 2212 Scilicet
1144 2185 1268 2211 marchio
1301 2181 1508 2212 Montisierrati,
1534 2180 1649 2212 Misnim,
1681 2178 1806 2205 Biande-

1016 2231 1144 2267 burgicus
1157 2237 1184 2257 et
1197 2230 1300 2258 similes
1311 2229 1380 2264 apu-l
1394 2228 1505 2255 Latinos
1534 2226 1646 2260 majoris
1667 2224 1808 2258 dignitatis

1013 2285 1067 2304 non
1084 2282 1254 2311 erantquam
1272 2275 1457 2310 lampadarius
1473 2280 1520 2301 aut
1549 2275 1571 2300 is
1601 2269 1647 2307 qui
1677 2270 1806 2298 diri-lium

1013 2328 1060 2350 aut
1072 2323 1212 2350 ﬂammula
1224 2322 1400 2357 imperatoria
1420 2320 1491 2356 apud
1509 2319 1622 2347 Graecos
1649 2316 1807 2352 imperatori

1012 2369 1196 2404 preportabat
1210 2378 1218 2402 ;
1231 2376 1281 2396 nec
1295 2367 1468 2395 marcbiones
1482 2374 1542 2398 seu,
1558 2370 1587 2392 ut
1601 2363 1687 2392 Graeci
1715 2362 1809 2398 appel-

1013 2416 1081 2449 lant,
1096 2416 1218 2443 marcest'i
1231 2422 1330 2442 nomen
1359 2414 1410 2441 hoc
1430 2413 1532 2440 habent
1546 2419 1560 2437 a
1573 2410 1670 2438 vexillo
1684 2418 1732 2438 seu
1745 2410 1810 2436 ban‘

1014 2462 1059 2495 do,
1073 2462 1119 2489 sed
1139 2461 1299 2488 alimitibus
1328 2459 1448 2487 tuendis.
1470 2458 1550 2485 Mart:
1577 2458 1649 2485 enim
1665 2456 1810 2484 Germanis

1014 2509 1094 2536 limes
1112 2513 1164 2536 est.
1181 2508 1248 2535 Nam
1264 2507 1364 2534 ﬁnibus
1383 2505 1562 2534 defendendis
1579 2503 1701 2540 praefecti
1716 2507 1806 2533 erant,

1016 2555 1062 2590 qui
1077 2553 1208 2589 temporis
1220 2561 1365 2589 progressu
1379 2552 1412 2579 ad
1429 2551 1616 2587 amplissimas
1634 2557 1699 2584 opes
1729 2548 1808 2574 latis-

1017 2602 1155 2636 simosque
1169 2601 1340 2635 principatus
1356 2602 1528 2627 emerserunt
1543 2607 1549 2625 :
1569 2596 1660 2631 qualis
1686 2594 1759 2621 enim
1781 2597 1808 2619 et

1017 2655 1098 2682 quam
1115 2651 1211 2681 potens
1223 2645 1345 2673 tnarcbio
1360 2644 1608 2678 Brandeburgicus,
1625 2639 1748 2667 marchio
1756 2638 1805 2664 Ba-

1019 2693 1120 2724 densis,
1139 2692 1260 2719 marcbio
1276 2690 1489 2725 Onspachensis,
1513 2687 1638 2715 marchio
1670 2684 1807 2713 Moraviw,

1019 2739 1143 2766 marcbiu
1161 2738 1345 2772 Burgoicuset
1357 2736 1426 2763 alii?
1444 2737 1502 2769 ipse
1520 2734 1601 2760 etiam
1617 2729 1808 2758 Nicctasto-

1020 2785 1117 2815 niates,
1133 2784 1150 2811 Ι.
1167 2792 1203 2810 vn
1223 2784 1256 2811 de
1273 2784 1354 2810 rebus
1371 2783 1453 2816 gestis
1469 2779 1550 2814 287
1581 2776 1712 2804 Manuclis
1739 2783 1809 2801 mar-

1020 2832 1100 2859 chesii
1113 2829 1307 2859 Moutisl‘p-rrati
1325 2829 1493 2855 nobilitatem
1507 2831 1533 2852 et
1544 2823 1693 2859 potentiam
1705 2829 1807 2867 agnos-

1022 2886 1083 2906 cere
1097 2884 1125 2905 et
1137 2878 1285 2912 pra-dicare
1298 2880 1410 2902 coactus
1424 2878 1476 2901 est.
1491 2872 1594 2900 Gne'rs.

1058 2924 1130 2950 Ibid.
1148 2923 1199 2958 [Τὰ
1214 2921 1272 2948 τῶν
1289 2918 1457 2951 δεσποτῶν,
1475 2918 1524 2945 καὶ
1553 2916 1612 2944 τῶν
1639 2915 1806 2951 ἁρχόνξῳν.
