2041 3144
240 140 291 171 31Ἳ

774 144 816 175 ΙΝ
836 145 986 175 ιιΒιιυιι
1009 144 1057 174 DE
1086 143 1249 174 OFFlCllS
1277 143 1331 173 Cl‘.

1809 138 1861 171 320

240 195 274 220 εις
289 196 395 224 sareulis
411 197 468 224 haec
489 198 590 234 scripta
605 200 705 234 quibus
723 208 778 227 non
792 201 872 228 modo
889 209 966 236 reges
997 206 1023 228 et

1077 201 1104 226 ἒν
1125 201 1215 236 χάρτῃ
1228 199 1277 235 τὴν
1290 197 1416 230 σύνταξιν
1430 197 1483 224 τῶν
1494 196 1619 232 ἐραστῶν
1634 195 1680 222 τοῦ
1696 194 1863 230 χλοάζοντσις

239 243 387 276 principes,
405 244 452 270 sed
473 250 500 271 et
516 245 663 272 nobiliores
680 246 785 279 equites
801 247 916 281 alicujus
933 248 1024 275 vexilli

240 287 299 314 sive
327 288 407 315 bandi
435 289 574 317 deferendi
603 291 732 318 honorem
759 292 925 320 ambiebant.
955 293 1024 321 llinc

240 333 373 361 nobilium
398 333 564 362 Francorum
592 337 689 370 equites
716 337 858 372 bandifefi,
885 339 1023 366 c/tctmliers

240 380 387 406 bannerets.
405 380 459 407 Leo
489 381 663 408 Tacticorum
694 386 782 410 const.
816 384 852 411 5:
878 385 1024 419 Φλάμοιιλα

242 425 358 458 μεγάλα,
374 425 576 460 φλαμουλισκια
590 427 644 453 τῶν
661 428 823 463 κονταρὶων,
857 429 942 464 βάνδα
963 430 1024 457 δια-

239 470 330 503 φόρως
346 470 519 505 βεϐαμμένα.
548 471 708 500 Habuerunt
725 475 832 509 equites
863 476 979 511 gregarii
997 477 1023 503 in

238 515 326 542 contis
342 515 461 544 flantula.
484 517 538 545 Leo
563 518 633 545 idem
650 521 781 554 κοντάρια
804 523 891 556 μικρά
919 522 1023 548 καϐάλ-

237 560 349 594 λαρικὰ,
364 561 461 595 ἔχοντα
477 563 572 596 λουρία
585 564 655 590 κατὰ
669 565 751 598 μέσον
767 566 837 600 μετὰ
849 567 1022 600 φλαμούλων.

237 604 324 632 Etiam
345 607 371 634 in
399 608 521 635 humeris
540 609 644 636 minora
671 611 723 637 sibi
750 611 869 646 ﬁgebant
892 612 1022 640 ﬂamula:

236 652 382 686 Φλάμουλα
422 654 510 689 μικρὰ
545 655 638 682 ἐπάνω
671 657 725 683 τῶν
750 657 843 689 ζαΰῶν
869 659 939 685 κατὰ
968 659 1024 686 τῶν

237 697 329 731 ὤμων.

274 743 344 770 Ibid.
368 744 416 771 '17.
436 745 512 780 [Τῶν
539 746 711 781 δημάρχων.
737 750 943 785 Aurigantium,
977 752 1024 786 qui

239 790 376 821 quondam
393 790 463 817 ludis
479 791 650 820 circensibus
673 793 766 822 Roma:
786 796 902 830 palmam
919 805 1026 832 quaere-

239 835 315 866 bant,
342 834 474 863 factiones
491 837 548 864 sive
564 843 657 872 partes
679 839 762 875 fuere
786 846 915 875 quatuor,
934 850 995 877 quae
1010 850 1026 870 a

238 880 377 907 eulut'ibus
390 881 495 915 viridis,
512 885 630 917 caerulei,
651 886 725 912 rubri
741 886 849 921 albique
866 886 960 922 panni,
971 896 1026 923 quo

239 927 422 958 donabantur.
439 929 549 956 nomina
563 936 728 966 acceperunt
755 932 884 966 Prasiuaa,
906 933 1026 968 Venetm,

239 971 358 1005 Ιιιιςτιιω,
371 974 483 1007 ΑΗκιιςῐι,
498 975 532 1003 de
544 977 644 1011 quibus
658 973 818 1013 Suetonius,
830 980 1027 1014 Martialis,.|u-

240 1018 343 1044 \enaiis
359 1020 519 1052 meminere.
547 1027 574 1048 et
592 1024 715 1050 omnium
732 1024 939 1054 distiuctissime
956 1025 1026 1053 Ter-

239 1065 369 1092 tullianus
388 1065 513 1099 Latinus,
528 1073 555 1095 et
571 1068 596 1095 in
613 1069 774 1104 Anthologia
787 1070 945 1098 Graecorum
961 1070 1026 1106 Epi-

238 1116 422 1142 praunnatum
437 1113 469 1140 ad
483 1113 500 1140 Ι.
514 1122 529 1140 ν
545 1115 646 1142 calcem
662 1123 731 1150 pene
742 1121 893 1143 extremam
906 1117 1026 1145 Thomas

239 1156 375 1184 Patricius
390 1159 501 1187 Graccus
516 1160 697 1196 descripsere.
712 1162 781 1189 Cum
796 1163 966 1191 Circensium
985 1164 1027 1190 lu-

238 1200 334 1229 dorum
350 1204 441 1230 studio
453 1206 595 1239 exercitia,
613 1207 737 1240 nomina,
753 1208 860 1236 colores
873 1208 1024 1236 factionum

239 1247 324 1275 Ratira
346 1249 453 1284 Cpolim
478 1252 714 1286 commigrarunt;
732 1259 758 1280 et
773 1261 805 1281 ex
831 1254 1026 1282 dimicantibus

239 1295 264 1320 iu
281 1294 361 1321 Circo
379 1295 544 1324 factionibus
560 1298 675 1332 populus
694 1306 804 1334 quoque
829 1303 901 1327 totus
923 1299 1026 1327 divisus

238 1338 264 1364 iu
280 1345 381 1373 partes,
398 1349 458 1375 qua:
470 1350 499 1369 se
514 1344 678 1378 quandoque
695 1345 796 1373 mutuis
810 1345 941 1378 caedibus,
956 1345 1027 1379 rapi-

240 1385 292 1414 nis,
307 1385 414 1419 injuriis
431 1394 636 1422 consumpsere.
652 1389 844 1424 Theophanes,
864 1390 1025 1422 Simocatta,

237 1431 391 1464 Cedrcnus;
409 1432 531 1460 Zonaras
545 1438 571 1461 et
583 1435 629 1462 alii
646 1436 809 1464 tumultibus
825 1437 878 1464 illis
906 1441 932 1464 et
954 1437 1026 1464 sedi-

240 1476 429 1511 lionibusjam
450 1485 464 1504 a
484 1477 604 1507 Zenonis
634 1481 803 1515 temporibus
826 1489 874 1515 per
901 1482 1024 1517 quaedam

240 1521 368 1556 deinceps
384 1524 483 1551 saecula
498 1525 668 1553 continuatis
678 1528 779 1561 scripta
792 1536 841 1555 sua
859 1536 1024 1563 respersere.

1079 246 1225 282 ἐνεχάραξε
1238 245 1394 281 χρώματος,
1409 243 1603 274 πεντακοσίους
1617 242 1684 277 πρὸς
1697 242 1754 273 τοῖς
1766 241 1864 276 χιλίοις

1074 292 1269 326 τυγχάνοντας,
1287 292 1300 316 ὁ
1312 290 1340 316 δὲ
1364 289 1479 323 Κοσμᾶς
1491 288 1555 318 τοὺς
1569 288 1619 322 τῆς
1636 286 1864 321 ἁντιθέτουαῐρέ-

1076 346 1144 368 σεως
1161 337 1342 368 ἑκατοντάδας
1362 335 1443 362 ἐννέα
1460 334 1643 367 συντέταχεν·
1669 333 1710 364 εἰς
1728 332 1774 358 δύο
1809 333 1864 366 γὰρ

1075 383 1229 417 χρωμάτων
1242 382 1351 416 ἐφέσεις
1362 381 1395 407 τὰ
1404 381 1460 407 τῶν
1476 379 1623 414 Ῥωμαίων
1656 378 1826 404 καταπέττω
1834 387 1862 404 κε

1076 428 1176 463 πλήθη.
1194 428 1315 454 Zonaras
1331 427 1359 453 in
1385 426 1497 454 Phoca:
1516 426 1546 451 '0
1558 426 1656 456 Φωκᾶς
1670 424 1718 459 τὴν
1744 426 1863 458 γυναῖκα

1075 474 1206 500 Λεοντίαν
1217 473 1377 507 Αὐγοῦσταν
1396 472 1478 503 εὐθὺς
1505 470 1676 505 ἀνηγόρευσε
1703 470 1756 496 τῶν
1769 471 1864 504 δήμων

1075 521 1229 554 παρόντων.
1247 520 1315 546 Τότε
1331 520 1375 546 διὰ
1390 519 1482 546 τόπων
1499 518 1527 544 ὲν
1543 517 1584 549 οἷς
1611 517 1720 544 ἵσταντο
1744 517 1863 550 ἀμφιϐο-

1075 566 1134 597 λίας
1162 566 1314 602 γενομένης
1340 566 1395 596 τοῖς
1412 565 1563 599 Πρασίνοις
1584 564 1631 590 καὶ
1651 564 1707 594 τοῖς
1738 563 1863 593 Βενέτοις

1078 611 1234 643 στασιάζειν
1247 610 1366 645 ἤρξαντο
1380 610 1440 636 κατ’
1453 609 1589 644 ἀλλήλων.
1605 608 1721 642 Πέμψας
1741 607 1775 645 δέ.
1787 615 1862 638 τινας

1077 658 1090 683 ό
1117 658 1215 688 Φωκᾶς
1225 657 1445 688 κατασκευάζειν
1458 656 1551 686 αὐτοῖς
1569 655 1619 689 τὴν
1644 654 1739 680 στάσιν
1757 654 1863 686 ἐπεχεί-

1077 712 1129 738 ρει.
1150 703 1227 734 Ἑνὸς
1242 701 1288 729 οὖν
1302 703 1357 728 τῶν
1386 701 1538 728 σταλέντων
1563 701 1608 726 τὸν
1635 700 1689 726 τῶν
1719 698 1861 733 Πρασὶιων

1077 749 1240 785 ὕῦρίσαντος
1269 749 1410 783 δήμαρχον
1440 748 1488 774 καὶ
1508 746 1605 773 τοῦτον
1629 745 1798 779 ὼοήσαντος,
1825 743 1863 778 μὴ

1076 796 1234 830 ἐνεγκόντες
1246 796 1271 821 οι
1283 794 1330 821 τοῦ
1356 796 1444 829 δήμου
1472 794 1550 820 τοῦτο
1565 793 1691 827 ἔκραζον.
1709 792 1737 818 Et
1766 791 1836 818 infra
1853 800 1859 818 :

1083 839 1208 866 Ἱππικὸν
1236 839 1330 872 ἀγῶνα
1363 839 1436 871 ἄγων
1473 838 1556 873 288
1584 837 1714 864 ἐθεάσατο
1738 837 1785 862 σὺν
1802 837 1861 866 ταῖς

1040 901 1063 932 Β
1077 885 1159 911 αὐτοῦ
1176 885 1261 911 εἰκόσι
1275 884 1323 911 καὶ
1336 884 1382 911 τοῦ
1402 884 1521 920 Πρίσκου
1538 885 1584 910 κλὶ
1599 883 1647 918 τῆς
1668 882 1751 909 αὑτοῦ
1766 891 1862 916 γυναι-

1077 930 1123 962 κὸς
1139 930 1287 963 Δομεντεας
1303 930 1453 964 ἱσταμένας
1482 930 1601 960 εἰκόνας,
1618 929 1664 955 καὶ
1675 929 1806 962 ἐκμανεὶς
1819 935 1864 961 γε-

1080 973 1167 1007 γονὼς
1182 974 1376 1010 ἀποτμηθῆναι
1396 976 1460 1006 τοὺς
1469 975 1626 1009 δημάρχους
1641 974 1769 1001 ἐκέλευσε
1779 981 1786 988 ”
1803 974 1864 1007 δεη-

1077 1019 1180 1047 θέντων
1193 1021 1221 1047 δὲ
1238 1021 1291 1048 τῶν
1303 1022 1397 1056 δήμων
1411 1021 1487 1055 μόλις
1507 1021 1613 1056 ἀφῆκεν
1630 1019 1737 1051 αὐτούς.
1756 1019 1864 1047 Veneta:

1077 1071 1168 1092 autem
1195 1067 1266 1101 parti
1298 1067 1387 1101 magis
1420 1066 1522 1094 favisse
1548 1066 1729 1100 imperatores
1757 1072 1863 1098 seraper

1076 1116 1140 1139 sunt
1156 1112 1219 1146 visi,
1241 1112 1400 1147 eisdemque
1428 1111 1572 1139 Prasinam
1603 1111 1695 1138 minus
1725 1110 1863 1137 aﬂectam.

1076 1155 1228 1190 Theophila
1243 1164 1302 1183 eam
1319 1156 1355 1184 ob
1373 1164 1429 1183 rem
1447 1156 1474 1183 in
1506 1156 1644 1183 theatrum
1663 1155 1780 1182 venienti
1802 1161 1865 1181 suc—

1076 1202 1211 1230 clamabat
1225 1203 1269 1230 illa
1285 1202 1356 1237 apud
1372 1201 1491 1230 Leonem
1510 1201 1726 1229 Grammaticum
1740 1207 1748 1227 :
1765 1200 1864 1232 Καλῶς

1074 1244 1168 1284 ἦλθες,
1199 1249 1349 1284 ἁσύγκριτε
1377 1249 1546 1284 φακτονάρη.
1565 1248 1665 1275 Horum
1687 1256 1720 1275 ne
1741 1248 1864 1281 reliquiae

1076 1295 1186 1330 quidem
1204 1295 1311 1323 ultimis
1339 1295 1448 1323 saeculis
1462 1296 1524 1322 licet
1556 1293 1748 1327 remanserint,
1779 1294 1863 1321 duces

1077 1345 1179 1373 tamen,
1196 1342 1237 1368 vel
1254 1341 1344 1377 quivis
1371 1342 1416 1369 alii
1437 1342 1464 1368 in
1478 1348 1573 1368 eorum
1602 1340 1692 1367 locum
1709 1340 1862 1375 subrogati,

1076 1387 1234 1421 imperatori
1259 1389 1285 1414 in
1312 1388 1451 1423 publicum
1478 1386 1634 1422 procedenti
1668 1393 1730 1412 cum
1759 1386 1865 1412 vexillis

1076 1438 1202 1468 poterant
1217 1439 1329 1468 astare;
1349 1435 1486 1469 iidemque
1510 1437 1576 1461 sunt
1591 1432 1638 1468 qui
1670 1433 1799 1466 populum
1818 1440 1866 1466 per

1077 1481 1268 1514 contubernia,
1292 1481 1389 1514 tribus,
1417 1481 1542 1514 regiones
1561 1483 1589 1507 et
1616 1479 1729 1512 collegia
1747 1479 1864 1504 divisum

1077 1528 1217 1563 regebant,
1234 1535 1304 1562 (ιιιοε
1319 1527 1525 1561 πρωτοπολιτας
1537 1533 1552 1553 a
1566 1525 1732 1560 Theophane
1747 1525 1866 1559 scriptos

239 1569 371 1596 L‘unsulet
387 1571 432 1604 qui
447 1571 584 1600 curiosius
598 1577 625 1599 et
640 1572 765 1601 diffusius
782 1575 838 1602 haec
855 1575 927 1602 volet
940 1576 1025 1611 expli-
1038 1568 1062 1600 C
1078 1573 1249 1601 observ-abis.
1265 1572 1365 1608 Gom.]

241 1619 309 1642 ratu.
338 1615 441 1644 Unicus
472 1617 616 1646 Balsamon
646 1619 821 1654 longissimos
849 1622 1026 1649 historiarum

237 1665 342 1688 tractus
355 1663 448 1697 paucis
462 1665 620 1700 perstringit
631 1665 656 1692 in
667 1665 702 1693 Ἡ
714 1674 846 1694 canoneut
856 1668 1027 1695 Trullanunt.

240 1709 308 1735 Τότε
325 1710 375 1743 μὲν
391 1710 457 1744 γὰρ,
474 1711 574 1746 inquit,
588 1712 643 1738 τῶν
655 1713 750 1747 δήμων
763 1714 1029 1747 κατεξουσιαζόντων

241 1756 270 1780 ἐν
287 1757 344 1786 ταῖς
365 1756 572 1792 ἱπποερῆμίαις,
600 1760 647 1785 καὶ
668 1760 818 1787 ποιούντων
846 1761 957 1792 ταύτας,
983 1762 1028 1787 ὅτε

243 1803 292 1829 καὶ
320 1803 394 1833 ὅπως
427 1803 585 1837 ἡδούλοντο,
611 1805 643 1831 ἐκ
668 1805 872 1840 δαπανημάτων
901 1808 1026 1839 οἰκείων,

241 1847 278 1875 ὡς
305 1848 353 1874 καὶ
378 1848 492 1883 ἐχόντων
520 1850 611 1882 οἴκους
636 1851 683 1877 καὶ
716 1852 841 1884 ἱππῶνας
864 1853 911 1880 καὶ
943 1854 1027 1888 μέχρι

242 1894 289 1919 καὶ
305 1894 352 1920 νῦν
372 1894 612 1930 περισωζομένους
632 1897 681 1923 καὶ
697 1898 847 1931 προσόδους
862 1899 943 1934 χάριν
973 1900 1027 1927 τῶν

243 1939 440 1974 ἱπποδρομιῶν,
470 1941 519 1967 καὶ
547 1942 594 1968 τοῦ
624 1943 758 1977 βασιλέως
785 1945 1026 1980 προπκαλουμένου

241 1987 288 2012 καὶ
305 1986 436 2017 εἰ-ῖτοὺτο
462 1987 499 2022 μὴ
533 1987 751 2022 ὲξουσιάζοντος,
779 1990 866 2017 πολλὰ
891 1991 1027 2027 στασιώδη

241 2033 289 2059 καὶ
302 2033 390 2060 ἄτοπα
406 2035 573 2061 συνέπιπτον
593 2035 719 2069 γίνεσθαι
731 2038 803 2064 κατὰ
814 2038 861 2064 τὸν
878 2037 928 2072 τῆς
945 2038 1028 2065 ἱππο-

241 2079 356 2114 δρομίας
371 2080 479 2115 κγιρδν,
495 2081 551 2106 τῶν
567 2082 617 2115 μὲν
632 2082 859 2117 προστιθεμένων
873 2083 911 2117 τῷ
945 2083 1027 2118 δήμῳ

241 2126 295 2152 τῶν
311 2126 443 2159 Βενέτων,
458 2127 513 2154 τῶν
528 2127 558 2153 δὲ
577 2127 615 2162 τῷ
634 2129 712 2162 μέρει
726 2129 779 2156 τῶν
806 2129 960 2164 Πρασίνων.
981 2129 1028 2157 ‘Ev

240 2174 347 2206 καιροῖς
361 2172 388 2198 δέ
397 2181 453 2199 τισι
466 2174 512 2199 καὶ
529 2174 642 2208 πόλεμοι
662 2175 908 2210 συνεκροτήθησαν
937 2176 1027 2211 ἐμφύ-

243 2218 295 2244 λιοι
310 2219 391 2253 μέσον
404 2219 551 2247 ἀντιθέτων
566 2222 668 2256 μερῶν,
682 2222 811 2248 καὶκατὰ
822 2222 873 2256 τῆς
889 2222 1027 2257 βασιλείου

243 2264 387 2298 περιωπῆς
401 2266 497 2300 ἀναιδῆ
514 2267 625 2301 ῥήματα
647 2268 670 2293 οἱ
688 2260 1025 2303 δημόταιάπηρεύξαντο,

245 2308 336 2340 καθὼς
349 2310 401 2335 ἀπο
422 2311 561 2346 διαφόρων
590 2313 725 2347 χρονικῶν
749 2312 827 2340 τοῦτο
851 2315 1027 2349 παρίσταται.

246 2352 366 2380 l’artium
384 2354 491 2383 illarum
510 2357 581 2391 (qua:
593 2358 674 2393 δῆμοι
685 2358 846 2393 ειδημόται,
861 2363 890 2387 ιιι
906 2359 961 2394 jam
988 2359 1029 2386 le-

245 2398 335 2432 gimus
350 2403 377 2426 et
391 2401 514 2428 scribunt
530 2403 708 2438 Theophanes
724 2409 750 2432 et
765 2405 916 2437 Cedreuus,
929 2413 1031 2432 vocan-

246 2446 302 2478 tur)
320 2446 448 2478 partium,
464 2447 585 2483 inquam,
603 2450 691 2484 capita
714 2451 831 2478 duccsve
845 2452 981 2486 δήμαρχοι
1003 2458 1030 2479 et

245 2491 384 2526 δημάρχιι
405 2495 484 2527 quasi
511 2495 566 2521 τῶν
599 2496 695 2531 δήμων
723 2497 852 2531 ἄρχοντες
871 2498 1029 2530 audiebant,

246 2538 447 2574 popularesque
461 2541 511 2567 sibi
523 2542 646 2569 subditos
660 2543 701 2570 vel
715 2543 828 2570 allectos
840 2544 1029 2576 recensebant,

247 2583 289 2611 vel
319 2585 400 2612 etiam
427 2587 590 2622 quandoque
618 2588 649 2615 ad
669 2595 716 2616 eos
742 2589 788 2623 qui
818 2596 865 2623 per
893 2589 1029 2616 civitatem

245 2631 407 2660 oriebantur
423 2634 557 2661 tumultus
578 2639 606 2661 et
629 2635 779 2662 seditiones
806 2635 954 2662 ducebant.
987 2636 1031 2662 Si-

246 2683 365 2706 mocatta
395 2687 454 2713 vni,
484 2680 521 2708 7:
549 2681 618 2713 Τοὺς
647 2681 825 2716 δημάρχουςό
853 2681 1032 2717 αὐτοκράτωρ

245 2724 475 2760 εἰσκαλεσάμενος
488 2726 528 2758 εις
556 2727 589 2753 τὰ
602 2727 738 2761 βασίλεια,
754 2726 800 2759 οὒς
824 2727 962 2762 διοικητὰς
978 2727 1033 2754 τῶν

243 2770 341 2803 δήμων
370 2773 448 2799 εἴωθε
475 2773 506 2800 τὸ
534 2773 636 2809 πλῆθος
664 2773 813 2801 ἀποκαλεῖν
842 2773 975 2809 (ὀνόματα
1005 2774 1033 2800 δὲ

243 2815 353 2849 seti-rat;
367 2818 480 2854 Σέργιος
496 2819 542 2846 καὶ
559 2820 683 2854 Κοσμᾶ.)
698 2819 864 2846 ἐπυνθάνετο
876 2819 931 2845 τῶν
947 2818 1034 2854 δημο-

247 2862 380 2894 ςευόντων
393 2864 440 2891 ἐπὶ
450 2864 549 2893 λεπτοῦ
561 2866 606 2894 τὸν
616 2866 744 2902 ἀριθμόν.
762 2865 791 2893 ’0
803 2865 853 2902 μὲν
865 2863 912 2895 οὖν
923 2865 1034 2900 Σέργιος

1115 1620 1144 1647 P.
1159 1620 1204 1647 48.
1220 1619 1387 1646 Antidorum.
1404 1618 1493 1654 Inepte
1507 1619 1606 1647 Junius
1621 1623 1742 1646 mutuum
1758 1626 1864 1645 munus.

1079 1666 1152 1693 Nihil
1168 1666 1266 1693 melius
1281 1673 1362 1701 quant
1380 1666 1468 1700 ipsutu
1483 1666 1607 1693 Grtecum
1623 1673 1720 1693 nomen
1736 1665 1865 1692 retinuere.

1080 1711 1144 1739 Erat
1158 1713 1234 1747 panis
1250 1720 1283 1740 ex
1298 1720 1352 1747 quo
1364 1720 1414 1747 pro
1428 1712 1599 1739 Eucharistia
1615 1711 1787 1739 conficienda
1804 1719 1866 1745 pars

1079 1758 1198 1790 desecta,
1211 1759 1312 1793 quique
1324 1764 1387 1785 ante
1401 1758 1536 1794 liturgiaut
1549 1766 1597 1793 per
1609 1758 1738 1792 templum
1749 1758 1866 1784 circum-

1079 1804 1150 1832 latus
1166 1805 1264 1832 fuerat.
1289 1805 1313 1833 ls
1326 1805 1400 1832 finita
1420 1805 1528 1839 bturgia
1557 1805 1776 1832 distribuebatur
1795 1811 1866 1838 pra:-

1078 1851 1202 1878 sentibus
1225 1850 1422 1878 benedictionis
1439 1851 1537 1884 gratia,
1564 1855 1594 1877 ttt
1620 1850 1665 1885 qui
1681 1849 1867 1876 Eucharistiaa

1078 1896 1225 1932 participes
1241 1904 1294 1923 non
1310 1896 1437 1929 fuissent,
1463 1897 1558 1924 saltem
1586 1898 1620 1924 de
1647 1897 1698 1924 hoc
1722 1895 1866 1923 benedicta

1079 1950 1148 1978 pane
1165 1943 1371 1978 participarent.
1393 1942 1498 1970 GRETS.

1114 1988 1241 2025 [Summa
1272 1989 1428 2018 Grmcorum
1449 1997 1512 2024 erga
1534 1989 1683 2023 ἀντιδωρον
1707 1988 1867 2015 communio-

1078 2035 1119 2062 nis
1135 2036 1273 2068 uicarium,
1289 2043 1385 2070 panem
1402 2035 1590 2066 benedictum,
1617 2034 1713 2068 religio
1729 2039 1782 2066 est,
1801 2039 1829 2060 ut
1843 2033 1865 2059 si

1079 2085 1314 2108 sacramentorum
1332 2088 1386 2108 non
1403 2084 1445 2107 est
1467 2080 1616 2115 particeps,
1646 2079 1712 2106 illud
1739 2081 1864 2114 ipsemet,

1078 2127 1160 2155 etiam
1176 2128 1333 2162 imperator,
1355 2131 1385 2154 ut
1399 2127 1443 2154 hic
1456 2126 1543 2159 vides,
1558 2127 1584 2153 in
1600 2126 1717 2153 ecclesia
1733 2125 1767 2152 de
1783 2132 1865 2151 manu

1079 2175 1232 2205 sacerdotis
1246 2175 1333 2202 sacris
1349 2174 1434 2202 finitis
1448 2173 1576 2209 accipiat.
1598 2172 1635 2200 De
1648 2180 1680 2200 eo
1695 2179 1746 2200 nos
1767 2172 1795 2199 in
1812 2172 1865 2198 Eu-

1046 2237 1066 2265 D
1082 2221 1242 2256 chologicis.
1256 2219 1357 2256 Cosa]

1116 2267 1146 2295 P.
1165 2267 1210 2295 49.
1228 2267 1373 2302 Ρευςιιίοιω
1404 2266 1568 2294 Germanico
1595 2265 1739 2299 apielleute.
1759 2266 1862 2292 Crte-rs.

1117 2312 1291 2349 [Corruptius
1305 2311 1464 2346 pronuntiat
1479 2311 1577 2346 vulgus
1599 2309 1810 2344 παιγνιδιὼτας,
1826 2310 1867 2336 Iu-

1081 2367 1162 2390 sorea.
1176 2358 1222 2392 qui
1237 2357 1362 2385 videlicet
1378 2357 1476 2384 ludunt
1489 2356 1607 2383 musicis
1624 2356 1830 2387 instrumentis,
1842 2360 1867 2382 et

1081 2413 1112 2433 ea
1130 2405 1171 2431 vel
1184 2404 1292 2439 pulsant
1308 2404 1347 2430 vel
1374 2403 1482 2430 inﬂant.

1118 2450 1190 2478 Ibid.
1210 2450 1435 2487 [Βυκκινάτωρες
1461 2441 1559 2477 scribit
1576 2447 1734 2475 Theodotus
1753 2448 1780 2474 in
1804 2447 1866 2475 Jure

1082 2494 1138 2523 GR.
1153 2495 1299 2523 Choniates
1313 2495 1442 2530 βύκανον,
1454 2494 1500 2521 alii
1515 2493 1637 2529 βύκινον.
1651 2492 1751 2529 ϐολιιά

1117 2540 1185 2568 Ibid.
1204 2540 1347 2567 Sttrulistre
1364 2547 1379 2566 a
1404 2538 1517 2566 surullio
1547 2538 1734 2566 instrumento
1751 2538 1864 2565 musico.

1083 2587 1160 2619 Quod
1173 2595 1237 2614 num
1253 2587 1352 2614 Junius
1365 2591 1438 2614 recte
1453 2586 1480 2613 in
1500 2584 1726 2613 adnotationibus
1749 2585 1807 2613 suis
1821 2592 1866 2611 cr-

1084 2634 1176 2667 plicel,
1188 2633 1250 2668 quis
1270 2640 1319 2660 nos
1331 2636 1422 2660 certos
1437 2631 1540 2659 faciet?
1554 2630 1656 2658 Ges-rs.

1120 2679 1320 2716 [Symphoniaci
1332 2679 1489 2710 cornicines.
1499 2677 1609 2712 joueurs
1618 2677 1650 2703 de
1659 2682 1764 2703 corners
1777 2677 1794 2703 ὰ
1807 2679 1867 2702 bou-

1084 2726 1158 2761 quin.
1184 2725 1385 2761 Symphoniaca
1411 2724 1469 2752 sive
1486 2724 1591 2751 musica
1623 2730 1739 2755 cornua,
1769 2723 1866 2757 quibus

1085 2773 1236 2801 etiamnum
1254 2772 1336 2800 hodie
1350 2772 1447 2799 ludunt
1460 2770 1614 2798 Dervisides
1627 2769 1747 2804 religiosi
1760 2769 1864 2800 Turcze,

1087 2819 1236 2854 σουραὺλια
1251 2823 1348 2845 vocant
1364 2816 1461 2849 Graeci.
1481 2815 1635 2844 Dervisides
1652 2814 1779 2843 inﬂantes
1794 2815 1866 2849 ejus-

1087 2865 1159 2895 modi
1191 2865 1371 2893 instrumenta
1401 2860 1609 2897 σουραυλιστάς,
1644 2868 1720 2893 voce,
1754 2864 1782 2887 ut
1801 2857 1864 2886 m'hl
