  <div class='ocr_page' id='page_1' title='image "/cluster/home/n/w/nwhite01/storage/ocr_20150623/157/njp.32101077773222/172.png"; bbox 0 0 2041 3144; ppageno 0'>
   <div class='ocr_carea' id='block_1_1' title="bbox 153 175 212 207">
    <p class='ocr_par' dir='ltr' id='par_1_1' title="bbox 153 175 212 207">
     <span class='ocr_line' id='line_1_1' title="bbox 153 175 212 207; baseline -0.017 0"><span class='ocrx_word' id='word_1_1' title='bbox 153 175 212 207; x_wconf 68' lang='lat'><strong>329</strong></span> 
     </span>
    </p>
   </div>
   <div class='ocr_carea' id='block_1_2' title="bbox 695 179 1235 214">
    <p class='ocr_par' dir='ltr' id='par_1_2' title="bbox 695 179 1235 214">
     <span class='ocr_line' id='line_1_2' title="bbox 695 179 1235 214; baseline 0.011 -6"><span class='ocrx_word' id='word_1_2' title='bbox 695 179 893 209; x_wconf 73' lang='lat' dir='ltr'><strong>&#39;GllETSERl</strong></span> <span class='ocrx_word' id='word_1_3' title='bbox 913 180 958 209; x_wconf 88' lang='lat' dir='ltr'><strong>ET</strong></span> <span class='ocrx_word' id='word_1_4' title='bbox 980 181 1099 212; x_wconf 78' lang='lat' dir='ltr'>GOARI</span> <span class='ocrx_word' id='word_1_5' title='bbox 1114 183 1235 214; x_wconf 65' lang='lat' dir='ltr'><strong>NO&#39;I‘iE.</strong></span> 
     </span>
    </p>
   </div>
   <div class='ocr_carea' id='block_1_3' title="bbox 1721 189 1775 220">
    <p class='ocr_par' dir='ltr' id='par_1_3' title="bbox 1721 189 1775 220">
     <span class='ocr_line' id='line_1_3' title="bbox 1721 189 1775 220; baseline 0.019 -1"><span class='ocrx_word' id='word_1_6' title='bbox 1721 189 1775 220; x_wconf 76' lang='grc'><strong>330</strong></span> 
     </span>
    </p>
   </div>
   <div class='ocr_carea' id='block_1_4' title="bbox 157 234 1773 279">
    <p class='ocr_par' dir='ltr' id='par_1_4' title="bbox 157 234 1773 279">
     <span class='ocr_line' id='line_1_4' title="bbox 157 234 1773 279; baseline 0.004 -19"><span class='ocrx_word' id='word_1_7' title='bbox 157 241 237 260; x_wconf 68' lang='lat' dir='ltr'><strong>rmna</strong></span> <span class='ocrx_word' id='word_1_8' title='bbox 251 239 330 260; x_wconf 86' lang='lat' dir='ltr'><strong>erat:</strong></span> <span class='ocrx_word' id='word_1_9' title='bbox 348 238 410 261; x_wconf 84' lang='lat' dir='ltr'><strong>erat</strong></span> <span class='ocrx_word' id='word_1_10' title='bbox 437 234 509 262; x_wconf 84' lang='lat' dir='ltr'><strong>enim</strong></span> <span class='ocrx_word' id='word_1_11' title='bbox 522 235 655 270; x_wconf 64' lang='lat' dir='ltr'><strong>jejunium</strong></span> <span class='ocrx_word' id='word_1_12' title='bbox 675 236 772 271; x_wconf 71' lang='lat' dir='ltr'><strong>vigilia:</strong></span> <span class='ocrx_word' id='word_1_13' title='bbox 787 236 943 265; x_wconf 79' lang='lat' dir='ltr'><strong>Nativitatis</strong></span> <span class='ocrx_word' id='word_1_14' title='bbox 961 245 979 269; x_wconf 73' lang='grc' dir='ltr'><strong>Α</strong></span> <span class='ocrx_word' id='word_1_15' title='bbox 997 239 1067 266; x_wconf 79' lang='lat' dir='ltr'><strong>Nam</strong></span> <span class='ocrx_word' id='word_1_16' title='bbox 1083 246 1106 267; x_wconf 89' lang='lat' dir='ltr'><strong>et</strong></span> <span class='ocrx_word' id='word_1_17' title='bbox 1121 241 1177 275; x_wconf 80' lang='lat' dir='ltr'><strong>ipso</strong></span> <span class='ocrx_word' id='word_1_18' title='bbox 1195 247 1293 269; x_wconf 73' lang='lat' dir='ltr'><strong>sancite</strong></span> <span class='ocrx_word' id='word_1_19' title='bbox 1315 251 1345 269; x_wconf 87' lang='lat' dir='ltr'><strong><em>ac</em></strong></span> <span class='ocrx_word' id='word_1_20' title='bbox 1363 251 1464 277; x_wconf 76' lang='lat' dir='ltr'><strong>magna:</strong></span> <span class='ocrx_word' id='word_1_21' title='bbox 1480 244 1697 279; x_wconf 69' lang='lat' dir='ltr'><strong>Qua.:’rogesitttte</strong></span> <span class='ocrx_word' id='word_1_22' title='bbox 1711 252 1773 273; x_wconf 72' lang='lat' dir='ltr'><strong>tetu.</strong></span> 
     </span>
    </p>
   </div>
   <div class='ocr_carea' id='block_1_5' title="bbox 157 281 277 307">
    <p class='ocr_par' dir='ltr' id='par_1_5' title="bbox 157 281 277 307">
     <span class='ocr_line' id='line_1_5' title="bbox 157 281 277 307; baseline 0.008 -1"><span class='ocrx_word' id='word_1_23' title='bbox 157 281 277 307; x_wconf 81' lang='lat' dir='ltr'><strong>Domini.</strong></span> 
     </span>
    </p>
   </div>
   <div class='ocr_carea' id='block_1_6' title="bbox 193 326 941 363">
    <p class='ocr_par' dir='ltr' id='par_1_6' title="bbox 193 326 941 363">
     <span class='ocr_line' id='line_1_6' title="bbox 193 326 941 363; baseline 0.005 -11"><span class='ocrx_word' id='word_1_24' title='bbox 193 326 222 353; x_wconf 78' lang='grc' dir='ltr'><strong>Ρ.</strong></span> <span class='ocrx_word' id='word_1_25' title='bbox 236 326 281 353; x_wconf 81' lang='lat'><strong>59.</strong></span> <span class='ocrx_word' id='word_1_26' title='bbox 301 326 409 353; x_wconf 81' lang='lat' dir='ltr'><strong>Postero</strong></span> <span class='ocrx_word' id='word_1_27' title='bbox 422 327 474 353; x_wconf 77' lang='lat' dir='ltr'><strong>die.</strong></span> <span class='ocrx_word' id='word_1_28' title='bbox 504 326 640 355; x_wconf 83' lang='lat' dir='ltr'><strong>Hactenus</strong></span> <span class='ocrx_word' id='word_1_29' title='bbox 656 329 810 363; x_wconf 76' lang='lat' dir='ltr'><strong>percensuit</strong></span> <span class='ocrx_word' id='word_1_30' title='bbox 822 329 941 356; x_wconf 86' lang='lat' dir='ltr'><strong>Codinus</strong></span> 
     </span>
    </p>
   </div>
   <div class='ocr_carea' id='block_1_7' title="bbox 155 372 941 407">
    <p class='ocr_par' dir='ltr' id='par_1_7' title="bbox 155 372 941 407">
     <span class='ocr_line' id='line_1_7' title="bbox 155 372 941 407; baseline 0.005 -10"><span class='ocrx_word' id='word_1_31' title='bbox 155 372 222 405; x_wconf 88' lang='lat' dir='ltr'><strong>quid</strong></span> <span class='ocrx_word' id='word_1_32' title='bbox 240 372 267 398; x_wconf 90' lang='lat' dir='ltr'><strong>in</strong></span> <span class='ocrx_word' id='word_1_33' title='bbox 281 372 371 407; x_wconf 65' lang='lat' dir='ltr'><strong>vigilia</strong></span> <span class='ocrx_word' id='word_1_34' title='bbox 403 373 556 399; x_wconf 81' lang='lat' dir='ltr'><strong>nativitatis</strong></span> <span class='ocrx_word' id='word_1_35' title='bbox 571 374 628 400; x_wconf 79' lang='lat' dir='ltr'><strong>licri</strong></span> <span class='ocrx_word' id='word_1_36' title='bbox 656 375 850 401; x_wconf 83' lang='lat' dir='ltr'><strong>consueverit:</strong></span> <span class='ocrx_word' id='word_1_37' title='bbox 869 383 941 402; x_wconf 90' lang='lat' dir='ltr'><strong>nunc</strong></span> 
     </span>
    </p>
   </div>
   <div class='ocr_carea' id='block_1_8' title="bbox 155 411 798 452">
    <p class='ocr_par' dir='ltr' id='par_1_8' title="bbox 155 411 798 452">
     <span class='ocr_line' id='line_1_8' title="bbox 155 411 798 452; baseline 0.006 -9"><span class='ocrx_word' id='word_1_38' title='bbox 155 415 220 452; x_wconf 84' lang='lat' dir='ltr'><strong>quid</strong></span> <span class='ocrx_word' id='word_1_39' title='bbox 232 417 258 443; x_wconf 91' lang='lat' dir='ltr'><strong>in</strong></span> <span class='ocrx_word' id='word_1_40' title='bbox 273 417 332 451; x_wconf 62' lang='lat' dir='ltr'><strong>ipso</strong></span> <span class='ocrx_word' id='word_1_41' title='bbox 357 417 424 444; x_wconf 73' lang='lat' dir='ltr'><strong>festo</strong></span> <span class='ocrx_word' id='word_1_42' title='bbox 436 422 542 452; x_wconf 79' lang='lat' dir='ltr'><strong>agatur,</strong></span> <span class='ocrx_word' id='word_1_43' title='bbox 559 411 680 452; x_wconf 68' lang='lat' dir='ltr'><strong>cspdnit.</strong></span> <span class='ocrx_word' id='word_1_44' title='bbox 697 419 798 447; x_wconf 70' lang='lat' dir='ltr'><strong>Gnars.</strong></span> 
     </span>
    </p>
   </div>
   <div class='ocr_carea' id='block_1_9' title="bbox 138 461 945 497">
    <p class='ocr_par' dir='ltr' id='par_1_9' title="bbox 138 461 945 497">
     <span class='ocr_line' id='line_1_9' title="bbox 138 461 945 497; baseline 0.006 -10"><span class='ocrx_word' id='word_1_45' title='bbox 138 493 144 496; x_wconf 32' lang='grc' dir='ltr'>ι</span> <span class='ocrx_word' id='word_1_46' title='bbox 195 461 234 489; x_wconf 79' lang='lat' dir='ltr'><strong>to.</strong></span> <span class='ocrx_word' id='word_1_47' title='bbox 253 461 327 497; x_wconf 86' lang='grc' dir='ltr'><strong>[Τὴν</strong></span> <span class='ocrx_word' id='word_1_48' title='bbox 337 464 601 496; x_wconf 59' lang='grc' dir='ltr'><strong>τεσσαίακοστήν.</strong></span> <span class='ocrx_word' id='word_1_49' title='bbox 613 464 714 492; x_wconf 80' lang='lat' dir='ltr'><strong>Christi</strong></span> <span class='ocrx_word' id='word_1_50' title='bbox 730 466 850 492; x_wconf 81' lang='lat' dir='ltr'><strong>natalilia</strong></span> <span class='ocrx_word' id='word_1_51' title='bbox 863 473 945 493; x_wconf 74' lang='lat' dir='ltr'><strong>save-</strong></span> 
     </span>
    </p>
   </div>
   <div class='ocr_carea' id='block_1_10' title="bbox 154 508 936 545">
    <p class='ocr_par' dir='ltr' id='par_1_10' title="bbox 154 508 936 545">
     <span class='ocr_line' id='line_1_10' title="bbox 154 508 936 545; baseline 0.006 -12"><span class='ocrx_word' id='word_1_52' title='bbox 154 508 219 534; x_wconf 86' lang='lat' dir='ltr'><strong>riori</strong></span> <span class='ocrx_word' id='word_1_53' title='bbox 239 508 345 543; x_wconf 65' lang='lat' dir='ltr'><strong>jejunio</strong></span> <span class='ocrx_word' id='word_1_54' title='bbox 368 509 547 543; x_wconf 79' lang='lat' dir='ltr'><strong>quadraginta</strong></span> <span class='ocrx_word' id='word_1_55' title='bbox 564 510 659 538; x_wconf 86' lang='lat' dir='ltr'><strong>diebus</strong></span> <span class='ocrx_word' id='word_1_56' title='bbox 675 515 813 545; x_wconf 87' lang='lat' dir='ltr'><strong>protracto</strong></span> <span class='ocrx_word' id='word_1_57' title='bbox 842 519 936 538; x_wconf 87' lang='lat' dir='ltr'><strong>mona-</strong></span> 
     </span>
    </p>
   </div>
   <div class='ocr_carea' id='block_1_11' title="bbox 153 554 938 592">
    <p class='ocr_par' dir='ltr' id='par_1_11' title="bbox 153 554 938 592">
     <span class='ocr_line' id='line_1_11' title="bbox 153 554 938 592; baseline 0.005 -12"><span class='ocrx_word' id='word_1_58' title='bbox 153 554 227 581; x_wconf 59' lang='lat' dir='ltr'><strong>sticn‘.</strong></span> <span class='ocrx_word' id='word_1_59' title='bbox 243 555 316 588; x_wconf 77' lang='lat' dir='ltr'><strong>leges</strong></span> <span class='ocrx_word' id='word_1_60' title='bbox 328 560 355 581; x_wconf 90' lang='lat' dir='ltr'><strong>ct</strong></span> <span class='ocrx_word' id='word_1_61' title='bbox 371 555 412 588; x_wconf 83' lang='lat' dir='ltr'><strong>pia</strong></span> <span class='ocrx_word' id='word_1_62' title='bbox 432 557 612 589; x_wconf 80' lang='lat' dir='ltr'><strong>quorumdam</strong></span> <span class='ocrx_word' id='word_1_63' title='bbox 628 557 738 583; x_wconf 87' lang='lat' dir='ltr'><strong>devotio</strong></span> <span class='ocrx_word' id='word_1_64' title='bbox 755 558 938 592; x_wconf 57' lang='lat' dir='ltr'><strong>praeveniunt.</strong></span> 
     </span>
    </p>
   </div>
   <div class='ocr_carea' id='block_1_12' title="bbox 152 599 940 637">
    <p class='ocr_par' dir='ltr' id='par_1_12' title="bbox 152 599 940 637">
     <span class='ocr_line' id='line_1_12' title="bbox 152 599 940 637; baseline 0.008 -13"><span class='ocrx_word' id='word_1_65' title='bbox 152 599 291 634; x_wconf 68' lang='grc' dir='ltr'><strong>,ινῇιιιιὶιιιιι</strong></span> <span class='ocrx_word' id='word_1_66' title='bbox 316 600 383 626; x_wconf 87' lang='lat' dir='ltr'><strong>illttd</strong></span> <span class='ocrx_word' id='word_1_67' title='bbox 414 601 624 636; x_wconf 67' lang='lat' dir='ltr'><strong>aapawdpepw</strong></span> <span class='ocrx_word' id='word_1_68' title='bbox 653 602 761 637; x_wconf 80' lang='lat' dir='ltr'><strong>vulgus,</strong></span> <span class='ocrx_word' id='word_1_69' title='bbox 792 604 940 630; x_wconf 88' lang='lat' dir='ltr'><strong>correctior</strong></span> 
     </span>
    </p>
   </div>
   <div class='ocr_carea' id='block_1_13' title="bbox 154 644 939 683">
    <p class='ocr_par' dir='ltr' id='par_1_13' title="bbox 154 644 939 683">
     <span class='ocr_line' id='line_1_13' title="bbox 154 644 939 683; baseline 0.006 -14"><span class='ocrx_word' id='word_1_70' title='bbox 154 644 246 678; x_wconf 77' lang='lat' dir='ltr'><strong>lingua</strong></span> <span class='ocrx_word' id='word_1_71' title='bbox 276 646 539 681; x_wconf 70' lang='grc' dir='ltr'><strong>τεσσαρανοήμερον</strong></span> <span class='ocrx_word' id='word_1_72' title='bbox 582 652 672 674; x_wconf 88' lang='lat' dir='ltr'><strong>vocat.</strong></span> <span class='ocrx_word' id='word_1_73' title='bbox 713 646 939 683; x_wconf 68' lang='grc' dir='ltr'><strong>Τεσσαρακθστήν</strong></span> 
     </span>
    </p>
   </div>
   <div class='ocr_carea' id='block_1_14' title="bbox 153 690 940 726">
    <p class='ocr_par' dir='ltr' id='par_1_14' title="bbox 153 690 940 726">
     <span class='ocr_line' id='line_1_14' title="bbox 153 690 940 726; baseline 0.006 -11"><span class='ocrx_word' id='word_1_74' title='bbox 153 690 271 717; x_wconf 69' lang='lat' dir='ltr'><strong>observo</strong></span> <span class='ocrx_word' id='word_1_75' title='bbox 289 690 324 717; x_wconf 85' lang='lat' dir='ltr'><strong>ab</strong></span> <span class='ocrx_word' id='word_1_76' title='bbox 336 694 449 718; x_wconf 73' lang='lat' dir='ltr'><strong>auctore</strong></span> <span class='ocrx_word' id='word_1_77' title='bbox 475 692 647 726; x_wconf 69' lang='lat' dir='ltr'><strong>nuncupari:</strong></span> <span class='ocrx_word' id='word_1_78' title='bbox 663 697 690 719; x_wconf 88' lang='lat' dir='ltr'><strong>at</strong></span> <span class='ocrx_word' id='word_1_79' title='bbox 703 694 775 720; x_wconf 86' lang='lat' dir='ltr'><strong>nutle</strong></span> <span class='ocrx_word' id='word_1_80' title='bbox 786 699 813 721; x_wconf 86' lang='lat' dir='ltr'><strong>et</strong></span> <span class='ocrx_word' id='word_1_81' title='bbox 826 695 940 721; x_wconf 84' lang='lat' dir='ltr'><strong>omnino</strong></span> 
     </span>
    </p>
   </div>
   <div class='ocr_carea' id='block_1_15' title="bbox 149 735 938 772">
    <p class='ocr_par' dir='ltr' id='par_1_15' title="bbox 149 735 938 772">
     <span class='ocr_line' id='line_1_15' title="bbox 149 735 938 772; baseline 0.006 -12"><span class='ocrx_word' id='word_1_82' title='bbox 149 735 254 769; x_wconf 78' lang='lat' dir='ltr'><strong>jt-juue,</strong></span> <span class='ocrx_word' id='word_1_83' title='bbox 288 741 317 763; x_wconf 93' lang='lat' dir='ltr'><strong>ut</strong></span> <span class='ocrx_word' id='word_1_84' title='bbox 346 736 427 770; x_wconf 85' lang='lat' dir='ltr'><strong>hujus</strong></span> <span class='ocrx_word' id='word_1_85' title='bbox 451 737 627 764; x_wconf 76' lang='lat' dir='ltr'><strong>abstinentia:</strong></span> <span class='ocrx_word' id='word_1_86' title='bbox 659 739 790 772; x_wconf 86' lang='lat' dir='ltr'><strong>temporis</strong></span> <span class='ocrx_word' id='word_1_87' title='bbox 817 738 851 766; x_wconf 89' lang='lat' dir='ltr'><strong>ab</strong></span> <span class='ocrx_word' id='word_1_88' title='bbox 884 739 938 765; x_wconf 89' lang='lat' dir='ltr'><strong>alio</strong></span> 
     </span>
    </p>
   </div>
   <div class='ocr_carea' id='block_1_16' title="bbox 152 779 939 817">
    <p class='ocr_par' dir='ltr' id='par_1_16' title="bbox 152 779 939 817">
     <span class='ocr_line' id='line_1_16' title="bbox 152 779 939 817; baseline 0.005 -11"><span class='ocrx_word' id='word_1_89' title='bbox 152 779 296 807; x_wconf 81' lang='lat' dir='ltr'><strong>Paschalia</strong></span> <span class='ocrx_word' id='word_1_90' title='bbox 325 781 456 808; x_wconf 75' lang='lat' dir='ltr'><strong>solemnia</strong></span> <span class='ocrx_word' id='word_1_91' title='bbox 470 781 554 817; x_wconf 75' lang='lat'><strong>296</strong></span> <span class='ocrx_word' id='word_1_92' title='bbox 570 783 748 816; x_wconf 69' lang='lat' dir='ltr'><strong>praecedente,</strong></span> <span class='ocrx_word' id='word_1_93' title='bbox 773 787 800 810; x_wconf 87' lang='lat' dir='ltr'><strong>et</strong></span> <span class='ocrx_word' id='word_1_94' title='bbox 815 783 880 817; x_wconf 68' lang='grc' dir='ltr'><strong>ἅγιαι</strong></span> <span class='ocrx_word' id='word_1_95' title='bbox 892 784 939 810; x_wconf 78' lang='grc' dir='ltr'><strong>καὶ</strong></span> 
     </span>
    </p>
   </div>
   <div class='ocr_carea' id='block_1_17' title="bbox 153 826 936 864">
    <p class='ocr_par' dir='ltr' id='par_1_17' title="bbox 153 826 936 864">
     <span class='ocr_line' id='line_1_17' title="bbox 153 826 936 864; baseline 0.008 -13"><span class='ocrx_word' id='word_1_96' title='bbox 153 826 260 861; x_wconf 74' lang='grc' dir='ltr'><strong>μεγάλη</strong></span> <span class='ocrx_word' id='word_1_97' title='bbox 289 828 501 862; x_wconf 74' lang='grc' dir='ltr'><strong>τεσσαρακοστὴ</strong></span> <span class='ocrx_word' id='word_1_98' title='bbox 528 827 614 861; x_wconf 79' lang='lat' dir='ltr'><strong>dicto,</strong></span> <span class='ocrx_word' id='word_1_99' title='bbox 638 828 786 856; x_wconf 73' lang='lat' dir='ltr'><strong>discrimen</strong></span> <span class='ocrx_word' id='word_1_100' title='bbox 805 829 936 864; x_wconf 72' lang='lat' dir='ltr'><strong>assignat.</strong></span> 
     </span>
    </p>
   </div>
   <div class='ocr_carea' id='block_1_18' title="bbox 150 871 684 908">
    <p class='ocr_par' dir='ltr' id='par_1_18' title="bbox 150 871 684 908">
     <span class='ocr_line' id='line_1_18' title="bbox 150 871 684 908; baseline 0.011 -9"><span class='ocrx_word' id='word_1_101' title='bbox 150 871 251 908; x_wconf 59' lang='lat' dir='ltr'><strong>Ceam]</strong></span> <span class='ocrx_word' id='word_1_102' title='bbox 678 878 684 884; x_wconf 86' lang='grc'><em>’</em></span> 
     </span>
    </p>
   </div>
   <div class='ocr_carea' id='block_1_19' title="bbox 994 286 1775 319">
    <p class='ocr_par' dir='ltr' id='par_1_19' title="bbox 994 286 1775 319">
     <span class='ocr_line' id='line_1_19' title="bbox 994 286 1775 319; baseline 0.01 -8"><span class='ocrx_word' id='word_1_103' title='bbox 994 293 1056 318; x_wconf 75' lang='lat' dir='ltr'><strong>pone</strong></span> <span class='ocrx_word' id='word_1_104' title='bbox 1071 286 1160 314; x_wconf 82' lang='lat' dir='ltr'><strong>diebus</strong></span> <span class='ocrx_word' id='word_1_105' title='bbox 1189 287 1299 314; x_wconf 83' lang='lat' dir='ltr'><strong>Sabbati</strong></span> <span class='ocrx_word' id='word_1_106' title='bbox 1316 297 1346 315; x_wconf 89' lang='lat' dir='ltr'><strong><em>ac</em></strong></span> <span class='ocrx_word' id='word_1_107' title='bbox 1368 289 1512 317; x_wconf 81' lang='lat' dir='ltr'><strong>[)omiuiea:</strong></span> <span class='ocrx_word' id='word_1_108' title='bbox 1539 291 1614 317; x_wconf 86' lang='lat' dir='ltr'><strong>multi</strong></span> <span class='ocrx_word' id='word_1_109' title='bbox 1636 297 1775 319; x_wconf 77' lang='lat' dir='ltr'><strong>vescuntur</strong></span> 
     </span>
    </p>
   </div>
   <div class='ocr_carea' id='block_1_20' title="bbox 993 331 1774 372">
    <p class='ocr_par' dir='ltr' id='par_1_20' title="bbox 993 331 1774 372">
     <span class='ocr_line' id='line_1_20' title="bbox 993 331 1774 372; baseline 0.01 -16"><span class='ocrx_word' id='word_1_110' title='bbox 993 331 1119 364; x_wconf 74' lang='lat' dir='ltr'><strong>piscibus,</strong></span> <span class='ocrx_word' id='word_1_111' title='bbox 1152 332 1214 359; x_wconf 76' lang='lat' dir='ltr'><strong>aliis</strong></span> <span class='ocrx_word' id='word_1_112' title='bbox 1230 341 1330 368; x_wconf 80' lang='lat' dir='ltr'><strong><em>quoque</em></strong></span> <span class='ocrx_word' id='word_1_113' title='bbox 1357 336 1403 362; x_wconf 85' lang='lat' dir='ltr'><strong>alii</strong></span> <span class='ocrx_word' id='word_1_114' title='bbox 1418 336 1508 362; x_wconf 70' lang='lat' dir='ltr'><strong>diebus</strong></span> <span class='ocrx_word' id='word_1_115' title='bbox 1522 346 1530 368; x_wconf 84' lang='lat'><strong>,&#39;</strong></span> <span class='ocrx_word' id='word_1_116' title='bbox 1562 342 1622 364; x_wconf 83' lang='lat' dir='ltr'><strong>sunt</strong></span> <span class='ocrx_word' id='word_1_117' title='bbox 1637 339 1717 364; x_wconf 87' lang='lat' dir='ltr'><strong>etiam</strong></span> <span class='ocrx_word' id='word_1_118' title='bbox 1729 340 1774 372; x_wconf 82' lang='lat' dir='ltr'><strong><em>qui</em></strong></span> 
     </span>
    </p>
   </div>
   <div class='ocr_carea' id='block_1_21' title="bbox 993 374 1775 415">
    <p class='ocr_par' dir='ltr' id='par_1_21' title="bbox 993 374 1775 415">
     <span class='ocr_line' id='line_1_21' title="bbox 993 374 1775 415; baseline 0.01 -15"><span class='ocrx_word' id='word_1_119' title='bbox 993 374 1024 400; x_wconf 82' lang='lat' dir='ltr'><strong>iis</strong></span> <span class='ocrx_word' id='word_1_120' title='bbox 1038 376 1143 401; x_wconf 85' lang='lat' dir='ltr'><strong>omnino</strong></span> <span class='ocrx_word' id='word_1_121' title='bbox 1161 385 1188 403; x_wconf 78' lang='lat' dir='ltr'><strong><em>se</em></strong></span> <span class='ocrx_word' id='word_1_122' title='bbox 1206 378 1343 406; x_wconf 81' lang='lat' dir='ltr'><strong>abstinent.</strong></span> <span class='ocrx_word' id='word_1_123' title='bbox 1367 379 1436 411; x_wconf 80' lang='lat' dir='ltr'><strong>Quid</strong></span> <span class='ocrx_word' id='word_1_124' title='bbox 1454 383 1536 415; x_wconf 78' lang='lat' dir='ltr'><strong><em>ergo?</em></strong></span> <span class='ocrx_word' id='word_1_125' title='bbox 1553 383 1703 409; x_wconf 80' lang='lat' dir='ltr'><strong>dicemusne</strong></span> <span class='ocrx_word' id='word_1_126' title='bbox 1716 383 1775 410; x_wconf 75' lang='lat' dir='ltr'><strong>illos</strong></span> 
     </span>
    </p>
   </div>
   <div class='ocr_carea' id='block_1_22' title="bbox 995 418 1776 461">
    <p class='ocr_par' dir='ltr' id='par_1_22' title="bbox 995 418 1776 461">
     <span class='ocr_line' id='line_1_22' title="bbox 995 418 1776 461; baseline 0.015 -18"><span class='ocrx_word' id='word_1_127' title='bbox 995 418 1044 453; x_wconf 84' lang='lat' dir='ltr'><strong>{ide</strong></span> <span class='ocrx_word' id='word_1_128' title='bbox 1059 421 1137 446; x_wconf 73' lang='lat' dir='ltr'><strong>etiam</strong></span> <span class='ocrx_word' id='word_1_129' title='bbox 1152 421 1220 447; x_wconf 87' lang='lat' dir='ltr'><strong>inter</strong></span> <span class='ocrx_word' id='word_1_130' title='bbox 1230 431 1258 448; x_wconf 82' lang='lat' dir='ltr'><strong>se</strong></span> <span class='ocrx_word' id='word_1_131' title='bbox 1269 423 1418 451; x_wconf 56' lang='lat' dir='ltr'><strong>dissidere.“</strong></span> <span class='ocrx_word' id='word_1_132' title='bbox 1433 425 1463 452; x_wconf 89' lang='lat' dir='ltr'><strong>In</strong></span> <span class='ocrx_word' id='word_1_133' title='bbox 1480 426 1572 453; x_wconf 80' lang='lat' dir='ltr'><strong>ritibus</strong></span> <span class='ocrx_word' id='word_1_134' title='bbox 1585 436 1685 461; x_wconf 83' lang='lat' dir='ltr'><strong><em>quoque</em></strong></span> <span class='ocrx_word' id='word_1_135' title='bbox 1696 428 1776 454; x_wconf 81' lang='lat' dir='ltr'><strong>eccle-</strong></span> 
     </span>
    </p>
   </div>
   <div class='ocr_carea' id='block_1_23' title="bbox 992 464 1776 507">
    <p class='ocr_par' dir='ltr' id='par_1_23' title="bbox 992 464 1776 507">
     <span class='ocr_line' id='line_1_23' title="bbox 992 464 1776 507; baseline 0.011 -17"><span class='ocrx_word' id='word_1_136' title='bbox 992 464 1108 490; x_wconf 61' lang='lat' dir='ltr'><strong>siasticis</strong></span> <span class='ocrx_word' id='word_1_137' title='bbox 1118 469 1277 495; x_wconf 76' lang='lat' dir='ltr'><strong>cattsuetudo</strong></span> <span class='ocrx_word' id='word_1_138' title='bbox 1291 474 1327 495; x_wconf 78' lang='lat' dir='ltr'><strong>est</strong></span> <span class='ocrx_word' id='word_1_139' title='bbox 1343 471 1417 497; x_wconf 77' lang='lat' dir='ltr'><strong>varia</strong></span> <span class='ocrx_word' id='word_1_140' title='bbox 1431 479 1440 498; x_wconf 69' lang='grc' dir='ltr'><em>ξ</em></span> <span class='ocrx_word' id='word_1_141' title='bbox 1456 480 1515 498; x_wconf 88' lang='lat' dir='ltr'><strong>ttatu</strong></span> <span class='ocrx_word' id='word_1_142' title='bbox 1531 472 1671 506; x_wconf 66' lang='lat' dir='ltr'><strong>Cpoiitana</strong></span> <span class='ocrx_word' id='word_1_143' title='bbox 1690 474 1776 507; x_wconf 86' lang='lat' dir='ltr'><strong>major</strong></span> 
     </span>
    </p>
   </div>
   <div class='ocr_carea' id='block_1_24' title="bbox 991 509 1776 550">
    <p class='ocr_par' dir='ltr' id='par_1_24' title="bbox 991 509 1776 550">
     <span class='ocr_line' id='line_1_24' title="bbox 991 509 1776 550; baseline 0.014 -16"><span class='ocrx_word' id='word_1_144' title='bbox 991 509 1100 536; x_wconf 74' lang='lat' dir='ltr'><strong><em>ecrlesia</em></strong></span> <span class='ocrx_word' id='word_1_145' title='bbox 1109 511 1135 537; x_wconf 89' lang='lat' dir='ltr'><strong>in</strong></span> <span class='ocrx_word' id='word_1_146' title='bbox 1142 512 1304 540; x_wconf 76' lang='lat' dir='ltr'><strong>celebrandis</strong></span> <span class='ocrx_word' id='word_1_147' title='bbox 1311 516 1401 549; x_wconf 81' lang='lat' dir='ltr'><strong>ofﬁciis</strong></span> <span class='ocrx_word' id='word_1_148' title='bbox 1408 517 1460 543; x_wconf 84' lang='lat' dir='ltr'><strong>alio</strong></span> <span class='ocrx_word' id='word_1_149' title='bbox 1468 526 1539 544; x_wconf 87' lang='lat' dir='ltr'><strong>more</strong></span> <span class='ocrx_word' id='word_1_150' title='bbox 1550 519 1642 550; x_wconf 81' lang='lat' dir='ltr'><strong>utitur.</strong></span> <span class='ocrx_word' id='word_1_151' title='bbox 1656 519 1708 546; x_wconf 85' lang='lat' dir='ltr'><strong>alio</strong></span> <span class='ocrx_word' id='word_1_152' title='bbox 1717 527 1776 546; x_wconf 80' lang='lat' dir='ltr'><strong><em>vero</em></strong></span> 
     </span>
    </p>
   </div>
   <div class='ocr_carea' id='block_1_25' title="bbox 992 555 1773 598">
    <p class='ocr_par' dir='ltr' id='par_1_25' title="bbox 992 555 1773 598">
     <span class='ocr_line' id='line_1_25' title="bbox 992 555 1773 598; baseline 0.017 -19"><span class='ocrx_word' id='word_1_153' title='bbox 992 555 1095 588; x_wconf 83' lang='lat' dir='ltr'><strong>majora</strong></span> <span class='ocrx_word' id='word_1_154' title='bbox 1110 560 1277 590; x_wconf 81' lang='lat' dir='ltr'><strong>monasteria,</strong></span> <span class='ocrx_word' id='word_1_155' title='bbox 1296 560 1350 587; x_wconf 81' lang='lat' dir='ltr'><strong>alio</strong></span> <span class='ocrx_word' id='word_1_156' title='bbox 1372 563 1475 589; x_wconf 81' lang='lat' dir='ltr'><strong>minora</strong></span> <span class='ocrx_word' id='word_1_157' title='bbox 1489 564 1524 590; x_wconf 85' lang='lat' dir='ltr'><strong>ad</strong></span> <span class='ocrx_word' id='word_1_158' title='bbox 1541 565 1653 598; x_wconf 77' lang='lat' dir='ltr'><strong>quietem</strong></span> <span class='ocrx_word' id='word_1_159' title='bbox 1669 573 1773 591; x_wconf 79' lang='lat' dir='ltr'><strong>accom-</strong></span> 
     </span>
    </p>
   </div>
   <div class='ocr_carea' id='block_1_26' title="bbox 991 601 1775 639">
    <p class='ocr_par' dir='ltr' id='par_1_26' title="bbox 991 601 1775 639">
     <span class='ocr_line' id='line_1_26' title="bbox 991 601 1775 639; baseline 0.017 -15"><span class='ocrx_word' id='word_1_160' title='bbox 991 601 1110 632; x_wconf 83' lang='lat' dir='ltr'><strong>modata,</strong></span> <span class='ocrx_word' id='word_1_161' title='bbox 1136 602 1245 637; x_wconf 81' lang='lat' dir='ltr'><strong><em>denique</em></strong></span> <span class='ocrx_word' id='word_1_162' title='bbox 1258 604 1311 631; x_wconf 85' lang='lat' dir='ltr'><strong>alio</strong></span> <span class='ocrx_word' id='word_1_163' title='bbox 1326 608 1494 635; x_wconf 74' lang='lat' dir='ltr'><strong>sacerdotum</strong></span> <span class='ocrx_word' id='word_1_164' title='bbox 1510 611 1679 637; x_wconf 71' lang='lat' dir='ltr'><strong>swcttlurittm</strong></span> <span class='ocrx_word' id='word_1_165' title='bbox 1691 612 1775 639; x_wconf 81' lang='lat' dir='ltr'><strong>eccle-</strong></span> 
     </span>
    </p>
   </div>
   <div class='ocr_carea' id='block_1_27' title="bbox 991 645 1775 692">
    <p class='ocr_par' dir='ltr' id='par_1_27' title="bbox 991 645 1775 692">
     <span class='ocr_line' id='line_1_27' title="bbox 991 645 1775 692; baseline 0.019 -21"><span class='ocrx_word' id='word_1_166' title='bbox 991 646 1047 672; x_wconf 74' lang='lat' dir='ltr'><strong>siae.</strong></span> <span class='ocrx_word' id='word_1_167' title='bbox 1067 645 1136 678; x_wconf 81' lang='lat' dir='ltr'><strong>Quin</strong></span> <span class='ocrx_word' id='word_1_168' title='bbox 1151 653 1175 674; x_wconf 81' lang='lat' dir='ltr'><strong>et</strong></span> <span class='ocrx_word' id='word_1_169' title='bbox 1204 649 1402 679; x_wconf 63' lang='lat' dir='ltr'><strong>Tabennesiota:</strong></span> <span class='ocrx_word' id='word_1_170' title='bbox 1427 654 1453 680; x_wconf 85' lang='lat' dir='ltr'><strong><em>in</em></strong></span> <span class='ocrx_word' id='word_1_171' title='bbox 1468 663 1519 682; x_wconf 87' lang='lat' dir='ltr'><strong>uno</strong></span> <span class='ocrx_word' id='word_1_172' title='bbox 1532 657 1673 692; x_wconf 86' lang='lat' dir='ltr'><strong><em>eodemque</em></strong></span> <span class='ocrx_word' id='word_1_173' title='bbox 1688 667 1775 686; x_wconf 73' lang='lat' dir='ltr'><strong><em>caeno-</em></strong></span> 
     </span>
    </p>
   </div>
   <div class='ocr_carea' id='block_1_28' title="bbox 991 691 1775 740">
    <p class='ocr_par' dir='ltr' id='par_1_28' title="bbox 991 691 1775 740">
     <span class='ocr_line' id='line_1_28' title="bbox 991 691 1775 740; baseline 0.02 -23"><span class='ocrx_word' id='word_1_174' title='bbox 991 691 1032 718; x_wconf 87' lang='lat' dir='ltr'><strong>bio</strong></span> <span class='ocrx_word' id='word_1_175' title='bbox 1047 693 1132 720; x_wconf 79' lang='lat' dir='ltr'><strong>uarios</strong></span> <span class='ocrx_word' id='word_1_176' title='bbox 1152 695 1295 729; x_wconf 82' lang='lat' dir='ltr'><strong>jejunamli</strong></span> <span class='ocrx_word' id='word_1_177' title='bbox 1316 699 1497 734; x_wconf 78' lang='lat' dir='ltr'><strong>psallendique</strong></span> <span class='ocrx_word' id='word_1_178' title='bbox 1526 703 1616 729; x_wconf 82' lang='lat' dir='ltr'><strong>modos</strong></span> <span class='ocrx_word' id='word_1_179' title='bbox 1633 705 1775 740; x_wconf 81' lang='lat' dir='ltr'><strong>habebant,</strong></span> 
     </span>
    </p>
   </div>
   <div class='ocr_carea' id='block_1_29' title="bbox 990 737 1774 784">
    <p class='ocr_par' dir='ltr' id='par_1_29' title="bbox 990 737 1774 784">
     <span class='ocr_line' id='line_1_29' title="bbox 990 737 1774 784; baseline 0.017 -21"><span class='ocrx_word' id='word_1_180' title='bbox 990 737 1052 764; x_wconf 73' lang='lat' dir='ltr'><strong>aliis</strong></span> <span class='ocrx_word' id='word_1_181' title='bbox 1064 747 1110 772; x_wconf 82' lang='lat' dir='ltr'><strong>per</strong></span> <span class='ocrx_word' id='word_1_182' title='bbox 1121 740 1228 768; x_wconf 83' lang='lat' dir='ltr'><strong>biduum</strong></span> <span class='ocrx_word' id='word_1_183' title='bbox 1237 742 1431 778; x_wconf 79' lang='lat' dir='ltr'><strong>jejunuutibus,</strong></span> <span class='ocrx_word' id='word_1_184' title='bbox 1444 747 1504 773; x_wconf 71' lang='lat' dir='ltr'><strong>aliis</strong></span> <span class='ocrx_word' id='word_1_185' title='bbox 1513 755 1559 781; x_wconf 82' lang='lat' dir='ltr'><strong>per</strong></span> <span class='ocrx_word' id='word_1_186' title='bbox 1574 737 1774 784; x_wconf 56' lang='lat' dir='ltr'><strong>hebdomadam;</strong></span> 
     </span>
    </p>
   </div>
   <div class='ocr_carea' id='block_1_30' title="bbox 990 784 1777 824">
    <p class='ocr_par' dir='ltr' id='par_1_30' title="bbox 990 784 1777 824">
     <span class='ocr_line' id='line_1_30' title="bbox 990 784 1777 824; baseline 0.019 -15"><span class='ocrx_word' id='word_1_187' title='bbox 990 790 1013 810; x_wconf 86' lang='lat' dir='ltr'><strong><em>et</em></strong></span> <span class='ocrx_word' id='word_1_188' title='bbox 1032 784 1072 811; x_wconf 82' lang='lat' dir='ltr'><strong>his</strong></span> <span class='ocrx_word' id='word_1_189' title='bbox 1089 787 1193 819; x_wconf 78' lang='lat' dir='ltr'><strong>quidem</strong></span> <span class='ocrx_word' id='word_1_190' title='bbox 1205 788 1240 814; x_wconf 86' lang='lat' dir='ltr'><strong>ad</strong></span> <span class='ocrx_word' id='word_1_191' title='bbox 1256 797 1399 822; x_wconf 81' lang='lat' dir='ltr'><strong>vesperam,</strong></span> <span class='ocrx_word' id='word_1_192' title='bbox 1421 792 1476 818; x_wconf 78' lang='lat' dir='ltr'><strong>illis</strong></span> <span class='ocrx_word' id='word_1_193' title='bbox 1488 801 1547 819; x_wconf 80' lang='lat' dir='ltr'><strong><em>vero</em></strong></span> <span class='ocrx_word' id='word_1_194' title='bbox 1559 795 1590 820; x_wconf 83' lang='lat' dir='ltr'><strong>de</strong></span> <span class='ocrx_word' id='word_1_195' title='bbox 1603 796 1688 822; x_wconf 84' lang='lat' dir='ltr'><strong>media</strong></span> <span class='ocrx_word' id='word_1_196' title='bbox 1702 802 1777 824; x_wconf 79' lang='lat' dir='ltr'><strong>nocte</strong></span> 
     </span>
    </p>
   </div>
   <div class='ocr_carea' id='block_1_31' title="bbox 989 831 1774 872">
    <p class='ocr_par' dir='ltr' id='par_1_31' title="bbox 989 831 1774 872">
     <span class='ocr_line' id='line_1_31' title="bbox 989 831 1774 872; baseline 0.019 -17"><span class='ocrx_word' id='word_1_197' title='bbox 989 837 1080 856; x_wconf 79' lang='lat' dir='ltr'><strong>saeros</strong></span> <span class='ocrx_word' id='word_1_198' title='bbox 1108 831 1216 865; x_wconf 81' lang='lat' dir='ltr'><strong>hymnos</strong></span> <span class='ocrx_word' id='word_1_199' title='bbox 1240 835 1416 869; x_wconf 75' lang='lat' dir='ltr'><strong>canentibus;</strong></span> <span class='ocrx_word' id='word_1_200' title='bbox 1441 840 1511 872; x_wconf 86' lang='lat' dir='ltr'><strong><em>quod</em></strong></span> <span class='ocrx_word' id='word_1_201' title='bbox 1533 839 1613 872; x_wconf 81' lang='lat' dir='ltr'><strong>ﬁebat</strong></span> <span class='ocrx_word' id='word_1_202' title='bbox 1635 842 1716 868; x_wconf 85' lang='lat' dir='ltr'><strong>etiam</strong></span> <span class='ocrx_word' id='word_1_203' title='bbox 1747 845 1774 870; x_wconf 86' lang='lat' dir='ltr'><strong><em>in</em></strong></span> 
     </span>
    </p>
   </div>
   <div class='ocr_carea' id='block_1_32' title="bbox 990 877 1774 924">
    <p class='ocr_par' dir='ltr' id='par_1_32' title="bbox 990 877 1774 924">
     <span class='ocr_line' id='line_1_32' title="bbox 990 877 1774 924; baseline 0.019 -23"><span class='ocrx_word' id='word_1_204' title='bbox 990 878 1149 904; x_wconf 79' lang='lat' dir='ltr'><strong>monasterio</strong></span> <span class='ocrx_word' id='word_1_205' title='bbox 1162 877 1365 908; x_wconf 76' lang='lat' dir='ltr'><strong>Actemetorum.</strong></span> <span class='ocrx_word' id='word_1_206' title='bbox 1385 882 1484 910; x_wconf 84' lang='lat' dir='ltr'><strong>Subdit</strong></span> <span class='ocrx_word' id='word_1_207' title='bbox 1503 884 1666 920; x_wconf 77' lang='lat' dir='ltr'><strong>Gregorius:</strong></span> <span class='ocrx_word' id='word_1_208' title='bbox 1693 889 1774 924; x_wconf 76' lang='lat'><strong>297</strong></span> 
     </span>
    </p>
   </div>
   <div class='ocr_carea' id='block_1_33' title="bbox 186 917 1773 966">
    <p class='ocr_par' dir='ltr' id='par_1_33' title="bbox 186 917 1773 966">
     <span class='ocr_line' id='line_1_33' title="bbox 186 917 1773 966; baseline 0.01 -20"><span class='ocrx_word' id='word_1_209' title='bbox 186 919 229 946; x_wconf 87' lang='lat' dir='ltr'><strong>Ib.</strong></span> <span class='ocrx_word' id='word_1_210' title='bbox 248 919 336 947; x_wconf 78' lang='lat' dir='ltr'><strong>Graeci</strong></span> <span class='ocrx_word' id='word_1_211' title='bbox 361 927 414 947; x_wconf 91' lang='lat' dir='ltr'><strong>non</strong></span> <span class='ocrx_word' id='word_1_212' title='bbox 433 925 539 948; x_wconf 87' lang='lat' dir='ltr'><strong>tantum</strong></span> <span class='ocrx_word' id='word_1_213' title='bbox 561 926 624 948; x_wconf 83' lang='lat' dir='ltr'><strong>ante</strong></span> <span class='ocrx_word' id='word_1_214' title='bbox 641 920 745 949; x_wconf 79' lang='lat' dir='ltr'><strong>Pascha</strong></span> <span class='ocrx_word' id='word_1_215' title='bbox 765 922 812 950; x_wconf 81' lang='lat' dir='ltr'><strong>sed</strong></span> <span class='ocrx_word' id='word_1_216' title='bbox 827 927 854 949; x_wconf 85' lang='lat' dir='ltr'><strong>et</strong></span> <span class='ocrx_word' id='word_1_217' title='bbox 876 927 938 950; x_wconf 83' lang='lat' dir='ltr'><strong><em>ante</em></strong></span> <span class='ocrx_word' id='word_1_218' title='bbox 957 917 976 944; x_wconf 87' lang='grc' dir='ltr'><strong><em>Β</em></strong></span> <span class='ocrx_word' id='word_1_219' title='bbox 992 921 1089 948; x_wconf 81' lang='lat' dir='ltr'><strong>Mirum</strong></span> <span class='ocrx_word' id='word_1_220' title='bbox 1103 932 1182 957; x_wconf 85' lang='lat' dir='ltr'><strong>porro</strong></span> <span class='ocrx_word' id='word_1_221' title='bbox 1191 926 1269 959; x_wconf 82' lang='lat' dir='ltr'><strong>fuerit</strong></span> <span class='ocrx_word' id='word_1_222' title='bbox 1286 929 1390 955; x_wconf 69' lang='lat' dir='ltr'><strong>curiata</strong></span> <span class='ocrx_word' id='word_1_223' title='bbox 1402 931 1441 956; x_wconf 78' lang='lat' dir='ltr'><strong>vir</strong></span> <span class='ocrx_word' id='word_1_224' title='bbox 1453 935 1477 956; x_wconf 80' lang='lat' dir='ltr'><strong>et</strong></span> <span class='ocrx_word' id='word_1_225' title='bbox 1486 931 1584 966; x_wconf 81' lang='lat' dir='ltr'><strong>lingua:</strong></span> <span class='ocrx_word' id='word_1_226' title='bbox 1595 934 1773 962; x_wconf 72' lang='lat' dir='ltr'><strong>diversitate»:</strong></span> 
     </span>
    </p>
   </div>
   <div class='ocr_carea' id='block_1_34' title="bbox 151 965 935 1003">
    <p class='ocr_par' dir='ltr' id='par_1_34' title="bbox 151 965 935 1003">
     <span class='ocr_line' id='line_1_34' title="bbox 151 965 935 1003; baseline 0.004 -12"><span class='ocrx_word' id='word_1_227' title='bbox 151 965 202 991; x_wconf 81' lang='lat' dir='ltr'><strong>alia</strong></span> <span class='ocrx_word' id='word_1_228' title='bbox 220 965 288 992; x_wconf 80' lang='lat' dir='ltr'><strong>festa</strong></span> <span class='ocrx_word' id='word_1_229' title='bbox 309 965 455 1000; x_wconf 71' lang='lat' dir='ltr'><strong>praecipua,</strong></span> <span class='ocrx_word' id='word_1_230' title='bbox 467 972 497 992; x_wconf 90' lang='lat' dir='ltr'><strong>ut</strong></span> <span class='ocrx_word' id='word_1_231' title='bbox 509 971 549 993; x_wconf 86' lang='lat' dir='ltr'><strong>est</strong></span> <span class='ocrx_word' id='word_1_232' title='bbox 563 965 667 994; x_wconf 87' lang='lat' dir='ltr'><strong>Natalis</strong></span> <span class='ocrx_word' id='word_1_233' title='bbox 679 966 799 1000; x_wconf 85' lang='lat' dir='ltr'><strong>Domini,</strong></span> <span class='ocrx_word' id='word_1_234' title='bbox 813 968 935 1003; x_wconf 74' lang='lat' dir='ltr'><strong>quadra-</strong></span> 
     </span>
    </p>
   </div>
   <div class='ocr_carea' id='block_1_35' title="bbox 150 1011 933 1048">
    <p class='ocr_par' dir='ltr' id='par_1_35' title="bbox 150 1011 933 1048">
     <span class='ocr_line' id='line_1_35' title="bbox 150 1011 933 1048; baseline 0.006 -12"><span class='ocrx_word' id='word_1_235' title='bbox 150 1018 283 1044; x_wconf 71' lang='lat' dir='ltr'><strong>gestu-am</strong></span> <span class='ocrx_word' id='word_1_236' title='bbox 311 1011 523 1045; x_wconf 71' lang='lat' dir='ltr'><strong>praemittebant,</strong></span> <span class='ocrx_word' id='word_1_237' title='bbox 554 1013 602 1039; x_wconf 88' lang='lat' dir='ltr'><strong>sed</strong></span> <span class='ocrx_word' id='word_1_238' title='bbox 619 1013 859 1048; x_wconf 82' lang='lat' dir='ltr'><strong>quadragesimam</strong></span> <span class='ocrx_word' id='word_1_239' title='bbox 878 1022 933 1041; x_wconf 91' lang='lat' dir='ltr'><strong>non</strong></span> 
     </span>
    </p>
   </div>
   <div class='ocr_carea' id='block_1_36' title="bbox 149 1057 935 1093">
    <p class='ocr_par' dir='ltr' id='par_1_36' title="bbox 149 1057 935 1093">
     <span class='ocr_line' id='line_1_36' title="bbox 149 1057 935 1093; baseline 0.004 -10"><span class='ocrx_word' id='word_1_240' title='bbox 149 1064 192 1089; x_wconf 79' lang='lat' dir='ltr'><strong>re,</strong></span> <span class='ocrx_word' id='word_1_241' title='bbox 210 1057 258 1084; x_wconf 89' lang='lat' dir='ltr'><strong>sed</strong></span> <span class='ocrx_word' id='word_1_242' title='bbox 272 1057 332 1084; x_wconf 76' lang='lat' dir='ltr'><strong>salo</strong></span> <span class='ocrx_word' id='word_1_243' title='bbox 349 1058 470 1090; x_wconf 86' lang='lat' dir='ltr'><strong>nomine,</strong></span> <span class='ocrx_word' id='word_1_244' title='bbox 497 1062 592 1092; x_wconf 89' lang='lat' dir='ltr'><strong>utpote</strong></span> <span class='ocrx_word' id='word_1_245' title='bbox 613 1058 718 1093; x_wconf 83' lang='lat' dir='ltr'><strong>jejunio</strong></span> <span class='ocrx_word' id='word_1_246' title='bbox 730 1059 824 1093; x_wconf 84' lang='lat' dir='ltr'><strong>paucis</strong></span> <span class='ocrx_word' id='word_1_247' title='bbox 837 1059 935 1087; x_wconf 87' lang='lat' dir='ltr'><strong>diebus</strong></span> 
     </span>
    </p>
   </div>
   <div class='ocr_carea' id='block_1_37' title="bbox 147 1103 933 1140">
    <p class='ocr_par' dir='ltr' id='par_1_37' title="bbox 147 1103 933 1140">
     <span class='ocr_line' id='line_1_37' title="bbox 147 1103 933 1140; baseline 0.006 -12"><span class='ocrx_word' id='word_1_248' title='bbox 147 1103 374 1136; x_wconf 85' lang='lat' dir='ltr'><strong>circumscripto.</strong></span> <span class='ocrx_word' id='word_1_249' title='bbox 402 1103 428 1129; x_wconf 86' lang='lat' dir='ltr'><strong>ld</strong></span> <span class='ocrx_word' id='word_1_250' title='bbox 455 1104 543 1131; x_wconf 84' lang='lat' dir='ltr'><strong>disces</strong></span> <span class='ocrx_word' id='word_1_251' title='bbox 557 1112 588 1130; x_wconf 77' lang='lat' dir='ltr'><strong>ex</strong></span> <span class='ocrx_word' id='word_1_252' title='bbox 602 1104 772 1137; x_wconf 84' lang='lat' dir='ltr'><strong>Balsamone,</strong></span> <span class='ocrx_word' id='word_1_253' title='bbox 786 1106 834 1140; x_wconf 81' lang='lat' dir='ltr'><strong>qui</strong></span> <span class='ocrx_word' id='word_1_254' title='bbox 846 1105 872 1132; x_wconf 92' lang='lat' dir='ltr'><strong>in</strong></span> <span class='ocrx_word' id='word_1_255' title='bbox 891 1113 933 1133; x_wconf 85' lang='lat' dir='ltr'><strong>re-</strong></span> 
     </span>
    </p>
   </div>
   <div class='ocr_carea' id='block_1_38' title="bbox 148 1146 934 1182">
    <p class='ocr_par' dir='ltr' id='par_1_38' title="bbox 148 1146 934 1182">
     <span class='ocr_line' id='line_1_38' title="bbox 148 1146 934 1182; baseline 0.004 -9"><span class='ocrx_word' id='word_1_256' title='bbox 148 1153 251 1180; x_wconf 72' lang='lat' dir='ltr'><strong>sponso</strong></span> <span class='ocrx_word' id='word_1_257' title='bbox 262 1147 296 1173; x_wconf 85' lang='lat' dir='ltr'><strong>ad</strong></span> <span class='ocrx_word' id='word_1_258' title='bbox 315 1146 535 1181; x_wconf 75' lang='lat' dir='ltr'><strong>55qutestionem</strong></span> <span class='ocrx_word' id='word_1_259' title='bbox 544 1147 628 1175; x_wconf 80' lang='lat' dir='ltr'><strong>Marci</strong></span> <span class='ocrx_word' id='word_1_260' title='bbox 642 1148 804 1182; x_wconf 69' lang='lat' dir='ltr'><strong>patriarcha:</strong></span> <span class='ocrx_word' id='word_1_261' title='bbox 814 1149 934 1176; x_wconf 77' lang='lat' dir='ltr'><strong>Alexan—</strong></span> 
     </span>
    </p>
   </div>
   <div class='ocr_carea' id='block_1_39' title="bbox 147 1192 933 1227">
    <p class='ocr_par' dir='ltr' id='par_1_39' title="bbox 147 1192 933 1227">
     <span class='ocr_line' id='line_1_39' title="bbox 147 1192 933 1227; baseline 0.004 -9"><span class='ocrx_word' id='word_1_262' title='bbox 147 1192 218 1219; x_wconf 86' lang='lat' dir='ltr'><strong>drini</strong></span> <span class='ocrx_word' id='word_1_263' title='bbox 237 1193 273 1219; x_wconf 86' lang='lat' dir='ltr'><strong>ita</strong></span> <span class='ocrx_word' id='word_1_264' title='bbox 290 1193 406 1220; x_wconf 88' lang='lat' dir='ltr'><strong>scribit:</strong></span> <span class='ocrx_word' id='word_1_265' title='bbox 421 1192 479 1219; x_wconf 78' lang='lat' dir='ltr'><strong>Nos</strong></span> <span class='ocrx_word' id='word_1_266' title='bbox 489 1193 654 1227; x_wconf 78' lang='lat' dir='ltr'><strong>defendimus</strong></span> <span class='ocrx_word' id='word_1_267' title='bbox 663 1193 770 1227; x_wconf 75' lang='lat' dir='ltr'><strong>jejunio</strong></span> <span class='ocrx_word' id='word_1_268' title='bbox 786 1196 933 1222; x_wconf 67' lang='lat' dir='ltr'><strong>necessario</strong></span> 
     </span>
    </p>
   </div>
   <div class='ocr_carea' id='block_1_40' title="bbox 145 1237 934 1273">
    <p class='ocr_par' dir='ltr' id='par_1_40' title="bbox 145 1237 934 1273">
     <span class='ocr_line' id='line_1_40' title="bbox 145 1237 934 1273; baseline 0.004 -10"><span class='ocrx_word' id='word_1_269' title='bbox 145 1238 293 1271; x_wconf 76' lang='lat' dir='ltr'><strong>prtecedere</strong></span> <span class='ocrx_word' id='word_1_270' title='bbox 324 1237 380 1264; x_wconf 80' lang='lat' dir='ltr'><strong><em>lucc</em></strong></span> <span class='ocrx_word' id='word_1_271' title='bbox 404 1243 518 1273; x_wconf 78' lang='lat' dir='ltr'><strong>quatuor</strong></span> <span class='ocrx_word' id='word_1_272' title='bbox 529 1239 607 1273; x_wconf 78' lang='lat' dir='ltr'><strong>festa,</strong></span> <span class='ocrx_word' id='word_1_273' title='bbox 625 1239 750 1265; x_wconf 81' lang='lat' dir='ltr'><strong>nimirum</strong></span> <span class='ocrx_word' id='word_1_274' title='bbox 765 1239 860 1272; x_wconf 76' lang='lat' dir='ltr'><strong>festum</strong></span> <span class='ocrx_word' id='word_1_275' title='bbox 870 1247 934 1266; x_wconf 81' lang='lat' dir='ltr'><strong><em>sau-</em></strong></span> 
     </span>
    </p>
   </div>
   <div class='ocr_carea' id='block_1_41' title="bbox 146 1283 932 1319">
    <p class='ocr_par' dir='ltr' id='par_1_41' title="bbox 146 1283 932 1319">
     <span class='ocr_line' id='line_1_41' title="bbox 146 1283 932 1319; baseline 0.003 -9"><span class='ocrx_word' id='word_1_276' title='bbox 146 1289 249 1310; x_wconf 79' lang='lat' dir='ltr'><strong>ctorum</strong></span> <span class='ocrx_word' id='word_1_277' title='bbox 278 1284 468 1318; x_wconf 75' lang='lat' dir='ltr'><strong>apostolorum,</strong></span> <span class='ocrx_word' id='word_1_278' title='bbox 496 1283 602 1310; x_wconf 81' lang='lat' dir='ltr'><strong>Natalis</strong></span> <span class='ocrx_word' id='word_1_279' title='bbox 615 1283 726 1317; x_wconf 82' lang='lat' dir='ltr'><strong>Christi,</strong></span> <span class='ocrx_word' id='word_1_280' title='bbox 756 1285 932 1319; x_wconf 80' lang='lat' dir='ltr'><strong>transforma-</strong></span> 
     </span>
    </p>
   </div>
   <div class='ocr_carea' id='block_1_42' title="bbox 145 1329 931 1363">
    <p class='ocr_par' dir='ltr' id='par_1_42' title="bbox 145 1329 931 1363">
     <span class='ocr_line' id='line_1_42' title="bbox 145 1329 931 1363; baseline 0.003 -7"><span class='ocrx_word' id='word_1_281' title='bbox 145 1331 228 1356; x_wconf 77' lang='lat' dir='ltr'><strong>tionis</strong></span> <span class='ocrx_word' id='word_1_282' title='bbox 243 1329 345 1357; x_wconf 70' lang='lat' dir='ltr'><strong>Christi</strong></span> <span class='ocrx_word' id='word_1_283' title='bbox 362 1336 384 1356; x_wconf 86' lang='lat' dir='ltr'><strong><em>et</em></strong></span> <span class='ocrx_word' id='word_1_284' title='bbox 404 1330 451 1356; x_wconf 82' lang='lat' dir='ltr'><strong>Dei</strong></span> <span class='ocrx_word' id='word_1_285' title='bbox 465 1332 560 1363; x_wconf 89' lang='lat' dir='ltr'><strong>nostri,</strong></span> <span class='ocrx_word' id='word_1_286' title='bbox 576 1334 600 1357; x_wconf 86' lang='lat' dir='ltr'><strong>ct</strong></span> <span class='ocrx_word' id='word_1_287' title='bbox 613 1331 814 1358; x_wconf 74' lang='lat' dir='ltr'><strong>obdormitiom’s</strong></span> <span class='ocrx_word' id='word_1_288' title='bbox 833 1338 931 1358; x_wconf 80' lang='lat' dir='ltr'><strong>sanctte</strong></span> 
     </span>
    </p>
   </div>
   <div class='ocr_carea' id='block_1_43' title="bbox 148 1377 930 1412">
    <p class='ocr_par' dir='ltr' id='par_1_43' title="bbox 148 1377 930 1412">
     <span class='ocr_line' id='line_1_43' title="bbox 148 1377 930 1412; baseline 0.003 -9"><span class='ocrx_word' id='word_1_289' title='bbox 148 1377 278 1411; x_wconf 70' lang='grc' dir='ltr'><strong>θεῖναι-α’,</strong></span> <span class='ocrx_word' id='word_1_290' title='bbox 309 1377 466 1403; x_wconf 72' lang='grc' dir='ltr'><strong>δεάιαηζιιηι</strong></span> <span class='ocrx_word' id='word_1_291' title='bbox 491 1383 588 1412; x_wconf 82' lang='lat' dir='ltr'><strong>septem</strong></span> <span class='ocrx_word' id='word_1_292' title='bbox 617 1379 730 1405; x_wconf 85' lang='lat' dir='ltr'><strong>dierum.</strong></span> <span class='ocrx_word' id='word_1_293' title='bbox 760 1377 846 1405; x_wconf 86' lang='lat' dir='ltr'><strong>Unum</strong></span> <span class='ocrx_word' id='word_1_294' title='bbox 862 1379 930 1406; x_wconf 84' lang='lat' dir='ltr'><strong>enim</strong></span> 
     </span>
    </p>
   </div>
   <div class='ocr_carea' id='block_1_44' title="bbox 145 1423 930 1461">
    <p class='ocr_par' dir='ltr' id='par_1_44' title="bbox 145 1423 930 1461">
     <span class='ocr_line' id='line_1_44' title="bbox 145 1423 930 1461; baseline 0.005 -13"><span class='ocrx_word' id='word_1_295' title='bbox 145 1428 181 1448; x_wconf 71' lang='lat' dir='ltr'><strong>est</strong></span> <span class='ocrx_word' id='word_1_296' title='bbox 208 1423 389 1457; x_wconf 75' lang='lat' dir='ltr'><strong>quadraginta</strong></span> <span class='ocrx_word' id='word_1_297' title='bbox 413 1423 514 1450; x_wconf 88' lang='lat' dir='ltr'><strong>dierum</strong></span> <span class='ocrx_word' id='word_1_298' title='bbox 538 1423 666 1458; x_wconf 80' lang='lat' dir='ltr'><strong>iejunium</strong></span> <span class='ocrx_word' id='word_1_299' title='bbox 692 1425 778 1451; x_wconf 74' lang='lat' dir='ltr'><strong>sancti</strong></span> <span class='ocrx_word' id='word_1_300' title='bbox 801 1429 826 1451; x_wconf 81' lang='lat' dir='ltr'><strong>et</strong></span> <span class='ocrx_word' id='word_1_301' title='bbox 842 1427 930 1461; x_wconf 86' lang='lat' dir='ltr'><strong>magni</strong></span> 
     </span>
    </p>
   </div>
   <div class='ocr_carea' id='block_1_45' title="bbox 146 1468 930 1506">
    <p class='ocr_par' dir='ltr' id='par_1_45' title="bbox 146 1468 930 1506">
     <span class='ocr_line' id='line_1_45' title="bbox 146 1468 930 1506; baseline 0.005 -11"><span class='ocrx_word' id='word_1_302' title='bbox 146 1468 295 1495; x_wconf 74' lang='lat' dir='ltr'><strong>I&#39;cschatis.</strong></span> <span class='ocrx_word' id='word_1_303' title='bbox 323 1469 399 1500; x_wconf 81' lang='lat' dir='ltr'><strong>Quod</strong></span> <span class='ocrx_word' id='word_1_304' title='bbox 419 1469 442 1495; x_wconf 80' lang='lat' dir='ltr'><strong>si</strong></span> <span class='ocrx_word' id='word_1_305' title='bbox 472 1470 531 1504; x_wconf 76' lang='lat' dir='ltr'><strong>quis</strong></span> <span class='ocrx_word' id='word_1_306' title='bbox 557 1470 617 1504; x_wconf 85' lang='lat' dir='ltr'><strong>plus</strong></span> <span class='ocrx_word' id='word_1_307' title='bbox 631 1478 710 1505; x_wconf 78' lang='lat' dir='ltr'><strong><em>quam</em></strong></span> <span class='ocrx_word' id='word_1_308' title='bbox 730 1477 825 1506; x_wconf 83' lang='lat' dir='ltr'><strong>septem</strong></span> <span class='ocrx_word' id='word_1_309' title='bbox 840 1473 930 1499; x_wconf 85' lang='lat' dir='ltr'><strong>diebus</strong></span> 
     </span>
    </p>
   </div>
   <div class='ocr_carea' id='block_1_46' title="bbox 146 1515 927 1552">
    <p class='ocr_par' dir='ltr' id='par_1_46' title="bbox 146 1515 927 1552">
     <span class='ocr_line' id='line_1_46' title="bbox 146 1515 927 1552; baseline 0.006 -12"><span class='ocrx_word' id='word_1_310' title='bbox 146 1515 214 1541; x_wconf 77' lang='lat' dir='ltr'><strong>circa</strong></span> <span class='ocrx_word' id='word_1_311' title='bbox 238 1515 333 1550; x_wconf 69' lang='lat' dir='ltr'><strong>[extum</strong></span> <span class='ocrx_word' id='word_1_312' title='bbox 360 1521 511 1542; x_wconf 70' lang='lat' dir='ltr'><strong>sanctorum</strong></span> <span class='ocrx_word' id='word_1_313' title='bbox 536 1517 714 1550; x_wconf 72' lang='lat' dir='ltr'><strong>apostolorum</strong></span> <span class='ocrx_word' id='word_1_314' title='bbox 730 1523 754 1544; x_wconf 70' lang='lat' dir='ltr'><strong>et</strong></span> <span class='ocrx_word' id='word_1_315' title='bbox 768 1518 865 1552; x_wconf 81' lang='lat' dir='ltr'><strong>festum</strong></span> <span class='ocrx_word' id='word_1_316' title='bbox 880 1527 927 1546; x_wconf 85' lang='lat' dir='ltr'><strong>na-</strong></span> 
     </span>
    </p>
   </div>
   <div class='ocr_carea' id='block_1_47' title="bbox 148 1558 928 1596">
    <p class='ocr_par' dir='ltr' id='par_1_47' title="bbox 148 1558 928 1596">
     <span class='ocr_line' id='line_1_47' title="bbox 148 1558 928 1596; baseline 0.008 -13"><span class='ocrx_word' id='word_1_317' title='bbox 148 1558 206 1584; x_wconf 72' lang='lat' dir='ltr'><strong>talis</strong></span> <span class='ocrx_word' id='word_1_318' title='bbox 217 1558 437 1592; x_wconf 71' lang='lat' dir='ltr'><strong>Christijnjunet,</strong></span> <span class='ocrx_word' id='word_1_319' title='bbox 451 1567 496 1585; x_wconf 73' lang='lat' dir='ltr'><strong>seu</strong></span> <span class='ocrx_word' id='word_1_320' title='bbox 511 1565 600 1593; x_wconf 82' lang='lat' dir='ltr'><strong>sponte</strong></span> <span class='ocrx_word' id='word_1_321' title='bbox 611 1568 655 1586; x_wconf 83' lang='lat' dir='ltr'><strong>seu</strong></span> <span class='ocrx_word' id='word_1_322' title='bbox 667 1560 769 1588; x_wconf 84' lang='lat' dir='ltr'><strong>ordinis</strong></span> <span class='ocrx_word' id='word_1_323' title='bbox 785 1562 827 1588; x_wconf 80' lang='lat' dir='ltr'><strong>sui</strong></span> <span class='ocrx_word' id='word_1_324' title='bbox 838 1564 928 1596; x_wconf 78' lang='lat' dir='ltr'><strong>regula</strong></span> 
     </span>
    </p>
   </div>
   <div class='ocr_carea' id='block_1_48' title="bbox 146 1592 965 1640">
    <p class='ocr_par' dir='ltr' id='par_1_48' title="bbox 146 1592 965 1640">
     <span class='ocr_line' id='line_1_48' title="bbox 146 1592 965 1640; baseline 0.007 -12"><span class='ocrx_word' id='word_1_325' title='bbox 146 1603 283 1636; x_wconf 74' lang='lat' dir='ltr'><strong>impulsus,</strong></span> <span class='ocrx_word' id='word_1_326' title='bbox 301 1611 350 1629; x_wconf 90' lang='lat' dir='ltr'><strong>non</strong></span> <span class='ocrx_word' id='word_1_327' title='bbox 363 1592 562 1637; x_wconf 75' lang='lat' dir='ltr'><strong>vituperabitur.</strong></span> <span class='ocrx_word' id='word_1_328' title='bbox 585 1604 722 1638; x_wconf 80' lang='lat' dir='ltr'><strong>Quomodo</strong></span> <span class='ocrx_word' id='word_1_329' title='bbox 733 1611 821 1633; x_wconf 84' lang='lat' dir='ltr'><strong>autem</strong></span> <span class='ocrx_word' id='word_1_330' title='bbox 831 1612 854 1633; x_wconf 83' lang='lat' dir='ltr'><strong><em>et</em></strong></span> <span class='ocrx_word' id='word_1_331' title='bbox 868 1614 929 1640; x_wconf 88' lang='lat' dir='ltr'><strong>pro-</strong></span> <span class='ocrx_word' id='word_1_332' title='bbox 943 1592 965 1619; x_wconf 65' lang='grc' dir='ltr'><strong>ο</strong></span> 
     </span>
    </p>
   </div>
   <div class='ocr_carea' id='block_1_49' title="bbox 145 1649 929 1686">
    <p class='ocr_par' dir='ltr' id='par_1_49' title="bbox 145 1649 929 1686">
     <span class='ocr_line' id='line_1_49' title="bbox 145 1649 929 1686; baseline 0.008 -13"><span class='ocrx_word' id='word_1_333' title='bbox 145 1653 200 1682; x_wconf 76' lang='lat' dir='ltr'><strong>pter</strong></span> <span class='ocrx_word' id='word_1_334' title='bbox 215 1649 279 1683; x_wconf 86' lang='lat' dir='ltr'><strong><em>quid</em></strong></span> <span class='ocrx_word' id='word_1_335' title='bbox 291 1654 352 1675; x_wconf 84' lang='lat' dir='ltr'><strong>ante</strong></span> <span class='ocrx_word' id='word_1_336' title='bbox 360 1650 562 1685; x_wconf 77' lang='lat' dir='ltr'><strong><em>unumquodque</em></strong></span> <span class='ocrx_word' id='word_1_337' title='bbox 575 1650 668 1678; x_wconf 85' lang='lat' dir='ltr'><strong>horum</strong></span> <span class='ocrx_word' id='word_1_338' title='bbox 677 1656 792 1686; x_wconf 83' lang='lat' dir='ltr'><strong><em>quatuor</em></strong></span> <span class='ocrx_word' id='word_1_339' title='bbox 804 1653 929 1686; x_wconf 81' lang='lat' dir='ltr'><strong>festorum</strong></span> 
     </span>
    </p>
   </div>
   <div class='ocr_carea' id='block_1_50' title="bbox 141 1692 928 1732">
    <p class='ocr_par' dir='ltr' id='par_1_50' title="bbox 141 1692 928 1732">
     <span class='ocr_line' id='line_1_50' title="bbox 141 1692 928 1732; baseline 0.01 -15"><span class='ocrx_word' id='word_1_340' title='bbox 141 1692 262 1726; x_wconf 78' lang='lat' dir='ltr'><strong>jejunare</strong></span> <span class='ocrx_word' id='word_1_341' title='bbox 277 1694 427 1726; x_wconf 74' lang='lat' dir='ltr'><strong>debeamus,</strong></span> <span class='ocrx_word' id='word_1_342' title='bbox 440 1694 604 1722; x_wconf 82' lang='lat' dir='ltr'><strong>declaratum</strong></span> <span class='ocrx_word' id='word_1_343' title='bbox 619 1697 646 1723; x_wconf 79' lang='lat' dir='ltr'><strong><em>in</em></strong></span> <span class='ocrx_word' id='word_1_344' title='bbox 660 1697 783 1732; x_wconf 77' lang='lat' dir='ltr'><strong>synodali</strong></span> <span class='ocrx_word' id='word_1_345' title='bbox 795 1698 928 1725; x_wconf 81' lang='lat' dir='ltr'><strong><em>decisione</em></strong></span> 
     </span>
    </p>
   </div>
   <div class='ocr_carea' id='block_1_51' title="bbox 144 1738 929 1777">
    <p class='ocr_par' dir='ltr' id='par_1_51' title="bbox 144 1738 929 1777">
     <span class='ocr_line' id='line_1_51' title="bbox 144 1738 929 1777; baseline 0.01 -14"><span class='ocrx_word' id='word_1_346' title='bbox 144 1740 175 1763; x_wconf 88' lang='lat' dir='ltr'><strong>de</strong></span> <span class='ocrx_word' id='word_1_347' title='bbox 191 1746 220 1764; x_wconf 81' lang='lat' dir='ltr'><strong><em>eo</em></strong></span> <span class='ocrx_word' id='word_1_348' title='bbox 235 1747 251 1765; x_wconf 79' lang='grc' dir='ltr'><em>α</em></span> <span class='ocrx_word' id='word_1_349' title='bbox 269 1738 343 1766; x_wconf 82' lang='lat' dir='ltr'><strong>nobis</strong></span> <span class='ocrx_word' id='word_1_350' title='bbox 372 1740 454 1774; x_wconf 73' lang='lat' dir='ltr'><strong>facta.</strong></span> <span class='ocrx_word' id='word_1_351' title='bbox 485 1740 538 1774; x_wconf 82' lang='lat' dir='ltr'><strong>Qui</strong></span> <span class='ocrx_word' id='word_1_352' title='bbox 559 1742 642 1776; x_wconf 74' lang='lat' dir='ltr'><strong>igitur</strong></span> <span class='ocrx_word' id='word_1_353' title='bbox 659 1750 712 1768; x_wconf 89' lang='lat' dir='ltr'><strong>non</strong></span> <span class='ocrx_word' id='word_1_354' title='bbox 728 1742 852 1777; x_wconf 83' lang='lat' dir='ltr'><strong>jejunant</strong></span> <span class='ocrx_word' id='word_1_355' title='bbox 868 1747 929 1771; x_wconf 85' lang='lat' dir='ltr'><strong>ante</strong></span> 
     </span>
    </p>
   </div>
   <div class='ocr_carea' id='block_1_52' title="bbox 145 1783 927 1822">
    <p class='ocr_par' dir='ltr' id='par_1_52' title="bbox 145 1783 927 1822">
     <span class='ocr_line' id='line_1_52' title="bbox 145 1783 927 1822; baseline 0.01 -15"><span class='ocrx_word' id='word_1_356' title='bbox 145 1783 346 1818; x_wconf 80' lang='lat' dir='ltr'><strong><em>unumquodque</em></strong></span> <span class='ocrx_word' id='word_1_357' title='bbox 377 1785 469 1811; x_wconf 87' lang='lat' dir='ltr'><strong>ltorum</strong></span> <span class='ocrx_word' id='word_1_358' title='bbox 488 1790 604 1820; x_wconf 86' lang='lat' dir='ltr'><strong><em>quatuor</em></strong></span> <span class='ocrx_word' id='word_1_359' title='bbox 630 1787 769 1822; x_wconf 72' lang='lat' dir='ltr'><strong>festorum,</strong></span> <span class='ocrx_word' id='word_1_360' title='bbox 799 1789 855 1815; x_wconf 80' lang='lat' dir='ltr'><strong>sine</strong></span> <span class='ocrx_word' id='word_1_361' title='bbox 872 1788 927 1816; x_wconf 84' lang='lat' dir='ltr'><strong>ulla</strong></span> 
     </span>
    </p>
   </div>
   <div class='ocr_carea' id='block_1_53' title="bbox 141 1828 926 1866">
    <p class='ocr_par' dir='ltr' id='par_1_53' title="bbox 141 1828 926 1866">
     <span class='ocr_line' id='line_1_53' title="bbox 141 1828 926 1866; baseline 0.01 -14"><span class='ocrx_word' id='word_1_362' title='bbox 141 1828 245 1854; x_wconf 85' lang='lat' dir='ltr'><strong>omnino</strong></span> <span class='ocrx_word' id='word_1_363' title='bbox 270 1829 438 1855; x_wconf 73' lang='lat' dir='ltr'><strong><em>excusatione</em></strong></span> <span class='ocrx_word' id='word_1_364' title='bbox 466 1830 569 1864; x_wconf 76' lang='lat' dir='ltr'><strong>magnis</strong></span> <span class='ocrx_word' id='word_1_365' title='bbox 593 1831 804 1858; x_wconf 81' lang='lat' dir='ltr'><strong>emendabuntur</strong></span> <span class='ocrx_word' id='word_1_366' title='bbox 831 1833 926 1866; x_wconf 64' lang='lat' dir='ltr'><strong>penis.</strong></span> 
     </span>
    </p>
   </div>
   <div class='ocr_carea' id='block_1_54' title="bbox 143 1869 927 1912">
    <p class='ocr_par' dir='ltr' id='par_1_54' title="bbox 143 1869 927 1912">
     <span class='ocr_line' id='line_1_54' title="bbox 143 1869 927 1912; baseline 0.008 -15"><span class='ocrx_word' id='word_1_367' title='bbox 143 1869 239 1898; x_wconf 78' lang='lat' dir='ltr'><strong>Eadem</strong></span> <span class='ocrx_word' id='word_1_368' title='bbox 259 1872 342 1898; x_wconf 78' lang='lat' dir='ltr'><strong>tradit</strong></span> <span class='ocrx_word' id='word_1_369' title='bbox 357 1872 502 1899; x_wconf 83' lang='lat' dir='ltr'><strong>Batsamon</strong></span> <span class='ocrx_word' id='word_1_370' title='bbox 519 1874 546 1900; x_wconf 92' lang='lat' dir='ltr'><strong>in</strong></span> <span class='ocrx_word' id='word_1_371' title='bbox 564 1875 705 1908; x_wconf 83' lang='lat' dir='ltr'><strong>responsis</strong></span> <span class='ocrx_word' id='word_1_372' title='bbox 723 1876 755 1902; x_wconf 83' lang='lat' dir='ltr'><strong>ad</strong></span> <span class='ocrx_word' id='word_1_373' title='bbox 771 1876 927 1912; x_wconf 77' lang='lat' dir='ltr'><strong>interroga-</strong></span> 
     </span>
    </p>
   </div>
   <div class='ocr_carea' id='block_1_55' title="bbox 141 1916 926 1956">
    <p class='ocr_par' dir='ltr' id='par_1_55' title="bbox 141 1916 926 1956">
     <span class='ocr_line' id='line_1_55' title="bbox 141 1916 926 1956; baseline 0.01 -15"><span class='ocrx_word' id='word_1_374' title='bbox 141 1916 228 1944; x_wconf 73' lang='lat' dir='ltr'><strong>tiones</strong></span> <span class='ocrx_word' id='word_1_375' title='bbox 243 1918 427 1951; x_wconf 81' lang='lat' dir='ltr'><strong>quorumdam</strong></span> <span class='ocrx_word' id='word_1_376' title='bbox 441 1921 650 1953; x_wconf 81' lang='lat' dir='ltr'><strong>monachorum,</strong></span> <span class='ocrx_word' id='word_1_377' title='bbox 671 1927 732 1955; x_wconf 72' lang='lat' dir='ltr'><strong>quae</strong></span> <span class='ocrx_word' id='word_1_378' title='bbox 745 1925 855 1949; x_wconf 80' lang='lat' dir='ltr'><strong>exstant</strong></span> <span class='ocrx_word' id='word_1_379' title='bbox 863 1927 926 1956; x_wconf 84' lang='lat' dir='ltr'><strong>post</strong></span> 
     </span>
    </p>
   </div>
   <div class='ocr_carea' id='block_1_56' title="bbox 139 1962 485 1991">
    <p class='ocr_par' dir='ltr' id='par_1_56' title="bbox 139 1962 485 1991">
     <span class='ocr_line' id='line_1_56' title="bbox 139 1962 485 1991; baseline 0.009 -3"><span class='ocrx_word' id='word_1_380' title='bbox 139 1962 361 1990; x_wconf 64' lang='lat' dir='ltr'><strong>botnocanoncm</strong></span> <span class='ocrx_word' id='word_1_381' title='bbox 383 1963 485 1991; x_wconf 85' lang='lat' dir='ltr'><strong>Photii.</strong></span> 
     </span>
    </p>
   </div>
   <div class='ocr_carea' id='block_1_57' title="bbox 174 2008 923 2047">
    <p class='ocr_par' dir='ltr' id='par_1_57' title="bbox 174 2008 923 2047">
     <span class='ocr_line' id='line_1_57' title="bbox 174 2008 923 2047; baseline 0.009 -12"><span class='ocrx_word' id='word_1_382' title='bbox 174 2008 260 2036; x_wconf 62' lang='grc' dir='ltr'><strong>(ἔτειεεὶ</strong></span> <span class='ocrx_word' id='word_1_383' title='bbox 287 2009 492 2044; x_wconf 84' lang='lat' dir='ltr'><strong>quiritabantur</strong></span> <span class='ocrx_word' id='word_1_384' title='bbox 523 2011 695 2047; x_wconf 77' lang='lat' dir='ltr'><strong>baacjejunia</strong></span> <span class='ocrx_word' id='word_1_385' title='bbox 721 2012 856 2042; x_wconf 85' lang='lat' dir='ltr'><strong>aLatinis</strong></span> <span class='ocrx_word' id='word_1_386' title='bbox 868 2022 923 2042; x_wconf 89' lang='lat' dir='ltr'><strong>non</strong></span> 
     </span>
    </p>
   </div>
   <div class='ocr_carea' id='block_1_58' title="bbox 136 2056 924 2095">
    <p class='ocr_par' dir='ltr' id='par_1_58' title="bbox 136 2056 924 2095">
     <span class='ocr_line' id='line_1_58' title="bbox 136 2056 924 2095; baseline 0.01 -14"><span class='ocrx_word' id='word_1_387' title='bbox 136 2056 276 2083; x_wconf 75' lang='lat' dir='ltr'><strong>observari</strong></span> <span class='ocrx_word' id='word_1_388' title='bbox 288 2075 296 2088; x_wconf 91' lang='lat'><strong>,</strong></span> <span class='ocrx_word' id='word_1_389' title='bbox 318 2064 350 2083; x_wconf 87' lang='lat' dir='ltr'><strong>ac</strong></span> <span class='ocrx_word' id='word_1_390' title='bbox 362 2056 477 2091; x_wconf 83' lang='lat' dir='ltr'><strong>proinde</strong></span> <span class='ocrx_word' id='word_1_391' title='bbox 493 2057 543 2085; x_wconf 88' lang='lat' dir='ltr'><strong>hac</strong></span> <span class='ocrx_word' id='word_1_392' title='bbox 555 2059 637 2086; x_wconf 86' lang='lat' dir='ltr'><strong>etiam</strong></span> <span class='ocrx_word' id='word_1_393' title='bbox 651 2068 683 2086; x_wconf 78' lang='lat' dir='ltr'><strong>ex</strong></span> <span class='ocrx_word' id='word_1_394' title='bbox 701 2064 778 2095; x_wconf 89' lang='lat' dir='ltr'><strong>parte</strong></span> <span class='ocrx_word' id='word_1_395' title='bbox 794 2068 856 2088; x_wconf 90' lang='lat' dir='ltr'><strong>cutn</strong></span> <span class='ocrx_word' id='word_1_396' title='bbox 875 2061 924 2089; x_wconf 88' lang='lat' dir='ltr'><strong>iis-</strong></span> 
     </span>
    </p>
   </div>
   <div class='ocr_carea' id='block_1_59' title="bbox 135 2101 920 2139">
    <p class='ocr_par' dir='ltr' id='par_1_59' title="bbox 135 2101 920 2139">
     <span class='ocr_line' id='line_1_59' title="bbox 135 2101 920 2139; baseline 0.009 -12"><span class='ocrx_word' id='word_1_397' title='bbox 135 2101 197 2128; x_wconf 85' lang='lat' dir='ltr'><strong>dem</strong></span> <span class='ocrx_word' id='word_1_398' title='bbox 208 2103 383 2130; x_wconf 78' lang='lat' dir='ltr'><strong>concordiam</strong></span> <span class='ocrx_word' id='word_1_399' title='bbox 395 2103 456 2130; x_wconf 89' lang='lat' dir='ltr'><strong>iniri</strong></span> <span class='ocrx_word' id='word_1_400' title='bbox 471 2111 526 2132; x_wconf 90' lang='lat' dir='ltr'><strong>non</strong></span> <span class='ocrx_word' id='word_1_401' title='bbox 543 2113 634 2139; x_wconf 80' lang='lat' dir='ltr'><strong>posse.</strong></span> <span class='ocrx_word' id='word_1_402' title='bbox 647 2105 777 2134; x_wconf 80' lang='lat' dir='ltr'><strong>Instituta</strong></span> <span class='ocrx_word' id='word_1_403' title='bbox 791 2112 815 2134; x_wconf 80' lang='lat' dir='ltr'><strong><em>et</em></strong></span> <span class='ocrx_word' id='word_1_404' title='bbox 834 2115 920 2136; x_wconf 79' lang='lat' dir='ltr'><strong>mores</strong></span> 
     </span>
    </p>
   </div>
   <div class='ocr_carea' id='block_1_60' title="bbox 132 2149 920 2188">
    <p class='ocr_par' dir='ltr' id='par_1_60' title="bbox 132 2149 920 2188">
     <span class='ocr_line' id='line_1_60' title="bbox 132 2149 920 2188; baseline 0.01 -15"><span class='ocrx_word' id='word_1_405' title='bbox 132 2155 220 2174; x_wconf 75' lang='lat' dir='ltr'><strong>oinnes</strong></span> <span class='ocrx_word' id='word_1_406' title='bbox 236 2149 342 2176; x_wconf 73' lang='lat' dir='ltr'><strong>diversa</strong></span> <span class='ocrx_word' id='word_1_407' title='bbox 355 2150 460 2178; x_wconf 86' lang='lat' dir='ltr'><strong>omnino</strong></span> <span class='ocrx_word' id='word_1_408' title='bbox 473 2155 544 2183; x_wconf 81' lang='lat' dir='ltr'><strong>sunt,</strong></span> <span class='ocrx_word' id='word_1_409' title='bbox 559 2152 649 2186; x_wconf 89' lang='lat' dir='ltr'><strong>inquit</strong></span> <span class='ocrx_word' id='word_1_410' title='bbox 660 2153 768 2181; x_wconf 84' lang='lat' dir='ltr'><strong>Marcus</strong></span> <span class='ocrx_word' id='word_1_411' title='bbox 777 2154 920 2188; x_wconf 82' lang='lat' dir='ltr'><strong>Ephesius,</strong></span> 
     </span>
    </p>
   </div>
   <div class='ocr_carea' id='block_1_61' title="bbox 128 2193 920 2236">
    <p class='ocr_par' dir='ltr' id='par_1_61' title="bbox 128 2193 920 2236">
     <span class='ocr_line' id='line_1_61' title="bbox 128 2193 920 2236; baseline 0.01 -16"><span class='ocrx_word' id='word_1_412' title='bbox 128 2193 235 2227; x_wconf 76' lang='lat' dir='ltr'><strong>jejunio</strong></span> <span class='ocrx_word' id='word_1_413' title='bbox 261 2200 287 2222; x_wconf 84' lang='lat' dir='ltr'><strong>et</strong></span> <span class='ocrx_word' id='word_1_414' title='bbox 315 2197 381 2223; x_wconf 84' lang='lat' dir='ltr'><strong>ritus</strong></span> <span class='ocrx_word' id='word_1_415' title='bbox 405 2198 577 2225; x_wconf 77' lang='lat' dir='ltr'><strong><em>ecclesiastici</em></strong></span> <span class='ocrx_word' id='word_1_416' title='bbox 598 2203 624 2225; x_wconf 86' lang='lat' dir='ltr'><strong><em>et</em></strong></span> <span class='ocrx_word' id='word_1_417' title='bbox 646 2199 756 2226; x_wconf 83' lang='lat' dir='ltr'><strong>similia.</strong></span> <span class='ocrx_word' id='word_1_418' title='bbox 779 2200 845 2233; x_wconf 65' lang='lat' dir='ltr'><strong><em>Quae</em></strong></span> <span class='ocrx_word' id='word_1_419' title='bbox 858 2209 920 2236; x_wconf 85' lang='lat' dir='ltr'><strong>ergo</strong></span> 
     </span>
    </p>
   </div>
   <div class='ocr_carea' id='block_1_62' title="bbox 130 2240 960 2284">
    <p class='ocr_par' dir='ltr' id='par_1_62' title="bbox 130 2240 960 2284">
     <span class='ocr_line' id='line_1_62' title="bbox 130 2240 960 2284; baseline 0.011 -19"><span class='ocrx_word' id='word_1_420' title='bbox 130 2240 174 2266; x_wconf 81' lang='lat' dir='ltr'><strong>hic</strong></span> <span class='ocrx_word' id='word_1_421' title='bbox 193 2242 264 2273; x_wconf 84' lang='lat' dir='ltr'><strong><em>uuio,</em></strong></span> <span class='ocrx_word' id='word_1_422' title='bbox 284 2241 329 2268; x_wconf 87' lang='lat' dir='ltr'><strong><em>ubi</em></strong></span> <span class='ocrx_word' id='word_1_423' title='bbox 342 2242 443 2269; x_wconf 86' lang='lat' dir='ltr'><strong>nullum</strong></span> <span class='ocrx_word' id='word_1_424' title='bbox 464 2249 556 2276; x_wconf 83' lang='lat' dir='ltr'><strong>patens</strong></span> <span class='ocrx_word' id='word_1_425' title='bbox 568 2252 600 2271; x_wconf 82' lang='lat' dir='ltr'><strong><em>ac</em></strong></span> <span class='ocrx_word' id='word_1_426' title='bbox 616 2245 789 2280; x_wconf 81' lang='lat' dir='ltr'><strong>manifestum</strong></span> <span class='ocrx_word' id='word_1_427' title='bbox 810 2253 918 2280; x_wconf 83' lang='lat' dir='ltr'><strong>apparet</strong></span> <span class='ocrx_word' id='word_1_428' title='bbox 933 2254 960 2284; x_wconf 74' lang='grc' dir='ltr'><strong>ι)</strong></span> 
     </span>
    </p>
   </div>
   <div class='ocr_carea' id='block_1_63' title="bbox 129 2284 921 2326">
    <p class='ocr_par' dir='ltr' id='par_1_63' title="bbox 129 2284 921 2326">
     <span class='ocr_line' id='line_1_63' title="bbox 129 2284 921 2326; baseline 0.013 -16"><span class='ocrx_word' id='word_1_429' title='bbox 129 2284 257 2318; x_wconf 80' lang='lat' dir='ltr'><strong>signum?</strong></span> <span class='ocrx_word' id='word_1_430' title='bbox 284 2287 319 2314; x_wconf 78' lang='lat' dir='ltr'><strong>Et</strong></span> <span class='ocrx_word' id='word_1_431' title='bbox 345 2290 473 2321; x_wconf 85' lang='lat' dir='ltr'><strong>quomodo</strong></span> <span class='ocrx_word' id='word_1_432' title='bbox 497 2290 575 2323; x_wconf 27' lang='lat' dir='ltr'><strong>uniti,</strong></span> <span class='ocrx_word' id='word_1_433' title='bbox 591 2296 663 2323; x_wconf 88' lang='lat' dir='ltr'><strong>sunt,</strong></span> <span class='ocrx_word' id='word_1_434' title='bbox 680 2292 726 2326; x_wconf 86' lang='lat' dir='ltr'><strong>qui</strong></span> <span class='ocrx_word' id='word_1_435' title='bbox 751 2300 800 2318; x_wconf 83' lang='lat' dir='ltr'><strong>sua</strong></span> <span class='ocrx_word' id='word_1_436' title='bbox 811 2294 921 2320; x_wconf 77' lang='lat' dir='ltr'><strong>retinere</strong></span> 
     </span>
    </p>
   </div>
   <div class='ocr_carea' id='block_1_64' title="bbox 129 2331 921 2372">
    <p class='ocr_par' dir='ltr' id='par_1_64' title="bbox 129 2331 921 2372">
     <span class='ocr_line' id='line_1_64' title="bbox 129 2331 921 2372; baseline 0.013 -16"><span class='ocrx_word' id='word_1_437' title='bbox 129 2331 242 2359; x_wconf 76' lang='lat' dir='ltr'><strong>colunt?</strong></span> <span class='ocrx_word' id='word_1_438' title='bbox 270 2333 328 2360; x_wconf 80' lang='lat' dir='ltr'><strong><em>Hoc</em></strong></span> <span class='ocrx_word' id='word_1_439' title='bbox 346 2335 415 2361; x_wconf 87' lang='lat' dir='ltr'><strong><em>enim</em></strong></span> <span class='ocrx_word' id='word_1_440' title='bbox 430 2335 486 2370; x_wconf 82' lang='lat' dir='ltr'><strong>lege</strong></span> <span class='ocrx_word' id='word_1_441' title='bbox 500 2345 577 2363; x_wconf 77' lang='lat' dir='ltr'><strong>suum</strong></span> <span class='ocrx_word' id='word_1_442' title='bbox 598 2340 632 2364; x_wconf 87' lang='lat' dir='ltr'><strong>ad</strong></span> <span class='ocrx_word' id='word_1_443' title='bbox 650 2338 771 2365; x_wconf 88' lang='lat' dir='ltr'><strong>unionem</strong></span> <span class='ocrx_word' id='word_1_444' title='bbox 785 2339 921 2372; x_wconf 60' lang='lat' dir='ltr'><strong><em>praebuere</em></strong></span> 
     </span>
    </p>
   </div>
   <div class='ocr_carea' id='block_1_65' title="bbox 126 2379 919 2412">
    <p class='ocr_par' dir='ltr' id='par_1_65' title="bbox 126 2379 919 2412">
     <span class='ocr_line' id='line_1_65' title="bbox 126 2379 919 2412; baseline 0.014 -11"><span class='ocrx_word' id='word_1_445' title='bbox 126 2383 275 2409; x_wconf 72' lang='lat' dir='ltr'><strong>assensum,</strong></span> <span class='ocrx_word' id='word_1_446' title='bbox 283 2380 403 2412; x_wconf 79' lang='lat' dir='ltr'><strong><em>quamvis</em></strong></span> <span class='ocrx_word' id='word_1_447' title='bbox 414 2388 429 2406; x_wconf 89' lang='lat' dir='ltr'><strong><em>a</em></strong></span> <span class='ocrx_word' id='word_1_448' title='bbox 440 2379 551 2408; x_wconf 80' lang='lat' dir='ltr'><strong>Patrum</strong></span> <span class='ocrx_word' id='word_1_449' title='bbox 560 2383 747 2410; x_wconf 79' lang='lat' dir='ltr'><strong>traditionibus</strong></span> <span class='ocrx_word' id='word_1_450' title='bbox 755 2384 919 2412; x_wconf 81' lang='lat' dir='ltr'><strong>desciverint.</strong></span> 
     </span>
    </p>
   </div>
   <div class='ocr_carea' id='block_1_66' title="bbox 125 2421 915 2466">
    <p class='ocr_par' dir='ltr' id='par_1_66' title="bbox 125 2421 915 2466">
     <span class='ocr_line' id='line_1_66' title="bbox 125 2421 915 2466; baseline 0.014 -19"><span class='ocrx_word' id='word_1_451' title='bbox 125 2421 289 2457; x_wconf 71' lang='lat' dir='ltr'><strong>Respondet</strong></span> <span class='ocrx_word' id='word_1_452' title='bbox 305 2424 456 2460; x_wconf 78' lang='lat' dir='ltr'><strong>Gregorius</strong></span> <span class='ocrx_word' id='word_1_453' title='bbox 482 2430 703 2464; x_wconf 82' lang='lat' dir='ltr'><strong>prolosyncellus</strong></span> <span class='ocrx_word' id='word_1_454' title='bbox 731 2431 759 2463; x_wconf 77' lang='lat' dir='ltr'><strong>iu</strong></span> <span class='ocrx_word' id='word_1_455' title='bbox 790 2431 915 2466; x_wconf 78' lang='lat' dir='ltr'><strong>apologia</strong></span> 
     </span>
    </p>
   </div>
   <div class='ocr_carea' id='block_1_67' title="bbox 123 2471 916 2509">
    <p class='ocr_par' dir='ltr' id='par_1_67' title="bbox 123 2471 916 2509">
     <span class='ocr_line' id='line_1_67' title="bbox 123 2471 916 2509; baseline 0.011 -14"><span class='ocrx_word' id='word_1_456' title='bbox 123 2476 178 2502; x_wconf 91' lang='lat' dir='ltr'><strong>pro</strong></span> <span class='ocrx_word' id='word_1_457' title='bbox 214 2471 334 2498; x_wconf 84' lang='lat' dir='ltr'><strong>concilio</strong></span> <span class='ocrx_word' id='word_1_458' title='bbox 364 2472 535 2507; x_wconf 82' lang='lat' dir='ltr'><strong>Florentino,</strong></span> <span class='ocrx_word' id='word_1_459' title='bbox 562 2482 623 2509; x_wconf 74' lang='lat' dir='ltr'><strong>qua:</strong></span> <span class='ocrx_word' id='word_1_460' title='bbox 637 2481 726 2504; x_wconf 80' lang='lat' dir='ltr'><strong>exstat</strong></span> <span class='ocrx_word' id='word_1_461' title='bbox 754 2476 788 2503; x_wconf 81' lang='lat' dir='ltr'><strong>ad</strong></span> <span class='ocrx_word' id='word_1_462' title='bbox 815 2477 916 2504; x_wconf 85' lang='lat' dir='ltr'><strong>calcem</strong></span> 
     </span>
    </p>
   </div>
   <div class='ocr_carea' id='block_1_68' title="bbox 123 2515 917 2550">
    <p class='ocr_par' dir='ltr' id='par_1_68' title="bbox 123 2515 917 2550">
     <span class='ocr_line' id='line_1_68' title="bbox 123 2515 917 2550; baseline 0.013 -9"><span class='ocrx_word' id='word_1_463' title='bbox 123 2515 252 2549; x_wconf 84' lang='lat' dir='ltr'><strong>ejusdem</strong></span> <span class='ocrx_word' id='word_1_464' title='bbox 272 2516 426 2545; x_wconf 70' lang='lat' dir='ltr'><strong>Florentini</strong></span> <span class='ocrx_word' id='word_1_465' title='bbox 452 2521 562 2547; x_wconf 86' lang='lat' dir='ltr'><strong>concilii</strong></span> <span class='ocrx_word' id='word_1_466' title='bbox 577 2521 603 2547; x_wconf 87' lang='lat' dir='ltr'><strong>in</strong></span> <span class='ocrx_word' id='word_1_467' title='bbox 620 2522 687 2549; x_wconf 89' lang='lat' dir='ltr'><strong>edit.</strong></span> <span class='ocrx_word' id='word_1_468' title='bbox 704 2523 828 2550; x_wconf 82' lang='lat' dir='ltr'><strong>Romana</strong></span> <span class='ocrx_word' id='word_1_469' title='bbox 841 2523 917 2550; x_wconf 67' lang='lat' dir='ltr'><strong>Grin-</strong></span> 
     </span>
    </p>
   </div>
   <div class='ocr_carea' id='block_1_69' title="bbox 122 2561 916 2602">
    <p class='ocr_par' dir='ltr' id='par_1_69' title="bbox 122 2561 916 2602">
     <span class='ocr_line' id='line_1_69' title="bbox 122 2561 916 2602; baseline 0.011 -15"><span class='ocrx_word' id='word_1_470' title='bbox 122 2561 270 2589; x_wconf 67' lang='lat' dir='ltr'><strong>cu-lmtina</strong></span> <span class='ocrx_word' id='word_1_471' title='bbox 287 2572 294 2590; x_wconf 86' lang='lat'>:</span> <span class='ocrx_word' id='word_1_472' title='bbox 309 2562 402 2591; x_wconf 79' lang='lat' dir='ltr'><strong><em>Nescit</em></strong></span> <span class='ocrx_word' id='word_1_473' title='bbox 413 2573 483 2600; x_wconf 86' lang='lat' dir='ltr'><strong>ergo,</strong></span> <span class='ocrx_word' id='word_1_474' title='bbox 493 2571 522 2593; x_wconf 85' lang='lat' dir='ltr'><strong>ut</strong></span> <span class='ocrx_word' id='word_1_475' title='bbox 532 2567 610 2601; x_wconf 81' lang='lat' dir='ltr'><strong>plane</strong></span> <span class='ocrx_word' id='word_1_476' title='bbox 620 2568 733 2602; x_wconf 83' lang='lat' dir='ltr'><strong>videtur,</strong></span> <span class='ocrx_word' id='word_1_477' title='bbox 748 2569 860 2597; x_wconf 74' lang='lat' dir='ltr'><strong>eximius</strong></span> <span class='ocrx_word' id='word_1_478' title='bbox 875 2570 916 2597; x_wconf 77' lang='lat' dir='ltr'><strong><em>hic</em></strong></span> 
     </span>
    </p>
   </div>
   <div class='ocr_carea' id='block_1_70' title="bbox 121 2609 914 2652">
    <p class='ocr_par' dir='ltr' id='par_1_70' title="bbox 121 2609 914 2652">
     <span class='ocr_line' id='line_1_70' title="bbox 121 2609 914 2652; baseline 0.013 -17"><span class='ocrx_word' id='word_1_479' title='bbox 121 2609 163 2635; x_wconf 73' lang='lat' dir='ltr'><strong>uir</strong></span> <span class='ocrx_word' id='word_1_480' title='bbox 179 2610 266 2636; x_wconf 73' lang='lat' dir='ltr'><strong>varios</strong></span> <span class='ocrx_word' id='word_1_481' title='bbox 280 2611 309 2637; x_wconf 81' lang='lat' dir='ltr'><strong>its</strong></span> <span class='ocrx_word' id='word_1_482' title='bbox 327 2611 378 2638; x_wconf 85' lang='lat' dir='ltr'><strong>hac</strong></span> <span class='ocrx_word' id='word_1_483' title='bbox 393 2613 471 2640; x_wconf 85' lang='lat' dir='ltr'><strong>etiam</strong></span> <span class='ocrx_word' id='word_1_484' title='bbox 496 2622 593 2650; x_wconf 83' lang='lat' dir='ltr'><strong>magna</strong></span> <span class='ocrx_word' id='word_1_485' title='bbox 609 2616 672 2643; x_wconf 83' lang='lat' dir='ltr'><strong><em>urbe</em></strong></span> <span class='ocrx_word' id='word_1_486' title='bbox 696 2616 843 2652; x_wconf 82' lang='lat' dir='ltr'><strong>Cpolitana</strong></span> <span class='ocrx_word' id='word_1_487' title='bbox 857 2626 914 2645; x_wconf 83' lang='lat' dir='ltr'><strong>ser-</strong></span> 
     </span>
    </p>
   </div>
   <div class='ocr_carea' id='block_1_71' title="bbox 119 2658 912 2695">
    <p class='ocr_par' dir='ltr' id='par_1_71' title="bbox 119 2658 912 2695">
     <span class='ocr_line' id='line_1_71' title="bbox 119 2658 912 2695; baseline 0.014 -14"><span class='ocrx_word' id='word_1_488' title='bbox 119 2658 178 2682; x_wconf 66' lang='lat' dir='ltr'><strong><em>vari</em></strong></span> <span class='ocrx_word' id='word_1_489' title='bbox 209 2664 305 2690; x_wconf 77' lang='lat' dir='ltr'><strong>morer,</strong></span> <span class='ocrx_word' id='word_1_490' title='bbox 326 2658 542 2695; x_wconf 74' lang='lat' dir='ltr'><strong>jeiuniorumque</strong></span> <span class='ocrx_word' id='word_1_491' title='bbox 557 2671 588 2689; x_wconf 83' lang='lat' dir='ltr'><strong><em>ac</em></strong></span> <span class='ocrx_word' id='word_1_492' title='bbox 601 2663 700 2690; x_wconf 87' lang='lat' dir='ltr'><strong>rituum</strong></span> <span class='ocrx_word' id='word_1_493' title='bbox 715 2665 912 2692; x_wconf 77' lang='lat' dir='ltr'><strong>ecclesiastico-</strong></span> 
     </span>
    </p>
   </div>
   <div class='ocr_carea' id='block_1_72' title="bbox 119 2696 913 2742">
    <p class='ocr_par' dir='ltr' id='par_1_72' title="bbox 119 2696 913 2742">
     <span class='ocr_line' id='line_1_72' title="bbox 119 2696 913 2742; baseline 0.016 -16"><span class='ocrx_word' id='word_1_494' title='bbox 119 2708 181 2727; x_wconf 85' lang='lat' dir='ltr'><strong>rum</strong></span> <span class='ocrx_word' id='word_1_495' title='bbox 195 2710 253 2729; x_wconf 80' lang='lat' dir='ltr'><strong>esse</strong></span> <span class='ocrx_word' id='word_1_496' title='bbox 263 2696 443 2732; x_wconf 64' lang='lat' dir='ltr'><strong>diuersitates.</strong></span> <span class='ocrx_word' id='word_1_497' title='bbox 459 2705 580 2742; x_wconf 81' lang='lat' dir='ltr'><strong><em>Namque</em></strong></span> <span class='ocrx_word' id='word_1_498' title='bbox 595 2714 656 2736; x_wconf 84' lang='lat' dir='ltr'><strong>ante</strong></span> <span class='ocrx_word' id='word_1_499' title='bbox 676 2709 778 2737; x_wconf 79' lang='lat' dir='ltr'><strong>Christi</strong></span> <span class='ocrx_word' id='word_1_500' title='bbox 787 2711 913 2739; x_wconf 84' lang='lat' dir='ltr'><strong>Natalem</strong></span> 
     </span>
    </p>
   </div>
   <div class='ocr_carea' id='block_1_73' title="bbox 118 2749 911 2792">
    <p class='ocr_par' dir='ltr' id='par_1_73' title="bbox 118 2749 911 2792">
     <span class='ocr_line' id='line_1_73' title="bbox 118 2749 911 2792; baseline 0.018 -20"><span class='ocrx_word' id='word_1_501' title='bbox 118 2753 182 2774; x_wconf 79' lang='lat' dir='ltr'><strong>sunt</strong></span> <span class='ocrx_word' id='word_1_502' title='bbox 201 2750 250 2782; x_wconf 87' lang='lat' dir='ltr'><strong><em>qui</em></strong></span> <span class='ocrx_word' id='word_1_503' title='bbox 274 2749 416 2777; x_wconf 84' lang='lat' dir='ltr'><strong>ordiuntur</strong></span> <span class='ocrx_word' id='word_1_504' title='bbox 439 2753 573 2787; x_wconf 80' lang='lat' dir='ltr'><strong>jejunium</strong></span> <span class='ocrx_word' id='word_1_505' title='bbox 592 2763 624 2782; x_wconf 70' lang='lat' dir='ltr'><strong>ea;</strong></span> <span class='ocrx_word' id='word_1_506' title='bbox 636 2757 725 2784; x_wconf 64' lang='lat'><strong>(15:15</strong></span> <span class='ocrx_word' id='word_1_507' title='bbox 743 2757 911 2792; x_wconf 68' lang='lat' dir='ltr'><strong>Novembris,</strong></span> 
     </span>
    </p>
   </div>
   <div class='ocr_carea' id='block_1_74' title="bbox 117 2792 910 2834">
    <p class='ocr_par' dir='ltr' id='par_1_74' title="bbox 117 2792 910 2834">
     <span class='ocr_line' id='line_1_74' title="bbox 117 2792 910 2834; baseline 0.016 -16"><span class='ocrx_word' id='word_1_508' title='bbox 117 2792 168 2818; x_wconf 82' lang='lat' dir='ltr'><strong>alii</strong></span> <span class='ocrx_word' id='word_1_509' title='bbox 196 2801 232 2820; x_wconf 81' lang='lat' dir='ltr'><strong>ea:</strong></span> <span class='ocrx_word' id='word_1_510' title='bbox 251 2794 294 2821; x_wconf 84' lang='lat' dir='ltr'><strong>die</strong></span> <span class='ocrx_word' id='word_1_511' title='bbox 307 2794 498 2830; x_wconf 74' lang='lat' dir='ltr'><strong>GDecembris,</strong></span> <span class='ocrx_word' id='word_1_512' title='bbox 526 2799 572 2826; x_wconf 89' lang='lat' dir='ltr'><strong>alii</strong></span> <span class='ocrx_word' id='word_1_513' title='bbox 588 2808 620 2826; x_wconf 71' lang='lat' dir='ltr'><strong><em>ex</em></strong></span> <span class='ocrx_word' id='word_1_514' title='bbox 646 2801 696 2834; x_wconf 79' lang='lat'><strong>20;</strong></span> <span class='ocrx_word' id='word_1_515' title='bbox 728 2802 764 2829; x_wconf 84' lang='lat' dir='ltr'><strong>ad</strong></span> <span class='ocrx_word' id='word_1_516' title='bbox 785 2804 910 2831; x_wconf 82' lang='lat' dir='ltr'><strong>honorem</strong></span> 
     </span>
    </p>
   </div>
   <div class='ocr_carea' id='block_1_75' title="bbox 115 2840 910 2883">
    <p class='ocr_par' dir='ltr' id='par_1_75' title="bbox 115 2840 910 2883">
     <span class='ocr_line' id='line_1_75' title="bbox 115 2840 910 2883; baseline 0.018 -20"><span class='ocrx_word' id='word_1_517' title='bbox 115 2846 223 2873; x_wconf 72' lang='lat' dir='ltr'><strong><em>quoque</em></strong></span> <span class='ocrx_word' id='word_1_518' title='bbox 236 2840 407 2868; x_wconf 76' lang='lat' dir='ltr'><strong>Ascensionis</strong></span> <span class='ocrx_word' id='word_1_519' title='bbox 418 2842 517 2871; x_wconf 80' lang='lat' dir='ltr'><strong>Christi</strong></span> <span class='ocrx_word' id='word_1_520' title='bbox 529 2846 769 2882; x_wconf 75' lang='lat' dir='ltr'><strong>qttidamjejunare</strong></span> <span class='ocrx_word' id='word_1_521' title='bbox 780 2850 910 2883; x_wconf 84' lang='lat' dir='ltr'><strong>incipiunt</strong></span> 
     </span>
    </p>
   </div>
   <div class='ocr_carea' id='block_1_76' title="bbox 114 2886 906 2929">
    <p class='ocr_par' dir='ltr' id='par_1_76' title="bbox 114 2886 906 2929">
     <span class='ocr_line' id='line_1_76' title="bbox 114 2886 906 2929; baseline 0.018 -17"><span class='ocrx_word' id='word_1_522' title='bbox 114 2893 144 2912; x_wconf 54' lang='lat' dir='ltr'><strong>ei</strong></span> <span class='ocrx_word' id='word_1_523' title='bbox 158 2886 182 2912; x_wconf 79' lang='lat' dir='ltr'><strong>li</strong></span> <span class='ocrx_word' id='word_1_524' title='bbox 188 2887 294 2914; x_wconf 78' lang='lat' dir='ltr'><strong>alendis</strong></span> <span class='ocrx_word' id='word_1_525' title='bbox 304 2888 377 2921; x_wconf 81' lang='lat' dir='ltr'><strong>.llaii,</strong></span> <span class='ocrx_word' id='word_1_526' title='bbox 387 2894 412 2916; x_wconf 82' lang='lat' dir='ltr'><strong>et</strong></span> <span class='ocrx_word' id='word_1_527' title='bbox 427 2891 481 2918; x_wconf 82' lang='lat' dir='ltr'><strong>alia</strong></span> <span class='ocrx_word' id='word_1_528' title='bbox 495 2892 527 2917; x_wconf 86' lang='lat' dir='ltr'><strong>ab</strong></span> <span class='ocrx_word' id='word_1_529' title='bbox 540 2893 600 2919; x_wconf 84' lang='lat' dir='ltr'><strong>aliis</strong></span> <span class='ocrx_word' id='word_1_530' title='bbox 604 2894 708 2929; x_wconf 76' lang='lat' dir='ltr'><strong>jejunio</strong></span> <span class='ocrx_word' id='word_1_531' title='bbox 724 2896 906 2926; x_wconf 78' lang='lat' dir='ltr'><strong>observantur.</strong></span> 
     </span>
    </p>
   </div>
   <div class='ocr_carea' id='block_1_77' title="bbox 274 2935 610 2972">
    <p class='ocr_par' dir='ltr' id='par_1_77' title="bbox 274 2935 610 2972">
     <span class='ocr_line' id='line_1_77' title="bbox 274 2935 610 2972; baseline 0.024 -8"><span class='ocrx_word' id='word_1_532' title='bbox 274 2935 409 2966; x_wconf 74' lang='lat' dir='ltr'><strong>l’srnot.</strong></span> <span class='ocrx_word' id='word_1_533' title='bbox 425 2936 479 2966; x_wconf 80' lang='lat' dir='ltr'><strong>Gn.</strong></span> <span class='ocrx_word' id='word_1_534' title='bbox 499 2938 610 2972; x_wconf 67' lang='lat' dir='ltr'><strong>CLVII.</strong></span> 
     </span>
    </p>
   </div>
   <div class='ocr_carea' id='block_1_78' title="bbox 990 970 1773 1014">
    <p class='ocr_par' dir='ltr' id='par_1_78' title="bbox 990 970 1773 1014">
     <span class='ocr_line' id='line_1_78' title="bbox 990 970 1773 1014; baseline 0.019 -20"><span class='ocrx_word' id='word_1_535' title='bbox 990 972 1015 994; x_wconf 78' lang='lat' dir='ltr'><strong><em>et</em></strong></span> <span class='ocrx_word' id='word_1_536' title='bbox 1029 970 1130 996; x_wconf 81' lang='lat' dir='ltr'><strong>uariunt</strong></span> <span class='ocrx_word' id='word_1_537' title='bbox 1154 971 1368 1001; x_wconf 85' lang='lat' dir='ltr'><strong>indumentorum</strong></span> <span class='ocrx_word' id='word_1_538' title='bbox 1387 984 1467 1010; x_wconf 82' lang='lat' dir='ltr'><strong>genus</strong></span> <span class='ocrx_word' id='word_1_539' title='bbox 1481 977 1542 1004; x_wconf 77' lang='lat' dir='ltr'><strong>vitio</strong></span> <span class='ocrx_word' id='word_1_540' title='bbox 1565 987 1617 1006; x_wconf 83' lang='lat' dir='ltr'><strong>non</strong></span> <span class='ocrx_word' id='word_1_541' title='bbox 1642 982 1747 1008; x_wconf 81' lang='lat' dir='ltr'><strong>verterit</strong></span> <span class='ocrx_word' id='word_1_542' title='bbox 1764 992 1773 1014; x_wconf 85' lang='grc'><strong><em>;</em></strong></span> 
     </span>
    </p>
   </div>
   <div class='ocr_carea' id='block_1_79' title="bbox 989 1017 1772 1060">
    <p class='ocr_par' dir='ltr' id='par_1_79' title="bbox 989 1017 1772 1060">
     <span class='ocr_line' id='line_1_79' title="bbox 989 1017 1772 1060; baseline 0.019 -20"><span class='ocrx_word' id='word_1_543' title='bbox 989 1020 1036 1041; x_wconf 87' lang='lat' dir='ltr'><strong>aut</strong></span> <span class='ocrx_word' id='word_1_544' title='bbox 1051 1017 1120 1050; x_wconf 88' lang='lat' dir='ltr'><strong><em>quod</em></strong></span> <span class='ocrx_word' id='word_1_545' title='bbox 1139 1017 1181 1043; x_wconf 87' lang='lat' dir='ltr'><strong>illi</strong></span> <span class='ocrx_word' id='word_1_546' title='bbox 1205 1019 1314 1052; x_wconf 77' lang='lat' dir='ltr'><strong>ﬂectant</strong></span> <span class='ocrx_word' id='word_1_547' title='bbox 1338 1029 1422 1056; x_wconf 83' lang='lat' dir='ltr'><strong>genua</strong></span> <span class='ocrx_word' id='word_1_548' title='bbox 1431 1031 1489 1049; x_wconf 81' lang='lat' dir='ltr'><strong>eum</strong></span> <span class='ocrx_word' id='word_1_549' title='bbox 1508 1025 1624 1052; x_wconf 84' lang='lat' dir='ltr'><strong>adorant</strong></span> <span class='ocrx_word' id='word_1_550' title='bbox 1644 1031 1668 1053; x_wconf 83' lang='lat' dir='ltr'><strong>et</strong></span> <span class='ocrx_word' id='word_1_551' title='bbox 1683 1033 1772 1060; x_wconf 85' lang='lat' dir='ltr'><strong>orant,</strong></span> 
     </span>
    </p>
   </div>
   <div class='ocr_carea' id='block_1_80' title="bbox 988 1066 1701 1101">
    <p class='ocr_par' dir='ltr' id='par_1_80' title="bbox 988 1066 1701 1101">
     <span class='ocr_line' id='line_1_80' title="bbox 988 1066 1701 1101; baseline 0.018 -14"><span class='ocrx_word' id='word_1_552' title='bbox 988 1066 1122 1089; x_wconf 69' lang='lat' dir='ltr'><strong>servantes</strong></span> <span class='ocrx_word' id='word_1_553' title='bbox 1139 1071 1237 1091; x_wconf 84' lang='lat' dir='ltr'><strong>morem</strong></span> <span class='ocrx_word' id='word_1_554' title='bbox 1253 1067 1434 1101; x_wconf 84' lang='lat' dir='ltr'><strong>antiquitatis,</strong></span> <span class='ocrx_word' id='word_1_555' title='bbox 1452 1077 1498 1096; x_wconf 80' lang='lat' dir='ltr'><strong>nos</strong></span> <span class='ocrx_word' id='word_1_556' title='bbox 1510 1078 1569 1096; x_wconf 82' lang='lat' dir='ltr'><strong>vero</strong></span> <span class='ocrx_word' id='word_1_557' title='bbox 1584 1072 1701 1100; x_wconf 88' lang='lat' dir='ltr'><strong>minime.</strong></span> 
     </span>
    </p>
   </div>
   <div class='ocr_carea' id='block_1_81' title="bbox 1024 1107 1772 1153">
    <p class='ocr_par' dir='ltr' id='par_1_81' title="bbox 1024 1107 1772 1153">
     <span class='ocr_line' id='line_1_81' title="bbox 1024 1107 1772 1153; baseline 0.016 -19"><span class='ocrx_word' id='word_1_558' title='bbox 1024 1107 1110 1136; x_wconf 84' lang='lat' dir='ltr'><strong>Porro</strong></span> <span class='ocrx_word' id='word_1_559' title='bbox 1125 1110 1171 1143; x_wconf 88' lang='lat' dir='ltr'><strong>qui</strong></span> <span class='ocrx_word' id='word_1_560' title='bbox 1193 1110 1280 1138; x_wconf 81' lang='lat' dir='ltr'><strong>Natali</strong></span> <span class='ocrx_word' id='word_1_561' title='bbox 1298 1113 1431 1147; x_wconf 79' lang='lat' dir='ltr'><strong>integram</strong></span> <span class='ocrx_word' id='word_1_562' title='bbox 1450 1116 1687 1151; x_wconf 68' lang='lat' dir='ltr'><strong>quadragesimum</strong></span> <span class='ocrx_word' id='word_1_563' title='bbox 1704 1127 1772 1153; x_wconf 74' lang='lat' dir='ltr'><strong>prm-</strong></span> 
     </span>
    </p>
   </div>
   <div class='ocr_carea' id='block_1_82' title="bbox 988 1154 1770 1198">
    <p class='ocr_par' dir='ltr' id='par_1_82' title="bbox 988 1154 1770 1198">
     <span class='ocr_line' id='line_1_82' title="bbox 988 1154 1770 1198; baseline 0.019 -19"><span class='ocrx_word' id='word_1_564' title='bbox 988 1154 1143 1188; x_wconf 83' lang='lat' dir='ltr'><strong>mittebant,</strong></span> <span class='ocrx_word' id='word_1_565' title='bbox 1162 1155 1178 1182; x_wconf 88' lang='lat' dir='ltr'><strong>ii</strong></span> <span class='ocrx_word' id='word_1_566' title='bbox 1204 1158 1421 1192; x_wconf 76' lang='lat' dir='ltr'><strong>auspicabantur</strong></span> <span class='ocrx_word' id='word_1_567' title='bbox 1435 1168 1450 1187; x_wconf 90' lang='lat' dir='ltr'><strong>a</strong></span> <span class='ocrx_word' id='word_1_568' title='bbox 1471 1161 1504 1188; x_wconf 80' lang='grc'><strong>14</strong></span> <span class='ocrx_word' id='word_1_569' title='bbox 1528 1162 1571 1189; x_wconf 88' lang='lat' dir='ltr'><strong>die</strong></span> <span class='ocrx_word' id='word_1_570' title='bbox 1598 1163 1770 1198; x_wconf 85' lang='lat' dir='ltr'><strong>Novembris,</strong></span> 
     </span>
    </p>
   </div>
   <div class='ocr_carea' id='block_1_83' title="bbox 988 1201 1773 1246">
    <p class='ocr_par' dir='ltr' id='par_1_83' title="bbox 988 1201 1773 1246">
     <span class='ocr_line' id='line_1_83' title="bbox 988 1201 1773 1246; baseline 0.019 -22"><span class='ocrx_word' id='word_1_571' title='bbox 988 1203 1017 1225; x_wconf 89' lang='lat' dir='ltr'><strong>ut</strong></span> <span class='ocrx_word' id='word_1_572' title='bbox 1035 1201 1173 1233; x_wconf 83' lang='lat' dir='ltr'><strong>monachi,</strong></span> <span class='ocrx_word' id='word_1_573' title='bbox 1186 1210 1256 1236; x_wconf 86' lang='lat' dir='ltr'><strong>quos</strong></span> <span class='ocrx_word' id='word_1_574' title='bbox 1272 1204 1304 1230; x_wconf 78' lang='lat' dir='ltr'><strong>ad</strong></span> <span class='ocrx_word' id='word_1_575' title='bbox 1326 1205 1376 1232; x_wconf 91' lang='lat' dir='ltr'><strong>hoc</strong></span> <span class='ocrx_word' id='word_1_576' title='bbox 1388 1206 1534 1240; x_wconf 71' lang='lat' dir='ltr'><strong>peculiaris</strong></span> <span class='ocrx_word' id='word_1_577' title='bbox 1547 1211 1640 1244; x_wconf 81' lang='lat' dir='ltr'><strong>regula</strong></span> <span class='ocrx_word' id='word_1_578' title='bbox 1669 1211 1773 1246; x_wconf 83' lang='lat' dir='ltr'><strong>obliga—</strong></span> 
     </span>
    </p>
   </div>
   <div class='ocr_carea' id='block_1_84' title="bbox 987 1244 1772 1293">
    <p class='ocr_par' dir='ltr' id='par_1_84' title="bbox 987 1244 1772 1293">
     <span class='ocr_line' id='line_1_84' title="bbox 987 1244 1772 1293; baseline 0.019 -22"><span class='ocrx_word' id='word_1_579' title='bbox 987 1244 1042 1272; x_wconf 79' lang='lat' dir='ltr'><strong>bat.</strong></span> <span class='ocrx_word' id='word_1_580' title='bbox 1061 1246 1195 1280; x_wconf 77' lang='lat' dir='ltr'><strong>Monachi,</strong></span> <span class='ocrx_word' id='word_1_581' title='bbox 1209 1249 1298 1284; x_wconf 82' lang='lat' dir='ltr'><strong>inquit</strong></span> <span class='ocrx_word' id='word_1_582' title='bbox 1309 1250 1465 1284; x_wconf 81' lang='lat' dir='ltr'><strong>Balsamon.</strong></span> <span class='ocrx_word' id='word_1_583' title='bbox 1492 1255 1537 1289; x_wconf 86' lang='lat' dir='ltr'><strong>qui</strong></span> <span class='ocrx_word' id='word_1_584' title='bbox 1552 1264 1661 1284; x_wconf 84' lang='lat' dir='ltr'><strong>suarum</strong></span> <span class='ocrx_word' id='word_1_585' title='bbox 1676 1244 1772 1293; x_wconf 75' lang='lat' dir='ltr'><strong>funda—</strong></span> 
     </span>
    </p>
   </div>
   <div class='ocr_carea' id='block_1_85' title="bbox 986 1291 1770 1338">
    <p class='ocr_par' dir='ltr' id='par_1_85' title="bbox 986 1291 1770 1338">
     <span class='ocr_line' id='line_1_85' title="bbox 986 1291 1770 1338; baseline 0.022 -22"><span class='ocrx_word' id='word_1_586' title='bbox 986 1291 1086 1318; x_wconf 88' lang='lat' dir='ltr'><strong>tionum</strong></span> <span class='ocrx_word' id='word_1_587' title='bbox 1103 1295 1334 1324; x_wconf 72' lang='lat' dir='ltr'><strong>constitutionibus</strong></span> <span class='ocrx_word' id='word_1_588' title='bbox 1352 1304 1482 1334; x_wconf 85' lang='lat' dir='ltr'><strong>coguntur</strong></span> <span class='ocrx_word' id='word_1_589' title='bbox 1501 1302 1615 1336; x_wconf 79' lang='lat' dir='ltr'><strong>amplius</strong></span> <span class='ocrx_word' id='word_1_590' title='bbox 1635 1304 1770 1338; x_wconf 83' lang='lat' dir='ltr'><strong>jejunare,</strong></span> 
     </span>
    </p>
   </div>
   <div class='ocr_carea' id='block_1_86' title="bbox 987 1338 1771 1380">
    <p class='ocr_par' dir='ltr' id='par_1_86' title="bbox 987 1338 1771 1380">
     <span class='ocr_line' id='line_1_86' title="bbox 987 1338 1771 1380; baseline 0.022 -17"><span class='ocrx_word' id='word_1_591' title='bbox 987 1338 1088 1365; x_wconf 82' lang='lat' dir='ltr'><strong>scilicet</strong></span> <span class='ocrx_word' id='word_1_592' title='bbox 1107 1348 1122 1366; x_wconf 84' lang='grc' dir='ltr'><em>α</em></span> <span class='ocrx_word' id='word_1_593' title='bbox 1134 1341 1201 1375; x_wconf 81' lang='lat' dir='ltr'><strong>festo</strong></span> <span class='ocrx_word' id='word_1_594' title='bbox 1216 1342 1340 1370; x_wconf 86' lang='lat' dir='ltr'><strong>Omnium</strong></span> <span class='ocrx_word' id='word_1_595' title='bbox 1370 1352 1521 1374; x_wconf 79' lang='lat' dir='ltr'><strong>sanctorum</strong></span> <span class='ocrx_word' id='word_1_596' title='bbox 1537 1353 1562 1376; x_wconf 89' lang='lat' dir='ltr'><strong>et</strong></span> <span class='ocrx_word' id='word_1_597' title='bbox 1574 1358 1590 1376; x_wconf 82' lang='grc' dir='ltr'><strong>(ι</strong></span> <span class='ocrx_word' id='word_1_598' title='bbox 1615 1351 1648 1377; x_wconf 78' lang='lat' dir='ltr'><strong>ll</strong></span> <span class='ocrx_word' id='word_1_599' title='bbox 1676 1355 1771 1380; x_wconf 76' lang='lat' dir='ltr'><strong>mensis</strong></span> 
     </span>
    </p>
   </div>
   <div class='ocr_carea' id='block_1_87' title="bbox 983 1385 1770 1429">
    <p class='ocr_par' dir='ltr' id='par_1_87' title="bbox 983 1385 1770 1429">
     <span class='ocr_line' id='line_1_87' title="bbox 983 1385 1770 1429; baseline 0.022 -20"><span class='ocrx_word' id='word_1_600' title='bbox 983 1385 1146 1418; x_wconf 79' lang='lat' dir='ltr'><strong>Novembris.</strong></span> <span class='ocrx_word' id='word_1_601' title='bbox 1163 1387 1203 1414; x_wconf 82' lang='lat' dir='ltr'><strong>vel</strong></span> <span class='ocrx_word' id='word_1_602' title='bbox 1220 1389 1297 1416; x_wconf 85' lang='lat' dir='ltr'><strong>inviti</strong></span> <span class='ocrx_word' id='word_1_603' title='bbox 1307 1397 1433 1426; x_wconf 76' lang='lat' dir='ltr'><strong>cogentur</strong></span> <span class='ocrx_word' id='word_1_604' title='bbox 1447 1395 1522 1429; x_wconf 72' lang='lat' dir='ltr'><strong><em>sequi</em></strong></span> <span class='ocrx_word' id='word_1_605' title='bbox 1540 1400 1642 1423; x_wconf 79' lang='lat' dir='ltr'><strong>statuta</strong></span> <span class='ocrx_word' id='word_1_606' title='bbox 1661 1406 1770 1425; x_wconf 83' lang='lat' dir='ltr'><strong>suarum</strong></span> 
     </span>
    </p>
   </div>
   <div class='ocr_carea' id='block_1_88' title="bbox 984 1429 1755 1472">
    <p class='ocr_par' dir='ltr' id='par_1_88' title="bbox 984 1429 1755 1472">
     <span class='ocr_line' id='line_1_88' title="bbox 984 1429 1755 1472; baseline 0.023 -18"><span class='ocrx_word' id='word_1_607' title='bbox 984 1429 1178 1465; x_wconf 80' lang='lat' dir='ltr'><strong>fundationum,</strong></span> <span class='ocrx_word' id='word_1_608' title='bbox 1191 1435 1315 1468; x_wconf 88' lang='lat' dir='ltr'><strong>quoniam</strong></span> <span class='ocrx_word' id='word_1_609' title='bbox 1343 1437 1391 1464; x_wconf 89' lang='lat' dir='ltr'><strong>hoc</strong></span> <span class='ocrx_word' id='word_1_610' title='bbox 1401 1443 1438 1465; x_wconf 78' lang='lat' dir='ltr'><strong>est</strong></span> <span class='ocrx_word' id='word_1_611' title='bbox 1465 1442 1620 1469; x_wconf 84' lang='lat' dir='ltr'><strong>canonicum</strong></span> <span class='ocrx_word' id='word_1_612' title='bbox 1646 1449 1670 1470; x_wconf 86' lang='lat' dir='ltr'><strong><em>et</em></strong></span> <span class='ocrx_word' id='word_1_613' title='bbox 1696 1447 1755 1472; x_wconf 78' lang='lat' dir='ltr'><strong>salu</strong></span> 
     </span>
    </p>
   </div>
   <div class='ocr_carea' id='block_1_89' title="bbox 983 1479 1770 1524">
    <p class='ocr_par' dir='ltr' id='par_1_89' title="bbox 983 1479 1770 1524">
     <span class='ocr_line' id='line_1_89' title="bbox 983 1479 1770 1524; baseline 0.02 -22"><span class='ocrx_word' id='word_1_614' title='bbox 983 1479 1060 1508; x_wconf 83' lang='lat' dir='ltr'><strong>tare;</strong></span> <span class='ocrx_word' id='word_1_615' title='bbox 1076 1479 1294 1509; x_wconf 79' lang='lat' dir='ltr'><strong>quemadmodum</strong></span> <span class='ocrx_word' id='word_1_616' title='bbox 1316 1487 1340 1509; x_wconf 89' lang='lat' dir='ltr'><strong><em>et</em></strong></span> <span class='ocrx_word' id='word_1_617' title='bbox 1366 1483 1437 1516; x_wconf 79' lang='lat' dir='ltr'><strong>laici.</strong></span> <span class='ocrx_word' id='word_1_618' title='bbox 1464 1487 1509 1519; x_wconf 87' lang='lat' dir='ltr'><strong>qui</strong></span> <span class='ocrx_word' id='word_1_619' title='bbox 1538 1496 1588 1514; x_wconf 74' lang='lat' dir='ltr'><strong>sua</strong></span> <span class='ocrx_word' id='word_1_620' title='bbox 1611 1495 1702 1524; x_wconf 78' lang='lat' dir='ltr'><strong>sponte</strong></span> <span class='ocrx_word' id='word_1_621' title='bbox 1733 1493 1770 1518; x_wconf 81' lang='lat' dir='ltr'><strong>ita</strong></span> 
     </span>
    </p>
   </div>
   <div class='ocr_carea' id='block_1_90' title="bbox 981 1518 1769 1566">
    <p class='ocr_par' dir='ltr' id='par_1_90' title="bbox 981 1518 1769 1566">
     <span class='ocr_line' id='line_1_90' title="bbox 981 1518 1769 1566; baseline 0.022 -21"><span class='ocrx_word' id='word_1_622' title='bbox 981 1518 1196 1554; x_wconf 81' lang='lat' dir='ltr'><strong>iejunant,laude</strong></span> <span class='ocrx_word' id='word_1_623' title='bbox 1203 1529 1227 1550; x_wconf 93' lang='lat' dir='ltr'><strong>et</strong></span> <span class='ocrx_word' id='word_1_624' title='bbox 1240 1518 1497 1560; x_wconf 81' lang='lat' dir='ltr'><strong>gratiarumactione</strong></span> <span class='ocrx_word' id='word_1_625' title='bbox 1508 1531 1580 1566; x_wconf 81' lang='lat' dir='ltr'><strong>digni</strong></span> <span class='ocrx_word' id='word_1_626' title='bbox 1594 1518 1769 1563; x_wconf 70' lang='lat' dir='ltr'><strong>habebuntur.</strong></span> 
     </span>
    </p>
   </div>
   <div class='ocr_carea' id='block_1_91' title="bbox 983 1565 1767 1610">
    <p class='ocr_par' dir='ltr' id='par_1_91' title="bbox 983 1565 1767 1610">
     <span class='ocr_line' id='line_1_91' title="bbox 983 1565 1767 1610; baseline 0.02 -18"><span class='ocrx_word' id='word_1_627' title='bbox 983 1565 1059 1598; x_wconf 87' lang='lat' dir='ltr'><strong>Quod</strong></span> <span class='ocrx_word' id='word_1_628' title='bbox 1075 1567 1183 1596; x_wconf 87' lang='lat' dir='ltr'><strong>dicitde</strong></span> <span class='ocrx_word' id='word_1_629' title='bbox 1194 1569 1264 1597; x_wconf 73' lang='lat' dir='ltr'><strong>festo</strong></span> <span class='ocrx_word' id='word_1_630' title='bbox 1281 1571 1404 1600; x_wconf 84' lang='lat' dir='ltr'><strong>Omnium</strong></span> <span class='ocrx_word' id='word_1_631' title='bbox 1419 1565 1581 1610; x_wconf 76' lang='lat' dir='ltr'><strong>sanctorum,</strong></span> <span class='ocrx_word' id='word_1_632' title='bbox 1600 1579 1627 1606; x_wconf 89' lang='lat' dir='ltr'><strong>id</strong></span> <span class='ocrx_word' id='word_1_633' title='bbox 1644 1581 1750 1608; x_wconf 76' lang='lat' dir='ltr'><strong>refercn</strong></span> <span class='ocrx_word' id='word_1_634' title='bbox 1761 1597 1767 1600; x_wconf 90' lang='lat'><strong><em>-</em></strong></span> 
     </span>
    </p>
   </div>
   <div class='ocr_carea' id='block_1_92' title="bbox 983 1612 1818 1663">
    <p class='ocr_par' dir='ltr' id='par_1_92' title="bbox 983 1612 1818 1663">
     <span class='ocr_line' id='line_1_92' title="bbox 983 1612 1818 1663; baseline 0.023 -26"><span class='ocrx_word' id='word_1_635' title='bbox 983 1612 1100 1641; x_wconf 88' lang='lat' dir='ltr'><strong>dnmest</strong></span> <span class='ocrx_word' id='word_1_636' title='bbox 1113 1615 1290 1650; x_wconf 85' lang='lat' dir='ltr'><strong>adjejuniutn</strong></span> <span class='ocrx_word' id='word_1_637' title='bbox 1304 1624 1367 1647; x_wconf 83' lang='lat' dir='ltr'><strong>ante</strong></span> <span class='ocrx_word' id='word_1_638' title='bbox 1384 1620 1484 1649; x_wconf 83' lang='lat' dir='ltr'><strong>festum</strong></span> <span class='ocrx_word' id='word_1_639' title='bbox 1507 1625 1631 1652; x_wconf 86' lang='lat' dir='ltr'><strong>omnium</strong></span> <span class='ocrx_word' id='word_1_640' title='bbox 1656 1633 1766 1661; x_wconf 86' lang='lat' dir='ltr'><strong>aposto-</strong></span> <span class='ocrx_word' id='word_1_641' title='bbox 1811 1660 1818 1663; x_wconf 31' lang='grc' dir='ltr'><em>ν</em></span> 
     </span>
    </p>
   </div>
   <div class='ocr_carea' id='block_1_93' title="bbox 982 1657 1767 1705">
    <p class='ocr_par' dir='ltr' id='par_1_93' title="bbox 982 1657 1767 1705">
     <span class='ocr_line' id='line_1_93' title="bbox 982 1657 1767 1705; baseline 0.022 -21"><span class='ocrx_word' id='word_1_642' title='bbox 982 1657 1082 1691; x_wconf 88' lang='lat' dir='ltr'><strong>lorum,</strong></span> <span class='ocrx_word' id='word_1_643' title='bbox 1097 1662 1169 1694; x_wconf 87' lang='lat' dir='ltr'><strong>quod</strong></span> <span class='ocrx_word' id='word_1_644' title='bbox 1185 1661 1272 1690; x_wconf 72' lang='grc' dir='ltr'><strong>ϐπ·ωοί</strong></span> <span class='ocrx_word' id='word_1_645' title='bbox 1302 1665 1442 1694; x_wconf 84' lang='lat' dir='ltr'><strong>celebrant</strong></span> <span class='ocrx_word' id='word_1_646' title='bbox 1474 1669 1570 1697; x_wconf 84' lang='lat' dir='ltr'><strong>ultimo</strong></span> <span class='ocrx_word' id='word_1_647' title='bbox 1609 1672 1653 1699; x_wconf 83' lang='lat' dir='ltr'><strong>(lie</strong></span> <span class='ocrx_word' id='word_1_648' title='bbox 1673 1657 1767 1705; x_wconf 48' lang='lat' dir='ltr'><strong>&#39;Junii.</strong></span> 
     </span>
    </p>
   </div>
   <div class='ocr_carea' id='block_1_94' title="bbox 981 1703 1766 1750">
    <p class='ocr_par' dir='ltr' id='par_1_94' title="bbox 981 1703 1766 1750">
     <span class='ocr_line' id='line_1_94' title="bbox 981 1703 1766 1750; baseline 0.023 -21"><span class='ocrx_word' id='word_1_649' title='bbox 981 1703 1060 1737; x_wconf 85' lang='lat' dir='ltr'><strong>cujus</strong></span> <span class='ocrx_word' id='word_1_650' title='bbox 1073 1706 1238 1742; x_wconf 86' lang='lat' dir='ltr'><strong>principium</strong></span> <span class='ocrx_word' id='word_1_651' title='bbox 1256 1715 1316 1737; x_wconf 88' lang='lat' dir='ltr'><strong>erat</strong></span> <span class='ocrx_word' id='word_1_652' title='bbox 1332 1710 1431 1740; x_wconf 79' lang='lat' dir='ltr'><strong>festum</strong></span> <span class='ocrx_word' id='word_1_653' title='bbox 1450 1712 1766 1750; x_wconf 63' lang='lat' dir='ltr'><strong>Otnniurn‘sanctorum.</strong></span> 
     </span>
    </p>
   </div>
   <div class='ocr_carea' id='block_1_95' title="bbox 980 1751 1767 1798">
    <p class='ocr_par' dir='ltr' id='par_1_95' title="bbox 980 1751 1767 1798">
     <span class='ocr_line' id='line_1_95' title="bbox 980 1751 1767 1798; baseline 0.024 -22"><span class='ocrx_word' id='word_1_654' title='bbox 980 1751 1052 1785; x_wconf 88' lang='lat' dir='ltr'><strong>quod</strong></span> <span class='ocrx_word' id='word_1_655' title='bbox 1067 1751 1150 1780; x_wconf 71' lang='lat' dir='ltr'><strong>Graeci</strong></span> <span class='ocrx_word' id='word_1_656' title='bbox 1168 1754 1306 1784; x_wconf 76' lang='lat' dir='ltr'><strong>celebrant</strong></span> <span class='ocrx_word' id='word_1_657' title='bbox 1333 1759 1419 1792; x_wconf 86' lang='lat' dir='ltr'><strong>prima</strong></span> <span class='ocrx_word' id='word_1_658' title='bbox 1447 1760 1587 1790; x_wconf 72' lang='lat' dir='ltr'><strong>Dominica</strong></span> <span class='ocrx_word' id='word_1_659' title='bbox 1618 1771 1677 1798; x_wconf 89' lang='lat' dir='ltr'><strong>post</strong></span> <span class='ocrx_word' id='word_1_660' title='bbox 1694 1766 1767 1794; x_wconf 85' lang='lat' dir='ltr'><strong>Pcu-</strong></span> 
     </span>
    </p>
   </div>
   <div class='ocr_carea' id='block_1_96' title="bbox 981 1801 1765 1848">
    <p class='ocr_par' dir='ltr' id='par_1_96' title="bbox 981 1801 1765 1848">
     <span class='ocr_line' id='line_1_96' title="bbox 981 1801 1765 1848; baseline 0.023 -25"><span class='ocrx_word' id='word_1_661' title='bbox 981 1801 1100 1825; x_wconf 86' lang='lat' dir='ltr'><strong>tecosten</strong></span> <span class='ocrx_word' id='word_1_662' title='bbox 1118 1807 1126 1825; x_wconf 83' lang='lat'><strong>:</strong></span> <span class='ocrx_word' id='word_1_663' title='bbox 1143 1807 1204 1827; x_wconf 87' lang='lat' dir='ltr'><strong>cum</strong></span> <span class='ocrx_word' id='word_1_664' title='bbox 1218 1807 1306 1829; x_wconf 85' lang='lat' dir='ltr'><strong>autem</strong></span> <span class='ocrx_word' id='word_1_665' title='bbox 1318 1803 1480 1834; x_wconf 75' lang='lat' dir='ltr'><strong>Pentecoste</strong></span> <span class='ocrx_word' id='word_1_666' title='bbox 1497 1808 1639 1837; x_wconf 74' lang='lat' dir='ltr'><strong>sitfestutn</strong></span> <span class='ocrx_word' id='word_1_667' title='bbox 1654 1813 1765 1848; x_wconf 74' lang='lat' dir='ltr'><strong>mobile,</strong></span> 
     </span>
    </p>
   </div>
   <div class='ocr_carea' id='block_1_97' title="bbox 979 1844 1766 1887">
    <p class='ocr_par' dir='ltr' id='par_1_97' title="bbox 979 1844 1766 1887">
     <span class='ocr_line' id='line_1_97' title="bbox 979 1844 1766 1887; baseline 0.024 -19"><span class='ocrx_word' id='word_1_668' title='bbox 979 1844 1135 1871; x_wconf 80' lang='lat' dir='ltr'><strong>necessario</strong></span> <span class='ocrx_word' id='word_1_669' title='bbox 1157 1847 1239 1873; x_wconf 86' lang='lat' dir='ltr'><strong>etiam</strong></span> <span class='ocrx_word' id='word_1_670' title='bbox 1271 1848 1369 1876; x_wconf 78' lang='lat' dir='ltr'><strong>festum</strong></span> <span class='ocrx_word' id='word_1_671' title='bbox 1395 1851 1516 1880; x_wconf 87' lang='lat' dir='ltr'><strong>Omnium</strong></span> <span class='ocrx_word' id='word_1_672' title='bbox 1548 1862 1698 1885; x_wconf 82' lang='lat' dir='ltr'><strong>sanctorum</strong></span> <span class='ocrx_word' id='word_1_673' title='bbox 1723 1866 1766 1887; x_wconf 86' lang='lat' dir='ltr'><strong>est</strong></span> 
     </span>
    </p>
   </div>
   <div class='ocr_carea' id='block_1_98' title="bbox 979 1889 1763 1938">
    <p class='ocr_par' dir='ltr' id='par_1_98' title="bbox 979 1889 1763 1938">
     <span class='ocr_line' id='line_1_98' title="bbox 979 1889 1763 1938; baseline 0.023 -22"><span class='ocrx_word' id='word_1_674' title='bbox 979 1889 1076 1918; x_wconf 79' lang='lat' dir='ltr'><strong>festum</strong></span> <span class='ocrx_word' id='word_1_675' title='bbox 1098 1893 1197 1921; x_wconf 85' lang='lat' dir='ltr'><strong>mobile</strong></span> <span class='ocrx_word' id='word_1_676' title='bbox 1209 1897 1279 1928; x_wconf 84' lang='lat' dir='ltr'><strong>apud</strong></span> <span class='ocrx_word' id='word_1_677' title='bbox 1294 1896 1417 1931; x_wconf 73' lang='lat' dir='ltr'><strong>Cnet-os,</strong></span> <span class='ocrx_word' id='word_1_678' title='bbox 1432 1908 1504 1929; x_wconf 88' lang='lat' dir='ltr'><strong>nunc</strong></span> <span class='ocrx_word' id='word_1_679' title='bbox 1519 1902 1546 1928; x_wconf 90' lang='lat' dir='ltr'><strong>in</strong></span> <span class='ocrx_word' id='word_1_680' title='bbox 1557 1903 1636 1938; x_wconf 82' lang='lat' dir='ltr'><strong>Maio,</strong></span> <span class='ocrx_word' id='word_1_681' title='bbox 1654 1908 1763 1934; x_wconf 83' lang='lat' dir='ltr'><strong>nuncin</strong></span> 
     </span>
    </p>
   </div>
   <div class='ocr_carea' id='block_1_99' title="bbox 976 1935 1764 1981">
    <p class='ocr_par' dir='ltr' id='par_1_99' title="bbox 976 1935 1764 1981">
     <span class='ocr_line' id='line_1_99' title="bbox 976 1935 1764 1981; baseline 0.022 -19"><span class='ocrx_word' id='word_1_682' title='bbox 976 1935 1058 1964; x_wconf 82' lang='lat' dir='ltr'><strong>Junio</strong></span> <span class='ocrx_word' id='word_1_683' title='bbox 1085 1945 1241 1968; x_wconf 83' lang='lat' dir='ltr'><strong>occurrens.</strong></span> <span class='ocrx_word' id='word_1_684' title='bbox 1272 1941 1331 1974; x_wconf 89' lang='lat' dir='ltr'><strong>Quo</strong></span> <span class='ocrx_word' id='word_1_685' title='bbox 1360 1944 1426 1972; x_wconf 87' lang='lat' dir='ltr'><strong>litnt</strong></span> <span class='ocrx_word' id='word_1_686' title='bbox 1448 1946 1581 1981; x_wconf 87' lang='lat' dir='ltr'><strong>jejunium</strong></span> <span class='ocrx_word' id='word_1_687' title='bbox 1611 1950 1676 1977; x_wconf 93' lang='lat' dir='ltr'><strong>illud</strong></span> <span class='ocrx_word' id='word_1_688' title='bbox 1701 1959 1764 1980; x_wconf 78' lang='lat' dir='ltr'><strong>ante</strong></span> 
     </span>
    </p>
   </div>
   <div class='ocr_carea' id='block_1_100' title="bbox 975 1982 1763 2030">
    <p class='ocr_par' dir='ltr' id='par_1_100' title="bbox 975 1982 1763 2030">
     <span class='ocr_line' id='line_1_100' title="bbox 975 1982 1763 2030; baseline 0.022 -23"><span class='ocrx_word' id='word_1_689' title='bbox 975 1982 1161 2016; x_wconf 82' lang='lat' dir='ltr'><strong>apostolorum</strong></span> <span class='ocrx_word' id='word_1_690' title='bbox 1172 1985 1269 2013; x_wconf 80' lang='lat' dir='ltr'><strong>festum</strong></span> <span class='ocrx_word' id='word_1_691' title='bbox 1280 1987 1361 2015; x_wconf 88' lang='lat' dir='ltr'><strong>etiam</strong></span> <span class='ocrx_word' id='word_1_692' title='bbox 1376 1992 1445 2023; x_wconf 82' lang='lat' dir='ltr'><strong>apud</strong></span> <span class='ocrx_word' id='word_1_693' title='bbox 1457 1994 1607 2021; x_wconf 80' lang='lat' dir='ltr'><strong>monachos</strong></span> <span class='ocrx_word' id='word_1_694' title='bbox 1617 1996 1763 2030; x_wconf 70' lang='lat' dir='ltr'><strong>aliquando</strong></span> 
     </span>
    </p>
   </div>
   <div class='ocr_carea' id='block_1_101' title="bbox 977 2026 1761 2070">
    <p class='ocr_par' dir='ltr' id='par_1_101' title="bbox 977 2026 1761 2070">
     <span class='ocr_line' id='line_1_101' title="bbox 977 2026 1761 2070; baseline 0.024 -19"><span class='ocrx_word' id='word_1_695' title='bbox 977 2026 1096 2060; x_wconf 82' lang='lat' dir='ltr'><strong>brevius,</strong></span> <span class='ocrx_word' id='word_1_696' title='bbox 1116 2028 1261 2063; x_wconf 78' lang='lat' dir='ltr'><strong>aliquando</strong></span> <span class='ocrx_word' id='word_1_697' title='bbox 1273 2031 1380 2067; x_wconf 77' lang='lat' dir='ltr'><strong>longius</strong></span> <span class='ocrx_word' id='word_1_698' title='bbox 1396 2033 1475 2062; x_wconf 78' lang='lat' dir='ltr'><strong>fuerit</strong></span> <span class='ocrx_word' id='word_1_699' title='bbox 1491 2045 1498 2063; x_wconf 91' lang='lat'>:</span> <span class='ocrx_word' id='word_1_700' title='bbox 1514 2037 1634 2070; x_wconf 86' lang='lat' dir='ltr'><strong>brevius.</strong></span> <span class='ocrx_word' id='word_1_701' title='bbox 1653 2041 1674 2068; x_wconf 87' lang='lat' dir='ltr'><strong>si</strong></span> <span class='ocrx_word' id='word_1_702' title='bbox 1691 2041 1761 2069; x_wconf 81' lang='lat' dir='ltr'><strong>Pen-</strong></span> 
     </span>
    </p>
   </div>
   <div class='ocr_carea' id='block_1_102' title="bbox 976 2073 1760 2117">
    <p class='ocr_par' dir='ltr' id='par_1_102' title="bbox 976 2073 1760 2117">
     <span class='ocr_line' id='line_1_102' title="bbox 976 2073 1760 2117; baseline 0.023 -20"><span class='ocrx_word' id='word_1_703' title='bbox 976 2076 1078 2099; x_wconf 78' lang='lat' dir='ltr'><strong>tec0ste</strong></span> <span class='ocrx_word' id='word_1_704' title='bbox 1095 2073 1121 2100; x_wconf 88' lang='lat' dir='ltr'><strong>in</strong></span> <span class='ocrx_word' id='word_1_705' title='bbox 1138 2073 1248 2103; x_wconf 71' lang='lat' dir='ltr'><strong>Iunium</strong></span> <span class='ocrx_word' id='word_1_706' title='bbox 1269 2077 1422 2114; x_wconf 66' lang='lat' dir='ltr'><strong>incidisset,</strong></span> <span class='ocrx_word' id='word_1_707' title='bbox 1440 2081 1557 2117; x_wconf 77' lang='lat' dir='ltr'><strong>longius,</strong></span> <span class='ocrx_word' id='word_1_708' title='bbox 1572 2085 1594 2111; x_wconf 77' lang='lat' dir='ltr'><strong>si</strong></span> <span class='ocrx_word' id='word_1_709' title='bbox 1608 2086 1632 2112; x_wconf 89' lang='lat' dir='ltr'><strong>in</strong></span> <span class='ocrx_word' id='word_1_710' title='bbox 1648 2085 1760 2116; x_wconf 81' lang='lat' dir='ltr'><strong>Maium.</strong></span> 
     </span>
    </p>
   </div>
   <div class='ocr_carea' id='block_1_103' title="bbox 974 2115 1298 2154">
    <p class='ocr_par' dir='ltr' id='par_1_103' title="bbox 974 2115 1298 2154">
     <span class='ocr_line' id='line_1_103' title="bbox 974 2115 1298 2154; baseline 0.025 -11"><span class='ocrx_word' id='word_1_711' title='bbox 974 2115 1041 2144; x_wconf 86' lang='lat' dir='ltr'><strong>Vide</strong></span> <span class='ocrx_word' id='word_1_712' title='bbox 1057 2118 1187 2154; x_wconf 86' lang='lat' dir='ltr'><strong>Typicum</strong></span> <span class='ocrx_word' id='word_1_713' title='bbox 1213 2122 1298 2151; x_wconf 65' lang='lat' dir='ltr'><strong>Sabat.</strong></span> 
     </span>
    </p>
   </div>
   <div class='ocr_carea' id='block_1_104' title="bbox 1008 2164 1758 2207">
    <p class='ocr_par' dir='ltr' id='par_1_104' title="bbox 1008 2164 1758 2207">
     <span class='ocr_line' id='line_1_104' title="bbox 1008 2164 1758 2207; baseline 0.023 -16"><span class='ocrx_word' id='word_1_714' title='bbox 1008 2164 1214 2195; x_wconf 85' lang='lat' dir='ltr'><strong>Observandum</strong></span> <span class='ocrx_word' id='word_1_715' title='bbox 1229 2175 1254 2197; x_wconf 91' lang='lat' dir='ltr'><strong>et</strong></span> <span class='ocrx_word' id='word_1_716' title='bbox 1270 2171 1331 2202; x_wconf 85' lang='lat' dir='ltr'><strong>hoc,</strong></span> <span class='ocrx_word' id='word_1_717' title='bbox 1346 2172 1456 2202; x_wconf 63' lang='grc' dir='ltr'><strong>(Ἐπεί-οε</strong></span> <span class='ocrx_word' id='word_1_718' title='bbox 1470 2180 1758 2207; x_wconf 76' lang='lat' dir='ltr'><strong>commemomtionem</strong></span> 
     </span>
    </p>
   </div>
   <div class='ocr_carea' id='block_1_105' title="bbox 973 2211 1760 2260">
    <p class='ocr_par' dir='ltr' id='par_1_105' title="bbox 973 2211 1760 2260">
     <span class='ocr_line' id='line_1_105' title="bbox 973 2211 1760 2260; baseline 0.023 -24"><span class='ocrx_word' id='word_1_719' title='bbox 973 2211 1094 2238; x_wconf 89' lang='lat' dir='ltr'><strong>omnium</strong></span> <span class='ocrx_word' id='word_1_720' title='bbox 1121 2212 1242 2242; x_wconf 80' lang='lat' dir='ltr'><strong>ﬁdelium</strong></span> <span class='ocrx_word' id='word_1_721' title='bbox 1258 2216 1448 2247; x_wconf 80' lang='lat' dir='ltr'><strong>defunctorum</strong></span> <span class='ocrx_word' id='word_1_722' title='bbox 1478 2229 1558 2256; x_wconf 71' lang='lat' dir='ltr'><strong>agerc</strong></span> <span class='ocrx_word' id='word_1_723' title='bbox 1572 2223 1638 2252; x_wconf 78' lang='lat' dir='ltr'><strong>feria</strong></span> <span class='ocrx_word' id='word_1_724' title='bbox 1665 2226 1760 2260; x_wconf 82' lang='lat' dir='ltr'><strong>quinta</strong></span> 
     </span>
    </p>
   </div>
   <div class='ocr_carea' id='block_1_106' title="bbox 973 2257 1760 2301">
    <p class='ocr_par' dir='ltr' id='par_1_106' title="bbox 973 2257 1760 2301">
     <span class='ocr_line' id='line_1_106' title="bbox 973 2257 1760 2301; baseline 0.024 -19"><span class='ocrx_word' id='word_1_725' title='bbox 973 2262 1036 2284; x_wconf 89' lang='lat' dir='ltr'><strong>ante</strong></span> <span class='ocrx_word' id='word_1_726' title='bbox 1047 2257 1236 2294; x_wconf 65' lang='lat' dir='ltr'><strong>Penteeomen,</strong></span> <span class='ocrx_word' id='word_1_727' title='bbox 1254 2267 1282 2290; x_wconf 83' lang='lat' dir='ltr'><strong>ut</strong></span> <span class='ocrx_word' id='word_1_728' title='bbox 1294 2269 1401 2292; x_wconf 83' lang='lat' dir='ltr'><strong>constat</strong></span> <span class='ocrx_word' id='word_1_729' title='bbox 1427 2273 1460 2293; x_wconf 82' lang='lat' dir='ltr'><strong>ex</strong></span> <span class='ocrx_word' id='word_1_730' title='bbox 1476 2267 1545 2296; x_wconf 87' lang='lat' dir='ltr'><strong>libro</strong></span> <span class='ocrx_word' id='word_1_731' title='bbox 1564 2269 1655 2298; x_wconf 85' lang='lat' dir='ltr'><strong>rituali</strong></span> <span class='ocrx_word' id='word_1_732' title='bbox 1673 2257 1760 2301; x_wconf 35' lang='lat' dir='ltr'><strong>INiec-</strong></span> 
     </span>
    </p>
   </div>
   <div class='ocr_carea' id='block_1_107' title="bbox 973 2302 1673 2345">
    <p class='ocr_par' dir='ltr' id='par_1_107' title="bbox 973 2302 1673 2345">
     <span class='ocr_line' id='line_1_107' title="bbox 973 2302 1673 2345; baseline 0.024 -18"><span class='ocrx_word' id='word_1_733' title='bbox 973 2302 1062 2336; x_wconf 85' lang='lat' dir='ltr'><strong>phnri,</strong></span> <span class='ocrx_word' id='word_1_734' title='bbox 1076 2303 1122 2337; x_wconf 88' lang='lat' dir='ltr'><strong>qui</strong></span> <span class='ocrx_word' id='word_1_735' title='bbox 1138 2304 1371 2336; x_wconf 88' lang='lat' dir='ltr'><strong>Pentecostarium</strong></span> <span class='ocrx_word' id='word_1_736' title='bbox 1388 2310 1556 2341; x_wconf 83' lang='lat' dir='ltr'><strong>inscribitur.</strong></span> <span class='ocrx_word' id='word_1_737' title='bbox 1570 2315 1673 2345; x_wconf 81' lang='lat' dir='ltr'><strong>CttETS.</strong></span> 
     </span>
    </p>
   </div>
   <div class='ocr_carea' id='block_1_108' title="bbox 1009 2348 1758 2392">
    <p class='ocr_par' dir='ltr' id='par_1_108' title="bbox 1009 2348 1758 2392">
     <span class='ocr_line' id='line_1_108' title="bbox 1009 2348 1758 2392; baseline 0.025 -18"><span class='ocrx_word' id='word_1_738' title='bbox 1009 2348 1080 2376; x_wconf 88' lang='lat' dir='ltr'><strong>Ibid.</strong></span> <span class='ocrx_word' id='word_1_739' title='bbox 1099 2349 1285 2387; x_wconf 80' lang='grc' dir='ltr'><strong>[Ἀπόκρεων,</strong></span> <span class='ocrx_word' id='word_1_740' title='bbox 1298 2357 1512 2390; x_wconf 81' lang='lat' dir='ltr'><strong>carnispririutn.</strong></span> <span class='ocrx_word' id='word_1_741' title='bbox 1523 2361 1657 2390; x_wconf 79' lang='lat' dir='ltr'><strong>eclcbrius</strong></span> <span class='ocrx_word' id='word_1_742' title='bbox 1675 2364 1758 2392; x_wconf 84' lang='lat' dir='ltr'><strong>tinum</strong></span> 
     </span>
    </p>
   </div>
   <div class='ocr_carea' id='block_1_109' title="bbox 972 2394 1756 2446">
    <p class='ocr_par' dir='ltr' id='par_1_109' title="bbox 972 2394 1756 2446">
     <span class='ocr_line' id='line_1_109' title="bbox 972 2394 1756 2446; baseline 0.023 -26"><span class='ocrx_word' id='word_1_743' title='bbox 972 2394 1074 2422; x_wconf 87' lang='lat' dir='ltr'><strong>habent</strong></span> <span class='ocrx_word' id='word_1_744' title='bbox 1088 2396 1185 2431; x_wconf 54' lang='lat' dir='ltr'><strong>Cruci,</strong></span> <span class='ocrx_word' id='word_1_745' title='bbox 1208 2399 1349 2429; x_wconf 86' lang='lat' dir='ltr'><strong>Dominica</strong></span> <span class='ocrx_word' id='word_1_746' title='bbox 1375 2406 1563 2439; x_wconf 75' lang='lat' dir='ltr'><strong>scxagositme,</strong></span> <span class='ocrx_word' id='word_1_747' title='bbox 1578 2413 1604 2436; x_wconf 76' lang='lat' dir='ltr'><strong>et</strong></span> <span class='ocrx_word' id='word_1_748' title='bbox 1631 2412 1756 2446; x_wconf 78' lang='grc' dir='ltr'><strong>κρεωφά-</strong></span> 
     </span>
    </p>
   </div>
   <div class='ocr_carea' id='block_1_110' title="bbox 970 2444 1756 2486">
    <p class='ocr_par' dir='ltr' id='par_1_110' title="bbox 970 2444 1756 2486">
     <span class='ocr_line' id='line_1_110' title="bbox 970 2444 1756 2486; baseline 0.024 -20"><span class='ocrx_word' id='word_1_749' title='bbox 970 2449 1017 2474; x_wconf 91' lang='grc' dir='ltr'><strong>γον</strong></span> <span class='ocrx_word' id='word_1_750' title='bbox 1028 2444 1206 2478; x_wconf 79' lang='lat' dir='ltr'><strong>caruit-orum,</strong></span> <span class='ocrx_word' id='word_1_751' title='bbox 1224 2447 1246 2473; x_wconf 87' lang='lat' dir='ltr'><strong>si</strong></span> <span class='ocrx_word' id='word_1_752' title='bbox 1262 2447 1298 2474; x_wconf 88' lang='lat' dir='ltr'><strong>ita</strong></span> <span class='ocrx_word' id='word_1_753' title='bbox 1315 2450 1436 2482; x_wconf 80' lang='lat' dir='ltr'><strong>proferre</strong></span> <span class='ocrx_word' id='word_1_754' title='bbox 1452 2452 1542 2486; x_wconf 82' lang='lat' dir='ltr'><strong>liceat,</strong></span> <span class='ocrx_word' id='word_1_755' title='bbox 1555 2456 1626 2482; x_wconf 83' lang='lat' dir='ltr'><strong>diem</strong></span> <span class='ocrx_word' id='word_1_756' title='bbox 1643 2457 1756 2485; x_wconf 83' lang='lat' dir='ltr'><strong>solemni</strong></span> 
     </span>
    </p>
   </div>
   <div class='ocr_carea' id='block_1_111' title="bbox 970 2485 1756 2537">
    <p class='ocr_par' dir='ltr' id='par_1_111' title="bbox 970 2485 1756 2537">
     <span class='ocr_line' id='line_1_111' title="bbox 970 2485 1756 2537; baseline 0.022 -25"><span class='ocrx_word' id='word_1_757' title='bbox 970 2485 1110 2515; x_wconf 77' lang='lat' dir='ltr'><strong>Paschalis</strong></span> <span class='ocrx_word' id='word_1_758' title='bbox 1122 2489 1202 2518; x_wconf 80' lang='lat' dir='ltr'><strong>festo.</strong></span> <span class='ocrx_word' id='word_1_759' title='bbox 1228 2491 1263 2519; x_wconf 90' lang='lat' dir='ltr'><strong>Ut</strong></span> <span class='ocrx_word' id='word_1_760' title='bbox 1277 2501 1339 2520; x_wconf 83' lang='lat' dir='ltr'><strong>vero</strong></span> <span class='ocrx_word' id='word_1_761' title='bbox 1353 2496 1439 2523; x_wconf 85' lang='lat' dir='ltr'><strong>saetis</strong></span> <span class='ocrx_word' id='word_1_762' title='bbox 1469 2502 1605 2534; x_wconf 77' lang='lat' dir='ltr'><strong>mysteriis</strong></span> <span class='ocrx_word' id='word_1_763' title='bbox 1630 2504 1756 2537; x_wconf 82' lang='lat' dir='ltr'><strong>corporis</strong></span> 
     </span>
    </p>
   </div>
   <div class='ocr_carea' id='block_1_112' title="bbox 968 2533 1753 2582">
    <p class='ocr_par' dir='ltr' id='par_1_112' title="bbox 968 2533 1753 2582">
     <span class='ocr_line' id='line_1_112' title="bbox 968 2533 1753 2582; baseline 0.022 -24"><span class='ocrx_word' id='word_1_764' title='bbox 968 2536 994 2558; x_wconf 89' lang='lat' dir='ltr'><strong>ct</strong></span> <span class='ocrx_word' id='word_1_765' title='bbox 1008 2533 1151 2567; x_wconf 76' lang='lat' dir='ltr'><strong>sanguinis</strong></span> <span class='ocrx_word' id='word_1_766' title='bbox 1169 2535 1272 2564; x_wconf 88' lang='lat' dir='ltr'><strong>Christi</strong></span> <span class='ocrx_word' id='word_1_767' title='bbox 1289 2540 1476 2575; x_wconf 82' lang='lat' dir='ltr'><strong>participaluri</strong></span> <span class='ocrx_word' id='word_1_768' title='bbox 1490 2533 1624 2579; x_wconf 61' lang='lat' dir='ltr'><strong>jejunium</strong></span> <span class='ocrx_word' id='word_1_769' title='bbox 1650 2533 1753 2582; x_wconf 77' lang='lat' dir='ltr'><strong>septem</strong></span> 
     </span>
    </p>
   </div>
   <div class='ocr_carea' id='block_1_113' title="bbox 967 2578 1752 2627">
    <p class='ocr_par' dir='ltr' id='par_1_113' title="bbox 967 2578 1752 2627">
     <span class='ocr_line' id='line_1_113' title="bbox 967 2578 1752 2627; baseline 0.023 -24"><span class='ocrx_word' id='word_1_770' title='bbox 967 2578 1008 2604; x_wconf 86' lang='lat' dir='ltr'><strong>vel</strong></span> <span class='ocrx_word' id='word_1_771' title='bbox 1024 2580 1144 2615; x_wconf 87' lang='lat' dir='ltr'><strong>quinque</strong></span> <span class='ocrx_word' id='word_1_772' title='bbox 1169 2583 1264 2610; x_wconf 84' lang='lat' dir='ltr'><strong>saltctn</strong></span> <span class='ocrx_word' id='word_1_773' title='bbox 1293 2586 1399 2614; x_wconf 83' lang='lat' dir='ltr'><strong>dierum</strong></span> <span class='ocrx_word' id='word_1_774' title='bbox 1430 2591 1595 2623; x_wconf 67' lang='lat' dir='ltr'><strong>praemittere</strong></span> <span class='ocrx_word' id='word_1_775' title='bbox 1618 2593 1676 2627; x_wconf 65' lang='lat' dir='ltr'><strong>lege</strong></span> <span class='ocrx_word' id='word_1_776' title='bbox 1697 2594 1752 2626; x_wconf 86' lang='lat' dir='ltr'><strong>jam</strong></span> 
     </span>
    </p>
   </div>
   <div class='ocr_carea' id='block_1_114' title="bbox 966 2623 1753 2669">
    <p class='ocr_par' dir='ltr' id='par_1_114' title="bbox 966 2623 1753 2669">
     <span class='ocr_line' id='line_1_114' title="bbox 966 2623 1753 2669; baseline 0.019 -20"><span class='ocrx_word' id='word_1_777' title='bbox 966 2623 1030 2650; x_wconf 90' lang='lat' dir='ltr'><strong>olim</strong></span> <span class='ocrx_word' id='word_1_778' title='bbox 1046 2627 1132 2659; x_wconf 85' lang='lat' dir='ltr'><strong>posita</strong></span> <span class='ocrx_word' id='word_1_779' title='bbox 1147 2635 1250 2662; x_wconf 86' lang='lat' dir='ltr'><strong>usuque</strong></span> <span class='ocrx_word' id='word_1_780' title='bbox 1270 2632 1429 2659; x_wconf 83' lang='lat' dir='ltr'><strong>memoriam</strong></span> <span class='ocrx_word' id='word_1_781' title='bbox 1451 2641 1558 2661; x_wconf 89' lang='lat' dir='ltr'><strong>omnem</strong></span> <span class='ocrx_word' id='word_1_782' title='bbox 1576 2641 1753 2669; x_wconf 64' lang='lat' dir='ltr'><strong>prasverteutc</strong></span> 
     </span>
    </p>
   </div>
   <div class='ocr_carea' id='block_1_115' title="bbox 965 2675 1752 2715">
    <p class='ocr_par' dir='ltr' id='par_1_115' title="bbox 965 2675 1752 2715">
     <span class='ocr_line' id='line_1_115' title="bbox 965 2675 1752 2715; baseline 0.018 -20"><span class='ocrx_word' id='word_1_783' title='bbox 965 2675 1076 2704; x_wconf 85' lang='lat' dir='ltr'><strong>recepto</strong></span> <span class='ocrx_word' id='word_1_784' title='bbox 1092 2676 1228 2707; x_wconf 80' lang='lat' dir='ltr'><strong>tenentur,</strong></span> <span class='ocrx_word' id='word_1_785' title='bbox 1245 2675 1281 2702; x_wconf 89' lang='lat' dir='ltr'><strong>ita</strong></span> <span class='ocrx_word' id='word_1_786' title='bbox 1291 2684 1344 2704; x_wconf 92' lang='lat' dir='ltr'><strong>non</strong></span> <span class='ocrx_word' id='word_1_787' title='bbox 1356 2686 1439 2705; x_wconf 91' lang='lat' dir='ltr'><strong>unum</strong></span> <span class='ocrx_word' id='word_1_788' title='bbox 1449 2680 1592 2714; x_wconf 79' lang='grc' dir='ltr'><strong>ἀπόκρεων</strong></span> <span class='ocrx_word' id='word_1_789' title='bbox 1605 2681 1646 2708; x_wconf 86' lang='lat' dir='ltr'><strong>vel</strong></span> <span class='ocrx_word' id='word_1_790' title='bbox 1664 2690 1752 2715; x_wconf 72' lang='grc' dir='ltr'><strong>κρεω-</strong></span> 
     </span>
    </p>
   </div>
   <div class='ocr_carea' id='block_1_116' title="bbox 964 2716 1752 2761">
    <p class='ocr_par' dir='ltr' id='par_1_116' title="bbox 964 2716 1752 2761">
     <span class='ocr_line' id='line_1_116' title="bbox 964 2716 1752 2761; baseline 0.016 -20"><span class='ocrx_word' id='word_1_791' title='bbox 964 2716 1052 2750; x_wconf 73' lang='grc' dir='ltr'><strong>φάγον</strong></span> <span class='ocrx_word' id='word_1_792' title='bbox 1064 2717 1135 2745; x_wconf 89' lang='lat' dir='ltr'><strong>diem</strong></span> <span class='ocrx_word' id='word_1_793' title='bbox 1158 2727 1205 2754; x_wconf 84' lang='lat' dir='ltr'><strong>per</strong></span> <span class='ocrx_word' id='word_1_794' title='bbox 1229 2729 1344 2756; x_wconf 87' lang='lat' dir='ltr'><strong>annum,</strong></span> <span class='ocrx_word' id='word_1_795' title='bbox 1361 2725 1407 2751; x_wconf 86' lang='lat' dir='ltr'><strong>sed</strong></span> <span class='ocrx_word' id='word_1_796' title='bbox 1424 2731 1558 2758; x_wconf 82' lang='lat' dir='ltr'><strong>quatuor,</strong></span> <span class='ocrx_word' id='word_1_797' title='bbox 1578 2734 1652 2753; x_wconf 83' lang='lat' dir='ltr'><strong>more</strong></span> <span class='ocrx_word' id='word_1_798' title='bbox 1666 2729 1752 2761; x_wconf 72' lang='lat' dir='ltr'><strong>magis</strong></span> 
     </span>
    </p>
   </div>
   <div class='ocr_carea' id='block_1_117' title="bbox 963 2762 1751 2800">
    <p class='ocr_par' dir='ltr' id='par_1_117' title="bbox 963 2762 1751 2800">
     <span class='ocr_line' id='line_1_117' title="bbox 963 2762 1751 2800; baseline 0.015 -12"><span class='ocrx_word' id='word_1_799' title='bbox 963 2762 1065 2790; x_wconf 87' lang='lat' dir='ltr'><strong>usitato</strong></span> <span class='ocrx_word' id='word_1_800' title='bbox 1079 2771 1234 2794; x_wconf 78' lang='lat' dir='ltr'><strong>numerant.</strong></span> <span class='ocrx_word' id='word_1_801' title='bbox 1257 2768 1420 2797; x_wconf 84' lang='lat' dir='ltr'><strong>Celebratur</strong></span> <span class='ocrx_word' id='word_1_802' title='bbox 1436 2771 1480 2798; x_wconf 92' lang='lat' dir='ltr'><strong>hic</strong></span> <span class='ocrx_word' id='word_1_803' title='bbox 1504 2772 1636 2798; x_wconf 86' lang='lat' dir='ltr'><strong>natalium</strong></span> <span class='ocrx_word' id='word_1_804' title='bbox 1653 2777 1680 2800; x_wconf 83' lang='lat' dir='ltr'><strong>et</strong></span> <span class='ocrx_word' id='word_1_805' title='bbox 1706 2781 1751 2800; x_wconf 88' lang='lat' dir='ltr'><strong>rc-</strong></span> 
     </span>
    </p>
   </div>
   <div class='ocr_carea' id='block_1_118' title="bbox 962 2811 1750 2854">
    <p class='ocr_par' dir='ltr' id='par_1_118' title="bbox 962 2811 1750 2854">
     <span class='ocr_line' id='line_1_118' title="bbox 962 2811 1750 2854; baseline 0.014 -19"><span class='ocrx_word' id='word_1_806' title='bbox 962 2811 1141 2839; x_wconf 85' lang='lat' dir='ltr'><strong>surrectiouis</strong></span> <span class='ocrx_word' id='word_1_807' title='bbox 1150 2811 1263 2846; x_wconf 89' lang='lat' dir='ltr'><strong>Christi,</strong></span> <span class='ocrx_word' id='word_1_808' title='bbox 1282 2819 1338 2842; x_wconf 87' lang='lat' dir='ltr'><strong>tum</strong></span> <span class='ocrx_word' id='word_1_809' title='bbox 1349 2816 1523 2844; x_wconf 90' lang='lat' dir='ltr'><strong>dormitionis</strong></span> <span class='ocrx_word' id='word_1_810' title='bbox 1539 2818 1657 2853; x_wconf 59' lang='lat' dir='ltr'><strong>Deiparzn</strong></span> <span class='ocrx_word' id='word_1_811' title='bbox 1669 2819 1750 2854; x_wconf 75' lang='lat' dir='ltr'><strong>festo,</strong></span> 
     </span>
    </p>
   </div>
   <div class='ocr_carea' id='block_1_119' title="bbox 961 2856 1753 2897">
    <p class='ocr_par' dir='ltr' id='par_1_119' title="bbox 961 2856 1753 2897">
     <span class='ocr_line' id='line_1_119' title="bbox 961 2856 1753 2897; baseline 0.014 -15"><span class='ocrx_word' id='word_1_812' title='bbox 961 2856 1005 2882; x_wconf 87' lang='lat' dir='ltr'><strong>ille</strong></span> <span class='ocrx_word' id='word_1_813' title='bbox 1020 2858 1126 2891; x_wconf 87' lang='lat' dir='ltr'><strong>quoties</strong></span> <span class='ocrx_word' id='word_1_814' title='bbox 1135 2858 1270 2894; x_wconf 84' lang='lat' dir='ltr'><strong>jejunium</strong></span> <span class='ocrx_word' id='word_1_815' title='bbox 1286 2866 1351 2889; x_wconf 83' lang='lat' dir='ltr'><strong>ante</strong></span> <span class='ocrx_word' id='word_1_816' title='bbox 1376 2868 1525 2890; x_wconf 82' lang='lat' dir='ltr'><strong>memorata</strong></span> <span class='ocrx_word' id='word_1_817' title='bbox 1556 2866 1701 2897; x_wconf 63' lang='lat' dir='ltr'><strong>solemnia,</strong></span> <span class='ocrx_word' id='word_1_818' title='bbox 1717 2868 1753 2894; x_wconf 87' lang='lat' dir='ltr'><strong>oh</strong></span> 
     </span>
    </p>
   </div>
   <div class='ocr_carea' id='block_1_120' title="bbox 960 2907 1752 2945">
    <p class='ocr_par' dir='ltr' id='par_1_120' title="bbox 960 2907 1752 2945">
     <span class='ocr_line' id='line_1_120' title="bbox 960 2907 1752 2945; baseline 0.014 -16"><span class='ocrx_word' id='word_1_819' title='bbox 960 2907 1116 2931; x_wconf 80' lang='lat' dir='ltr'><strong>secuturum</strong></span> <span class='ocrx_word' id='word_1_820' title='bbox 1147 2907 1378 2941; x_wconf 57' lang='lat' dir='ltr'><strong>communionem,</strong></span> <span class='ocrx_word' id='word_1_821' title='bbox 1420 2910 1606 2945; x_wconf 81' lang='lat' dir='ltr'><strong>auspicantur.</strong></span> <span class='ocrx_word' id='word_1_822' title='bbox 1652 2911 1752 2941; x_wconf 78' lang='lat' dir='ltr'><strong>Temus</strong></span> 
     </span>
    </p>
   </div>
   <div class='ocr_carea' id='block_1_121' title="bbox 1557 2958 1590 2987">
    <p class='ocr_par' dir='ltr' id='par_1_121' title="bbox 1557 2958 1590 2987">
     <span class='ocr_line' id='line_1_121' title="bbox 1557 2958 1590 2987; baseline 0.03 -1"><span class='ocrx_word' id='word_1_823' title='bbox 1557 2958 1590 2987; x_wconf 86' lang='lat' dir='ltr'><strong>ll</strong></span> 
     </span>
    </p>
   </div>
  </div>
