2041 3144
217 189 270 221 343

787 185 828 218 ἸΝ
853 184 1070 218 ΠΒΒΗΜὯΕ
1082 187 1247 218 OFFICIIS
1267 188 1323 218 ΕΡ.

1793 183 1851 217 διε

217 250 283 282 tum,
301 254 327 276 et
339 250 464 283 plielonen
493 251 628 283 penulam,
650 250 677 274 et
704 245 906 280 epitrucheh’um
922 245 1004 273 colla-
1019 250 1041 278 Α
1057 251 1124 280 tem,
1139 246 1225 279 dices,
1242 245 1334 274 clerici
1358 245 1436 281 juxta
1453 244 1610 275 Cedrcnum
1638 244 1768 280 palatium
1787 254 1842 274 non

218 296 307 327 rium;
327 297 446 322 orarium
472 296 572 324 retinet
602 293 726 328 quidem,
749 292 796 320 sed
815 291 936 319 ridicule
960 292 1003 319 in-

220 346 383 375 Icrpretatur
410 342 544 376 psalmum
584 339 751 372 oratorium,
787 338 915 365 εὐκτικὸν
955 338 1003 373 μὲ-

219 387 275 418 λος.
292 387 362 422 Ergo
381 387 498 414 ministri
513 386 646 418 ecclesiae,
664 386 709 420 qui
722 385 844 412 orarium
869 385 1002 416 ferebant,

219 433 349 467 psalmum
361 434 509 459 oratorium
529 432 663 460 ferebam.
680 432 789 465 Quaeso,
817 431 923 466 inspice
937 431 1004 457 ima-

220 481 312 509 ginem
325 479 433 514 Georgii
463 479 639 514 Pachymeris
656 479 735 505 initio
760 478 897 511 Gregorio.
913 477 1003 504 orario

219 527 394 559 conspicuam
408 535 415 552 ε
432 531 458 552 et
470 525 575 560 dispice
587 533 653 552 num
667 524 704 552 ibi
714 523 844 559 psalnmm
856 524 1003 550 oratorium

218 572 379 598 invi-ntnrus
392 572 440 598 sis.
459 571 561 598 (iners.

253 617 335 652 399
353 617 424 645 Ibid.
445 617 601 652 [Στιχάρ.ον
617 617 766 643 diueonnlis
779 617 880 648 tunica,
898 615 1002 646 talaris.

218 663 337 696 ll‘ttll'llic
353 663 457 694 clausa.
477 663 598 689 nonnihil
625 663 730 694 stricta,
753 662 854 690 coloris
874 662 926 689 albi
956 670 1004 695 pm

220 709 312 742 solito,
325 709 380 737 ἀπὸ
390 710 437 736 τοῦ
451 709 556 745 στίχου,
573 710 648 744 quod
663 717 714 735 uno
729 713 816 735 tractu
831 712 1002 739 conteratur,

217 756 301 784 dicta.

253 802 326 830 Ibid.
343 802 469 837 Φελώνην
483 806 580 829 rorant
595 802 716 829 casulam
725 801 931 833 sacerdotalem,
947 808 1004 828 ma-

220 850 290 876 nicis
305 854 457 879 carentem.
482 856 514 876 ae
530 853 614 876 totum
632 856 731 883 corpus
748 848 868 883 undique
882 847 1003 874 ambien-

219 901 287 923 tem.
315 895 432 930 Cappum
444 893 600 922 neotericus
621 894 731 928 quidam
749 901 826 928 reque
841 892 1002 928 simpliciter

1055 291 1217 320 habitabant
1237 298 1264 319 et
1282 297 1360 319 erant
1388 292 1542 325 ἑξώκοιτοι.
1559 292 1715 320 Assentior.
1743 293 1842 321 Verum

1055 339 1101 366 ubi
1131 346 1226 366 vocem
1248 338 1489 371 ὲξωκατακοίλων,
1517 346 1600 373 quam
1631 338 1683 366 soli
1709 339 1842 367 neoterici

1054 385 1204 418 scriptores
1217 388 1379 418 suggerunt,
1395 384 1422 411 in
1441 391 1493 411 usu
1525 389 1591 412 tunc
1615 383 1704 411 fuisse
1729 384 1844 412 demon-

1054 430 1155 457 strabis
1169 430 1180 456 ?
1196 429 1266 462 Quin
1283 430 1339 456 imo
1364 429 1387 456 si
1414 430 1489 463 prius
1516 429 1741 462 ὲξωκατάκοιλοι,
1763 431 1809 465 qui
1827 439 1843 459 e

1054 475 1156 510 palatio
1174 478 1254 502 erant
1267 474 1420 508 ὲξώκοιτοι,
1438 483 1501 503 cum
1518 484 1532 502 a
1549 475 1639 503 Leone
1649 476 1780 504 Armenio
1795 477 1842 511 (ne

1056 521 1150 548 sicarii
1168 521 1389 555 perduellcsque,
1407 521 1479 556 quod
1494 526 1557 549 tunc
1573 526 1663 549 artum
1676 522 1843 555 est,fraudu-

1055 566 1143 594 tenter
1157 574 1220 594 cum
1237 566 1345 594 clericis
1364 568 1390 594 in
1406 567 1537 601 palatium
1564 573 1646 595 noctu
1676 568 1840 601 irreperent)

1055 613 1146 640 clerici
1179 613 1402 648 pernoctaverint
1431 614 1459 640 in
1501 613 1583 648 regiis
1618 613 1734 646 :cdibns,
1767 614 1841 640 nulla

1055 659 1187 693 deinceps
1204 659 1358 691 ὲξωκοίτων
1378 659 1419 686 vel
1445 659 1674 691 ἐξωκατακοέλων
1701 665 1775 687 esset
1790 659 1839 686 lia-

1054 704 1143 731 bcnda
1174 704 1317 732 memoria.
1341 703 1388 731 llis
1414 704 1507 739 iunge,
1535 713 1592 731 non
1624 705 1774 742 palatinos,
1791 705 1840 732 sed

1056 749 1257 783 patriarciiicos
1289 749 1394 784 primos
1407 750 1522 777 clericos
1541 750 1776 783 ἑξωκατακοίλους
1789 758 1839 778 vo-

1055 801 1147 830 catos;
1168 802 1196 824 ut
1215 797 1280 831 quid
1299 797 1355 824 haec
1384 789 1475 824 rerum
1493 797 1714 825 dissentientium
1729 803 1839 832 pertur-

1055 842 1131 870 batio
1145 848 1173 870 et
1190 850 1204 870 a
1223 843 1326 877 palatio
1347 843 1379 870 ad
1397 843 1561 878 patriarchae
1581 844 1673 871 sedem
1686 844 1840 878 digressus,

1056 894 1083 914 ιιι
1101 888 1146 923 qui
1164 889 1259 923 palatii
1273 888 1427 921 ὲξώκοιτοι,
1446 896 1546 917 nomen
1569 891 1634 917 dent
1649 890 1843 924 patriarchicis

219 949 253 968 ac
270 940 418 967 inscienter
433 939 552 967 vocavit.
569 938 608 966 Ex
628 939 769 974 privilegio
789 942 817 966 ct
839 938 871 965 ad
888 938 1002 972 amplio-

1055 933 1365 966 éimxauxotimcillli
1382 936 1476 969 etiam,
1506 936 1622 970 inquies,
1642 936 1753 963 fuerunt
1769 944 1783 962 e
1798 944 1843 970 pa-

218 994 274 1013 rem
289 990 415 1013 ornatutn
435 985 556 1019 palatino
573 984 765 1012 archidiacono
783 984 905 1011 casulum
933 983 1004 1011 ferre

219 1031 292 1058 licet.

254 1077 324 1104 Ibid.
351 1077 393 1103 Οὐ
417 1076 480 1111 μὴν
504 1075 736 1110 ἐπιτραχήλιον.
760 1075 801 1103 0b
824 1074 1003 1102 sacerdotalis

217 1123 321 1158 gradus
347 1122 496 1154 defectum.
521 1122 602 1156 cuius
622 1122 688 1149 illud
715 1126 757 1149 est
787 1121 906 1155 insigne,
934 1120 1003 1148 stola

217 1170 347 1196 nimirum
375 1176 390 1196 e
416 1168 488 1196 collo
519 1175 616 1195 versus
643 1168 749 1196 medias
767 1168 848 1195 tibias
859 1167 1001 1198 deﬂuens,

217 1216 296 1251 cujus
310 1215 435 1250 pendulae
448 1214 512 1242 hinc
535 1214 597 1242 inde
624 1219 717 1249 partes
744 1214 777 1241 ad
798 1207 915 1241 in’vicem
939 1217 1004 1241 sunt

216 1262 360 1297 colligatur.

253 1318 323 1346 i’bid.
344 1319 481 1355 Ὠράριον,
501 1320 571 1348 stola
586 1320 738 1347 diaconalis
753 1319 916 1347 sacerdotali
936 1319 1002 1346 stri-

217 1365 299 1397 ctior,
315 1366 359 1392 cui
372 1367 399 1393 in
418 1366 529 1401 longum
546 1375 598 1394 vox
616 1367 695 1400 ἅγιος
712 1371 752 1394 ter
768 1366 940 1393 inscribitur.
960 1366 1003 1392 Si-

217 1411 305 1438 nistro
324 1415 427 1438 tantum
444 1412 560 1439 humero
577 1413 678 1439 tunicae
700 1411 875 1447 superposita
889 1419 920 1439 ac
936 1411 1002 1439 sini-

216 1460 272 1482 slt'a
286 1463 367 1482 manu
384 1461 487 1483 retenta
502 1461 633 1492 gestator.

252 1511 322 1538 Ibid.
338 1511 454 1546 Σῶσον,
477 1512 575 1546 Κύριε.
592 1512 640 1539 llis
655 1512 734 1542 adite.
749 1513 771 1540 si
789 1512 925 1541 curiosius
940 1513 1002 1540 reli-

216 1565 269 1588 qua
280 1558 433 1591 desideras,
448 1559 461 1584 ὁ
477 1558 558 1591 Θεὸς,
577 1558 621 1585 τὴν
645 1558 709 1584 λαόν
725 1567 783 1591 σου,
795 1559 842 1585 καὶ
854 1558 1002 1593 εὐλόγησον

215 1605 265 1639 τὴν
277 1605 462 1640 κληρονομίαν
479 1613 537 1637 σου,
554 1605 702 1639 ἐπίσκεψαι
718 1606 763 1631 τὸν
783 1605 887 1640 κόσμον
909 1614 957 1632 σου
972 1605 1000 1632 ὲν
1015 1604 1036 1632 C

217 1650 287 1676 ἐλέει
300 1651 348 1676 καὶ
359 1651 524 1685 οἶκτιρμοῖς,
541 1649 649 1683 ὕψωσον
665 1649 748 1684 κέρας
764 1650 936 1684 Χριστιανῶν
956 1649 1003 1684 ὀρ-

217 1696 343 1728 θοδιξων,
360 1697 406 1723 καὶ
418 1695 602 1731 animi).th
616 1695 658 1730 ἐφ’
677 1697 752 1730 ἡμεῖς
768 1695 802 1722 τὰ
825 1697 888 1731 ἑλέη
905 1705 951 1724 σου
967 1696 1002 1723 τὰ

217 1743 346 1774 πὶούσια,
377 1742 537 1778 πρεσϐείαις
566 1743 618 1777 τῆς
637 1743 832 1777 παναχράντου
858 1743 1001 1777 δεσποίνης

215 1788 296 1822 ἡμῶν
312 1788 440 1815 θεοτόκου
456 1789 504 1814 καὶ
526 1787 712 1822 ἀειπαροένῡυ
739 1788 861 1823 Μαρίας,
875 1789 908 1824 τῇ
924 1789 1002 1815 δυνά-

217 1841 262 1868 pst
273 1833 320 1860 τοῦ
339 1834 433 1868 τιμίου
446 1835 492 1859 καὶ
515 1833 649 1865 ζωοποιοῠ
668 1833 806 1868 σταυροῦ;
825 1834 1002 1867 προστασίαις

214 1878 269 1905 τῶν
276 1879 374 1912 τιμίων
387 1879 554 1914 ἐπουρανίων
569 1878 885 1915 δυνάμεωνὶάσωμάτωνι
901 1879 976 1906 Goatt
989 1878 1000 1915 ]

250 1934 279 1961 Ρ.
296 1934 341 1962 66.
355 1935 454 1962 Junius
483 1934 585 1970 ubique
612 1941 756 1970 perperam
781 1935 923 1962 catamlas
952 1943 1000 1971 pro

215 1982 414 2009 exucatacaelos.
424 1981 534 2009 .Gners.

252 2039 323 2066 Ibid.
338 2038 371 2074 [E
383 2046 479 2066 novem
495 2039 653 2067 ofﬁcialium
665 2039 768 2075 Magnas
777 2040 899 2068 ecclesiae
910 2046 1002 2075 penta-

215 2086 295 2114 dibus
311 2085 393 2121 primi
409 2093 469 2118 sex,
487 2093 649 2114 oeconomus
668 2086 811 2119 nimirum.
826 2086 1000 2120 sacellarius,

218 2132 415 2168 scevopliylax,
441 2132 652 2168 ehartophylar,
685 2134 794 2160 sacella:
826 2134 1001 2169 pra‘posittts,

216 2179 356 2214 hodieque
391 2178 496 2212 primus
523 2177 699 2206 defensorum
736 2179 883 2215 (quondam
910 2185 1002 2214 proto-

215 2224 353 2259 notarius)
380 2224 414 2251 ab
441 2224 602 2251 auctoribus
647 2224 783 2259 plerisque
814 2225 999 2256 ὲξωκατάκοι-

214 2269 257 2294 λοι
272 2269 413 2303 appellati.
441 2268 519 2295 Ratio
533 2269 615 2295 dubia
631 2275 682 2300 est,
697 2274 723 2296 ct
737 2270 810 2297 circa
827 2277 921 2297 vocem
933 2278 1000 2298 con-

213 2315 329 2346 iecturis
341 2315 484 2348 hucusque
497 2315 588 2342 lusum
606 2321 645 2342 est
672 2316 790 2343 aliunde.
808 2315 904 2343 Paucis
919 2324 998 2351 ungat

218 2361 385 2395 rejiciendre,
400 2362 510 2389 brevius
527 2369 638 2396 quoque
656 2370 719 2389 vcta
749 2363 884 2390 sententia
911 2363 1002 2396 profc-

217 2407 312 2434 renda.
324 2406 394 2434 Sunt
410 2408 469 2442 qui,
480 2413 509 2434 ut
528 2408 644 2435 liberius
659 2408 873 2443 ltallucincntur,
898 2410 1002 2441 ὲξωκα-

217 2453 361 2484 “manu;
392 2453 547 2487 repudiarit,
577 2461 696 2487 quorum
729 2456 789 2483 vice
817 2455 1003 2487 éEmm-raxot-

217 2507 281 2529 τους
306 2503 452 2535 reponunt,
481 2498 577 2532 jejuna
614 2499 694 2526 valde
724 2500 835 2527 concilii
866 2500 1001 2534 ’l'rultani,

217 2544 350 2572 inoniales
379 2552 441 2571 can.
460 2545 494 2571 40
519 2543 687 2578 ὲξωκοιτεῐν,
702 2551 779 2572 extra
805 2548 1001 2573 monasterium

217 2590 350 2623 dormire,
381 2590 565 2624 prohibentis,
590 2590 753 2617 auctoritate
789 2590 871 2622 fulti;
899 2591 1003 2625 hosque

217 2639 279 2664 ideo
307 2635 546 2669 ἑξωκατακοί).ους
577 2635 654 2669 quasi
681 2635 930 2669 ἐξωκατακοίτους.
954 2636 1002 2672 qni

216 2688 293 2710 extra
309 2682 441 2718 palatium
457 2683 499 2709 vel
513 2681 709 2716 patriarchium
730 2682 876 2715 cubarent,
902 2683 1001 2710 dictos.

217 2730 319 2758 Verum
332 2738 380 2758 cur
395 2737 449 2757 non
469 2729 578 2756 fat-ilius
593 2735 640 2755 eos
656 2729 815 2762 ἑξωκοίτους
834 2737 914 2764 quam
935 2730 1003 2761 ἐξω-

216 2778 384 2807 ·κιιίλουςθι)
399 2776 555 2808 ὲξωκοιτεῖν
581 2775 708 2802 diceres?
737 2776 777 2802 An
795 2783 846 2802 non
872 2777 1003 2810 pervertit

217 2824 344 2850 dictioms
355 2830 465 2849 sensum
475 2820 675 2856 prtel’uositionis
683 2821 910 2854 additamentum,
920 2829 1001 2856 qttant

218 2873 259 2898 \t‘l
272 2872 397 2899 llttct‘tlltl‘
411 2871 594 2897 vr-tacccntus
616 2871 730 2896 mutatio
749 2878 926 2904 corrumpere
955 2878 1003 2905 po-

217 2924 269 2947 test
285 2927 316 2946 ex
331 2917 459 2953 ἱιιιηδιυῖ
475 2918 505 2944 At
522 2923 583 2945 ante
597 2908 695 2944 Leonis
713 2916 836 2944 Armenii
855 2923 1001 2950 lctttpt‘sl.t<

1057 979 1186 1008 triarchio
1212 981 1363 1014 ἐξώκοιτοι.
1391 982 1475 1015 Quasi
1503 990 1569 1009 vero
1603 982 1665 1009 inde
1694 982 1843 1015 ὲξωκάτοι-

1055 1027 1107 1054 λοι.
1141 1026 1274 1060 Facilius,
1311 1036 1354 1055 me
1387 1028 1493 1063 judice,
1518 1028 1624 1056 diceres
1653 1028 1842 1060 ἐξωκατακοί-

1054 1074 1116 1104 λους
1136 1074 1215 1107 quasi
1231 1073 1485 1107 ὲξωκατακέλλους,
1501 1075 1548 1110 qui
1566 1075 1716 1109 συγκέλλου
1726 1074 1843 1109 patriar—

1054 1119 1112 1146 cha!
1126 1119 1289 1147 concellanei
1303 1120 1460 1155 privilegio,
1478 1125 1507 1148 ut
1528 1121 1560 1147 ad
1579 1121 1637 1155 ejus
1655 1121 1748 1147 cellam
1764 1119 1843 1147 habi-

1054 1171 1156 1199 tarent,
1175 1174 1311 1201 nusquam
1326 1167 1488 1202 gauderent.
1520 1166 1616 1194 Terret
1642 1175 1684 1195 me
1704 1167 1844 1194 nihilomi-

1055 1219 1107 1239 nus
1129 1219 1164 1239 ne
1183 1212 1210 1238 id
1235 1219 1379 1246 suggeram
1400 1212 1627 1244 ἑξωκαιακοῐλων
1643 1212 1772 1244 dignitas,
1795 1212 1843 1239 cui

1054 1265 1070 1285 a
1088 1257 1224 1293 privilegii
1254 1258 1317 1286 aliis
1341 1259 1467 1286 concessi
1487 1259 1642 1293 privatione
1660 1265 1761 1286 nomen
1781 1266 1843 1285 mu-

1055 1303 1126 1330 tttari
1144 1311 1259 1338 prorsus
1277 1303 1429 1338 indignum.
1445 1304 1538 1332 Placet
1559 1304 1661 1332 idcirco
1677 1305 1764 1338 magis
1778 1304 1843 1331 reli-

1054 1356 1125 1384 quos
1140 1356 1236 1376 omnes
1257 1349 1299 1376 his
1319 1349 1466 1377 inferiores
1492 1350 1608 1377 clericos
1636 1357 1684 1376 ceu
1709 1349 1843 1376 κατακοι-

1054 1393 1185 1426 λουςιοεο
1202 1394 1368 1429 depressiore
1390 1400 1414 1422 et
1429 1395 1525 1422 huntili
1553 1395 1718 1422 considente:
1738 1400 1842 1430 specta-

1057 1447 1098 1473 re,
1116 1439 1167 1467 bos
1180 1447 1245 1467 vero
1261 1441 1320 1468 sive
1336 1441 1494 1468 iuccclesiw
1509 1448 1643 1468 consessu
1665 1441 1723 1468 sive
1734 1441 1760 1468 in
1778 1449 1842 1476 pro-

1054 1487 1168 1514 cedendi
1192 1486 1289 1514 ordine
1317 1486 1375 1514 sive
1391 1486 1424 1513 ad
1444 1486 1631 1521 patriarcbam
1664 1486 1763 1514 vicinia
1795 1494 1844 1513 sua

1054 1533 1196 1560 blimiores
1231 1533 1317 1560 multo
1344 1540 1375 1560 ac
1396 1532 1608 1565 eminentiores,
1638 1536 1665 1559 et
1692 1531 1749 1566 (qui
1776 1537 1842 1559 sunt

1055 1579 1137 1606 modo
1174 1578 1368 1613 spectatissimi
1407 1578 1573 1613 cardinales)
1603 1577 1840 1609 ἑξωκατακοίλονς

1054 1625 1185 1660 perfecte,
1200 1625 1423 1652 eminentissimos
1437 1624 1675 1661 deeernere310
1688 1623 1840 1650 vocandos.

1054 1670 1183 1698 Detineor
1200 1675 1290 1698 tamen
1308 1670 1458 1706 Regiorum
1473 1670 1590 1697 lectione
1618 1677 1711 1696 vocem
1729 1669 1842 1695 unicam

1054 1717 1082 1743 in
1097 1717 1165 1744 duas
1185 1716 1333 1747 dividente,
1358 1716 1544 1750 diaconosque
1562 1719 1726 1742 memoratos
1740 1714 1770 1746 ἒξ
1789 1723 1839 1740 κα-

1053 1763 1207 1794 ταχοίλους,
1225 1770 1273 1789 rex
1289 1762 1438 1794 depressos,
1456 1760 1618 1795 patriarchae
1635 1760 1765 1787 nimirum
1795 1767 1840 1786 as-

1052 1816 1184 1839 sessores.
1200 1815 1294 1834 verum
1315 1807 1457 1842 dignitate,
1473 1806 1545 1840 jure,
1559 1806 1631 1839 loco,
1650 1810 1783 1840 potestate
1800 1805 1841 1832 in-

1051 1853 1169 1881 feriores
1183 1853 1305 1881 omnino.
1318 1853 1453 1879 Arriserat
1467 1851 1544 1886 prius
1559 1859 1589 1879 ea
1607 1851 1679 1879 vocis
1691 1851 1838 1885 expositio,

1052 1906 1113 1934 qua)
1131 1900 1234 1934 regiam
1245 1899 1342 1925 urbem
1358 1897 1411 1925 (ΣΡ.
1426 1898 1458 1924 ad
1477 1898 1577 1924 veteris
1599 1895 1693 1925 Romae
1711 1897 1800 1924 instar
1811 1897 1837 1924 in

1054 1945 1195 1972 montibus
1209 1949 1236 1971 et
1252 1944 1370 1972 vallibus
1388 1944 1472 1971 variis
1486 1944 1578 1976 sitam,
1593 1943 1724 1978 quasdam
1754 1943 1838 1970 etiam

1020 2012 1030 2015 _
1052 1990 1252 2018 ccciesiastum
1269 1990 1296 2017 in
1310 1989 1370 2017 istis
1383 1993 1438 2016 tum
1456 1989 1483 2016 in
1500 1989 1555 2016 illis
1578 1989 1761 2016 exrettiliralas
1772 1995 1838 2015 con-

1053 2036 1194 2070 templata,
1210 2035 1389 2062 humiliorum
1420 2035 1544 2071 locorum
1568 2035 1689 2062 oratoria
1711 2034 1803 2061 minus
1824 2041 1839 2060 e

1052 2082 1127 2110 clero
1145 2083 1235 2118 dignis
1257 2082 1410 2117 assignaret
1425 2082 1568 2116 regendas.
1594 2081 1747 2116 pra-eipuas
1762 2087 1838 2113 vero,

1052 2136 1114 2163 quae
1128 2128 1154 2155 in
1171 2128 1311 2156 montibus
1333 2128 1509 2156 fundamenta
1526 2128 1614 2163 posita
1645 2127 1838 2155 nancisceren-

1053 2178 1108 2204 tur.
1143 2173 1187 2201 his
1209 2173 1441 2206 ὲξωκατακοῐλιιις
1469 2174 1544 2200 velut
1575 2177 1681 2200 montes
1718 2171 1839 2199 lucernis

1053 2225 1204 2247 rcscrvatas
1216 2224 1353 2247 censeret.
1383 2219 1484 2247 Praeter
1508 2218 1621 2246 Junium
1651 2217 1837 2253 conjectorem

1055 2266 1190 2293 aliusnon
1210 2266 1296 2292 adfuit
1319 2266 1364 2300 qui
1385 2266 1548 2293 sententiam
1583 2266 1705 2292 ﬁrmaret.
1729 2269 1837 2291 auctor.

1057 2313 1095 2340 Ea
1113 2320 1185 2340 nunc
1197 2312 1258 2339 ideo
1274 2320 1327 2339 non
1346 2312 1437 2339 aerius
1452 2311 1575 2344 defensa,
1598 2311 1709 2345 Georgii
1733 2310 1840 2338 Coresii

1057 2361 1116 2387 suis
1134 2367 1177 2386 me
1193 2358 1291 2386 litteris
1301 2358 1388 2386 amice
1404 2357 1592 2385 convenientis
1604 2357 1739 2384 diversam
1766 2365 1840 2383 men-

1055 2411 1109 2432 tem
1130 2404 1253 2431 tenacius
1269 2403 1395 2437 ampletti
1410 2405 1603 2430 constitutum.
1625 2401 1723 2434 Totus,
1752 2402 1840 2437 inquit

1055 2452 1110 2484 ille,
1126 2451 1178 2478 CP.
1195 2450 1354 2485 patriarchii
1369 2450 1437 2476 situs
1453 2457 1604 2477 concavum
1621 2449 1711 2476 locum
1727 2456 1839 2483 occupa-

1054 2498 1091 2524 vit
1099 2498 1249 2532 qnondam,
1258 2497 1372 2532 ejusque
1379 2497 1450 2524 aedes
1457 2504 1517 2523 cnm
1527 2496 1640 2531 reliquis
1649 2501 1777 2531 spectata:
1786 2495 1840 2521 mi-

1054 2543 1103 2578 λην
1120 2543 1194 2570 ϐέσιν
1210 2544 1351 2570 capitalem
1366 2548 1391 2570 et
1417 2543 1492 2569 velut
1506 2543 1656 2575 uoraginem
1673 2541 1838 2569 exhibebant

1054 2591 1155 2625 oculis,
1175 2595 1201 2618 et
1215 2591 1241 2617 in
1258 2598 1289 2618 ea
1304 2595 1359 2616 tum
1378 2589 1490 2625 syneelli
1507 2595 1564 2616 tu-n
1579 2589 1624 2615 alii
1650 2587 1777 2615 monachi
1794 2594 1838 2621 pa—

1056 2637 1183 2663 triarcha:
1207 2636 1341 2671 obsequio
1367 2635 1515 2670 mancipati
1539 2635 1580 2662 vel
1598 2635 1679 2662 etiam
1697 2632 1836 2661 domestici

1055 2684 1146 2710 sedem
1171 2683 1344 2716 obtinebant,
1362 2683 1435 2710 unde
1459 2687 1486 2709 et
1510 2681 1690 2708 xardxorim:
1710 2679 1837 2715 primates

1055 2737 1119 2756 vero
1133 2729 1225 2757 clerici
1249 2729 1303 2762 ἔξω
1329 2729 1489 2763 κοιλότητος
1504 2732 1709 2755 eommorantes
1729 2726 1838 2754 domos-

1056 2783 1108 2810 que
1126 2775 1232 2810 amplas
1245 2780 1271 2802 et
1285 2775 1408 2803 excelsas
1420 2774 1523 2809 adepti.
1551 2782 1602 2801 ceu
1619 2773 1666 2808 qui
1686 2781 1719 2800 ex
1744 2773 1838 2808 pracci-

1057 2822 1119 2857 puis
1134 2822 1245 2849 familiis
1260 2827 1286 2848 et
1305 2821 1468 2856 proceribus
1487 2821 1682 2855 seligerentur,
1699 2818 1837 2851 ὲξιυκχτά-

1057 2869 1142 2895 κοιλοι
1156 2868 1297 2901 nominati,
1311 2868 1356 2903 qui
1375 2876 1427 2896 non
1438 2868 1520 2895 [nodo
1535 2867 1651 2894 clericos
1660 2867 1740 2898 alios,
1756 2866 1837 2893 sedet

1059 2916 1201 2946 pontifices
1227 2915 1299 2946 ipsos
1333 2916 1436 2943 honore
1467 2916 1662 2943 tnzccrdrrrnt.
1690 2913 1748 2940 lla'c
1784 2912 1834 2940 ille.
