2041 3144
142 172 196 204 34⁸)

694 169 889 210 euersam
904 181 953 211 ET
973 181 1091 212 coam
1107 183 1224 213 uera.

1725 185 1779 216 350

143 229 276 255 nttrttiatio
302 229 417 263 advenit,
432 229 530 258 Junius
558 237 675 260 verterat
696 242 809 269 prorsus
836 235 937 269 inepte,
955 236 974 264 Α
991 243 1053 262 nam
1072 239 1142 271 apud
1158 245 1209 264 nos
1223 242 1312 266 vestes
1328 238 1452 266 candidae
1478 237 1570 273 gaudii
1589 237 1681 272 potius
1695 246 1777 272 quam

141 277 206 309 quia
220 277 384 308 idiomelum,
399 278 440 304 vel
460 278 645 312 lampadarius
661 285 775 308 cantans
790 281 854 308 illud
870 282 938 309 idio-

143 322 252 354 melum,
282 322 405 356 loquitur
420 324 452 350 de
471 323 616 360 Evangelio
634 327 705 360 quod
725 327 935 355 archidiaconus

143 368 261 399 ferebat,
278 372 306 395 et
323 369 376 396 ltoc
389 368 578 404 Evangelium,
593 371 660 404 sive,
674 376 704 399 ut
721 372 880 400 distinctius
893 373 935 400 di-

142 422 212 445 cam,
227 414 303 442 hunc
325 415 448 442 codicem
469 416 692 452 Evangeli‘orum,
714 419 752 446 ait
771 419 873 447 Christi
897 423 937 454 ty-

143 468 204 494 pum
221 469 253 488 ac
268 461 383 495 figuram
403 470 507 496 gerere.
529 462 635 491 Gnars.
763 495 783 501 η

178 507 223 534 Ib.‘
252 507 404 543 [Στέφανος
417 509 533 536 circulus
553 515 635 544 caput
651 511 785 543 ambiens,
798 519 830 539 ac
847 512 936 539 minor

142 559 286 581 stemmate
308 563 417 588 corona,
443 555 542 589 φυάλιν
558 556 633 584 aliud
656 557 722 591 regii
748 558 846 592 capitis
872 566 936 592 ope-

143 601 301 633 rimentum,
319 602 353 628 de
377 608 431 634 quo
459 608 483 628 c.
510 601 526 628 6
543 610 569 637 p.
590 602 634 634 5‘2,
649 603 820 638 suppositum
837 611 886 631 nec
901 604 935 631 ab

143 647 217 674 omni
236 651 313 682 parte
327 648 455 683 στεφάνῳ
484 649 600 676 velatum
616 649 866 681 adhucostentans.
881 651 935 678 Ad-

143 698 220 720 verte
233 694 367 728 collegam
384 694 490 729 imperii
504 695 588 722 etiam
615 701 760 723 stemmate
787 697 874 724 fuisse
891 705 936 725 co-

145 746 284 773 ronatum,
315 740 473 775 quicunque
489 741 558 768 alius
574 742 700 776 despota,
718 743 934 775 sebastocralor,

143 785 253 817 Cres:-r,
285 793 392 813 coronae
418 787 528 820 quidem
557 789 714 822 gestandae,
739 788 812 815 haud
844 793 934 816 tamen

144 832 295 860 stemmatis
308 833 352 868 jus
365 837 526 867 aeecptum;
542 841 573 860 ac
584 834 687 861 idcirco
701 834 832 869 στέφανον
844 840 935 870 gesta—

146 886 183 910 re,
203 886 258 905 non
276 879 398 913 πέμμα,
415 879 457 906 vel
484 880 656 914 ἐστεμμένον
682 881 818 916 progredi.
837 882 859 908 A
875 889 934 909 ser-

145 924 178 951 tis
195 924 279 958 igitur
292 929 319 952 et
345 925 412 953 velis
440 925 563 953 ferendis
587 925 668 961 longe
695 926 802 954 alienus
821 927 931 962 conspi-

144 972 224 998 citur.
547 1003 555 1011 ᾖ

179 1018 221 1046 Ib.
240 1019 394 1055 [Ἀρπάζει
416 1020 541 1048 κλάδον.
557 1020 658 1048 Ramos
685 1021 737 1048 hac
762 1022 932 1050 solemnitate

144 1070 264 1100 gestatus
281 1067 308 1093 in
324 1067 467 1094 matutinis
484 1068 568 1094 tacuit
582 1067 719 1095 Codinus-
733 1068 865 1103 'Lypicum
881 1068 932 1095 do-

141 1117 183 1138 ft‘l
194 1132 201 1143 .
225 1113 269 1138 ὅτε
285 1113 454 1144 ἀσπάζονται
467 1111 491 1139 oi
509 1114 618 1148 ἁδελφώ
635 1115 665 1140 τὸ
681 1114 860 1148 Εὑαγγέλιον,
876 1115 933 1140 δια-

142 1159 238 1193 νέμειν
250 1159 299 1185 τὸν
313 1158 467 1194 ἡγούμενον
484 1159 519 1186 τὰ
539 1159 614 1194 βαΐα,
624 1160 651 1186 in
665 1161 717 1186 fine
733 1161 931 1187 matutinarum

142 1212 254 1238 precum
274 1204 405 1232 fratribus
422 1206 454 1232 ad
475 1205 615 1240 Evangelii
638 1206 761 1233 osculum
779 1206 933 1234 accedenti-

143 1251 192 1278 bus
205 1251 329 1278 ecclesiis
344 1253 515 1286 superiorem
544 1253 698 1286 palmarum
727 1260 820 1280 ramos
837 1253 933 1280 distri-

143 1299 237 1330 luerc,
257 1299 290 1326 ad
306 1299 387 1326 tinem
406 1307 494 1334 usque
513 1299 594 1327 ofﬁcii
611 1300 769 1334 gestandus.
780 1297 873 1334 Ἑὺχὴν
893 1301 932 1332 εἰς

141 1346 171 1371 τὸ
183 1345 278 1372 εοῧνιι
292 1346 325 1371 τὰ
339 1345 404 1380 βαΐα
416 1347 448 1381 τῇ
456 1346 595 1381 βαῖῡφόρῳ
611 1346 713 1381 promit
723 1346 931 1384 Euchnlogium.

144 1390 235 1418 Ritum
253 1391 365 1426 insuper
383 1392 486 1419 ultimis
501 1391 610 1426 imperii
634 1392 713 1419 annis
734 1392 823 1419 adhuc
840 1392 933 1419 obser-

142 1443 234 1464 vatum
277 1442 395 1465 testatur
421 1438 552 1465 Phranzaa
581 1438 716 1472 interpres
749 1438 791 1465 Itis
821 1438 931 1465 verbis:

143 1484 277 1512 Postridie
293 1485 419 1519 quoniam
433 1484 590 1512 Palmarum
616 1484 772 1512 solemnitas
789 1486 931 1518 incidebat,

142 1532 222 1566 myrti
235 1539 324 1557 ramos
338 1536 518 1566 amputemus.
535 1539 597 1566 quos
616 1532 737 1558 manibus
754 1537 839 1567 gestat
862 1536 931 1558 totus

988 282 1080 310 luctus
1096 287 1289 317 argumentum
1307 289 1380 312 sunt.
1396 285 1615 317 Cantacuzenus,
1640 285 1657 311 l.
1681 293 1710 312 ιιι
1732 285 1778 311 lli-

988 327 1090 360 storiae,
1104 336 1130 355 c.
1145 328 1191 360 '27,
1207 330 1240 356 de
1263 330 1306 357 die
1331 331 1519 357 coronationis
1537 337 1594 358 sua:
1617 338 1714 365 agens.
1740 330 1777 357 i'a

988 372 1103 399 scribit:
1122 372 1253 401 Postridie
1278 375 1485 409 (coronationis)
1505 380 1585 402 vestes
1610 375 1670 401 auri
1687 374 1776 400 subte-
1815 406 1818 409 _

988 418 1059 444 mine
1070 418 1216 452 picturatas
1224 420 1304 455 315
1317 420 1474 454 deponentes
1486 420 1613 447 conditius
1625 420 1775 450 induerunt,

988 463 1132 497 lugentium
1164 466 1354 498 imperatorum
1389 471 1587 501 argumentum.
1616 465 1775 492 Mutationis

987 517 1093 535 causam
1108 511 1277 544 prwsentibus
1293 512 1439 546 imperator
1454 513 1565 539 asseruit
1579 531 1586 544 ,
1605 512 1691 546 pridie
1713 519 1774 544 prov

987 559 1044 589 pter
1056 556 1151 590 festum
1166 557 1234 584 diem
1250 557 1311 584 illas
1326 558 1395 585 alias
1414 559 1541 591 induisse,
1563 566 1636 594 nunc
1648 557 1693 583 illo
1708 564 1776 590 ριγγ-

988 602 1063 628 lerito
1074 610 1163 629 rursus
1172 604 1265 637 fratris
1282 609 1306 631 et
1324 606 1488 638 imperatoris
1508 604 1660 640 (Andronici
1679 603 1775 629 Juuio-

987 648 1033 674 risi
1048 655 1156 676 mortem
1173 651 1223 677 sibi
1240 651 1392 685 lugendam.

1022 694 1092 722 Ibitl.
1130 697 1239 724 lutucie
1260 702 1287 725 et
1312 699 1406 725 animo
1435 706 1565 725 venerare
1592 697 1775 725 sanctissimae

987 739 1107 775 Virginis
1121 743 1237 770 viciario:
1250 744 1390 778 éﬂecti-icis
1413 745 1560 779 imaginem
1575 751 1637 771 cum
1656 743 1776 776 imagine

989 786 1017 814 S.
1040 788 1162 823 Georgii.
1185 789 1246 816 Fuit
1278 791 1334 818 haec
1364 790 1501 826 Nicopmte
1531 790 1653 824 Virginis
1681 789 1772 823 imago

987 833 1046 861 sine
1061 835 1145 862 dubio
1159 836 1206 863 illa
1225 845 1307 871 quam
1337 837 1457 865 Jo:innes
1475 837 1635 865 Contnenus
1653 837 1774 870 impera-

989 884 1031 906 tor
1065 889 1116 908 suo
1143 882 1204 909 loco
1230 883 1322 910 currui
1351 883 1508 918 triumphali
1541 882 1671 916 imposuit.
1700 881 1775 908 vclrt

985 927 1120 959 victorite,
1143 936 1223 963 quam
1240 929 1408 961 obtinuerat.
1427 929 1533 956 unicam
1553 928 1723 962 effectricem.
1737 927 1773 954 V.

984 973 1072 1000 Nicet.
1096 973 1184 1001 Cbon.
1211 983 1238 1010 p.
1265 976 1309 1002 ed.
1339 976 1426 1003 llonu.
1453 976 1500 1003 26.
1529 975 1663 1003 Videntur
1682 979 1772 1001 autent

984 1018 1056 1046 hanc
1072 1020 1117 1046 Dei
1137 1020 1288 1048 Genitricis
1315 1022 1461 1056 imaginem
1480 1029 1572 1048 secum
1600 1021 1733 1048 extulisse
1747 1022 1773 1047 in

983 1064 1184 1098 expeditiones.
1199 1065 1268 1092 Hinc
1297 1066 1405 1093 Nicetas
1435 1066 1586 1093 Choniates
1613 1066 1639 1092 in
1658 1065 1774 1100 imperio

985 1109 1136 1144 Μαι-ΠεριιΙί
1151 1119 1159 1138 :
1186 1111 1218 1138 'H
1233 1112 1284 1146 τῆς
1303 1111 1472 1147 θεομήτορος
1490 1111 1584 1144 εἰκὼν,
1607 1112 1640 1145 ἣν
1658 1111 1682 1136 ot
1696 1111 1773 1145 βασι-

985 1155 1042 1187 λεῖς
1065 1156 1213 1191 Ῥωμαίων
1227 1156 1366 1183 ποιοῦνται
1394 1157 1594 1191 συστρατηγὸν,
1622 1158 1677 1187 τοῖς
1693 1157 1773 1182 ἐναν-

983 1202 1051 1233 τίοις
1065 1203 1196 1230 ἑάλωκεν.
1209 1203 1295 1230 Etiam
1311 1203 1451 1230 lleraclius
1465 1204 1614 1238 imperator
1625 1203 1772 1237 imaginem

985 1249 1166 1276 sanctissinm
1192 1249 1310 1284 Virginis
1337 1250 1363 1275 in
1382 1249 1507 1276 militiam
1537 1248 1656 1283 praesidii
1688 1254 1771 1274 causa

985 1295 1148 1322 abducebat.
1177 1296 1314 1322 Arthurus
1333 1294 1420 1322 Britto
1437 1296 1464 1322 in
1482 1295 1618 1322 obsidione
1642 1293 1773 1320 Badonici

985 1341 1095 1369 Montis.
1116 1341 1198 1375 fretus
1215 1341 1329 1375 imagine
1347 1341 1490 1368 Dominirre
1511 1341 1606 1367 Matris
1623 1348 1702 1374 quant
1731 1347 1774 1365 ar-

984 1386 1033 1412 mis
1052 1387 1106 1412 snis
1123 1386 1253 1417 insuerat,
1271 1391 1414 1420 nongentos
1443 1386 1557 1412 hostium
1573 1385 1645 1411 solus
1662 1385 1773 1410 adorans

984 1433 1134 1459 incredibili
1164 1432 1234 1459 crede
1261 1433 1424 1467 proﬂigauit,
1439 1436 1469 1459 ut
1486 1432 1582 1459 scribit
1608 1431 1774 1458 Wilhelmus

988 1478 1254 1512 Malmesburieusis,
1268 1478 1304 1506 1.ι
1320 1478 1356 1506 De
1370 1479 1455 1514 gestis
1471 1486 1565 1513 regum
1580 1477 1694 1512 Anglire,
1707 1485 1730 1504 c.
1746 1477 1773 1505 l.

989 1525 1091 1552 Gnsrs.

141 1577 285 1603 exercitus.
299 1577 319 1601 A
336 1576 452 1603 retentis
470 1581 497 1603 et
516 1584 596 1603 manu
613 1577 726 1610 gestatis
747 1576 829 1611 myrti
846 1578 930 1604 ramis

996 1579 998 1582 ν
1022 1571 1094 1599 Ibid.
1120 1570 1189 1607 [Τῆς
1216 1571 1383 1599 νικοποιοῦ.
1403 1571 1479 1604 Quod
1511 1570 1594 1598 dubie
1618 1569 1774 1599 Gretserus,

143 1623 319 1650 stationarios
334 1624 487 1657 μυρταῖτεις
501 1623 589 1649 dictos
605 1623 716 1657 scriptis
732 1623 832 1650 asserit
847 1623 934 1650 Geor-

144 1669 203 1701 gius
219 1669 359 1696 Coresius.
374 1667 518 1695 Bulsamon
532 1668 659 1697 Meditato
674 1669 711 1696 Dc
728 1670 850 1697 incensis
867 1669 885 1696 Ι.
899 1678 935 1696 ru

143 1714 218 1742 luris
237 1714 311 1742 CIL:
329 1714 451 1746 κλάδους
469 1714 601 1748 φοινίκων
619 1716 666 1742 καὶ
689 1716 829 1749 μυρσίνων
843 1715 936 1750 βλέπω

143 1762 203 1793 τοὺς
222 1761 387 1795 ἀνθρώπους
409 1761 576 1796 κατέχοντας
592 1762 638 1788 καὶ
661 1762 712 1797 τὴν
728 1761 875 1797 βαῖοφόρον
891 1761 934 1788 δο-

144 1808 283 1840 ξάζηντεις.
301 1806 400 1843 ϐολῇ]

450 1853 566 1881 CAPUT
586 1853 631 1881 Vl.

160 1911 362 1939 Observationes
376 1919 399 1939 et
415 1912 605 1947 explicationes
622 1912 650 1938 in
670 1919 693 1938 c.
709 1911 752 1943 ll.
781 1912 853 1947 quod
879 1917 918 1939 est

374 1947 406 1974 de
422 1947 495 1973 luctu
510 1947 690 1982 imperatoris.

174 1992 206 2020 P.
219 1993 265 2020 69.
282 1992 377 2028 [Μετὰ
388 1992 554 2027 φορέμιιτος
563 1992 689 2020 λευκοῦ.
702 1992 791 2027 Ὅπερ
805 1993 864 2019 ἐστὶ
876 2001 937 2019 τεκ-

144 2040 245 2073 μῆριον
274 2038 451 2065 πενθούντων
479 2038 624 2074 βασιλέων,
652 2039 784 2071 scripsit,
802 2039 848 2073 qui
878 2039 936 2073 ipse

143 2084 240 2117 induit,
258 2083 468 2111 Cantacuzenus
482 2083 500 2110 l.
517 2091 546 2110 ιιι
563 2092 570 2116 ;
591 2084 626 2110 ob
643 2084 726 2110 lilium
755 2084 807 2111 sibi
841 2089 934 2111 natum

142 2129 168 2154 in
182 2129 225 2156 avi
249 2133 340 2155 morte
362 2134 517 2163 assumptus
535 2133 623 2156 vestes
657 2129 785 2164 lugubres
808 2129 936 2164 deposuit

141 2174 317 2202 Andronicus
347 2179 414 2201 teste
429 2174 562 2209 Gregora,
579 2183 606 2207 ι,
632 2175 664 2202 5:
682 2175 839 2211 Περιχαρὴς
856 2175 936 2210 γενό-

142 2222 250 2254 μενοςό
265 2220 396 2254 βασιλεὺς
421 2220 539 2255 ήμειψεν
563 2221 604 2251 sl:
628 2221 659 2247 τὸ
683 2220 878 2257 λαμπρότερθν
901 2221 936 2248 τὰ

140 2266 292 2300 ἐνδύματα,
320 2265 338 2292 ἃ
356 2266 400 2293 διὰ
423 2266 474 2301 τὴν
498 2266 545 2292 τοῦ
574 2267 688 2294 πάππου
713 2266 844 2300 τελευτὴν
864 2269 934 2298 τέως

141 2311 293 2338 ἐνεδέδυτο.
304 2310 476 2345 Purpuream
493 2315 582 2339 tamen
596 2312 768 2348 chlamydem
786 2313 843 2340 sive
858 2321 934 2339 man-

140 2358 231 2392 dyam,
252 2357 419 2392 μανδίονῌιτι
435 2357 566 2392 scriptum
583 2358 701 2394 reperio)
718 2358 889 2394 πορφυροῦν,
906 2359 933 2386 in

141 2404 300 2430 calamitate
330 2403 440 2438 publica
463 2403 557 2431 tulisse
583 2403 723 2431 Justinum
752 2404 844 2431 miror
863 2404 934 2439 apud

142 2448 352 2483 Theophanem.
381 2449 450 2475 Ante
477 2449 573 2484 bellum
594 2449 735 2476 Persicum
770 2450 862 2485 nigros
878 2450 937 2477 cal-

141 2502 205 2522 ceos
235 2494 393 2522 Heracliam
413 2499 538 2528 gestasse
565 2495 704 2522 Cedrenus
729 2495 860 2522 ostendit.
885 2495 932 2523 Sin

143 2541 233 2567 Itiinus
245 2539 410 2577 muliebrem
423 2539 612 2574 imperatores,
628 2541 733 2575 regium
748 2546 837 2568 tamen
852 2541 934 2569 hodie

142 2585 244 2613 luctum
261 2586 288 2612 in
305 2585 419 2612 Oriente
434 2586 537 2612 ducunt
560 2586 683 2614 fortuna}:
713 2587 786 2614 nulla
801 2591 844 2615 est
859 2589 931 2614 enim

142 2638 202 2665 qua:
213 2631 286 2657 lineo
300 2634 389 2657 toturn
404 2637 504 2664 corpus
514 2630 726 2666 circumtcgente
739 2632 798 2659 velo
811 2633 930 2660 Colorem

142 2677 232 2704 album
248 2684 303 2702 non
320 2681 456 2703 assumat.
481 2674 618 2704 Uxoribus
632 2677 742 2712 quidem
772 2678 862 2705 fuscas
886 2686 933 2706 so-

142 2723 281 2749 lummodo
297 2727 389 2749 vestes
403 2722 431 2748 in
449 2721 593 2756 colljugum
608 2723 760 2754 funeribus.
777 2723 931 2758 virginibus

140 2769 221 2795 etiam
233 2767 368 2795 candidas
384 2767 411 2794 iu
426 2773 566 2800 parentqu
577 2767 824 2803 fratrumqueluetu
837 2777 931 2804 gerere

140 2813 268 2841 Solitum:
287 2813 356 2839 viris
388 2811 498 2839 nonnisi
512 2812 618 2847 nigrum
646 2813 673 2840 in
700 2821 929 2849 quorumcuuquc

141 2859 214 2885 obitu
231 2858 304 2886 ferre
318 2858 442 2886 colorem
458 2866 488 2885 ex
505 2866 579 2886 more
592 2859 696 2886 licituzu
710 2865 760 2887 est.
778 2859 876 2895 Genu]

175 2904 217 2933 1b.
234 2904 304 2932 Nota
334 2911 442 2932 morem
471 2903 579 2938 lugeuli
611 2910 705 2933 nostro
737 2907 927 2935 contrarium:

953 2245 974 2272 D

987 1623 1079 1646 ccrtus
1102 1625 1197 1646 assero
1214 1618 1284 1645 diva
1313 1617 1435 1652 Virginis
1458 1617 1606 1652 imaginem
1636 1614 1774 1642 νικοποιοῠ

988 1665 1098 1692 nomine
1119 1669 1310 1692 consecratam
1328 1673 1355 1692 ot
1369 1666 1395 1692 in
1412 1665 1514 1700 palatio
1528 1671 1541 1690 a
1571 1663 1676 1690 Joanne
1694 1662 1777 1690 Com-

988 1719 1059 1738 neno
1077 1711 1238 1745 repositam.
1255 1712 1424 1746 Argumenta
1451 1710 1518 1737 mihi
1537 1714 1603 1737 sunt
1622 1708 1723 1736 Nicetes
1741 1708 1775 1735 de

987 1757 1031 1783 illa
1049 1757 1167 1791 imagine
1180 1758 1207 1784 in
1233 1757 1402 1794 triumphum
1420 1761 1481 1784 acta
1514 1755 1652 1790 loquentis
1668 1754 1751 1781 verba
1766 1762 1774 1781 :

986 1802 1041 1832 Τὰς
1065 1802 1141 1833 νίκας
1159 1804 1190 1837 τῇ
1217 1802 1366 1837 θεομήτορι
1378 1802 1415 1834 ὡς
1432 1799 1662 1837 συστρατηγὲειδι
1675 1801 1776 1835 ἀμάχῳ

987 1849 1219 1884 ἐπιγραφόμενος.
1241 1849 1295 1882 Qui
1321 1849 1405 1877 etiam
1435 1849 1567 1883 triumphi
1591 1855 1716 1883 pompam
1743 1848 1775 1873 ἐκ

987 1894 1042 1920 τῶν
1060 1894 1134 1928 ἑῴων
1153 1894 1246 1920 πυλῶν
1274 1895 1325 1928 τῆς
1337 1895 1441 1926 πόλεως
1458 1895 1486 1926 ἐς
1498 1894 1566 1920 αὐτὸ
1579 1894 1609 1919 τὸ
1624 1894 1696 1927 μέγα
1721 1901 1776 1919 πσμ

987 1940 1078 1966 λὰτιον
1089 1939 1176 1977 duxit.
1195 1939 1301 1966 Manuel
1316 1939 1387 1967 filius
1402 1940 1501 1971 eidem,
1521 1940 1557 1966 ait
1576 1939 1647 1966 illius
1677 1937 1743 1966 Vita!
1755 1939 1774 1964 l.

988 1993 1013 2016 v,
1034 1985 1202 2019 triumphum
1221 1992 1270 2012 ceu
1299 1985 1473 2020 ἀπροσμάχῳ
1489 1986 1536 2012 καὶ
1560 1984 1776 2018 ἁκαταγωνίστῳ

989 2030 1168 2065 συστρατηγῷ
1188 2031 1285 2058 erexit.
1304 2030 1404 2067 Gem]

1024 2076 1062 2103 Ib.
1084 2076 1113 2104 S.
1136 2076 1241 2112 Georgii
1258 2077 1355 2112 imago.
1374 2076 1502 2104 Forsitan
1522 2076 1578 2103 haec
1610 2075 1655 2102 illa
1683 2079 1726 2102 est
1743 2082 1776 2101 cx

988 2130 1040 2157 qua
1070 2123 1231 2158 sanguinem
1255 2132 1381 2151 manasse
1406 2124 1502 2152 serit-it
1532 2124 1724 2159 Pacbymeres.
1756 2122 1775 2149 l.

987 2176 1024 2195 vti
1057 2168 1160 2196 Ilistor.
1188 2169 1268 2196 Certe
1297 2169 1340 2196 illa
1360 2174 1402 2196 est
1430 2169 1508 2203 cujus
1539 2176 1627 2203 equus
1645 2167 1776 2204 (equitem

988 2215 1061 2242 cuitu
1076 2215 1134 2243 bare
1148 2216 1238 2250 imago
1252 2215 1280 2243 S.
1299 2216 1446 2251 Georgium
1463 2215 1618 2250 exhibebat)
1638 2214 1775 2241 horrendo

989 2261 1113 2297 prodigio
1129 2262 1289 2289 horrificum
1315 2262 1451 2289 hinnitum
1484 2262 1569 2289 edidit
1595 2262 1644 2289 sub
1663 2261 1773 2288 Andro-

989 2309 1050 2336 nico
1066 2309 1175 2336 seniore
1202 2309 1376 2343 imperatore,
1393 2309 1475 2343 paulo
1490 2313 1554 2334 ante
1576 2315 1656 2341 quam
1679 2307 1776 2341 junior

987 2355 1163 2382 Andronicus
1178 2354 1285 2389 Cpolim
1299 2359 1458 2388 occuparet.
1474 2353 1631 2387 Prodigium
1660 2353 1712 2379 hoc
1725 2353 1776 2379 dc-

987 2401 1081 2428 scribit
1102 2400 1248 2435 Grcgnras,
1267 2399 1285 2427 l.
1313 2407 1371 2432 vui,
1391 2407 1418 2434 p.
1450 2399 1512 2426 503.
1541 2398 1580 2425 Ex
1605 2397 1684 2433 cujus
1713 2406 1776 2424 nar-

986 2448 1094 2474 ratione
1126 2447 1209 2474 habes
1236 2447 1307 2474 hanc
1339 2446 1370 2473 D.
1397 2445 1504 2479 Georgii
1522 2449 1678 2480 equestrem
1707 2445 1775 2471 ima-

986 2494 1087 2529 ginem.
1105 2499 1180 2520 lauto
1193 2493 1328 2520 miraculo
1344 2493 1530 2524 nobilitatum,
1560 2499 1624 2518 esse
1651 2491 1726 2518 illam
1742 2491 1775 2517 de

985 2547 1039 2574 qua
1058 2540 1101 2566 hic
1114 2540 1289 2574 Cumpalata.
1306 2538 1373 2566 Vide
1387 2546 1447 2573 qua;
1460 2538 1494 2565 de
1510 2537 1538 2566 S.
1559 2537 1676 2570 Georgio
1687 2537 1775 2570 scrip-

985 2586 1104 2616 simusJ.
1122 2594 1139 2612 ιι
1156 2585 1191 2612 De
1207 2585 1294 2618 festis,
1312 2592 1336 2612 c.
1351 2584 1377 2611 6.
1393 2584 1512 2612 Consule
1528 2583 1611 2610 etiam
1638 2582 1775 2608 Adaman-

985 2639 1049 2658 uum
1067 2631 1180 2658 Scotum
1198 2631 1334 2663 abbatem,
1354 2631 1387 2656 de
1401 2631 1454 2657 situ
1486 2629 1574 2656 Terra:
1590 2631 1702 2658 sanctze,
1721 2633 1771 2652 uu-

985 2684 1032 2711 per
1045 2685 1059 2703 a
1073 2677 1151 2704 nobis
1169 2677 1283 2707 editum,
1303 2676 1320 2701 1.
1337 2683 1379 2707 lll,
1398 2675 1444 2702 ubi
1464 2674 1532 2702 mira
1547 2673 1580 2700 de
1603 2671 1721 2703 quadam
1740 2670 1769 2698 S.

985 2724 1092 2758 Georgii
1107 2724 1224 2758 imagine
1236 2723 1365 2756 reperies.

1018 2771 1059 2799 Ib.
1081 2770 1225 2804 Peripaton
1253 2769 1425 2796 eonuuodins
1449 2775 1500 2794 non
1530 2770 1620 2792 vertas
1645 2771 1727 2799 quam
1743 2763 1768 2791 si
1808 2766 1813 2769 '

984 2816 1189 2850 procchioncm
1209 2819 1298 2840 vertas
1316 2822 1323 2839 :
1349 2813 1474 2839 estenitn
1496 2811 1522 2838 id
1544 2811 1616 2845 quod
1640 2809 1770 2837 Germani

983 2865 1080 2888 verant
1094 2861 1144 2887 den
1162 2859 1301 2894 untbgang.
1319 2857 1385 2884 Vide
1402 2866 1461 2891 qua:
1482 2857 1532 2882 hac
1554 2852 1592 2882 tle
1607 2863 1635 2882 rc
1650 2855 1771 2884 diximus

983 2910 1001 2937 ι.
1015 2917 1026 2936 ι
1037 2908 1073 2936 De
1086 2908 1171 2935 sacris
1187 2904 1421 2942 proc.-ssiouibus,
1438 2911 1462 2930 c.
1479 2903 1503 2930 l.
1517 2901 1614 2929 Junius
1630 2906 1655 2929 ct
1668 2901 1774 2936 ubique
