  <div class='ocr_page' id='page_1' title='image "/cluster/home/n/w/nwhite01/storage/ocr_20150623/157/njp.32101077773222/183.png"; bbox 0 0 2041 3144; ppageno 0'>
   <div class='ocr_carea' id='block_1_1' title="bbox 272 177 318 208">
    <p class='ocr_par' dir='ltr' id='par_1_1' title="bbox 272 177 318 208">
     <span class='ocr_line' id='line_1_1' title="bbox 272 177 318 208; baseline 0.043 -2"><span class='ocrx_word' id='word_1_1' title='bbox 272 177 318 208; x_wconf 75' lang='grc'><strong>351</strong></span> 
     </span>
    </p>
   </div>
   <div class='ocr_carea' id='block_1_2' title="bbox 815 172 1340 203">
    <p class='ocr_par' dir='ltr' id='par_1_2' title="bbox 815 172 1340 203">
     <span class='ocr_line' id='line_1_2' title="bbox 815 172 1340 203; baseline 0 -1"><span class='ocrx_word' id='word_1_2' title='bbox 815 173 852 203; x_wconf 75' lang='grc' dir='ltr'><strong>ΙΝ</strong></span> <span class='ocrx_word' id='word_1_3' title='bbox 874 173 1023 203; x_wconf 74' lang='lat' dir='ltr'><strong>LIBRUM</strong></span> <span class='ocrx_word' id='word_1_4' title='bbox 1040 172 1087 202; x_wconf 89' lang='lat' dir='ltr'><strong>DE</strong></span> <span class='ocrx_word' id='word_1_5' title='bbox 1104 172 1266 203; x_wconf 76' lang='lat' dir='ltr'><strong>OFFICIIS</strong></span> <span class='ocrx_word' id='word_1_6' title='bbox 1285 173 1340 203; x_wconf 78' lang='lat' dir='ltr'><strong>Cl‘.</strong></span> 
     </span>
    </p>
   </div>
   <div class='ocr_carea' id='block_1_3' title="bbox 1834 173 1888 204">
    <p class='ocr_par' dir='ltr' id='par_1_3' title="bbox 1834 173 1888 204">
     <span class='ocr_line' id='line_1_3' title="bbox 1834 173 1888 204; baseline 0 0"><span class='ocrx_word' id='word_1_7' title='bbox 1834 173 1850 204; x_wconf 87' lang='lat'>3</span> <span class='ocrx_word' id='word_1_8' title='bbox 1857 173 1888 204; x_wconf 59' lang='grc' dir='ltr'><strong>ΥΞ.</strong></span> 
     </span>
    </p>
   </div>
   <div class='ocr_carea' id='block_1_4' title="bbox 272 229 1890 264">
    <p class='ocr_par' dir='ltr' id='par_1_4' title="bbox 272 229 1890 264">
     <span class='ocr_line' id='line_1_4' title="bbox 272 229 1890 264; baseline -0.004 -3"><span class='ocrx_word' id='word_1_9' title='bbox 272 234 390 261; x_wconf 77' lang='lat' dir='ltr'><strong>ambulat</strong></span> <span class='ocrx_word' id='word_1_10' title='bbox 404 238 430 261; x_wconf 88' lang='lat' dir='ltr'><strong>et</strong></span> <span class='ocrx_word' id='word_1_11' title='bbox 444 233 638 260; x_wconf 71' lang='lat' dir='ltr'><strong>ambulationes</strong></span> <span class='ocrx_word' id='word_1_12' title='bbox 654 233 782 264; x_wconf 68' lang='lat' dir='ltr'><strong>somniat,</strong></span> <span class='ocrx_word' id='word_1_13' title='bbox 799 238 828 259; x_wconf 84' lang='lat' dir='ltr'><strong>ut</strong></span> <span class='ocrx_word' id='word_1_14' title='bbox 843 240 945 258; x_wconf 81' lang='lat' dir='ltr'><strong>morem</strong></span> <span class='ocrx_word' id='word_1_15' title='bbox 960 238 1051 258; x_wconf 77' lang='lat' dir='ltr'><strong>sacra-</strong></span> <span class='ocrx_word' id='word_1_16' title='bbox 1069 233 1087 260; x_wconf 79' lang='grc' dir='ltr'><strong>Α</strong></span> <span class='ocrx_word' id='word_1_17' title='bbox 1104 230 1160 263; x_wconf 80' lang='grc' dir='ltr'><strong>γῶν</strong></span> <span class='ocrx_word' id='word_1_18' title='bbox 1177 231 1246 260; x_wconf 80' lang='lat' dir='ltr'><strong>loco,</strong></span> <span class='ocrx_word' id='word_1_19' title='bbox 1262 231 1370 257; x_wconf 82' lang='lat' dir='ltr'><strong>duobus</strong></span> <span class='ocrx_word' id='word_1_20' title='bbox 1387 229 1465 256; x_wconf 74' lang='lat' dir='ltr'><strong>cazcis</strong></span> <span class='ocrx_word' id='word_1_21' title='bbox 1491 229 1555 255; x_wconf 89' lang='lat' dir='ltr'><strong>illuc</strong></span> <span class='ocrx_word' id='word_1_22' title='bbox 1578 233 1707 255; x_wconf 66' lang='lat' dir='ltr'><strong>monente</strong></span> <span class='ocrx_word' id='word_1_23' title='bbox 1724 229 1753 255; x_wconf 82' lang='grc' dir='ltr'><strong>Β.</strong></span> <span class='ocrx_word' id='word_1_24' title='bbox 1784 229 1890 264; x_wconf 69' lang='lat' dir='ltr'><strong>Virgine</strong></span> 
     </span>
    </p>
   </div>
   <div class='ocr_carea' id='block_1_5' title="bbox 274 278 1055 314">
    <p class='ocr_par' dir='ltr' id='par_1_5' title="bbox 274 278 1055 314">
     <span class='ocr_line' id='line_1_5' title="bbox 274 278 1055 314; baseline -0.004 -8"><span class='ocrx_word' id='word_1_25' title='bbox 274 289 334 307; x_wconf 86' lang='lat' dir='ltr'><strong>rum</strong></span> <span class='ocrx_word' id='word_1_26' title='bbox 362 281 579 314; x_wconf 85' lang='lat' dir='ltr'><strong>processionum,</strong></span> <span class='ocrx_word' id='word_1_27' title='bbox 597 279 827 314; x_wconf 77' lang='lat' dir='ltr'><strong>supplicationum</strong></span> <span class='ocrx_word' id='word_1_28' title='bbox 854 283 880 305; x_wconf 81' lang='lat' dir='ltr'><strong>et</strong></span> <span class='ocrx_word' id='word_1_29' title='bbox 900 278 1055 305; x_wconf 81' lang='lat' dir='ltr'><strong>litaniarum</strong></span> 
     </span>
    </p>
   </div>
   <div class='ocr_carea' id='block_1_6' title="bbox 275 326 530 353">
    <p class='ocr_par' dir='ltr' id='par_1_6' title="bbox 275 326 530 353">
     <span class='ocr_line' id='line_1_6' title="bbox 275 326 530 353; baseline -0.004 -1"><span class='ocrx_word' id='word_1_30' title='bbox 275 326 411 353; x_wconf 79' lang='lat' dir='ltr'><strong>obfuscct.</strong></span> <span class='ocrx_word' id='word_1_31' title='bbox 428 326 530 353; x_wconf 76' lang='lat' dir='ltr'><strong>Gums.</strong></span> 
     </span>
    </p>
   </div>
   <div class='ocr_carea' id='block_1_7' title="bbox 311 367 1056 405">
    <p class='ocr_par' dir='ltr' id='par_1_7' title="bbox 311 367 1056 405">
     <span class='ocr_line' id='line_1_7' title="bbox 311 367 1056 405; baseline -0.007 -8"><span class='ocrx_word' id='word_1_32' title='bbox 311 370 352 396; x_wconf 88' lang='lat' dir='ltr'><strong>Ib.</strong></span> <span class='ocrx_word' id='word_1_33' title='bbox 365 370 479 405; x_wconf 75' lang='grc' dir='ltr'><strong>[Διτήν.</strong></span> <span class='ocrx_word' id='word_1_34' title='bbox 495 370 551 397; x_wconf 81' lang='lat' dir='ltr'><strong>llac</strong></span> <span class='ocrx_word' id='word_1_35' title='bbox 563 377 628 397; x_wconf 88' lang='lat' dir='ltr'><strong>voce</strong></span> <span class='ocrx_word' id='word_1_36' title='bbox 641 377 694 396; x_wconf 91' lang='lat' dir='ltr'><strong>non</strong></span> <span class='ocrx_word' id='word_1_37' title='bbox 714 370 813 396; x_wconf 82' lang='lat' dir='ltr'><strong>nu-‘am</strong></span> <span class='ocrx_word' id='word_1_38' title='bbox 829 367 1056 403; x_wconf 73' lang='lat' dir='ltr'><strong>supplicationem,</strong></span> 
     </span>
    </p>
   </div>
   <div class='ocr_carea' id='block_1_8' title="bbox 276 414 1057 449">
    <p class='ocr_par' dir='ltr' id='par_1_8' title="bbox 276 414 1057 449">
     <span class='ocr_line' id='line_1_8' title="bbox 276 414 1057 449; baseline -0.005 -6"><span class='ocrx_word' id='word_1_39' title='bbox 276 416 324 443; x_wconf 70' lang='lat' dir='ltr'><strong>sx-d</strong></span> <span class='ocrx_word' id='word_1_40' title='bbox 340 417 410 443; x_wconf 89' lang='lat' dir='ltr'><strong>inter</strong></span> <span class='ocrx_word' id='word_1_41' title='bbox 435 416 626 442; x_wconf 86' lang='lat' dir='ltr'><strong>ambulandum</strong></span> <span class='ocrx_word' id='word_1_42' title='bbox 657 415 752 442; x_wconf 85' lang='lat' dir='ltr'><strong>factam</strong></span> <span class='ocrx_word' id='word_1_43' title='bbox 776 415 834 442; x_wconf 89' lang='lat' dir='ltr'><strong>sive</strong></span> <span class='ocrx_word' id='word_1_44' title='bbox 856 414 1057 449; x_wconf 65' lang='lat' dir='ltr'><strong>proreniouem,</strong></span> 
     </span>
    </p>
   </div>
   <div class='ocr_carea' id='block_1_9' title="bbox 276 459 1057 496">
    <p class='ocr_par' dir='ltr' id='par_1_9' title="bbox 276 459 1057 496">
     <span class='ocr_line' id='line_1_9' title="bbox 276 459 1057 496; baseline -0.005 -7"><span class='ocrx_word' id='word_1_45' title='bbox 276 461 424 496; x_wconf 72' lang='lat' dir='ltr'><strong>significari</strong></span> <span class='ocrx_word' id='word_1_46' title='bbox 439 461 540 489; x_wconf 79' lang='lat' dir='ltr'><strong>diserte</strong></span> <span class='ocrx_word' id='word_1_47' title='bbox 556 465 741 489; x_wconf 73' lang='lat' dir='ltr'><strong>monstratum</strong></span> <span class='ocrx_word' id='word_1_48' title='bbox 758 462 838 489; x_wconf 86' lang='lat' dir='ltr'><strong>estin</strong></span> <span class='ocrx_word' id='word_1_49' title='bbox 855 459 1057 495; x_wconf 77' lang='lat' dir='ltr'><strong>Eucbologicis.</strong></span> 
     </span>
    </p>
   </div>
   <div class='ocr_carea' id='block_1_10' title="bbox 275 507 374 543">
    <p class='ocr_par' dir='ltr' id='par_1_10' title="bbox 275 507 374 543">
     <span class='ocr_line' id='line_1_10' title="bbox 275 507 374 543; baseline 0 -8"><span class='ocrx_word' id='word_1_50' title='bbox 275 507 374 543; x_wconf 62' lang='lat' dir='ltr'><strong>Coum]</strong></span> 
     </span>
    </p>
   </div>
   <div class='ocr_carea' id='block_1_11' title="bbox 315 551 1057 588">
    <p class='ocr_par' dir='ltr' id='par_1_11' title="bbox 315 551 1057 588">
     <span class='ocr_line' id='line_1_11' title="bbox 315 551 1057 588; baseline -0.004 -8"><span class='ocrx_word' id='word_1_51' title='bbox 315 553 343 581; x_wconf 88' lang='lat' dir='ltr'><strong>P.</strong></span> <span class='ocrx_word' id='word_1_52' title='bbox 359 554 403 581; x_wconf 89' lang='lat'><strong>70.</strong></span> <span class='ocrx_word' id='word_1_53' title='bbox 426 553 463 582; x_wconf 87' lang='lat' dir='ltr'><strong>De</strong></span> <span class='ocrx_word' id='word_1_54' title='bbox 490 554 606 588; x_wconf 82' lang='lat' dir='ltr'><strong>imagine</strong></span> <span class='ocrx_word' id='word_1_55' title='bbox 630 553 745 588; x_wconf 74' lang='lat' dir='ltr'><strong>Virginis</strong></span> <span class='ocrx_word' id='word_1_56' title='bbox 765 551 932 588; x_wconf 63' lang='lat' dir='ltr'><strong>llodcgctrim</strong></span> <span class='ocrx_word' id='word_1_57' title='bbox 947 559 972 580; x_wconf 77' lang='lat' dir='ltr'><strong>c;</strong></span> <span class='ocrx_word' id='word_1_58' title='bbox 999 559 1057 586; x_wconf 83' lang='lat' dir='ltr'><strong>seq.</strong></span> 
     </span>
    </p>
   </div>
   <div class='ocr_carea' id='block_1_12' title="bbox 277 597 1058 634">
    <p class='ocr_par' dir='ltr' id='par_1_12' title="bbox 277 597 1058 634">
     <span class='ocr_line' id='line_1_12' title="bbox 277 597 1058 634; baseline -0.003 -9"><span class='ocrx_word' id='word_1_59' title='bbox 277 601 356 634; x_wconf 86' lang='lat' dir='ltr'><strong>plura</strong></span> <span class='ocrx_word' id='word_1_60' title='bbox 373 601 490 634; x_wconf 87' lang='lat' dir='ltr'><strong>ipsemet</strong></span> <span class='ocrx_word' id='word_1_61' title='bbox 503 600 634 627; x_wconf 87' lang='lat' dir='ltr'><strong>Codinus.</strong></span> <span class='ocrx_word' id='word_1_62' title='bbox 652 599 707 625; x_wconf 79' lang='lat' dir='ltr'><strong>Non</strong></span> <span class='ocrx_word' id='word_1_63' title='bbox 724 603 782 625; x_wconf 89' lang='lat' dir='ltr'><strong>erat</strong></span> <span class='ocrx_word' id='word_1_64' title='bbox 795 597 934 625; x_wconf 80' lang='lat' dir='ltr'><strong>ordinario</strong></span> <span class='ocrx_word' id='word_1_65' title='bbox 946 598 972 624; x_wconf 90' lang='lat' dir='ltr'><strong>in</strong></span> <span class='ocrx_word' id='word_1_66' title='bbox 985 598 1058 629; x_wconf 85' lang='lat' dir='ltr'><strong>aula,</strong></span> 
     </span>
    </p>
   </div>
   <div class='ocr_carea' id='block_1_13' title="bbox 278 644 1061 680">
    <p class='ocr_par' dir='ltr' id='par_1_13' title="bbox 278 644 1061 680">
     <span class='ocr_line' id='line_1_13' title="bbox 278 644 1061 680; baseline -0.004 -8"><span class='ocrx_word' id='word_1_67' title='bbox 278 646 326 672; x_wconf 88' lang='lat' dir='ltr'><strong>sed</strong></span> <span class='ocrx_word' id='word_1_68' title='bbox 354 647 381 673; x_wconf 93' lang='lat' dir='ltr'><strong>iu</strong></span> <span class='ocrx_word' id='word_1_69' title='bbox 405 647 572 673; x_wconf 73' lang='lat' dir='ltr'><strong>monasterio</strong></span> <span class='ocrx_word' id='word_1_70' title='bbox 590 646 643 672; x_wconf 79' lang='grc' dir='ltr'><strong>τῶν</strong></span> <span class='ocrx_word' id='word_1_71' title='bbox 658 646 740 680; x_wconf 80' lang='lat'><strong>316</strong></span> <span class='ocrx_word' id='word_1_72' title='bbox 767 646 891 679; x_wconf 78' lang='grc' dir='ltr'><strong>ὁδηγῶν;</strong></span> <span class='ocrx_word' id='word_1_73' title='bbox 923 644 1061 671; x_wconf 81' lang='lat' dir='ltr'><strong>ferebatur</strong></span> 
     </span>
    </p>
   </div>
   <div class='ocr_carea' id='block_1_14' title="bbox 279 689 1062 724">
    <p class='ocr_par' dir='ltr' id='par_1_14' title="bbox 279 689 1062 724">
     <span class='ocr_line' id='line_1_14' title="bbox 279 689 1062 724; baseline -0.001 -8"><span class='ocrx_word' id='word_1_74' title='bbox 279 695 369 717; x_wconf 78' lang='lat' dir='ltr'><strong>autent</strong></span> <span class='ocrx_word' id='word_1_75' title='bbox 386 691 493 724; x_wconf 81' lang='lat' dir='ltr'><strong>pictatis</strong></span> <span class='ocrx_word' id='word_1_76' title='bbox 509 698 590 717; x_wconf 76' lang='lat' dir='ltr'><strong>causa</strong></span> <span class='ocrx_word' id='word_1_77' title='bbox 612 690 643 716; x_wconf 87' lang='lat' dir='ltr'><strong>ad</strong></span> <span class='ocrx_word' id='word_1_78' title='bbox 663 691 753 717; x_wconf 84' lang='lat' dir='ltr'><strong>aulam</strong></span> <span class='ocrx_word' id='word_1_79' title='bbox 772 690 877 716; x_wconf 82' lang='lat' dir='ltr'><strong>ultimis</strong></span> <span class='ocrx_word' id='word_1_80' title='bbox 904 689 1062 723; x_wconf 77' lang='lat' dir='ltr'><strong>Quadragc-</strong></span> 
     </span>
    </p>
   </div>
   <div class='ocr_carea' id='block_1_15' title="bbox 279 735 1059 769">
    <p class='ocr_par' dir='ltr' id='par_1_15' title="bbox 279 735 1059 769">
     <span class='ocr_line' id='line_1_15' title="bbox 279 735 1059 769; baseline -0.001 -8"><span class='ocrx_word' id='word_1_81' title='bbox 279 736 355 762; x_wconf 79' lang='lat' dir='ltr'><strong>sitnze</strong></span> <span class='ocrx_word' id='word_1_82' title='bbox 367 735 474 768; x_wconf 85' lang='lat' dir='ltr'><strong>diebus,</strong></span> <span class='ocrx_word' id='word_1_83' title='bbox 488 743 586 769; x_wconf 86' lang='lat' dir='ltr'><strong>nempe</strong></span> <span class='ocrx_word' id='word_1_84' title='bbox 601 735 666 762; x_wconf 80' lang='lat' dir='ltr'><strong>feria</strong></span> <span class='ocrx_word' id='word_1_85' title='bbox 683 736 727 762; x_wconf 87' lang='lat' dir='ltr'><strong>illa</strong></span> <span class='ocrx_word' id='word_1_86' title='bbox 740 735 834 769; x_wconf 87' lang='lat' dir='ltr'><strong>quinta</strong></span> <span class='ocrx_word' id='word_1_87' title='bbox 850 743 909 769; x_wconf 69' lang='lat' dir='ltr'><strong>qua:</strong></span> <span class='ocrx_word' id='word_1_88' title='bbox 935 739 1059 761; x_wconf 84' lang='lat' dir='ltr'><strong>nosttam</strong></span> 
     </span>
    </p>
   </div>
   <div class='ocr_carea' id='block_1_16' title="bbox 281 779 1061 815">
    <p class='ocr_par' dir='ltr' id='par_1_16' title="bbox 281 779 1061 815">
     <span class='ocr_line' id='line_1_16' title="bbox 281 779 1061 815; baseline -0.001 -9"><span class='ocrx_word' id='word_1_89' title='bbox 281 780 552 808; x_wconf 83' lang='lat' dir='ltr'><strong>DotninicamJndica</strong></span> <span class='ocrx_word' id='word_1_90' title='bbox 567 781 718 808; x_wconf 83' lang='lat' dir='ltr'><strong>antecedit:</strong></span> <span class='ocrx_word' id='word_1_91' title='bbox 736 781 915 815; x_wconf 86' lang='lat' dir='ltr'><strong>mancbatque</strong></span> <span class='ocrx_word' id='word_1_92' title='bbox 925 781 950 807; x_wconf 92' lang='lat' dir='ltr'><strong>in</strong></span> <span class='ocrx_word' id='word_1_93' title='bbox 963 779 1061 814; x_wconf 83' lang='lat' dir='ltr'><strong>palatio</strong></span> 
     </span>
    </p>
   </div>
   <div class='ocr_carea' id='block_1_17' title="bbox 281 826 1062 861">
    <p class='ocr_par' dir='ltr' id='par_1_17' title="bbox 281 826 1062 861">
     <span class='ocr_line' id='line_1_17' title="bbox 281 826 1062 861; baseline 0.001 -9"><span class='ocrx_word' id='word_1_94' title='bbox 281 834 369 861; x_wconf 77' lang='lat' dir='ltr'><strong>usque</strong></span> <span class='ocrx_word' id='word_1_95' title='bbox 386 826 418 853; x_wconf 86' lang='lat' dir='ltr'><strong>ad</strong></span> <span class='ocrx_word' id='word_1_96' title='bbox 432 828 579 854; x_wconf 84' lang='lat' dir='ltr'><strong>secundam</strong></span> <span class='ocrx_word' id='word_1_97' title='bbox 598 827 694 854; x_wconf 87' lang='lat' dir='ltr'><strong>feriam</strong></span> <span class='ocrx_word' id='word_1_98' title='bbox 710 826 873 859; x_wconf 79' lang='lat' dir='ltr'><strong>Paschalis;</strong></span> <span class='ocrx_word' id='word_1_99' title='bbox 890 835 944 861; x_wconf 86' lang='lat' dir='ltr'><strong>quo</strong></span> <span class='ocrx_word' id='word_1_100' title='bbox 960 827 1003 854; x_wconf 80' lang='lat' dir='ltr'><strong>die</strong></span> <span class='ocrx_word' id='word_1_101' title='bbox 1018 835 1062 853; x_wconf 84' lang='lat' dir='ltr'><strong>re—</strong></span> 
     </span>
    </p>
   </div>
   <div class='ocr_carea' id='block_1_18' title="bbox 282 872 1059 907">
    <p class='ocr_par' dir='ltr' id='par_1_18' title="bbox 282 872 1059 907">
     <span class='ocr_line' id='line_1_18' title="bbox 282 872 1059 907; baseline 0 -9"><span class='ocrx_word' id='word_1_102' title='bbox 282 872 421 900; x_wconf 75' lang='lat' dir='ltr'><strong>ferebatur</strong></span> <span class='ocrx_word' id='word_1_103' title='bbox 435 873 461 899; x_wconf 88' lang='lat' dir='ltr'><strong>in</strong></span> <span class='ocrx_word' id='word_1_104' title='bbox 480 873 675 900; x_wconf 69' lang='lat' dir='ltr'><strong>monasterium</strong></span> <span class='ocrx_word' id='word_1_105' title='bbox 689 877 716 900; x_wconf 84' lang='lat' dir='ltr'><strong>et</strong></span> <span class='ocrx_word' id='word_1_106' title='bbox 732 873 860 907; x_wconf 70' lang='lat' dir='ltr'><strong>templum</strong></span> <span class='ocrx_word' id='word_1_107' title='bbox 877 872 930 898; x_wconf 69' lang='grc' dir='ltr'><strong>τῶν</strong></span> <span class='ocrx_word' id='word_1_108' title='bbox 945 872 1059 907; x_wconf 76' lang='grc' dir='ltr'><strong>ὁδηγῶν.</strong></span> 
     </span>
    </p>
   </div>
   <div class='ocr_carea' id='block_1_19' title="bbox 281 917 1061 953">
    <p class='ocr_par' dir='ltr' id='par_1_19' title="bbox 281 917 1061 953">
     <span class='ocr_line' id='line_1_19' title="bbox 281 917 1061 953; baseline -0.001 -8"><span class='ocrx_word' id='word_1_109' title='bbox 281 918 329 945; x_wconf 75' lang='lat' dir='ltr'><strong>Est</strong></span> <span class='ocrx_word' id='word_1_110' title='bbox 344 919 400 945; x_wconf 73' lang='lat' dir='ltr'><strong>luet:</strong></span> <span class='ocrx_word' id='word_1_111' title='bbox 415 918 516 952; x_wconf 78' lang='lat' dir='ltr'><strong>imago,</strong></span> <span class='ocrx_word' id='word_1_112' title='bbox 537 919 569 946; x_wconf 89' lang='lat' dir='ltr'><strong>ad</strong></span> <span class='ocrx_word' id='word_1_113' title='bbox 585 926 678 953; x_wconf 84' lang='lat' dir='ltr'><strong>quant,</strong></span> <span class='ocrx_word' id='word_1_114' title='bbox 695 923 771 952; x_wconf 84' lang='lat' dir='ltr'><strong>capta</strong></span> <span class='ocrx_word' id='word_1_115' title='bbox 799 918 833 945; x_wconf 85' lang='lat' dir='ltr'><strong>ab</strong></span> <span class='ocrx_word' id='word_1_116' title='bbox 849 919 1005 945; x_wconf 79' lang='lat' dir='ltr'><strong>Andronico</strong></span> <span class='ocrx_word' id='word_1_117' title='bbox 1017 917 1061 952; x_wconf 93' lang='lat' dir='ltr'><strong>ju-</strong></span> 
     </span>
    </p>
   </div>
   <div class='ocr_carea' id='block_1_20' title="bbox 282 963 1061 998">
    <p class='ocr_par' dir='ltr' id='par_1_20' title="bbox 282 963 1061 998">
     <span class='ocr_line' id='line_1_20' title="bbox 282 963 1061 998; baseline 0.001 -9"><span class='ocrx_word' id='word_1_118' title='bbox 282 965 358 990; x_wconf 88' lang='lat' dir='ltr'><strong>niore</strong></span> <span class='ocrx_word' id='word_1_119' title='bbox 373 963 459 998; x_wconf 81' lang='lat' dir='ltr'><strong>Cpoli,</strong></span> <span class='ocrx_word' id='word_1_120' title='bbox 480 964 654 990; x_wconf 81' lang='lat' dir='ltr'><strong>Andronicus</strong></span> <span class='ocrx_word' id='word_1_121' title='bbox 679 963 771 990; x_wconf 86' lang='lat' dir='ltr'><strong>senior</strong></span> <span class='ocrx_word' id='word_1_122' title='bbox 795 963 908 998; x_wconf 80' lang='lat' dir='ltr'><strong>supplex</strong></span> <span class='ocrx_word' id='word_1_123' title='bbox 928 963 1061 996; x_wconf 76' lang='lat' dir='ltr'><strong>confugit.</strong></span> 
     </span>
    </p>
   </div>
   <div class='ocr_carea' id='block_1_21' title="bbox 283 1008 1063 1043">
    <p class='ocr_par' dir='ltr' id='par_1_21' title="bbox 283 1008 1063 1043">
     <span class='ocr_line' id='line_1_21' title="bbox 283 1008 1063 1043; baseline -0.001 -8"><span class='ocrx_word' id='word_1_124' title='bbox 283 1009 348 1035; x_wconf 74' lang='lat' dir='ltr'><strong>llcm</strong></span> <span class='ocrx_word' id='word_1_125' title='bbox 373 1012 466 1035; x_wconf 73' lang='lat' dir='ltr'><strong>nari-at</strong></span> <span class='ocrx_word' id='word_1_126' title='bbox 495 1009 663 1043; x_wconf 75' lang='lat' dir='ltr'><strong>Niccpltorus</strong></span> <span class='ocrx_word' id='word_1_127' title='bbox 687 1008 832 1042; x_wconf 75' lang='lat' dir='ltr'><strong>Grcgoras,</strong></span> <span class='ocrx_word' id='word_1_128' title='bbox 856 1008 874 1034; x_wconf 92' lang='lat' dir='ltr'><strong>l.</strong></span> <span class='ocrx_word' id='word_1_129' title='bbox 896 1015 933 1040; x_wconf 88' lang='lat' dir='ltr'><strong>tx,</strong></span> <span class='ocrx_word' id='word_1_130' title='bbox 956 1016 983 1041; x_wconf 89' lang='lat' dir='ltr'><strong>p.</strong></span> <span class='ocrx_word' id='word_1_131' title='bbox 1011 1008 1063 1034; x_wconf 67' lang='grc'><strong>422</strong></span> 
     </span>
    </p>
   </div>
   <div class='ocr_carea' id='block_1_22' title="bbox 283 1053 1063 1088">
    <p class='ocr_par' dir='ltr' id='par_1_22' title="bbox 283 1053 1063 1088">
     <span class='ocr_line' id='line_1_22' title="bbox 283 1053 1063 1088; baseline 0 -8"><span class='ocrx_word' id='word_1_132' title='bbox 283 1055 370 1081; x_wconf 82' lang='grc' dir='ltr'><strong>Βυηιι.</strong></span> <span class='ocrx_word' id='word_1_133' title='bbox 393 1056 460 1083; x_wconf 87' lang='lat' dir='ltr'><strong>Cum</strong></span> <span class='ocrx_word' id='word_1_134' title='bbox 476 1060 579 1088; x_wconf 89' lang='lat' dir='ltr'><strong>autem,</strong></span> <span class='ocrx_word' id='word_1_135' title='bbox 597 1060 667 1082; x_wconf 87' lang='lat' dir='ltr'><strong>teste</strong></span> <span class='ocrx_word' id='word_1_136' title='bbox 684 1055 779 1081; x_wconf 87' lang='lat' dir='ltr'><strong>eodem</strong></span> <span class='ocrx_word' id='word_1_137' title='bbox 797 1054 929 1088; x_wconf 77' lang='lat' dir='ltr'><strong>Gregora,</strong></span> <span class='ocrx_word' id='word_1_138' title='bbox 953 1053 987 1080; x_wconf 71' lang='lat'><strong>24</strong></span> <span class='ocrx_word' id='word_1_139' title='bbox 1004 1053 1063 1080; x_wconf 79' lang='lat' dir='ltr'><strong>dies</strong></span> 
     </span>
    </p>
   </div>
   <div class='ocr_carea' id='block_1_23' title="bbox 283 1099 1064 1136">
    <p class='ocr_par' dir='ltr' id='par_1_23' title="bbox 283 1099 1064 1136">
     <span class='ocr_line' id='line_1_23' title="bbox 283 1099 1064 1136; baseline -0.005 -8"><span class='ocrx_word' id='word_1_140' title='bbox 283 1101 343 1128; x_wconf 68' lang='lat' dir='ltr'><strong>Maii</strong></span> <span class='ocrx_word' id='word_1_141' title='bbox 359 1106 484 1136; x_wconf 84' lang='lat' dir='ltr'><strong>ageretur</strong></span> <span class='ocrx_word' id='word_1_142' title='bbox 497 1102 605 1136; x_wconf 78' lang='lat' dir='ltr'><strong>quando</strong></span> <span class='ocrx_word' id='word_1_143' title='bbox 630 1109 644 1127; x_wconf 89' lang='lat' dir='ltr'><strong>a</strong></span> <span class='ocrx_word' id='word_1_144' title='bbox 665 1100 773 1135; x_wconf 81' lang='lat' dir='ltr'><strong>juuiOre</strong></span> <span class='ocrx_word' id='word_1_145' title='bbox 788 1100 945 1127; x_wconf 82' lang='lat' dir='ltr'><strong>Andronico</strong></span> <span class='ocrx_word' id='word_1_146' title='bbox 971 1099 1064 1133; x_wconf 86' lang='lat' dir='ltr'><strong>Cpolis</strong></span> 
     </span>
    </p>
   </div>
   <div class='ocr_carea' id='block_1_24' title="bbox 282 1144 1064 1182">
    <p class='ocr_par' dir='ltr' id='par_1_24' title="bbox 282 1144 1064 1182">
     <span class='ocr_line' id='line_1_24' title="bbox 282 1144 1064 1182; baseline -0.004 -8"><span class='ocrx_word' id='word_1_147' title='bbox 282 1152 360 1182; x_wconf 86' lang='lat' dir='ltr'><strong>capta</strong></span> <span class='ocrx_word' id='word_1_148' title='bbox 377 1151 428 1180; x_wconf 83' lang='lat' dir='ltr'><strong>est,</strong></span> <span class='ocrx_word' id='word_1_149' title='bbox 441 1155 550 1175; x_wconf 78' lang='lat' dir='ltr'><strong>necesse</strong></span> <span class='ocrx_word' id='word_1_150' title='bbox 563 1152 603 1174; x_wconf 84' lang='lat' dir='ltr'><strong>est</strong></span> <span class='ocrx_word' id='word_1_151' title='bbox 616 1148 759 1182; x_wconf 76' lang='lat' dir='ltr'><strong>imaginem</strong></span> <span class='ocrx_word' id='word_1_152' title='bbox 770 1145 886 1181; x_wconf 78' lang='lat' dir='ltr'><strong>Virginis</strong></span> <span class='ocrx_word' id='word_1_153' title='bbox 898 1144 1064 1179; x_wconf 61' lang='lat' dir='ltr'><strong>&quot;odi-genite</strong></span> 
     </span>
    </p>
   </div>
   <div class='ocr_carea' id='block_1_25' title="bbox 282 1190 1065 1227">
    <p class='ocr_par' dir='ltr' id='par_1_25' title="bbox 282 1190 1065 1227">
     <span class='ocr_line' id='line_1_25' title="bbox 282 1190 1065 1227; baseline -0.004 -8"><span class='ocrx_word' id='word_1_154' title='bbox 282 1198 359 1220; x_wconf 80' lang='lat' dir='ltr'><strong>extra</strong></span> <span class='ocrx_word' id='word_1_155' title='bbox 377 1193 502 1220; x_wconf 71' lang='lat' dir='ltr'><strong>ordinem</strong></span> <span class='ocrx_word' id='word_1_156' title='bbox 529 1192 717 1227; x_wconf 72' lang='lat' dir='ltr'><strong>prmscriptum</strong></span> <span class='ocrx_word' id='word_1_157' title='bbox 732 1192 758 1218; x_wconf 90' lang='lat' dir='ltr'><strong>in</strong></span> <span class='ocrx_word' id='word_1_158' title='bbox 776 1191 877 1226; x_wconf 81' lang='lat' dir='ltr'><strong>palatio</strong></span> <span class='ocrx_word' id='word_1_159' title='bbox 902 1190 1007 1222; x_wconf 85' lang='lat' dir='ltr'><strong>fuisse;</strong></span> <span class='ocrx_word' id='word_1_160' title='bbox 1038 1192 1065 1216; x_wconf 80' lang='lat' dir='ltr'><strong>ct</strong></span> 
     </span>
    </p>
   </div>
   <div class='ocr_carea' id='block_1_26' title="bbox 283 1237 1064 1270">
    <p class='ocr_par' dir='ltr' id='par_1_26' title="bbox 283 1237 1064 1270">
     <span class='ocr_line' id='line_1_26' title="bbox 283 1237 1064 1270; baseline -0.004 -5"><span class='ocrx_word' id='word_1_161' title='bbox 283 1239 353 1266; x_wconf 77' lang='lat' dir='ltr'><strong>forte</strong></span> <span class='ocrx_word' id='word_1_162' title='bbox 369 1239 538 1266; x_wconf 76' lang='lat' dir='ltr'><strong>Andronicus</strong></span> <span class='ocrx_word' id='word_1_163' title='bbox 566 1238 657 1266; x_wconf 86' lang='lat' dir='ltr'><strong>senior</strong></span> <span class='ocrx_word' id='word_1_164' title='bbox 676 1237 830 1265; x_wconf 70' lang='lat' dir='ltr'><strong>defectione</strong></span> <span class='ocrx_word' id='word_1_165' title='bbox 851 1237 896 1264; x_wconf 85' lang='lat' dir='ltr'><strong>illa</strong></span> <span class='ocrx_word' id='word_1_166' title='bbox 913 1237 1018 1270; x_wconf 77' lang='lat' dir='ltr'><strong>nepotis</strong></span> <span class='ocrx_word' id='word_1_167' title='bbox 1037 1240 1064 1263; x_wconf 89' lang='lat' dir='ltr'><strong>et</strong></span> 
     </span>
    </p>
   </div>
   <div class='ocr_carea' id='block_1_27' title="bbox 283 1283 1066 1318">
    <p class='ocr_par' dir='ltr' id='par_1_27' title="bbox 283 1283 1066 1318">
     <span class='ocr_line' id='line_1_27' title="bbox 283 1283 1066 1318; baseline -0.003 -6"><span class='ocrx_word' id='word_1_168' title='bbox 283 1285 449 1312; x_wconf 72' lang='lat' dir='ltr'><strong>asseclarum</strong></span> <span class='ocrx_word' id='word_1_169' title='bbox 479 1289 631 1311; x_wconf 84' lang='lat' dir='ltr'><strong>commotus</strong></span> <span class='ocrx_word' id='word_1_170' title='bbox 658 1290 715 1310; x_wconf 88' lang='lat' dir='ltr'><strong>eam</strong></span> <span class='ocrx_word' id='word_1_171' title='bbox 732 1283 759 1310; x_wconf 93' lang='lat' dir='ltr'><strong>in</strong></span> <span class='ocrx_word' id='word_1_172' title='bbox 780 1283 908 1318; x_wconf 74' lang='lat' dir='ltr'><strong>palatium</strong></span> <span class='ocrx_word' id='word_1_173' title='bbox 926 1283 1014 1310; x_wconf 77' lang='lat' dir='ltr'><strong>solatii</strong></span> <span class='ocrx_word' id='word_1_174' title='bbox 1039 1287 1066 1310; x_wconf 82' lang='lat' dir='ltr'><strong>et</strong></span> 
     </span>
    </p>
   </div>
   <div class='ocr_carea' id='block_1_28' title="bbox 283 1330 888 1364">
    <p class='ocr_par' dir='ltr' id='par_1_28' title="bbox 283 1330 888 1364">
     <span class='ocr_line' id='line_1_28' title="bbox 283 1330 888 1364; baseline -0.003 -6"><span class='ocrx_word' id='word_1_175' title='bbox 283 1331 397 1358; x_wconf 79' lang='lat' dir='ltr'><strong>subsidii</strong></span> <span class='ocrx_word' id='word_1_176' title='bbox 412 1338 494 1358; x_wconf 84' lang='lat' dir='ltr'><strong>causa</strong></span> <span class='ocrx_word' id='word_1_177' title='bbox 512 1330 707 1364; x_wconf 78' lang='lat' dir='ltr'><strong>apportandam</strong></span> <span class='ocrx_word' id='word_1_178' title='bbox 733 1334 888 1356; x_wconf 82' lang='lat' dir='ltr'><strong>curaverat.</strong></span> 
     </span>
    </p>
   </div>
   <div class='ocr_carea' id='block_1_29' title="bbox 319 1375 1064 1410">
    <p class='ocr_par' dir='ltr' id='par_1_29' title="bbox 319 1375 1064 1410">
     <span class='ocr_line' id='line_1_29' title="bbox 319 1375 1064 1410; baseline -0.004 -7"><span class='ocrx_word' id='word_1_179' title='bbox 319 1377 389 1409; x_wconf 85' lang='lat' dir='ltr'><strong>Quid</strong></span> <span class='ocrx_word' id='word_1_180' title='bbox 403 1377 585 1404; x_wconf 75' lang='lat' dir='ltr'><strong>venerationis</strong></span> <span class='ocrx_word' id='word_1_181' title='bbox 604 1375 716 1403; x_wconf 81' lang='lat' dir='ltr'><strong>Michael</strong></span> <span class='ocrx_word' id='word_1_182' title='bbox 733 1375 902 1410; x_wconf 73' lang='lat' dir='ltr'><strong>PalanIOgtts</strong></span> <span class='ocrx_word' id='word_1_183' title='bbox 917 1375 1064 1408; x_wconf 72' lang='lat' dir='ltr'><strong>imperator</strong></span> 
     </span>
    </p>
   </div>
   <div class='ocr_carea' id='block_1_30' title="bbox 283 1421 1066 1458">
    <p class='ocr_par' dir='ltr' id='par_1_30' title="bbox 283 1421 1066 1458">
     <span class='ocr_line' id='line_1_30' title="bbox 283 1421 1066 1458; baseline -0.001 -9"><span class='ocrx_word' id='word_1_184' title='bbox 283 1423 395 1458; x_wconf 81' lang='lat' dir='ltr'><strong>imagini</strong></span> <span class='ocrx_word' id='word_1_185' title='bbox 417 1422 596 1457; x_wconf 70' lang='lat' dir='ltr'><strong>llodrgetrim,</strong></span> <span class='ocrx_word' id='word_1_186' title='bbox 620 1422 742 1457; x_wconf 84' lang='lat' dir='ltr'><strong>expulsis</strong></span> <span class='ocrx_word' id='word_1_187' title='bbox 756 1421 862 1450; x_wconf 84' lang='lat' dir='ltr'><strong>Latinis</strong></span> <span class='ocrx_word' id='word_1_188' title='bbox 887 1421 973 1456; x_wconf 90' lang='lat' dir='ltr'><strong>Cpoli,</strong></span> <span class='ocrx_word' id='word_1_189' title='bbox 989 1422 1066 1449; x_wconf 82' lang='lat' dir='ltr'><strong>dctu-</strong></span> 
     </span>
    </p>
   </div>
   <div class='ocr_carea' id='block_1_31' title="bbox 285 1467 817 1503">
    <p class='ocr_par' dir='ltr' id='par_1_31' title="bbox 285 1467 817 1503">
     <span class='ocr_line' id='line_1_31' title="bbox 285 1467 817 1503; baseline 0.002 -9"><span class='ocrx_word' id='word_1_190' title='bbox 285 1468 355 1500; x_wconf 88' lang='lat' dir='ltr'><strong>lerit,</strong></span> <span class='ocrx_word' id='word_1_191' title='bbox 367 1469 479 1503; x_wconf 78' lang='lat' dir='ltr'><strong>exponit</strong></span> <span class='ocrx_word' id='word_1_192' title='bbox 491 1468 628 1503; x_wconf 68' lang='lat' dir='ltr'><strong>Gregoras</strong></span> <span class='ocrx_word' id='word_1_193' title='bbox 643 1467 661 1495; x_wconf 89' lang='lat' dir='ltr'><strong>l.</strong></span> <span class='ocrx_word' id='word_1_194' title='bbox 675 1475 713 1500; x_wconf 87' lang='lat' dir='ltr'><strong>tv,</strong></span> <span class='ocrx_word' id='word_1_195' title='bbox 728 1475 755 1501; x_wconf 90' lang='lat' dir='ltr'><strong>p.</strong></span> <span class='ocrx_word' id='word_1_196' title='bbox 773 1467 817 1495; x_wconf 84' lang='lat'><strong>87.</strong></span> 
     </span>
    </p>
   </div>
   <div class='ocr_carea' id='block_1_32' title="bbox 320 1513 1066 1548">
    <p class='ocr_par' dir='ltr' id='par_1_32' title="bbox 320 1513 1066 1548">
     <span class='ocr_line' id='line_1_32' title="bbox 320 1513 1066 1548; baseline 0 -8"><span class='ocrx_word' id='word_1_197' title='bbox 320 1514 405 1541; x_wconf 85' lang='lat' dir='ltr'><strong>Porro</strong></span> <span class='ocrx_word' id='word_1_198' title='bbox 426 1514 555 1548; x_wconf 84' lang='lat' dir='ltr'><strong>templum</strong></span> <span class='ocrx_word' id='word_1_199' title='bbox 574 1514 629 1540; x_wconf 82' lang='grc' dir='ltr'><strong>τῶν</strong></span> <span class='ocrx_word' id='word_1_200' title='bbox 644 1514 750 1548; x_wconf 78' lang='grc' dir='ltr'><strong>ὁδηγῶν</strong></span> <span class='ocrx_word' id='word_1_201' title='bbox 763 1514 907 1541; x_wconf 62' lang='lat' dir='ltr'><strong>aedificavit</strong></span> <span class='ocrx_word' id='word_1_202' title='bbox 922 1513 1066 1540; x_wconf 79' lang='lat' dir='ltr'><strong>I‘ulclteria</strong></span> 
     </span>
    </p>
   </div>
   <div class='ocr_carea' id='block_1_33' title="bbox 284 1561 1101 1602">
    <p class='ocr_par' dir='ltr' id='par_1_33' title="bbox 284 1561 1101 1602">
     <span class='ocr_line' id='line_1_33' title="bbox 284 1561 1101 1602; baseline 0 -14"><span class='ocrx_word' id='word_1_203' title='bbox 284 1561 454 1596; x_wconf 81' lang='lat' dir='ltr'><strong>imperatrix,</strong></span> <span class='ocrx_word' id='word_1_204' title='bbox 472 1562 498 1588; x_wconf 91' lang='lat' dir='ltr'><strong>in</strong></span> <span class='ocrx_word' id='word_1_205' title='bbox 520 1569 575 1596; x_wconf 89' lang='lat' dir='ltr'><strong>quo</strong></span> <span class='ocrx_word' id='word_1_206' title='bbox 594 1562 712 1589; x_wconf 79' lang='lat' dir='ltr'><strong>divinam</strong></span> <span class='ocrx_word' id='word_1_207' title='bbox 730 1562 1007 1596; x_wconf 62' lang='lat' dir='ltr'><strong>Deiparaz‘imaginem</strong></span> <span class='ocrx_word' id='word_1_208' title='bbox 1026 1570 1068 1589; x_wconf 83' lang='lat' dir='ltr'><strong>re—</strong></span> <span class='ocrx_word' id='word_1_209' title='bbox 1081 1574 1101 1602; x_wconf 68' lang='grc' dir='ltr'><strong>ο</strong></span> 
     </span>
    </p>
   </div>
   <div class='ocr_carea' id='block_1_34' title="bbox 284 1607 1067 1643">
    <p class='ocr_par' dir='ltr' id='par_1_34' title="bbox 284 1607 1067 1643">
     <span class='ocr_line' id='line_1_34' title="bbox 284 1607 1067 1643; baseline 0.003 -10"><span class='ocrx_word' id='word_1_210' title='bbox 284 1608 386 1642; x_wconf 82' lang='lat' dir='ltr'><strong>posuit,</strong></span> <span class='ocrx_word' id='word_1_211' title='bbox 408 1615 490 1642; x_wconf 87' lang='lat' dir='ltr'><strong>quam</strong></span> <span class='ocrx_word' id='word_1_212' title='bbox 508 1607 597 1635; x_wconf 84' lang='lat' dir='ltr'><strong>Lucas</strong></span> <span class='ocrx_word' id='word_1_213' title='bbox 613 1608 783 1642; x_wconf 73' lang='lat' dir='ltr'><strong>evangelista</strong></span> <span class='ocrx_word' id='word_1_214' title='bbox 802 1607 828 1634; x_wconf 89' lang='lat' dir='ltr'><strong>in</strong></span> <span class='ocrx_word' id='word_1_215' title='bbox 857 1608 950 1635; x_wconf 86' lang='lat' dir='ltr'><strong>tabula</strong></span> <span class='ocrx_word' id='word_1_216' title='bbox 974 1608 1067 1643; x_wconf 73' lang='lat' dir='ltr'><strong>depic-</strong></span> 
     </span>
    </p>
   </div>
   <div class='ocr_carea' id='block_1_35' title="bbox 285 1652 889 1688">
    <p class='ocr_par' dir='ltr' id='par_1_35' title="bbox 285 1652 889 1688">
     <span class='ocr_line' id='line_1_35' title="bbox 285 1652 889 1688; baseline 0.003 -8"><span class='ocrx_word' id='word_1_217' title='bbox 285 1658 338 1680; x_wconf 85' lang='lat' dir='ltr'><strong>tam</strong></span> <span class='ocrx_word' id='word_1_218' title='bbox 354 1653 475 1688; x_wconf 87' lang='lat' dir='ltr'><strong>reliquit,</strong></span> <span class='ocrx_word' id='word_1_219' title='bbox 491 1658 520 1680; x_wconf 91' lang='lat' dir='ltr'><strong>ut</strong></span> <span class='ocrx_word' id='word_1_220' title='bbox 537 1654 574 1680; x_wconf 90' lang='lat' dir='ltr'><strong>ait</strong></span> <span class='ocrx_word' id='word_1_221' title='bbox 598 1652 778 1688; x_wconf 66' lang='lat' dir='ltr'><strong>Nicepttorus,</strong></span> <span class='ocrx_word' id='word_1_222' title='bbox 793 1662 847 1684; x_wconf 83' lang='lat' dir='ltr'><strong>xtv.</strong></span> <span class='ocrx_word' id='word_1_223' title='bbox 862 1655 889 1682; x_wconf 78' lang='lat'><strong>‘2.</strong></span> 
     </span>
    </p>
   </div>
   <div class='ocr_carea' id='block_1_36' title="bbox 320 1699 1068 1735">
    <p class='ocr_par' dir='ltr' id='par_1_36' title="bbox 320 1699 1068 1735">
     <span class='ocr_line' id='line_1_36' title="bbox 320 1699 1068 1735; baseline 0.001 -9"><span class='ocrx_word' id='word_1_224' title='bbox 320 1699 388 1726; x_wconf 90' lang='lat' dir='ltr'><strong>Cum</strong></span> <span class='ocrx_word' id='word_1_225' title='bbox 408 1699 531 1726; x_wconf 85' lang='lat' dir='ltr'><strong>lsaacum</strong></span> <span class='ocrx_word' id='word_1_226' title='bbox 547 1700 680 1735; x_wconf 80' lang='lat' dir='ltr'><strong>Angelum</strong></span> <span class='ocrx_word' id='word_1_227' title='bbox 696 1700 761 1734; x_wconf 92' lang='lat' dir='ltr'><strong>imp.</strong></span> <span class='ocrx_word' id='word_1_228' title='bbox 775 1700 946 1734; x_wconf 88' lang='lat' dir='ltr'><strong>Cpolitanum</strong></span> <span class='ocrx_word' id='word_1_229' title='bbox 966 1700 1068 1727; x_wconf 82' lang='lat' dir='ltr'><strong>Brauas</strong></span> 
     </span>
    </p>
   </div>
   <div class='ocr_carea' id='block_1_37' title="bbox 284 1745 1066 1781">
    <p class='ocr_par' dir='ltr' id='par_1_37' title="bbox 284 1745 1066 1781">
     <span class='ocr_line' id='line_1_37' title="bbox 284 1745 1066 1781; baseline 0 -9"><span class='ocrx_word' id='word_1_230' title='bbox 284 1752 360 1773; x_wconf 86' lang='lat' dir='ltr'><strong>arcte</strong></span> <span class='ocrx_word' id='word_1_231' title='bbox 370 1745 519 1778; x_wconf 88' lang='lat' dir='ltr'><strong>obsideret,</strong></span> <span class='ocrx_word' id='word_1_232' title='bbox 533 1746 681 1780; x_wconf 82' lang='lat' dir='ltr'><strong>imperator</strong></span> <span class='ocrx_word' id='word_1_233' title='bbox 695 1745 742 1772; x_wconf 85' lang='lat' dir='ltr'><strong>Dei</strong></span> <span class='ocrx_word' id='word_1_234' title='bbox 758 1745 897 1773; x_wconf 73' lang='lat' dir='ltr'><strong>Genitricii</strong></span> <span class='ocrx_word' id='word_1_235' title='bbox 912 1747 1066 1781; x_wconf 80' lang='lat' dir='ltr'><strong>imaginem,</strong></span> 
     </span>
    </p>
   </div>
   <div class='ocr_carea' id='block_1_38' title="bbox 284 1790 1065 1826">
    <p class='ocr_par' dir='ltr' id='par_1_38' title="bbox 284 1790 1065 1826">
     <span class='ocr_line' id='line_1_38' title="bbox 284 1790 1065 1826; baseline 0.001 -9"><span class='ocrx_word' id='word_1_236' title='bbox 284 1800 341 1825; x_wconf 71' lang='lat' dir='ltr'><strong>qua:</strong></span> <span class='ocrx_word' id='word_1_237' title='bbox 354 1791 386 1818; x_wconf 85' lang='lat' dir='ltr'><strong>ab</strong></span> <span class='ocrx_word' id='word_1_238' title='bbox 406 1790 523 1826; x_wconf 81' lang='lat' dir='ltr'><strong>Hodegio</strong></span> <span class='ocrx_word' id='word_1_239' title='bbox 538 1791 698 1819; x_wconf 68' lang='lat' dir='ltr'><strong>monasterio</strong></span> <span class='ocrx_word' id='word_1_240' title='bbox 709 1791 868 1826; x_wconf 81' lang='lat' dir='ltr'><strong>Ilodegetria</strong></span> <span class='ocrx_word' id='word_1_241' title='bbox 887 1797 1065 1826; x_wconf 85' lang='lat' dir='ltr'><strong>nuncupatur,</strong></span> 
     </span>
    </p>
   </div>
   <div class='ocr_carea' id='block_1_39' title="bbox 284 1837 1068 1872">
    <p class='ocr_par' dir='ltr' id='par_1_39' title="bbox 284 1837 1068 1872">
     <span class='ocr_line' id='line_1_39' title="bbox 284 1837 1068 1872; baseline 0.001 -8"><span class='ocrx_word' id='word_1_242' title='bbox 284 1838 312 1864; x_wconf 85' lang='lat' dir='ltr'><strong>in</strong></span> <span class='ocrx_word' id='word_1_243' title='bbox 337 1838 431 1864; x_wconf 75' lang='lat' dir='ltr'><strong>mwuia</strong></span> <span class='ocrx_word' id='word_1_244' title='bbox 460 1846 508 1872; x_wconf 86' lang='lat' dir='ltr'><strong>pro</strong></span> <span class='ocrx_word' id='word_1_245' title='bbox 534 1837 604 1864; x_wconf 73' lang='lat' dir='ltr'><strong>nullo</strong></span> <span class='ocrx_word' id='word_1_246' title='bbox 633 1837 831 1872; x_wconf 74' lang='lat' dir='ltr'><strong>inexpugnabili</strong></span> <span class='ocrx_word' id='word_1_247' title='bbox 858 1838 1006 1869; x_wconf 71' lang='lat' dir='ltr'><strong>transtulit,</strong></span> <span class='ocrx_word' id='word_1_248' title='bbox 1039 1842 1068 1865; x_wconf 86' lang='lat' dir='ltr'><strong>ut</strong></span> 
     </span>
    </p>
   </div>
   <div class='ocr_carea' id='block_1_40' title="bbox 284 1882 1067 1916">
    <p class='ocr_par' dir='ltr' id='par_1_40' title="bbox 284 1882 1067 1916">
     <span class='ocr_line' id='line_1_40' title="bbox 284 1882 1067 1916; baseline -0.003 -6"><span class='ocrx_word' id='word_1_249' title='bbox 284 1883 380 1910; x_wconf 70' lang='lat' dir='ltr'><strong>srribit</strong></span> <span class='ocrx_word' id='word_1_250' title='bbox 410 1883 517 1912; x_wconf 82' lang='lat' dir='ltr'><strong>Nicetas</strong></span> <span class='ocrx_word' id='word_1_251' title='bbox 549 1883 697 1910; x_wconf 82' lang='lat' dir='ltr'><strong>Cboniates</strong></span> <span class='ocrx_word' id='word_1_252' title='bbox 733 1883 752 1909; x_wconf 94' lang='grc'><strong>1.</strong></span> <span class='ocrx_word' id='word_1_253' title='bbox 777 1891 784 1910; x_wconf 91' lang='grc' dir='ltr'><strong>ι</strong></span> <span class='ocrx_word' id='word_1_254' title='bbox 815 1882 851 1909; x_wconf 86' lang='lat' dir='ltr'><strong>De</strong></span> <span class='ocrx_word' id='word_1_255' title='bbox 879 1883 957 1909; x_wconf 74' lang='lat' dir='ltr'><strong>rrbus</strong></span> <span class='ocrx_word' id='word_1_256' title='bbox 984 1883 1067 1916; x_wconf 79' lang='lat' dir='ltr'><strong>gestis</strong></span> 
     </span>
    </p>
   </div>
   <div class='ocr_carea' id='block_1_41' title="bbox 284 1928 1067 1964">
    <p class='ocr_par' dir='ltr' id='par_1_41' title="bbox 284 1928 1067 1964">
     <span class='ocr_line' id='line_1_41' title="bbox 284 1928 1067 1964; baseline -0.001 -8"><span class='ocrx_word' id='word_1_257' title='bbox 284 1929 370 1956; x_wconf 82' lang='lat' dir='ltr'><strong>lsaaci</strong></span> <span class='ocrx_word' id='word_1_258' title='bbox 399 1929 504 1964; x_wconf 79' lang='lat' dir='ltr'><strong>Angeli.</strong></span> <span class='ocrx_word' id='word_1_259' title='bbox 544 1929 598 1956; x_wconf 87' lang='lat' dir='ltr'><strong>Nec</strong></span> <span class='ocrx_word' id='word_1_260' title='bbox 615 1929 726 1962; x_wconf 82' lang='lat' dir='ltr'><strong>frustra,</strong></span> <span class='ocrx_word' id='word_1_261' title='bbox 752 1933 782 1956; x_wconf 91' lang='lat' dir='ltr'><strong>ut</strong></span> <span class='ocrx_word' id='word_1_262' title='bbox 805 1928 870 1956; x_wconf 77' lang='lat' dir='ltr'><strong>felix</strong></span> <span class='ocrx_word' id='word_1_263' title='bbox 897 1929 989 1956; x_wconf 77' lang='lat' dir='ltr'><strong>exitus</strong></span> <span class='ocrx_word' id='word_1_264' title='bbox 1019 1928 1067 1955; x_wconf 80' lang='lat' dir='ltr'><strong>dc-</strong></span> 
     </span>
    </p>
   </div>
   <div class='ocr_carea' id='block_1_42' title="bbox 283 1975 406 2003">
    <p class='ocr_par' dir='ltr' id='par_1_42' title="bbox 283 1975 406 2003">
     <span class='ocr_line' id='line_1_42' title="bbox 283 1975 406 2003; baseline -0.008 0"><span class='ocrx_word' id='word_1_265' title='bbox 283 1975 406 2003; x_wconf 83' lang='lat' dir='ltr'><strong>claravit.</strong></span> 
     </span>
    </p>
   </div>
   <div class='ocr_carea' id='block_1_43' title="bbox 321 2019 1069 2057">
    <p class='ocr_par' dir='ltr' id='par_1_43' title="bbox 321 2019 1069 2057">
     <span class='ocr_line' id='line_1_43' title="bbox 321 2019 1069 2057; baseline -0.003 -9"><span class='ocrx_word' id='word_1_266' title='bbox 321 2021 354 2048; x_wconf 91' lang='lat' dir='ltr'><strong>Ut</strong></span> <span class='ocrx_word' id='word_1_267' title='bbox 371 2021 566 2057; x_wconf 79' lang='lat' dir='ltr'><strong>jusjurandum</strong></span> <span class='ocrx_word' id='word_1_268' title='bbox 582 2030 616 2049; x_wconf 89' lang='lat' dir='ltr'><strong>eo</strong></span> <span class='ocrx_word' id='word_1_269' title='bbox 636 2021 740 2049; x_wconf 85' lang='lat' dir='ltr'><strong>firmius</strong></span> <span class='ocrx_word' id='word_1_270' title='bbox 760 2024 844 2052; x_wconf 84' lang='lat' dir='ltr'><strong>esset,</strong></span> <span class='ocrx_word' id='word_1_271' title='bbox 862 2019 946 2047; x_wconf 89' lang='lat' dir='ltr'><strong>voluit</strong></span> <span class='ocrx_word' id='word_1_272' title='bbox 961 2020 1069 2047; x_wconf 80' lang='lat' dir='ltr'><strong>Andro-</strong></span> 
     </span>
    </p>
   </div>
   <div class='ocr_carea' id='block_1_44' title="bbox 283 2067 1067 2103">
    <p class='ocr_par' dir='ltr' id='par_1_44' title="bbox 283 2067 1067 2103">
     <span class='ocr_line' id='line_1_44' title="bbox 283 2067 1067 2103; baseline 0 -9"><span class='ocrx_word' id='word_1_273' title='bbox 283 2069 363 2095; x_wconf 71' lang='lat' dir='ltr'><strong>nicus</strong></span> <span class='ocrx_word' id='word_1_274' title='bbox 379 2069 472 2096; x_wconf 89' lang='lat' dir='ltr'><strong>senior</strong></span> <span class='ocrx_word' id='word_1_275' title='bbox 486 2069 636 2103; x_wconf 87' lang='lat' dir='ltr'><strong>imperator</strong></span> <span class='ocrx_word' id='word_1_276' title='bbox 653 2068 704 2096; x_wconf 78' lang='lat' dir='ltr'><strong>sibi</strong></span> <span class='ocrx_word' id='word_1_277' title='bbox 723 2068 789 2096; x_wconf 91' lang='lat' dir='ltr'><strong>illud</strong></span> <span class='ocrx_word' id='word_1_278' title='bbox 808 2068 868 2095; x_wconf 89' lang='lat' dir='ltr'><strong>dari</strong></span> <span class='ocrx_word' id='word_1_279' title='bbox 894 2075 909 2094; x_wconf 83' lang='lat' dir='ltr'><strong>a</strong></span> <span class='ocrx_word' id='word_1_280' title='bbox 934 2067 1067 2095; x_wconf 78' lang='lat' dir='ltr'><strong>Micliaele</strong></span> 
     </span>
    </p>
   </div>
   <div class='ocr_carea' id='block_1_45' title="bbox 282 2114 1067 2149">
    <p class='ocr_par' dir='ltr' id='par_1_45' title="bbox 282 2114 1067 2149">
     <span class='ocr_line' id='line_1_45' title="bbox 282 2114 1067 2149; baseline 0.001 -9"><span class='ocrx_word' id='word_1_281' title='bbox 282 2114 413 2147; x_wconf 78' lang='lat' dir='ltr'><strong>Catltaro,</strong></span> <span class='ocrx_word' id='word_1_282' title='bbox 430 2119 527 2149; x_wconf 88' lang='lat' dir='ltr'><strong>nepote</strong></span> <span class='ocrx_word' id='word_1_283' title='bbox 541 2122 603 2147; x_wconf 88' lang='lat' dir='ltr'><strong>stto,</strong></span> <span class='ocrx_word' id='word_1_284' title='bbox 625 2122 717 2141; x_wconf 89' lang='lat' dir='ltr'><strong>coram</strong></span> <span class='ocrx_word' id='word_1_285' title='bbox 743 2118 922 2142; x_wconf 84' lang='lat' dir='ltr'><strong>sacrosancta</strong></span> <span class='ocrx_word' id='word_1_286' title='bbox 949 2114 1067 2148; x_wconf 70' lang='lat' dir='ltr'><strong>imagine</strong></span> 
     </span>
    </p>
   </div>
   <div class='ocr_carea' id='block_1_46' title="bbox 283 2159 1068 2194">
    <p class='ocr_par' dir='ltr' id='par_1_46' title="bbox 283 2159 1068 2194">
     <span class='ocr_line' id='line_1_46' title="bbox 283 2159 1068 2194; baseline 0.001 -9"><span class='ocrx_word' id='word_1_287' title='bbox 283 2160 444 2188; x_wconf 66' lang='lat' dir='ltr'><strong>castissima:</strong></span> <span class='ocrx_word' id='word_1_288' title='bbox 472 2160 518 2187; x_wconf 85' lang='lat' dir='ltr'><strong>Dei</strong></span> <span class='ocrx_word' id='word_1_289' title='bbox 546 2160 692 2188; x_wconf 86' lang='lat' dir='ltr'><strong>Geuitricis</strong></span> <span class='ocrx_word' id='word_1_290' title='bbox 721 2159 900 2194; x_wconf 68' lang='lat' dir='ltr'><strong>llodegetrite,</strong></span> <span class='ocrx_word' id='word_1_291' title='bbox 931 2159 1068 2187; x_wconf 81' lang='lat' dir='ltr'><strong>utsrribit</strong></span> 
     </span>
    </p>
   </div>
   <div class='ocr_carea' id='block_1_47' title="bbox 282 2206 1066 2242">
    <p class='ocr_par' dir='ltr' id='par_1_47' title="bbox 282 2206 1066 2242">
     <span class='ocr_line' id='line_1_47' title="bbox 282 2206 1066 2242; baseline 0.001 -10"><span class='ocrx_word' id='word_1_292' title='bbox 282 2207 429 2241; x_wconf 67' lang='lat' dir='ltr'><strong>Gregoras,</strong></span> <span class='ocrx_word' id='word_1_293' title='bbox 443 2207 461 2234; x_wconf 89' lang='lat' dir='ltr'><strong>l.</strong></span> <span class='ocrx_word' id='word_1_294' title='bbox 479 2215 537 2234; x_wconf 88' lang='lat' dir='ltr'><strong>vnt.</strong></span> <span class='ocrx_word' id='word_1_295' title='bbox 559 2206 749 2242; x_wconf 81' lang='lat' dir='ltr'><strong>Hodegetriam</strong></span> <span class='ocrx_word' id='word_1_296' title='bbox 767 2213 849 2241; x_wconf 91' lang='lat' dir='ltr'><strong>porro</strong></span> <span class='ocrx_word' id='word_1_297' title='bbox 868 2206 1066 2240; x_wconf 87' lang='lat' dir='ltr'><strong>interpretatur</strong></span> 
     </span>
    </p>
   </div>
   <div class='ocr_carea' id='block_1_48' title="bbox 283 2251 1009 2287">
    <p class='ocr_par' dir='ltr' id='par_1_48' title="bbox 283 2251 1009 2287">
     <span class='ocr_line' id='line_1_48' title="bbox 283 2251 1009 2287; baseline 0.001 -9"><span class='ocrx_word' id='word_1_298' title='bbox 283 2251 452 2280; x_wconf 72' lang='lat' dir='ltr'><strong>Wolliusviw</strong></span> <span class='ocrx_word' id='word_1_299' title='bbox 459 2253 671 2287; x_wconf 68' lang='lat' dir='ltr'><strong>monstratricem</strong></span> <span class='ocrx_word' id='word_1_300' title='bbox 683 2260 731 2280; x_wconf 88' lang='lat' dir='ltr'><strong>seu</strong></span> <span class='ocrx_word' id='word_1_301' title='bbox 740 2252 894 2280; x_wconf 69' lang='lat' dir='ltr'><strong>ducti-iaetu.</strong></span> <span class='ocrx_word' id='word_1_302' title='bbox 904 2252 1009 2279; x_wconf 76' lang='lat' dir='ltr'><strong>Gutz&#39;rs.</strong></span> 
     </span>
    </p>
   </div>
   <div class='ocr_carea' id='block_1_49' title="bbox 318 2298 1065 2335">
    <p class='ocr_par' dir='ltr' id='par_1_49' title="bbox 318 2298 1065 2335">
     <span class='ocr_line' id='line_1_49' title="bbox 318 2298 1065 2335; baseline -0.001 -10"><span class='ocrx_word' id='word_1_303' title='bbox 318 2299 387 2325; x_wconf 83' lang='lat' dir='ltr'><strong>Ibid.</strong></span> <span class='ocrx_word' id='word_1_304' title='bbox 405 2298 488 2335; x_wconf 77' lang='lat' dir='ltr'><strong>[Vere</strong></span> <span class='ocrx_word' id='word_1_305' title='bbox 496 2299 606 2334; x_wconf 87' lang='lat' dir='ltr'><strong>quidem</strong></span> <span class='ocrx_word' id='word_1_306' title='bbox 616 2299 759 2328; x_wconf 81' lang='lat' dir='ltr'><strong>Gretserus</strong></span> <span class='ocrx_word' id='word_1_307' title='bbox 773 2299 823 2334; x_wconf 79' lang='grc' dir='ltr'><strong>τὴν</strong></span> <span class='ocrx_word' id='word_1_308' title='bbox 837 2300 927 2326; x_wconf 75' lang='grc' dir='ltr'>εἰκόνα</span> <span class='ocrx_word' id='word_1_309' title='bbox 938 2298 987 2334; x_wconf 74' lang='grc' dir='ltr'><strong>τῆς</strong></span> <span class='ocrx_word' id='word_1_310' title='bbox 1005 2298 1065 2325; x_wconf 85' lang='grc' dir='ltr'><strong>θεο-</strong></span> 
     </span>
    </p>
   </div>
   <div class='ocr_carea' id='block_1_50' title="bbox 285 2344 1065 2380">
    <p class='ocr_par' dir='ltr' id='par_1_50' title="bbox 285 2344 1065 2380">
     <span class='ocr_line' id='line_1_50' title="bbox 285 2344 1065 2380; baseline 0.003 -10"><span class='ocrx_word' id='word_1_311' title='bbox 285 2345 415 2378; x_wconf 82' lang='grc' dir='ltr'><strong>μήτορος,</strong></span> <span class='ocrx_word' id='word_1_312' title='bbox 432 2346 494 2380; x_wconf 77' lang='grc' dir='ltr'>ἥτις</span> <span class='ocrx_word' id='word_1_313' title='bbox 509 2347 540 2373; x_wconf 85' lang='grc' dir='ltr'><strong>ἐκ</strong></span> <span class='ocrx_word' id='word_1_314' title='bbox 566 2345 617 2378; x_wconf 79' lang='grc' dir='ltr'><strong>τῆς</strong></span> <span class='ocrx_word' id='word_1_315' title='bbox 640 2346 693 2372; x_wconf 82' lang='grc' dir='ltr'><strong>τῶν</strong></span> <span class='ocrx_word' id='word_1_316' title='bbox 711 2345 834 2380; x_wconf 81' lang='grc' dir='ltr'>Ὀδηγῶν</span> <span class='ocrx_word' id='word_1_317' title='bbox 851 2347 934 2380; x_wconf 81' lang='grc' dir='ltr'>μονῆς</span> <span class='ocrx_word' id='word_1_318' title='bbox 949 2345 1018 2372; x_wconf 76' lang='grc' dir='ltr'><strong>καθ’</strong></span> <span class='ocrx_word' id='word_1_319' title='bbox 1033 2344 1065 2380; x_wconf 88' lang='grc' dir='ltr'>ῆν</span> 
     </span>
    </p>
   </div>
   <div class='ocr_carea' id='block_1_51' title="bbox 284 2390 1067 2426">
    <p class='ocr_par' dir='ltr' id='par_1_51' title="bbox 284 2390 1067 2426">
     <span class='ocr_line' id='line_1_51' title="bbox 284 2390 1067 2426; baseline 0.004 -11"><span class='ocrx_word' id='word_1_320' title='bbox 284 2390 531 2424; x_wconf 78' lang='grc' dir='ltr'><strong>προσκεκλήρωται</strong></span> <span class='ocrx_word' id='word_1_321' title='bbox 564 2391 745 2426; x_wconf 83' lang='grc' dir='ltr'><strong>Ὀδηγήτριαν</strong></span> <span class='ocrx_word' id='word_1_322' title='bbox 775 2391 999 2426; x_wconf 78' lang='grc' dir='ltr'><strong>προσκεκλῆσθαι</strong></span> <span class='ocrx_word' id='word_1_323' title='bbox 1024 2399 1067 2419; x_wconf 72' lang='lat' dir='ltr'><strong>rc&lt;</strong></span> 
     </span>
    </p>
   </div>
   <div class='ocr_carea' id='block_1_52' title="bbox 283 2433 1067 2472">
    <p class='ocr_par' dir='ltr' id='par_1_52' title="bbox 283 2433 1067 2472">
     <span class='ocr_line' id='line_1_52' title="bbox 283 2433 1067 2472; baseline 0.005 -11"><span class='ocrx_word' id='word_1_324' title='bbox 283 2435 336 2462; x_wconf 87' lang='lat' dir='ltr'><strong>fert</strong></span> <span class='ocrx_word' id='word_1_325' title='bbox 350 2443 382 2462; x_wconf 89' lang='lat' dir='ltr'><strong>ex</strong></span> <span class='ocrx_word' id='word_1_326' title='bbox 396 2435 487 2463; x_wconf 83' lang='lat' dir='ltr'><strong>Nicela</strong></span> <span class='ocrx_word' id='word_1_327' title='bbox 503 2437 529 2463; x_wconf 92' lang='lat' dir='ltr'><strong>in</strong></span> <span class='ocrx_word' id='word_1_328' title='bbox 545 2437 647 2465; x_wconf 87' lang='lat' dir='ltr'><strong>Isaacio</strong></span> <span class='ocrx_word' id='word_1_329' title='bbox 658 2433 761 2472; x_wconf 63' lang='lat' dir='ltr'><strong>Angelo</strong></span> <span class='ocrx_word' id='word_1_330' title='bbox 775 2437 794 2465; x_wconf 93' lang='lat' dir='ltr'><strong>l.</strong></span> <span class='ocrx_word' id='word_1_331' title='bbox 808 2445 815 2464; x_wconf 95' lang='lat' dir='ltr'><strong>l</strong></span> <span class='ocrx_word' id='word_1_332' title='bbox 829 2446 837 2469; x_wconf 83' lang='lat'>;</span> <span class='ocrx_word' id='word_1_333' title='bbox 863 2437 986 2465; x_wconf 84' lang='lat' dir='ltr'><strong>eamdem</strong></span> <span class='ocrx_word' id='word_1_334' title='bbox 1001 2445 1067 2465; x_wconf 87' lang='lat' dir='ltr'><strong>vero</strong></span> 
     </span>
    </p>
   </div>
   <div class='ocr_carea' id='block_1_53' title="bbox 284 2482 1068 2518">
    <p class='ocr_par' dir='ltr' id='par_1_53' title="bbox 284 2482 1068 2518">
     <span class='ocr_line' id='line_1_53' title="bbox 284 2482 1068 2518; baseline 0.003 -10"><span class='ocrx_word' id='word_1_335' title='bbox 284 2487 454 2513; x_wconf 88' lang='lat' dir='ltr'><strong>asserturus,</strong></span> <span class='ocrx_word' id='word_1_336' title='bbox 483 2482 516 2509; x_wconf 85' lang='lat' dir='ltr'><strong>ad</strong></span> <span class='ocrx_word' id='word_1_337' title='bbox 542 2490 624 2517; x_wconf 85' lang='lat' dir='ltr'><strong>quam</strong></span> <span class='ocrx_word' id='word_1_338' title='bbox 652 2483 724 2510; x_wconf 76' lang='lat' dir='ltr'><strong>bello</strong></span> <span class='ocrx_word' id='word_1_339' title='bbox 752 2491 864 2518; x_wconf 78' lang='lat' dir='ltr'><strong>pressus</strong></span> <span class='ocrx_word' id='word_1_340' title='bbox 889 2487 916 2510; x_wconf 86' lang='lat' dir='ltr'><strong>et</strong></span> <span class='ocrx_word' id='word_1_341' title='bbox 943 2488 1068 2518; x_wconf 86' lang='lat' dir='ltr'><strong>anepotc</strong></span> 
     </span>
    </p>
   </div>
   <div class='ocr_carea' id='block_1_54' title="bbox 281 2527 1069 2563">
    <p class='ocr_par' dir='ltr' id='par_1_54' title="bbox 281 2527 1069 2563">
     <span class='ocr_line' id='line_1_54' title="bbox 281 2527 1069 2563; baseline 0.001 -9"><span class='ocrx_word' id='word_1_342' title='bbox 281 2533 380 2563; x_wconf 81' lang='lat' dir='ltr'><strong>captus</strong></span> <span class='ocrx_word' id='word_1_343' title='bbox 394 2527 487 2555; x_wconf 88' lang='lat' dir='ltr'><strong>senior</strong></span> <span class='ocrx_word' id='word_1_344' title='bbox 509 2528 682 2556; x_wconf 84' lang='lat' dir='ltr'><strong>Andronicus</strong></span> <span class='ocrx_word' id='word_1_345' title='bbox 697 2528 861 2563; x_wconf 78' lang='lat' dir='ltr'><strong>confugerit,</strong></span> <span class='ocrx_word' id='word_1_346' title='bbox 878 2533 908 2555; x_wconf 91' lang='lat' dir='ltr'><strong>ut</strong></span> <span class='ocrx_word' id='word_1_347' title='bbox 933 2536 993 2555; x_wconf 85' lang='lat' dir='ltr'><strong>eam</strong></span> <span class='ocrx_word' id='word_1_348' title='bbox 1010 2536 1069 2555; x_wconf 88' lang='lat' dir='ltr'><strong>am-</strong></span> 
     </span>
    </p>
   </div>
   <div class='ocr_carea' id='block_1_55' title="bbox 282 2573 1067 2609">
    <p class='ocr_par' dir='ltr' id='par_1_55' title="bbox 282 2573 1067 2609">
     <span class='ocr_line' id='line_1_55' title="bbox 282 2573 1067 2609; baseline -0.001 -8"><span class='ocrx_word' id='word_1_349' title='bbox 282 2575 380 2609; x_wconf 79' lang='lat' dir='ltr'><strong>plexus</strong></span> <span class='ocrx_word' id='word_1_350' title='bbox 400 2573 462 2601; x_wconf 72' lang='lat' dir='ltr'><strong>vita:</strong></span> <span class='ocrx_word' id='word_1_351' title='bbox 481 2573 669 2608; x_wconf 84' lang='lat' dir='ltr'><strong>libertatisque</strong></span> <span class='ocrx_word' id='word_1_352' title='bbox 689 2573 887 2600; x_wconf 87' lang='lat' dir='ltr'><strong>immunitatem</strong></span> <span class='ocrx_word' id='word_1_353' title='bbox 906 2580 1067 2606; x_wconf 70' lang='lat' dir='ltr'><strong>assequem-</strong></span> 
     </span>
    </p>
   </div>
   <div class='ocr_carea' id='block_1_56' title="bbox 283 2617 1069 2650">
    <p class='ocr_par' dir='ltr' id='par_1_56' title="bbox 283 2617 1069 2650">
     <span class='ocr_line' id='line_1_56' title="bbox 283 2617 1069 2650; baseline -0.004 -4"><span class='ocrx_word' id='word_1_354' title='bbox 283 2625 340 2650; x_wconf 88' lang='lat' dir='ltr'><strong>lnr,</strong></span> <span class='ocrx_word' id='word_1_355' title='bbox 353 2627 383 2646; x_wconf 87' lang='lat' dir='ltr'><strong>se</strong></span> <span class='ocrx_word' id='word_1_356' title='bbox 399 2622 506 2646; x_wconf 88' lang='lat' dir='ltr'><strong>tantum</strong></span> <span class='ocrx_word' id='word_1_357' title='bbox 520 2622 630 2645; x_wconf 86' lang='lat' dir='ltr'><strong>auctore</strong></span> <span class='ocrx_word' id='word_1_358' title='bbox 643 2622 670 2644; x_wconf 88' lang='lat' dir='ltr'><strong>et</strong></span> <span class='ocrx_word' id='word_1_359' title='bbox 687 2622 754 2645; x_wconf 85' lang='lat' dir='ltr'><strong>teste</strong></span> <span class='ocrx_word' id='word_1_360' title='bbox 777 2617 865 2644; x_wconf 84' lang='lat' dir='ltr'><strong>firmat</strong></span> <span class='ocrx_word' id='word_1_361' title='bbox 880 2617 1024 2645; x_wconf 80' lang='lat' dir='ltr'><strong>Grctserus</strong></span> <span class='ocrx_word' id='word_1_362' title='bbox 1037 2624 1069 2643; x_wconf 85' lang='lat' dir='ltr'><strong>ac</strong></span> 
     </span>
    </p>
   </div>
   <div class='ocr_carea' id='block_1_57' title="bbox 283 2662 1066 2695">
    <p class='ocr_par' dir='ltr' id='par_1_57' title="bbox 283 2662 1066 2695">
     <span class='ocr_line' id='line_1_57' title="bbox 283 2662 1066 2695; baseline -0.004 -3"><span class='ocrx_word' id='word_1_363' title='bbox 283 2665 393 2692; x_wconf 80' lang='lat' dir='ltr'><strong>nonnisi</strong></span> <span class='ocrx_word' id='word_1_364' title='bbox 409 2665 509 2692; x_wconf 81' lang='lat' dir='ltr'><strong>dubius</strong></span> <span class='ocrx_word' id='word_1_365' title='bbox 526 2664 704 2692; x_wconf 71' lang='lat' dir='ltr'><strong>vaticinatur.</strong></span> <span class='ocrx_word' id='word_1_366' title='bbox 731 2663 824 2695; x_wconf 80' lang='lat' dir='ltr'><strong>Satius</strong></span> <span class='ocrx_word' id='word_1_367' title='bbox 851 2671 910 2690; x_wconf 84' lang='lat' dir='ltr'><strong>eam</strong></span> <span class='ocrx_word' id='word_1_368' title='bbox 940 2662 1066 2694; x_wconf 73' lang='lat' dir='ltr'><strong>dixisset,</strong></span> 
     </span>
    </p>
   </div>
   <div class='ocr_carea' id='block_1_58' title="bbox 283 2708 1066 2746">
    <p class='ocr_par' dir='ltr' id='par_1_58' title="bbox 283 2708 1066 2746">
     <span class='ocr_line' id='line_1_58' title="bbox 283 2708 1066 2746; baseline -0.004 -9"><span class='ocrx_word' id='word_1_369' title='bbox 283 2719 354 2746; x_wconf 68' lang='lat' dir='ltr'><strong>quae,</strong></span> <span class='ocrx_word' id='word_1_370' title='bbox 372 2711 507 2738; x_wconf 81' lang='lat' dir='ltr'><strong>referente</strong></span> <span class='ocrx_word' id='word_1_371' title='bbox 523 2709 667 2739; x_wconf 80' lang='lat' dir='ltr'><strong>Vincentio</strong></span> <span class='ocrx_word' id='word_1_372' title='bbox 682 2710 707 2736; x_wconf 88' lang='lat' dir='ltr'><strong>in</strong></span> <span class='ocrx_word' id='word_1_373' title='bbox 724 2709 803 2743; x_wconf 86' lang='lat' dir='ltr'><strong>Spee.</strong></span> <span class='ocrx_word' id='word_1_374' title='bbox 832 2708 901 2736; x_wconf 83' lang='lat' dir='ltr'><strong>lltst.</strong></span> <span class='ocrx_word' id='word_1_375' title='bbox 929 2709 975 2740; x_wconf 75' lang='lat'><strong>25,</strong></span> <span class='ocrx_word' id='word_1_376' title='bbox 1005 2708 1066 2740; x_wconf 78' lang='lat' dir='ltr'><strong>H7,</strong></span> 
     </span>
    </p>
   </div>
   <div class='ocr_carea' id='block_1_59' title="bbox 282 2755 1069 2791">
    <p class='ocr_par' dir='ltr' id='par_1_59' title="bbox 282 2755 1069 2791">
     <span class='ocr_line' id='line_1_59' title="bbox 282 2755 1069 2791; baseline -0.005 -7"><span class='ocrx_word' id='word_1_377' title='bbox 282 2758 334 2785; x_wconf 80' lang='lat' dir='ltr'><strong>sub</strong></span> <span class='ocrx_word' id='word_1_378' title='bbox 349 2757 545 2784; x_wconf 76' lang='lat' dir='ltr'><strong>Leouelsauro</strong></span> <span class='ocrx_word' id='word_1_379' title='bbox 562 2763 610 2791; x_wconf 87' lang='lat' dir='ltr'><strong>per</strong></span> <span class='ocrx_word' id='word_1_380' title='bbox 623 2763 715 2783; x_wconf 85' lang='lat' dir='ltr'><strong>muros</strong></span> <span class='ocrx_word' id='word_1_381' title='bbox 738 2755 813 2782; x_wconf 86' lang='lat' dir='ltr'><strong>urbis</strong></span> <span class='ocrx_word' id='word_1_382' title='bbox 837 2755 889 2782; x_wconf 74' lang='grc' dir='ltr'><strong>(ΣΡ.</strong></span> <span class='ocrx_word' id='word_1_383' title='bbox 905 2755 985 2783; x_wconf 85' lang='lat' dir='ltr'><strong>ducta</strong></span> <span class='ocrx_word' id='word_1_384' title='bbox 1017 2756 1069 2781; x_wconf 79' lang='grc' dir='ltr'><strong>Ιω-</strong></span> 
     </span>
    </p>
   </div>
   <div class='ocr_carea' id='block_1_60' title="bbox 279 2801 1069 2830">
    <p class='ocr_par' dir='ltr' id='par_1_60' title="bbox 279 2801 1069 2830">
     <span class='ocr_line' id='line_1_60' title="bbox 279 2801 1069 2830; baseline -0.005 0"><span class='ocrx_word' id='word_1_385' title='bbox 279 2803 347 2830; x_wconf 88' lang='lat' dir='ltr'><strong>dum</strong></span> <span class='ocrx_word' id='word_1_386' title='bbox 376 2803 520 2829; x_wconf 83' lang='lat' dir='ltr'><strong>Saracenis</strong></span> <span class='ocrx_word' id='word_1_387' title='bbox 545 2809 604 2829; x_wconf 90' lang='lat' dir='ltr'><strong>eam</strong></span> <span class='ocrx_word' id='word_1_388' title='bbox 639 2801 733 2828; x_wconf 67' lang='lat' dir='ltr'><strong>urbem</strong></span> <span class='ocrx_word' id='word_1_389' title='bbox 763 2801 953 2828; x_wconf 84' lang='lat' dir='ltr'><strong>obsidentibus</strong></span> <span class='ocrx_word' id='word_1_390' title='bbox 978 2801 1069 2827; x_wconf 86' lang='lat' dir='ltr'><strong>intulit</strong></span> 
     </span>
    </p>
   </div>
   <div class='ocr_carea' id='block_1_61' title="bbox 281 2846 1068 2883">
    <p class='ocr_par' dir='ltr' id='par_1_61' title="bbox 281 2846 1068 2883">
     <span class='ocr_line' id='line_1_61' title="bbox 281 2846 1068 2883; baseline -0.001 -8"><span class='ocrx_word' id='word_1_391' title='bbox 281 2849 469 2883; x_wconf 74' lang='lat' dir='ltr'><strong>naufragium,</strong></span> <span class='ocrx_word' id='word_1_392' title='bbox 493 2847 660 2882; x_wconf 68' lang='grc' dir='ltr'><strong>ὁδηγῇ-τριαν</strong></span> <span class='ocrx_word' id='word_1_393' title='bbox 685 2847 818 2882; x_wconf 82' lang='lat' dir='ltr'><strong>siquidem</strong></span> <span class='ocrx_word' id='word_1_394' title='bbox 849 2846 931 2873; x_wconf 66' lang='lat' dir='ltr'><strong>refert</strong></span> <span class='ocrx_word' id='word_1_395' title='bbox 955 2853 968 2872; x_wconf 89' lang='lat' dir='ltr'><strong>a</strong></span> <span class='ocrx_word' id='word_1_396' title='bbox 998 2846 1068 2874; x_wconf 78' lang='lat' dir='ltr'><strong>Lura</strong></span> 
     </span>
    </p>
   </div>
   <div class='ocr_carea' id='block_1_62' title="bbox 281 2893 1068 2930">
    <p class='ocr_par' dir='ltr' id='par_1_62' title="bbox 281 2893 1068 2930">
     <span class='ocr_line' id='line_1_62' title="bbox 281 2893 1068 2930; baseline -0.003 -8"><span class='ocrx_word' id='word_1_397' title='bbox 281 2902 346 2922; x_wconf 76' lang='lat' dir='ltr'><strong>cum</strong></span> <span class='ocrx_word' id='word_1_398' title='bbox 358 2901 444 2929; x_wconf 88' lang='lat' dir='ltr'><strong>puero</strong></span> <span class='ocrx_word' id='word_1_399' title='bbox 458 2893 524 2923; x_wconf 80' lang='lat' dir='ltr'><strong>Jesu</strong></span> <span class='ocrx_word' id='word_1_400' title='bbox 540 2895 613 2922; x_wconf 88' lang='lat' dir='ltr'><strong>ulnis</strong></span> <span class='ocrx_word' id='word_1_401' title='bbox 627 2899 730 2930; x_wconf 65' lang='lat' dir='ltr'><strong>gestata</strong></span> <span class='ocrx_word' id='word_1_402' title='bbox 742 2893 890 2928; x_wconf 77' lang='lat' dir='ltr'><strong>depictam,</strong></span> <span class='ocrx_word' id='word_1_403' title='bbox 904 2900 935 2921; x_wconf 80' lang='lat' dir='ltr'><strong>ac</strong></span> <span class='ocrx_word' id='word_1_404' title='bbox 948 2893 974 2920; x_wconf 88' lang='lat' dir='ltr'><strong>in</strong></span> <span class='ocrx_word' id='word_1_405' title='bbox 993 2893 1068 2929; x_wconf 69' lang='grc' dir='ltr'><strong>Ὀδη-</strong></span> 
     </span>
    </p>
   </div>
   <div class='ocr_carea' id='block_1_63' title="bbox 1108 275 1887 310">
    <p class='ocr_par' dir='ltr' id='par_1_63' title="bbox 1108 275 1887 310">
     <span class='ocr_line' id='line_1_63' title="bbox 1108 275 1887 310; baseline 0 -8"><span class='ocrx_word' id='word_1_406' title='bbox 1108 276 1141 303; x_wconf 91' lang='lat' dir='ltr'><strong>ad</strong></span> <span class='ocrx_word' id='word_1_407' title='bbox 1162 276 1248 303; x_wconf 87' lang='lat' dir='ltr'><strong>visum</strong></span> <span class='ocrx_word' id='word_1_408' title='bbox 1264 275 1447 310; x_wconf 84' lang='lat' dir='ltr'><strong>recipiendum</strong></span> <span class='ocrx_word' id='word_1_409' title='bbox 1466 275 1600 305; x_wconf 80' lang='lat' dir='ltr'><strong>deductis,</strong></span> <span class='ocrx_word' id='word_1_410' title='bbox 1617 275 1744 308; x_wconf 75' lang='lat' dir='ltr'><strong>religiOse</strong></span> <span class='ocrx_word' id='word_1_411' title='bbox 1759 275 1887 308; x_wconf 83' lang='lat' dir='ltr'><strong>positam.</strong></span> 
     </span>
    </p>
   </div>
   <div class='ocr_carea' id='block_1_64' title="bbox 1106 320 1890 356">
    <p class='ocr_par' dir='ltr' id='par_1_64' title="bbox 1106 320 1890 356">
     <span class='ocr_line' id='line_1_64' title="bbox 1106 320 1890 356; baseline -0.001 -8"><span class='ocrx_word' id='word_1_412' title='bbox 1106 322 1242 349; x_wconf 83' lang='lat' dir='ltr'><strong>Audacior</strong></span> <span class='ocrx_word' id='word_1_413' title='bbox 1259 322 1403 356; x_wconf 76' lang='lat' dir='ltr'><strong>adiungam</strong></span> <span class='ocrx_word' id='word_1_414' title='bbox 1423 321 1545 347; x_wconf 82' lang='lat' dir='ltr'><strong>eamdem</strong></span> <span class='ocrx_word' id='word_1_415' title='bbox 1562 327 1621 355; x_wconf 82' lang='lat' dir='ltr'><strong>quae</strong></span> <span class='ocrx_word' id='word_1_416' title='bbox 1635 320 1751 347; x_wconf 85' lang='lat' dir='ltr'><strong>lleraclii</strong></span> <span class='ocrx_word' id='word_1_417' title='bbox 1768 326 1890 353; x_wconf 86' lang='lat' dir='ltr'><strong>tempore</strong></span> 
     </span>
    </p>
   </div>
   <div class='ocr_carea' id='block_1_65' title="bbox 1109 364 1889 402">
    <p class='ocr_par' dir='ltr' id='par_1_65' title="bbox 1109 364 1889 402">
     <span class='ocr_line' id='line_1_65' title="bbox 1109 364 1889 402; baseline -0.004 -8"><span class='ocrx_word' id='word_1_418' title='bbox 1109 375 1123 394; x_wconf 87' lang='lat' dir='ltr'><strong>a</strong></span> <span class='ocrx_word' id='word_1_419' title='bbox 1139 367 1233 402; x_wconf 75' lang='lat' dir='ltr'><strong>Sergio</strong></span> <span class='ocrx_word' id='word_1_420' title='bbox 1249 367 1375 402; x_wconf 79' lang='lat' dir='ltr'><strong>pontiﬁce</strong></span> <span class='ocrx_word' id='word_1_421' title='bbox 1389 366 1443 394; x_wconf 82' lang='lat' dir='ltr'><strong>Ci’.</strong></span> <span class='ocrx_word' id='word_1_422' title='bbox 1467 374 1515 402; x_wconf 89' lang='lat' dir='ltr'><strong>per</strong></span> <span class='ocrx_word' id='word_1_423' title='bbox 1531 373 1625 393; x_wconf 83' lang='lat' dir='ltr'><strong>murus</strong></span> <span class='ocrx_word' id='word_1_424' title='bbox 1639 366 1796 392; x_wconf 80' lang='lat' dir='ltr'><strong>circumlata</strong></span> <span class='ocrx_word' id='word_1_425' title='bbox 1820 364 1889 400; x_wconf 84' lang='lat' dir='ltr'><strong>Scy-</strong></span> 
     </span>
    </p>
   </div>
   <div class='ocr_carea' id='block_1_66' title="bbox 1109 410 1892 445">
    <p class='ocr_par' dir='ltr' id='par_1_66' title="bbox 1109 410 1892 445">
     <span class='ocr_line' id='line_1_66' title="bbox 1109 410 1892 445; baseline -0.001 -7"><span class='ocrx_word' id='word_1_426' title='bbox 1109 414 1170 439; x_wconf 81' lang='lat' dir='ltr'><strong>thas</strong></span> <span class='ocrx_word' id='word_1_427' title='bbox 1188 413 1222 439; x_wconf 86' lang='lat' dir='ltr'><strong>ab</strong></span> <span class='ocrx_word' id='word_1_428' title='bbox 1234 412 1273 439; x_wconf 83' lang='lat' dir='ltr'><strong>eis</strong></span> <span class='ocrx_word' id='word_1_429' title='bbox 1286 411 1449 438; x_wconf 83' lang='lat' dir='ltr'><strong>miraculose</strong></span> <span class='ocrx_word' id='word_1_430' title='bbox 1466 411 1569 445; x_wconf 83' lang='lat' dir='ltr'><strong>depulit</strong></span> <span class='ocrx_word' id='word_1_431' title='bbox 1585 418 1592 436; x_wconf 90' lang='lat'><strong>:</strong></span> <span class='ocrx_word' id='word_1_432' title='bbox 1614 410 1720 444; x_wconf 84' lang='lat' dir='ltr'><strong>qualem</strong></span> <span class='ocrx_word' id='word_1_433' title='bbox 1740 411 1812 436; x_wconf 86' lang='lat' dir='ltr'><strong>enim</strong></span> <span class='ocrx_word' id='word_1_434' title='bbox 1827 411 1892 444; x_wconf 74' lang='grc' dir='ltr'><strong>ὁδη-</strong></span> 
     </span>
    </p>
   </div>
   <div class='ocr_carea' id='block_1_67' title="bbox 1109 456 1891 493">
    <p class='ocr_par' dir='ltr' id='par_1_67' title="bbox 1109 456 1891 493">
     <span class='ocr_line' id='line_1_67' title="bbox 1109 456 1891 493; baseline -0.003 -10"><span class='ocrx_word' id='word_1_435' title='bbox 1109 458 1227 493; x_wconf 77' lang='grc' dir='ltr'><strong>γήτριαν</strong></span> <span class='ocrx_word' id='word_1_436' title='bbox 1247 457 1416 489; x_wconf 71' lang='lat' dir='ltr'><strong>Vincentius,</strong></span> <span class='ocrx_word' id='word_1_437' title='bbox 1436 458 1507 484; x_wconf 86' lang='lat' dir='ltr'><strong>hanc</strong></span> <span class='ocrx_word' id='word_1_438' title='bbox 1537 464 1647 491; x_wconf 85' lang='lat' dir='ltr'><strong>quoque</strong></span> <span class='ocrx_word' id='word_1_439' title='bbox 1665 456 1797 482; x_wconf 78' lang='lat' dir='ltr'><strong>describit</strong></span> <span class='ocrx_word' id='word_1_440' title='bbox 1822 463 1891 481; x_wconf 84' lang='lat' dir='ltr'><strong>ann-</strong></span> 
     </span>
    </p>
   </div>
   <div class='ocr_carea' id='block_1_68' title="bbox 1109 500 1891 538">
    <p class='ocr_par' dir='ltr' id='par_1_68' title="bbox 1109 500 1891 538">
     <span class='ocr_line' id='line_1_68' title="bbox 1109 500 1891 538; baseline -0.005 -8"><span class='ocrx_word' id='word_1_441' title='bbox 1109 511 1208 538; x_wconf 88' lang='lat' dir='ltr'><strong>nymus</strong></span> <span class='ocrx_word' id='word_1_442' title='bbox 1226 503 1300 530; x_wconf 83' lang='lat' dir='ltr'><strong>brevi</strong></span> <span class='ocrx_word' id='word_1_443' title='bbox 1314 503 1412 536; x_wconf 89' lang='lat' dir='ltr'><strong>publici</strong></span> <span class='ocrx_word' id='word_1_444' title='bbox 1426 502 1495 537; x_wconf 85' lang='lat' dir='ltr'><strong>juris</strong></span> <span class='ocrx_word' id='word_1_445' title='bbox 1508 510 1522 529; x_wconf 87' lang='lat' dir='ltr'><strong>a</strong></span> <span class='ocrx_word' id='word_1_446' title='bbox 1538 507 1615 536; x_wconf 83' lang='lat' dir='ltr'><strong>patre</strong></span> <span class='ocrx_word' id='word_1_447' title='bbox 1626 500 1771 528; x_wconf 82' lang='lat' dir='ltr'><strong>Cotnbelis.</strong></span> <span class='ocrx_word' id='word_1_448' title='bbox 1789 501 1891 527; x_wconf 76' lang='lat' dir='ltr'><strong>facien-</strong></span> 
     </span>
    </p>
   </div>
   <div class='ocr_carea' id='block_1_69' title="bbox 1110 546 1891 584">
    <p class='ocr_par' dir='ltr' id='par_1_69' title="bbox 1110 546 1891 584">
     <span class='ocr_line' id='line_1_69' title="bbox 1110 546 1891 584; baseline -0.005 -9"><span class='ocrx_word' id='word_1_449' title='bbox 1110 549 1171 577; x_wconf 88' lang='lat' dir='ltr'><strong>dus.</strong></span> <span class='ocrx_word' id='word_1_450' title='bbox 1200 548 1313 584; x_wconf 80' lang='grc' dir='ltr'><strong>Σέργιος</strong></span> <span class='ocrx_word' id='word_1_451' title='bbox 1328 548 1356 574; x_wconf 77' lang='grc' dir='ltr'><strong>δὲ</strong></span> <span class='ocrx_word' id='word_1_452' title='bbox 1374 549 1387 574; x_wconf 83' lang='grc' dir='ltr'>ὁ</span> <span class='ocrx_word' id='word_1_453' title='bbox 1405 548 1536 583; x_wconf 72' lang='grc' dir='ltr'><strong>ἱεράρχης</strong></span> <span class='ocrx_word' id='word_1_454' title='bbox 1549 548 1598 578; x_wconf 74' lang='grc' dir='ltr'><strong>τὰς</strong></span> <span class='ocrx_word' id='word_1_455' title='bbox 1620 547 1695 582; x_wconf 75' lang='grc' dir='ltr'>ἱερὰς</span> <span class='ocrx_word' id='word_1_456' title='bbox 1715 546 1824 577; x_wconf 71' lang='grc' dir='ltr'><strong>εἰκόνας</strong></span> <span class='ocrx_word' id='word_1_457' title='bbox 1841 546 1891 578; x_wconf 68' lang='grc' dir='ltr'><strong>τῆς</strong></span> 
     </span>
    </p>
   </div>
   <div class='ocr_carea' id='block_1_70' title="bbox 1111 591 1877 629">
    <p class='ocr_par' dir='ltr' id='par_1_70' title="bbox 1111 591 1877 629">
     <span class='ocr_line' id='line_1_70' title="bbox 1111 591 1877 629; baseline -0.009 -9"><span class='ocrx_word' id='word_1_458' title='bbox 1111 593 1286 629; x_wconf 52' lang='lat' dir='ltr'><strong>Gemini-0.00;,</strong></span> <span class='ocrx_word' id='word_1_459' title='bbox 1300 591 1343 624; x_wconf 74' lang='grc' dir='ltr'><strong>αἷς</strong></span> <span class='ocrx_word' id='word_1_460' title='bbox 1360 594 1476 628; x_wconf 66' lang='grc' dir='ltr'><strong>μάλιστα</strong></span> <span class='ocrx_word' id='word_1_461' title='bbox 1491 594 1536 620; x_wconf 72' lang='grc' dir='ltr'><strong>καὶ</strong></span> <span class='ocrx_word' id='word_1_462' title='bbox 1559 593 1660 628; x_wconf 69' lang='grc' dir='ltr'><strong>βρέφος</strong></span> <span class='ocrx_word' id='word_1_463' title='bbox 1676 593 1690 618; x_wconf 84' lang='grc' dir='ltr'><strong>ὸ</strong></span> <span class='ocrx_word' id='word_1_464' title='bbox 1707 591 1802 626; x_wconf 76' lang='grc' dir='ltr'><strong>Σωτὴρ</strong></span> <span class='ocrx_word' id='word_1_465' title='bbox 1821 591 1877 623; x_wconf 53' lang='lat' dir='ltr'><strong>sse;</strong></span> 
     </span>
    </p>
   </div>
   <div class='ocr_carea' id='block_1_71' title="bbox 1111 637 1893 674">
    <p class='ocr_par' dir='ltr' id='par_1_71' title="bbox 1111 637 1893 674">
     <span class='ocr_line' id='line_1_71' title="bbox 1111 637 1893 674; baseline -0.004 -9"><span class='ocrx_word' id='word_1_466' title='bbox 1111 640 1245 669; x_wconf 72' lang='grc' dir='ltr'><strong>κονισοεὶς</strong></span> <span class='ocrx_word' id='word_1_467' title='bbox 1259 640 1288 665; x_wconf 79' lang='grc' dir='ltr'>ἐν</span> <span class='ocrx_word' id='word_1_468' title='bbox 1298 639 1431 673; x_wconf 74' lang='grc' dir='ltr'><strong>ἀγκάλαις</strong></span> <span class='ocrx_word' id='word_1_469' title='bbox 1446 640 1496 674; x_wconf 77' lang='grc' dir='ltr'><strong>τῆς</strong></span> <span class='ocrx_word' id='word_1_470' title='bbox 1507 639 1608 674; x_wconf 78' lang='grc' dir='ltr'><strong>μητρὸς</strong></span> <span class='ocrx_word' id='word_1_471' title='bbox 1623 639 1778 672; x_wconf 71' lang='grc' dir='ltr'><strong>ἐξεφέρετο,</strong></span> <span class='ocrx_word' id='word_1_472' title='bbox 1790 637 1893 667; x_wconf 69' lang='grc' dir='ltr'><strong>ταύτας</strong></span> 
     </span>
    </p>
   </div>
   <div class='ocr_carea' id='block_1_72' title="bbox 1111 684 1894 720">
    <p class='ocr_par' dir='ltr' id='par_1_72' title="bbox 1111 684 1894 720">
     <span class='ocr_line' id='line_1_72' title="bbox 1111 684 1894 720; baseline 0 -10"><span class='ocrx_word' id='word_1_473' title='bbox 1111 684 1202 710; x_wconf 60' lang='grc' dir='ltr'>λαϐὼν</span> <span class='ocrx_word' id='word_1_474' title='bbox 1235 686 1344 720; x_wconf 76' lang='grc' dir='ltr'><strong>περιῄει</strong></span> <span class='ocrx_word' id='word_1_475' title='bbox 1369 687 1403 711; x_wconf 75' lang='grc' dir='ltr'>τὰ</span> <span class='ocrx_word' id='word_1_476' title='bbox 1428 686 1516 720; x_wconf 83' lang='grc' dir='ltr'>τείχη.</span> <span class='ocrx_word' id='word_1_477' title='bbox 1542 684 1722 719; x_wconf 79' lang='grc' dir='ltr'><strong>Ὅδηγητρίας</strong></span> <span class='ocrx_word' id='word_1_478' title='bbox 1750 687 1833 714; x_wconf 82' lang='lat' dir='ltr'><strong>certe,</strong></span> <span class='ocrx_word' id='word_1_479' title='bbox 1865 688 1894 708; x_wconf 84' lang='grc' dir='ltr'><strong>ιιι</strong></span> 
     </span>
    </p>
   </div>
   <div class='ocr_carea' id='block_1_73' title="bbox 1112 729 1889 764">
    <p class='ocr_par' dir='ltr' id='par_1_73' title="bbox 1112 729 1889 764">
     <span class='ocr_line' id='line_1_73' title="bbox 1112 729 1889 764; baseline -0.005 -8"><span class='ocrx_word' id='word_1_480' title='bbox 1112 730 1310 764; x_wconf 81' lang='lat' dir='ltr'><strong>antiquissima.</strong></span> <span class='ocrx_word' id='word_1_481' title='bbox 1330 730 1352 758; x_wconf 90' lang='lat' dir='ltr'><strong>si</strong></span> <span class='ocrx_word' id='word_1_482' title='bbox 1371 738 1384 757; x_wconf 90' lang='lat' dir='ltr'><strong>a</strong></span> <span class='ocrx_word' id='word_1_483' title='bbox 1399 731 1470 757; x_wconf 84' lang='lat' dir='ltr'><strong>Luca</strong></span> <span class='ocrx_word' id='word_1_484' title='bbox 1491 730 1638 760; x_wconf 79' lang='lat' dir='ltr'><strong>delineata,</strong></span> <span class='ocrx_word' id='word_1_485' title='bbox 1667 729 1747 755; x_wconf 83' lang='lat' dir='ltr'><strong>etiam</strong></span> <span class='ocrx_word' id='word_1_486' title='bbox 1774 735 1889 762; x_wconf 79' lang='lat' dir='ltr'><strong>puerum</strong></span> 
     </span>
    </p>
   </div>
   <div class='ocr_carea' id='block_1_74' title="bbox 1111 774 1895 810">
    <p class='ocr_par' dir='ltr' id='par_1_74' title="bbox 1111 774 1895 810">
     <span class='ocr_line' id='line_1_74' title="bbox 1111 774 1895 810; baseline -0.005 -8"><span class='ocrx_word' id='word_1_487' title='bbox 1111 775 1204 803; x_wconf 76' lang='lat' dir='ltr'><strong>Jesutn</strong></span> <span class='ocrx_word' id='word_1_488' title='bbox 1219 776 1289 802; x_wconf 86' lang='lat' dir='ltr'><strong>ulnis</strong></span> <span class='ocrx_word' id='word_1_489' title='bbox 1304 776 1546 810; x_wconf 76' lang='lat' dir='ltr'><strong>complectebatur.</strong></span> <span class='ocrx_word' id='word_1_490' title='bbox 1567 776 1604 802; x_wconf 84' lang='lat' dir='ltr'><strong>De</strong></span> <span class='ocrx_word' id='word_1_491' title='bbox 1627 775 1708 802; x_wconf 85' lang='lat' dir='ltr'><strong>simili</strong></span> <span class='ocrx_word' id='word_1_492' title='bbox 1724 775 1749 800; x_wconf 93' lang='lat' dir='ltr'><strong>in</strong></span> <span class='ocrx_word' id='word_1_493' title='bbox 1766 774 1895 800; x_wconf 71' lang='lat' dir='ltr'><strong>litat-burr-</strong></span> 
     </span>
    </p>
   </div>
   <div class='ocr_carea' id='block_1_75' title="bbox 1112 819 1893 856">
    <p class='ocr_par' dir='ltr' id='par_1_75' title="bbox 1112 819 1893 856">
     <span class='ocr_line' id='line_1_75' title="bbox 1112 819 1893 856; baseline -0.006 -7"><span class='ocrx_word' id='word_1_494' title='bbox 1112 822 1189 849; x_wconf 82' lang='lat' dir='ltr'><strong>ncnsi</strong></span> <span class='ocrx_word' id='word_1_495' title='bbox 1206 823 1304 855; x_wconf 78' lang='lat' dir='ltr'><strong>templo</strong></span> <span class='ocrx_word' id='word_1_496' title='bbox 1321 830 1334 848; x_wconf 90' lang='lat' dir='ltr'><strong>a</strong></span> <span class='ocrx_word' id='word_1_497' title='bbox 1352 822 1473 849; x_wconf 74' lang='lat' dir='ltr'><strong>Romano</strong></span> <span class='ocrx_word' id='word_1_498' title='bbox 1485 823 1589 856; x_wconf 80' lang='lat' dir='ltr'><strong>Argyro</strong></span> <span class='ocrx_word' id='word_1_499' title='bbox 1620 825 1726 854; x_wconf 77' lang='lat' dir='ltr'><strong>reperta</strong></span> <span class='ocrx_word' id='word_1_500' title='bbox 1740 819 1893 847; x_wconf 74' lang='lat' dir='ltr'><strong>Cc-lrcuum</strong></span> 
     </span>
    </p>
   </div>
   <div class='ocr_carea' id='block_1_76' title="bbox 1113 866 1539 903">
    <p class='ocr_par' dir='ltr' id='par_1_76' title="bbox 1113 866 1539 903">
     <span class='ocr_line' id='line_1_76' title="bbox 1113 866 1539 903; baseline -0.005 -9"><span class='ocrx_word' id='word_1_501' title='bbox 1113 867 1289 895; x_wconf 82' lang='lat' dir='ltr'><strong>disserentem</strong></span> <span class='ocrx_word' id='word_1_502' title='bbox 1307 868 1424 903; x_wconf 77' lang='lat' dir='ltr'><strong>perlege.</strong></span> <span class='ocrx_word' id='word_1_503' title='bbox 1441 866 1539 902; x_wconf 53' lang='lat' dir='ltr'><strong>Genu]</strong></span> 
     </span>
    </p>
   </div>
   <div class='ocr_carea' id='block_1_77' title="bbox 1359 924 1645 960">
    <p class='ocr_par' dir='ltr' id='par_1_77' title="bbox 1359 924 1645 960">
     <span class='ocr_line' id='line_1_77' title="bbox 1359 924 1645 960; baseline -0.003 -8"><span class='ocrx_word' id='word_1_504' title='bbox 1359 926 1439 960; x_wconf 78' lang='lat'><strong>317</strong></span> <span class='ocrx_word' id='word_1_505' title='bbox 1457 924 1570 952; x_wconf 76' lang='lat' dir='ltr'><strong>CAPUT</strong></span> <span class='ocrx_word' id='word_1_506' title='bbox 1587 925 1645 952; x_wconf 89' lang='lat' dir='ltr'><strong>vu.</strong></span> 
     </span>
    </p>
   </div>
   <div class='ocr_carea' id='block_1_78' title="bbox 1117 971 1699 1003">
    <p class='ocr_par' dir='ltr' id='par_1_78' title="bbox 1117 971 1699 1003">
     <span class='ocr_line' id='line_1_78' title="bbox 1117 971 1699 1003; baseline -0.005 -4"><span class='ocrx_word' id='word_1_507' title='bbox 1117 971 1316 999; x_wconf 76' lang='lat' dir='ltr'><strong>Observationes</strong></span> <span class='ocrx_word' id='word_1_508' title='bbox 1330 976 1352 997; x_wconf 82' lang='lat' dir='ltr'><strong>et</strong></span> <span class='ocrx_word' id='word_1_509' title='bbox 1364 971 1549 1003; x_wconf 64' lang='lat' dir='ltr'><strong>explicationes</strong></span> <span class='ocrx_word' id='word_1_510' title='bbox 1574 972 1600 997; x_wconf 91' lang='lat' dir='ltr'><strong>iu</strong></span> <span class='ocrx_word' id='word_1_511' title='bbox 1618 979 1641 997; x_wconf 76' lang='grc' dir='ltr'><strong>ε.</strong></span> <span class='ocrx_word' id='word_1_512' title='bbox 1657 971 1699 1001; x_wconf 75' lang='grc'><strong>12,</strong></span> 
     </span>
    </p>
   </div>
   <div class='ocr_carea' id='block_1_79' title="bbox 1294 1006 1696 1040">
    <p class='ocr_par' dir='ltr' id='par_1_79' title="bbox 1294 1006 1696 1040">
     <span class='ocr_line' id='line_1_79' title="bbox 1294 1006 1696 1040; baseline 0 -8"><span class='ocrx_word' id='word_1_513' title='bbox 1294 1007 1380 1040; x_wconf 75' lang='lat' dir='ltr'><strong>ofﬁcio</strong></span> <span class='ocrx_word' id='word_1_514' title='bbox 1407 1014 1506 1040; x_wconf 72' lang='lat' dir='ltr'><strong>mttymk&#39;</strong></span> <span class='ocrx_word' id='word_1_515' title='bbox 1519 1006 1696 1032; x_wconf 77' lang='lat' dir='ltr'><strong>hcl&#39;donmtla&#39;.</strong></span> 
     </span>
    </p>
   </div>
   <div class='ocr_carea' id='block_1_80' title="bbox 1153 1051 1897 1088">
    <p class='ocr_par' dir='ltr' id='par_1_80' title="bbox 1153 1051 1897 1088">
     <span class='ocr_line' id='line_1_80' title="bbox 1153 1051 1897 1088; baseline 0.001 -9"><span class='ocrx_word' id='word_1_516' title='bbox 1153 1052 1182 1079; x_wconf 86' lang='lat' dir='ltr'><strong>P.</strong></span> <span class='ocrx_word' id='word_1_517' title='bbox 1200 1052 1242 1079; x_wconf 83' lang='lat'><strong>70.</strong></span> <span class='ocrx_word' id='word_1_518' title='bbox 1258 1051 1363 1086; x_wconf 70' lang='lat' dir='ltr'><strong>Magna:</strong></span> <span class='ocrx_word' id='word_1_519' title='bbox 1373 1051 1538 1078; x_wconf 75' lang='lat' dir='ltr'><strong>ltedommla&#39;.</strong></span> <span class='ocrx_word' id='word_1_520' title='bbox 1559 1051 1729 1083; x_wconf 85' lang='lat' dir='ltr'><strong>Quibusdam</strong></span> <span class='ocrx_word' id='word_1_521' title='bbox 1748 1054 1844 1088; x_wconf 79' lang='lat' dir='ltr'><strong>religio</strong></span> <span class='ocrx_word' id='word_1_522' title='bbox 1855 1059 1897 1080; x_wconf 87' lang='lat' dir='ltr'><strong>est</strong></span> 
     </span>
    </p>
   </div>
   <div class='ocr_carea' id='block_1_81' title="bbox 1116 1089 1896 1133">
    <p class='ocr_par' dir='ltr' id='par_1_81' title="bbox 1116 1089 1896 1133">
     <span class='ocr_line' id='line_1_81' title="bbox 1116 1089 1896 1133; baseline 0.001 -9"><span class='ocrx_word' id='word_1_523' title='bbox 1116 1098 1208 1126; x_wconf 69' lang='lat' dir='ltr'><strong>dicere</strong></span> <span class='ocrx_word' id='word_1_524' title='bbox 1236 1089 1397 1124; x_wconf 71' lang='lat' dir='ltr'><strong>liebiiomada</strong></span> <span class='ocrx_word' id='word_1_525' title='bbox 1425 1097 1605 1124; x_wconf 80' lang='lat' dir='ltr'><strong>Itebdomadte.</strong></span> <span class='ocrx_word' id='word_1_526' title='bbox 1631 1097 1683 1124; x_wconf 82' lang='lat' dir='ltr'><strong>Sed</strong></span> <span class='ocrx_word' id='word_1_527' title='bbox 1700 1098 1755 1124; x_wconf 72' lang='lat' dir='ltr'><strong>lmc</strong></span> <span class='ocrx_word' id='word_1_528' title='bbox 1769 1100 1864 1133; x_wconf 72' lang='lat' dir='ltr'><strong>religio</strong></span> <span class='ocrx_word' id='word_1_529' title='bbox 1882 1107 1896 1126; x_wconf 86' lang='lat' dir='ltr'><strong>a</strong></span> 
     </span>
    </p>
   </div>
   <div class='ocr_carea' id='block_1_82' title="bbox 1117 1142 1899 1178">
    <p class='ocr_par' dir='ltr' id='par_1_82' title="bbox 1117 1142 1899 1178">
     <span class='ocr_line' id='line_1_82' title="bbox 1117 1142 1899 1178; baseline -0.001 -7"><span class='ocrx_word' id='word_1_530' title='bbox 1117 1143 1310 1178; x_wconf 86' lang='lat' dir='ltr'><strong>superstitione</strong></span> <span class='ocrx_word' id='word_1_531' title='bbox 1323 1150 1417 1177; x_wconf 84' lang='lat' dir='ltr'><strong>parum</strong></span> <span class='ocrx_word' id='word_1_532' title='bbox 1429 1142 1495 1169; x_wconf 88' lang='lat' dir='ltr'><strong>abit.</strong></span> <span class='ocrx_word' id='word_1_533' title='bbox 1506 1142 1648 1169; x_wconf 83' lang='lat' dir='ltr'><strong>Ascribam</strong></span> <span class='ocrx_word' id='word_1_534' title='bbox 1673 1143 1716 1170; x_wconf 81' lang='lat' dir='ltr'><strong>hic</strong></span> <span class='ocrx_word' id='word_1_535' title='bbox 1730 1144 1811 1170; x_wconf 83' lang='lat' dir='ltr'><strong>verba</strong></span> <span class='ocrx_word' id='word_1_536' title='bbox 1819 1145 1899 1170; x_wconf 83' lang='lat' dir='ltr'><strong>srlm-</strong></span> 
     </span>
    </p>
   </div>
   <div class='ocr_carea' id='block_1_83' title="bbox 1117 1188 1897 1222">
    <p class='ocr_par' dir='ltr' id='par_1_83' title="bbox 1117 1188 1897 1222">
     <span class='ocr_line' id='line_1_83' title="bbox 1117 1188 1897 1222; baseline 0.001 -6"><span class='ocrx_word' id='word_1_537' title='bbox 1117 1189 1204 1216; x_wconf 70' lang='lat' dir='ltr'><strong>liastac</strong></span> <span class='ocrx_word' id='word_1_538' title='bbox 1231 1189 1363 1216; x_wconf 88' lang='lat' dir='ltr'><strong>librorum</strong></span> <span class='ocrx_word' id='word_1_539' title='bbox 1382 1188 1419 1215; x_wconf 82' lang='lat' dir='ltr'><strong>De</strong></span> <span class='ocrx_word' id='word_1_540' title='bbox 1434 1188 1550 1215; x_wconf 84' lang='lat' dir='ltr'><strong>avaritia</strong></span> <span class='ocrx_word' id='word_1_541' title='bbox 1565 1189 1686 1216; x_wconf 81' lang='lat' dir='ltr'><strong>Salviani</strong></span> <span class='ocrx_word' id='word_1_542' title='bbox 1705 1189 1897 1222; x_wconf 77' lang='lat' dir='ltr'><strong>Massiliensis,</strong></span> 
     </span>
    </p>
   </div>
   <div class='ocr_carea' id='block_1_84' title="bbox 1118 1234 1895 1271">
    <p class='ocr_par' dir='ltr' id='par_1_84' title="bbox 1118 1234 1895 1271">
     <span class='ocr_line' id='line_1_84' title="bbox 1118 1234 1895 1271; baseline 0.003 -9"><span class='ocrx_word' id='word_1_543' title='bbox 1118 1236 1150 1262; x_wconf 85' lang='lat' dir='ltr'><strong>ad</strong></span> <span class='ocrx_word' id='word_1_544' title='bbox 1164 1236 1229 1262; x_wconf 89' lang='lat' dir='ltr'><strong>illud</strong></span> <span class='ocrx_word' id='word_1_545' title='bbox 1245 1235 1398 1269; x_wconf 71' lang='lat' dir='ltr'><strong>lampadem</strong></span> <span class='ocrx_word' id='word_1_546' title='bbox 1408 1240 1490 1262; x_wconf 83' lang='lat' dir='ltr'><strong>lnam.</strong></span> <span class='ocrx_word' id='word_1_547' title='bbox 1511 1234 1551 1263; x_wconf 77' lang='lat' dir='ltr'><strong>Ne</strong></span> <span class='ocrx_word' id='word_1_548' title='bbox 1565 1237 1622 1270; x_wconf 78' lang='lat' dir='ltr'><strong>quis</strong></span> <span class='ocrx_word' id='word_1_549' title='bbox 1636 1236 1703 1271; x_wconf 76' lang='lat' dir='ltr'><strong>forte</strong></span> <span class='ocrx_word' id='word_1_550' title='bbox 1713 1242 1784 1271; x_wconf 76' lang='lat' dir='ltr'><strong>putet</strong></span> <span class='ocrx_word' id='word_1_551' title='bbox 1802 1238 1895 1264; x_wconf 76' lang='lat' dir='ltr'><strong>vitium</strong></span> 
     </span>
    </p>
   </div>
   <div class='ocr_carea' id='block_1_85' title="bbox 1118 1281 1896 1317">
    <p class='ocr_par' dir='ltr' id='par_1_85' title="bbox 1118 1281 1896 1317">
     <span class='ocr_line' id='line_1_85' title="bbox 1118 1281 1896 1317; baseline 0.003 -9"><span class='ocrx_word' id='word_1_552' title='bbox 1118 1289 1171 1308; x_wconf 79' lang='lat' dir='ltr'><strong>esse</strong></span> <span class='ocrx_word' id='word_1_553' title='bbox 1186 1282 1212 1308; x_wconf 88' lang='lat' dir='ltr'><strong>in</strong></span> <span class='ocrx_word' id='word_1_554' title='bbox 1230 1282 1278 1307; x_wconf 85' lang='lat' dir='ltr'><strong>hac</strong></span> <span class='ocrx_word' id='word_1_555' title='bbox 1295 1281 1413 1313; x_wconf 81' lang='lat' dir='ltr'><strong>lectione,</strong></span> <span class='ocrx_word' id='word_1_556' title='bbox 1427 1285 1450 1307; x_wconf 88' lang='lat' dir='ltr'><strong>et</strong></span> <span class='ocrx_word' id='word_1_557' title='bbox 1470 1281 1643 1314; x_wconf 82' lang='lat' dir='ltr'><strong>reponendum</strong></span> <span class='ocrx_word' id='word_1_558' title='bbox 1657 1282 1819 1317; x_wconf 75' lang='lat' dir='ltr'><strong>lampadem,</strong></span> <span class='ocrx_word' id='word_1_559' title='bbox 1837 1292 1896 1310; x_wconf 86' lang='lat' dir='ltr'><strong>mo-</strong></span> 
     </span>
    </p>
   </div>
   <div class='ocr_carea' id='block_1_86' title="bbox 1119 1325 1897 1362">
    <p class='ocr_par' dir='ltr' id='par_1_86' title="bbox 1119 1325 1897 1362">
     <span class='ocr_line' id='line_1_86' title="bbox 1119 1325 1897 1362; baseline 0.006 -12"><span class='ocrx_word' id='word_1_560' title='bbox 1119 1333 1164 1351; x_wconf 78' lang='lat' dir='ltr'><strong>nco</strong></span> <span class='ocrx_word' id='word_1_561' title='bbox 1182 1325 1331 1357; x_wconf 72' lang='lat' dir='ltr'><strong>lampadem</strong></span> <span class='ocrx_word' id='word_1_562' title='bbox 1356 1333 1457 1360; x_wconf 77' lang='lat' dir='ltr'><strong>quoque</strong></span> <span class='ocrx_word' id='word_1_563' title='bbox 1484 1325 1735 1354; x_wconf 68' lang='lat' dir='ltr'><strong>dicinuomimttiro</strong></span> <span class='ocrx_word' id='word_1_564' title='bbox 1761 1328 1897 1362; x_wconf 86' lang='lat' dir='ltr'><strong>lampada.</strong></span> 
     </span>
    </p>
   </div>
   <div class='ocr_carea' id='block_1_87' title="bbox 1119 1369 1898 1407">
    <p class='ocr_par' dir='ltr' id='par_1_87' title="bbox 1119 1369 1898 1407">
     <span class='ocr_line' id='line_1_87' title="bbox 1119 1369 1898 1407; baseline 0.004 -11"><span class='ocrx_word' id='word_1_565' title='bbox 1119 1369 1164 1397; x_wconf 83' lang='lat' dir='ltr'><strong>Sic</strong></span> <span class='ocrx_word' id='word_1_566' title='bbox 1189 1370 1357 1396; x_wconf 77' lang='lat' dir='ltr'><strong>ltcbdomatla</strong></span> <span class='ocrx_word' id='word_1_567' title='bbox 1381 1369 1480 1396; x_wconf 84' lang='lat' dir='ltr'><strong>Latina</strong></span> <span class='ocrx_word' id='word_1_568' title='bbox 1501 1371 1697 1404; x_wconf 77' lang='lat' dir='ltr'><strong>tertuiuotione,</strong></span> <span class='ocrx_word' id='word_1_569' title='bbox 1726 1380 1784 1407; x_wconf 79' lang='lat' dir='ltr'><strong>qua:</strong></span> <span class='ocrx_word' id='word_1_570' title='bbox 1797 1371 1898 1401; x_wconf 68' lang='lat' dir='ltr'><strong>Grecis</strong></span> 
     </span>
    </p>
   </div>
   <div class='ocr_carea' id='block_1_88' title="bbox 1119 1415 1390 1443">
    <p class='ocr_par' dir='ltr' id='par_1_88' title="bbox 1119 1415 1390 1443">
     <span class='ocr_line' id='line_1_88' title="bbox 1119 1415 1390 1443; baseline 0.004 -1"><span class='ocrx_word' id='word_1_571' title='bbox 1119 1415 1275 1443; x_wconf 80' lang='lat' dir='ltr'><strong>bebdomas.</strong></span> <span class='ocrx_word' id='word_1_572' title='bbox 1289 1415 1390 1443; x_wconf 78' lang='lat' dir='ltr'><strong>Guers.</strong></span> 
     </span>
    </p>
   </div>
   <div class='ocr_carea' id='block_1_89' title="bbox 1153 1461 1901 1499">
    <p class='ocr_par' dir='ltr' id='par_1_89' title="bbox 1153 1461 1901 1499">
     <span class='ocr_line' id='line_1_89' title="bbox 1153 1461 1901 1499; baseline 0.004 -10"><span class='ocrx_word' id='word_1_573' title='bbox 1153 1461 1197 1489; x_wconf 89' lang='lat' dir='ltr'><strong>Ib.</strong></span> <span class='ocrx_word' id='word_1_574' title='bbox 1223 1461 1357 1490; x_wconf 80' lang='lat' dir='ltr'><strong>Meursius</strong></span> <span class='ocrx_word' id='word_1_575' title='bbox 1379 1461 1527 1490; x_wconf 77' lang='lat' dir='ltr'><strong>admodum</strong></span> <span class='ocrx_word' id='word_1_576' title='bbox 1552 1463 1635 1490; x_wconf 80' lang='lat' dir='ltr'><strong>anxie</strong></span> <span class='ocrx_word' id='word_1_577' title='bbox 1651 1467 1744 1491; x_wconf 85' lang='lat' dir='ltr'><strong>monet</strong></span> <span class='ocrx_word' id='word_1_578' title='bbox 1769 1472 1803 1492; x_wconf 87' lang='lat' dir='ltr'><strong>ne</strong></span> <span class='ocrx_word' id='word_1_579' title='bbox 1825 1466 1901 1499; x_wconf 88' lang='lat' dir='ltr'><strong>quis,</strong></span> 
     </span>
    </p>
   </div>
   <div class='ocr_carea' id='block_1_90' title="bbox 1119 1508 1902 1545">
    <p class='ocr_par' dir='ltr' id='par_1_90' title="bbox 1119 1508 1902 1545">
     <span class='ocr_line' id='line_1_90' title="bbox 1119 1508 1902 1545; baseline 0.003 -10"><span class='ocrx_word' id='word_1_580' title='bbox 1119 1515 1180 1535; x_wconf 92' lang='lat' dir='ltr'><strong>cum</strong></span> <span class='ocrx_word' id='word_1_581' title='bbox 1192 1508 1268 1535; x_wconf 86' lang='lat' dir='ltr'><strong>audit</strong></span> <span class='ocrx_word' id='word_1_582' title='bbox 1280 1511 1396 1543; x_wconf 87' lang='lat' dir='ltr'><strong>quatuor</strong></span> <span class='ocrx_word' id='word_1_583' title='bbox 1413 1508 1558 1544; x_wconf 73' lang='lat' dir='ltr'><strong>Evangelia</strong></span> <span class='ocrx_word' id='word_1_584' title='bbox 1574 1509 1643 1536; x_wconf 85' lang='lat' dir='ltr'><strong>lceta</strong></span> <span class='ocrx_word' id='word_1_585' title='bbox 1656 1517 1729 1543; x_wconf 84' lang='lat' dir='ltr'><strong>esse,</strong></span> <span class='ocrx_word' id='word_1_586' title='bbox 1745 1511 1902 1545; x_wconf 88' lang='lat' dir='ltr'><strong>suspicetur</strong></span> 
     </span>
    </p>
   </div>
   <div class='ocr_carea' id='block_1_91' title="bbox 1120 1553 1901 1592">
    <p class='ocr_par' dir='ltr' id='par_1_91' title="bbox 1120 1553 1901 1592">
     <span class='ocr_line' id='line_1_91' title="bbox 1120 1553 1901 1592; baseline 0.005 -12"><span class='ocrx_word' id='word_1_587' title='bbox 1120 1553 1276 1580; x_wconf 83' lang='lat' dir='ltr'><strong>tetrabiblon</strong></span> <span class='ocrx_word' id='word_1_588' title='bbox 1300 1553 1515 1589; x_wconf 80' lang='lat' dir='ltr'><strong>Erangeliorum,</strong></span> <span class='ocrx_word' id='word_1_589' title='bbox 1549 1554 1599 1582; x_wconf 86' lang='lat' dir='ltr'><strong>hoc</strong></span> <span class='ocrx_word' id='word_1_590' title='bbox 1615 1561 1658 1583; x_wconf 89' lang='lat' dir='ltr'><strong>est</strong></span> <span class='ocrx_word' id='word_1_591' title='bbox 1685 1557 1758 1591; x_wconf 88' lang='lat' dir='ltr'><strong>ipsos</strong></span> <span class='ocrx_word' id='word_1_592' title='bbox 1780 1557 1901 1592; x_wconf 73' lang='lat' dir='ltr'><strong>integros</strong></span> 
     </span>
    </p>
   </div>
   <div class='ocr_carea' id='block_1_92' title="bbox 1119 1598 1900 1635">
    <p class='ocr_par' dir='ltr' id='par_1_92' title="bbox 1119 1598 1900 1635">
     <span class='ocr_line' id='line_1_92' title="bbox 1119 1598 1900 1635; baseline 0.008 -11"><span class='ocrx_word' id='word_1_593' title='bbox 1119 1604 1235 1633; x_wconf 89' lang='lat' dir='ltr'><strong>quatuor</strong></span> <span class='ocrx_word' id='word_1_594' title='bbox 1257 1598 1464 1633; x_wconf 86' lang='lat' dir='ltr'><strong>Evangeliorum</strong></span> <span class='ocrx_word' id='word_1_595' title='bbox 1484 1601 1695 1628; x_wconf 86' lang='lat' dir='ltr'><strong>commentarios</strong></span> <span class='ocrx_word' id='word_1_596' title='bbox 1721 1602 1805 1629; x_wconf 86' lang='lat' dir='ltr'><strong>lectos</strong></span> <span class='ocrx_word' id='word_1_597' title='bbox 1817 1610 1900 1635; x_wconf 81' lang='lat' dir='ltr'><strong>esse;</strong></span> 
     </span>
    </p>
   </div>
   <div class='ocr_carea' id='block_1_93' title="bbox 1119 1646 1898 1682">
    <p class='ocr_par' dir='ltr' id='par_1_93' title="bbox 1119 1646 1898 1682">
     <span class='ocr_line' id='line_1_93' title="bbox 1119 1646 1898 1682; baseline 0.008 -11"><span class='ocrx_word' id='word_1_598' title='bbox 1119 1646 1189 1680; x_wconf 86' lang='lat' dir='ltr'><strong>quod</strong></span> <span class='ocrx_word' id='word_1_599' title='bbox 1216 1646 1297 1673; x_wconf 88' lang='lat' dir='ltr'><strong>nitnis</strong></span> <span class='ocrx_word' id='word_1_600' title='bbox 1325 1646 1436 1681; x_wconf 82' lang='lat' dir='ltr'><strong>longum</strong></span> <span class='ocrx_word' id='word_1_601' title='bbox 1458 1646 1564 1674; x_wconf 86' lang='lat' dir='ltr'><strong>fuisset.</strong></span> <span class='ocrx_word' id='word_1_602' title='bbox 1587 1647 1678 1682; x_wconf 88' lang='lat' dir='ltr'><strong>Itaque</strong></span> <span class='ocrx_word' id='word_1_603' title='bbox 1688 1649 1835 1676; x_wconf 86' lang='lat' dir='ltr'><strong>articulum</strong></span> <span class='ocrx_word' id='word_1_604' title='bbox 1852 1650 1898 1681; x_wconf 79' lang='grc' dir='ltr'><strong>τά.</strong></span> 
     </span>
    </p>
   </div>
   <div class='ocr_carea' id='block_1_94' title="bbox 1118 1691 1900 1730">
    <p class='ocr_par' dir='ltr' id='par_1_94' title="bbox 1118 1691 1900 1730">
     <span class='ocr_line' id='line_1_94' title="bbox 1118 1691 1900 1730; baseline 0.008 -14"><span class='ocrx_word' id='word_1_605' title='bbox 1118 1691 1292 1725; x_wconf 70' lang='lat' dir='ltr'><strong>prtrposilum</strong></span> <span class='ocrx_word' id='word_1_606' title='bbox 1314 1692 1446 1719; x_wconf 86' lang='lat' dir='ltr'><strong>vocabulo</strong></span> <span class='ocrx_word' id='word_1_607' title='bbox 1463 1693 1596 1728; x_wconf 81' lang='grc' dir='ltr'><strong>τέσσαρα,</strong></span> <span class='ocrx_word' id='word_1_608' title='bbox 1608 1695 1734 1721; x_wconf 78' lang='lat' dir='ltr'><strong>exsulare</strong></span> <span class='ocrx_word' id='word_1_609' title='bbox 1747 1695 1835 1730; x_wconf 85' lang='lat' dir='ltr'><strong>jubet.</strong></span> <span class='ocrx_word' id='word_1_610' title='bbox 1848 1694 1900 1722; x_wconf 86' lang='lat' dir='ltr'><strong>Sed</strong></span> 
     </span>
    </p>
   </div>
   <div class='ocr_carea' id='block_1_95' title="bbox 1119 1736 1900 1775">
    <p class='ocr_par' dir='ltr' id='par_1_95' title="bbox 1119 1736 1900 1775">
     <span class='ocr_line' id='line_1_95' title="bbox 1119 1736 1900 1775; baseline 0.004 -11"><span class='ocrx_word' id='word_1_611' title='bbox 1119 1737 1140 1764; x_wconf 82' lang='lat' dir='ltr'><strong>si</strong></span> <span class='ocrx_word' id='word_1_612' title='bbox 1154 1736 1310 1764; x_wconf 67' lang='lat' dir='ltr'><strong>Graecorum</strong></span> <span class='ocrx_word' id='word_1_613' title='bbox 1324 1737 1437 1765; x_wconf 85' lang='lat' dir='ltr'><strong>rituales</strong></span> <span class='ocrx_word' id='word_1_614' title='bbox 1453 1738 1536 1766; x_wconf 85' lang='lat' dir='ltr'><strong>libros</strong></span> <span class='ocrx_word' id='word_1_615' title='bbox 1552 1739 1714 1774; x_wconf 81' lang='lat' dir='ltr'><strong>diligentius</strong></span> <span class='ocrx_word' id='word_1_616' title='bbox 1727 1740 1900 1775; x_wconf 66' lang='lat' dir='ltr'><strong>inspexisset,</strong></span> 
     </span>
    </p>
   </div>
   <div class='ocr_carea' id='block_1_96' title="bbox 1119 1784 1900 1819">
    <p class='ocr_par' dir='ltr' id='par_1_96' title="bbox 1119 1784 1900 1819">
     <span class='ocr_line' id='line_1_96' title="bbox 1119 1784 1900 1819; baseline 0.006 -10"><span class='ocrx_word' id='word_1_617' title='bbox 1119 1784 1197 1810; x_wconf 84' lang='lat' dir='ltr'><strong>aliter</strong></span> <span class='ocrx_word' id='word_1_618' title='bbox 1221 1789 1287 1818; x_wconf 89' lang='lat' dir='ltr'><strong>puto</strong></span> <span class='ocrx_word' id='word_1_619' title='bbox 1311 1791 1394 1819; x_wconf 87' lang='lat' dir='ltr'><strong>super</strong></span> <span class='ocrx_word' id='word_1_620' title='bbox 1424 1784 1475 1812; x_wconf 89' lang='lat' dir='ltr'><strong>bac</strong></span> <span class='ocrx_word' id='word_1_621' title='bbox 1487 1793 1519 1812; x_wconf 80' lang='lat' dir='ltr'><strong>re</strong></span> <span class='ocrx_word' id='word_1_622' title='bbox 1541 1787 1757 1819; x_wconf 88' lang='lat' dir='ltr'><strong>pronuntiasset.</strong></span> <span class='ocrx_word' id='word_1_623' title='bbox 1778 1786 1815 1814; x_wconf 89' lang='lat' dir='ltr'><strong>lta</strong></span> <span class='ocrx_word' id='word_1_624' title='bbox 1828 1789 1900 1814; x_wconf 73' lang='lat' dir='ltr'><strong>enim</strong></span> 
     </span>
    </p>
   </div>
   <div class='ocr_carea' id='block_1_97' title="bbox 1118 1828 1902 1866">
    <p class='ocr_par' dir='ltr' id='par_1_97' title="bbox 1118 1828 1902 1866">
     <span class='ocr_line' id='line_1_97' title="bbox 1118 1828 1902 1866; baseline 0.005 -11"><span class='ocrx_word' id='word_1_625' title='bbox 1118 1828 1250 1863; x_wconf 77' lang='lat' dir='ltr'><strong>Typicum</strong></span> <span class='ocrx_word' id='word_1_626' title='bbox 1266 1829 1343 1856; x_wconf 68' lang='lat' dir='ltr'><strong>Sabae</strong></span> <span class='ocrx_word' id='word_1_627' title='bbox 1360 1836 1385 1856; x_wconf 90' lang='lat' dir='ltr'><strong>c.</strong></span> <span class='ocrx_word' id='word_1_628' title='bbox 1399 1829 1433 1857; x_wconf 77' lang='lat'><strong>&#39;58</strong></span> <span class='ocrx_word' id='word_1_629' title='bbox 1444 1849 1453 1862; x_wconf 84' lang='lat'><strong>,</strong></span> <span class='ocrx_word' id='word_1_630' title='bbox 1468 1837 1552 1865; x_wconf 79' lang='lat' dir='ltr'><strong>agens</strong></span> <span class='ocrx_word' id='word_1_631' title='bbox 1568 1831 1601 1857; x_wconf 88' lang='lat' dir='ltr'><strong>de</strong></span> <span class='ocrx_word' id='word_1_632' title='bbox 1614 1831 1665 1858; x_wconf 86' lang='lat' dir='ltr'><strong>bac</strong></span> <span class='ocrx_word' id='word_1_633' title='bbox 1680 1839 1786 1866; x_wconf 68' lang='lat' dir='ltr'><strong>magna:</strong></span> <span class='ocrx_word' id='word_1_634' title='bbox 1803 1832 1902 1859; x_wconf 87' lang='lat' dir='ltr'><strong>hebdo-</strong></span> 
     </span>
    </p>
   </div>
   <div class='ocr_carea' id='block_1_98' title="bbox 1119 1873 1898 1910">
    <p class='ocr_par' dir='ltr' id='par_1_98' title="bbox 1119 1873 1898 1910">
     <span class='ocr_line' id='line_1_98' title="bbox 1119 1873 1898 1910; baseline 0.006 -11"><span class='ocrx_word' id='word_1_635' title='bbox 1119 1873 1206 1901; x_wconf 84' lang='lat' dir='ltr'><strong>madis</strong></span> <span class='ocrx_word' id='word_1_636' title='bbox 1242 1873 1310 1901; x_wconf 84' lang='lat' dir='ltr'><strong>feria</strong></span> <span class='ocrx_word' id='word_1_637' title='bbox 1348 1875 1487 1902; x_wconf 82' lang='lat' dir='ltr'><strong>secunda:</strong></span> <span class='ocrx_word' id='word_1_638' title='bbox 1532 1876 1764 1910; x_wconf 68' lang='grc' dir='ltr'>Ἀνιγινώσκετειι</span> <span class='ocrx_word' id='word_1_639' title='bbox 1801 1877 1837 1904; x_wconf 65' lang='grc' dir='ltr'><strong>δὲ’</strong></span> <span class='ocrx_word' id='word_1_640' title='bbox 1869 1877 1898 1904; x_wconf 72' lang='grc' dir='ltr'><strong>τὸ</strong></span> 
     </span>
    </p>
   </div>
   <div class='ocr_carea' id='block_1_99' title="bbox 1117 1919 1899 1958">
    <p class='ocr_par' dir='ltr' id='par_1_99' title="bbox 1117 1919 1899 1958">
     <span class='ocr_line' id='line_1_99' title="bbox 1117 1919 1899 1958; baseline 0.009 -15"><span class='ocrx_word' id='word_1_641' title='bbox 1117 1919 1359 1953; x_wconf 73' lang='grc' dir='ltr'><strong>τετραευαγγέλιον</strong></span> <span class='ocrx_word' id='word_1_642' title='bbox 1382 1921 1414 1955; x_wconf 81' lang='grc' dir='ltr'><strong>τῇ</strong></span> <span class='ocrx_word' id='word_1_643' title='bbox 1431 1919 1464 1955; x_wconf 85' lang='grc' dir='ltr'><strong>β’,</strong></span> <span class='ocrx_word' id='word_1_644' title='bbox 1477 1922 1510 1956; x_wconf 85' lang='grc' dir='ltr'><strong>τῇ</strong></span> <span class='ocrx_word' id='word_1_645' title='bbox 1522 1925 1546 1955; x_wconf 84' lang='grc' dir='ltr'><strong>γ’</strong></span> <span class='ocrx_word' id='word_1_646' title='bbox 1559 1922 1606 1948; x_wconf 75' lang='grc' dir='ltr'><strong>καὶ</strong></span> <span class='ocrx_word' id='word_1_647' title='bbox 1619 1923 1651 1958; x_wconf 81' lang='grc' dir='ltr'><strong>τῇ</strong></span> <span class='ocrx_word' id='word_1_648' title='bbox 1662 1923 1694 1955; x_wconf 82' lang='grc' dir='ltr'><strong>δ’,</strong></span> <span class='ocrx_word' id='word_1_649' title='bbox 1716 1923 1763 1950; x_wconf 82' lang='grc' dir='ltr'><strong>καὶ</strong></span> <span class='ocrx_word' id='word_1_650' title='bbox 1780 1923 1899 1958; x_wconf 67' lang='grc' dir='ltr'><strong>πληροῦε-</strong></span> 
     </span>
    </p>
   </div>
   <div class='ocr_carea' id='block_1_100' title="bbox 1117 1963 1897 2003">
    <p class='ocr_par' dir='ltr' id='par_1_100' title="bbox 1117 1963 1897 2003">
     <span class='ocr_line' id='line_1_100' title="bbox 1117 1963 1897 2003; baseline 0.008 -13"><span class='ocrx_word' id='word_1_651' title='bbox 1117 1972 1173 1990; x_wconf 85' lang='grc' dir='ltr'><strong>ται.</strong></span> <span class='ocrx_word' id='word_1_652' title='bbox 1186 1963 1227 1991; x_wconf 85' lang='lat' dir='ltr'><strong>Nc</strong></span> <span class='ocrx_word' id='word_1_653' title='bbox 1241 1970 1332 1991; x_wconf 87' lang='lat' dir='ltr'><strong>autem</strong></span> <span class='ocrx_word' id='word_1_654' title='bbox 1361 1966 1512 2000; x_wconf 87' lang='lat' dir='ltr'><strong>suspiceris</strong></span> <span class='ocrx_word' id='word_1_655' title='bbox 1538 1972 1643 1994; x_wconf 88' lang='lat' dir='ltr'><strong>tantum</strong></span> <span class='ocrx_word' id='word_1_656' title='bbox 1660 1973 1764 2003; x_wconf 84' lang='lat' dir='ltr'><strong>partem</strong></span> <span class='ocrx_word' id='word_1_657' title='bbox 1779 1969 1897 2003; x_wconf 88' lang='lat' dir='ltr'><strong>aliquam</strong></span> 
     </span>
    </p>
   </div>
   <div class='ocr_carea' id='block_1_101' title="bbox 1117 2011 1901 2050">
    <p class='ocr_par' dir='ltr' id='par_1_101' title="bbox 1117 2011 1901 2050">
     <span class='ocr_line' id='line_1_101' title="bbox 1117 2011 1901 2050; baseline 0.004 -13"><span class='ocrx_word' id='word_1_658' title='bbox 1117 2018 1150 2037; x_wconf 72' lang='lat' dir='ltr'><strong>ex</strong></span> <span class='ocrx_word' id='word_1_659' title='bbox 1178 2016 1296 2045; x_wconf 88' lang='lat' dir='ltr'><strong>quatuor</strong></span> <span class='ocrx_word' id='word_1_660' title='bbox 1315 2011 1471 2047; x_wconf 78' lang='lat' dir='ltr'><strong>Evangeliis</strong></span> <span class='ocrx_word' id='word_1_661' title='bbox 1487 2012 1585 2040; x_wconf 87' lang='lat' dir='ltr'><strong>lectam</strong></span> <span class='ocrx_word' id='word_1_662' title='bbox 1603 2021 1676 2047; x_wconf 81' lang='lat' dir='ltr'><strong>esse,</strong></span> <span class='ocrx_word' id='word_1_663' title='bbox 1697 2014 1760 2042; x_wconf 85' lang='lat' dir='ltr'><strong>audi</strong></span> <span class='ocrx_word' id='word_1_664' title='bbox 1779 2015 1901 2050; x_wconf 84' lang='lat' dir='ltr'><strong>ejusdem</strong></span> 
     </span>
    </p>
   </div>
   <div class='ocr_carea' id='block_1_102' title="bbox 1117 2055 1902 2096">
    <p class='ocr_par' dir='ltr' id='par_1_102' title="bbox 1117 2055 1902 2096">
     <span class='ocr_line' id='line_1_102' title="bbox 1117 2055 1902 2096; baseline 0.006 -14"><span class='ocrx_word' id='word_1_665' title='bbox 1117 2055 1210 2091; x_wconf 88' lang='lat' dir='ltr'><strong>Typiei</strong></span> <span class='ocrx_word' id='word_1_666' title='bbox 1226 2062 1362 2084; x_wconf 86' lang='lat' dir='ltr'><strong>auctorem</strong></span> <span class='ocrx_word' id='word_1_667' title='bbox 1373 2057 1466 2084; x_wconf 88' lang='lat' dir='ltr'><strong>eodetn</strong></span> <span class='ocrx_word' id='word_1_668' title='bbox 1480 2058 1556 2085; x_wconf 82' lang='lat' dir='ltr'><strong>loco:</strong></span> <span class='ocrx_word' id='word_1_669' title='bbox 1573 2058 1679 2085; x_wconf 80' lang='grc' dir='ltr'>Εἰδέναι</span> <span class='ocrx_word' id='word_1_670' title='bbox 1694 2060 1721 2086; x_wconf 81' lang='grc' dir='ltr'><strong>δὲ</strong></span> <span class='ocrx_word' id='word_1_671' title='bbox 1739 2060 1793 2096; x_wconf 78' lang='grc' dir='ltr'><strong>χρὴ</strong></span> <span class='ocrx_word' id='word_1_672' title='bbox 1815 2061 1856 2087; x_wconf 82' lang='grc' dir='ltr'><strong>ὅτι</strong></span> <span class='ocrx_word' id='word_1_673' title='bbox 1873 2061 1902 2087; x_wconf 82' lang='grc' dir='ltr'><strong>τὺ</strong></span> 
     </span>
    </p>
   </div>
   <div class='ocr_carea' id='block_1_103' title="bbox 1117 2102 1900 2138">
    <p class='ocr_par' dir='ltr' id='par_1_103' title="bbox 1117 2102 1900 2138">
     <span class='ocr_line' id='line_1_103' title="bbox 1117 2102 1900 2138; baseline 0.004 -10"><span class='ocrx_word' id='word_1_674' title='bbox 1117 2102 1188 2128; x_wconf 67' lang='grc' dir='ltr'><strong>κατὰ</strong></span> <span class='ocrx_word' id='word_1_675' title='bbox 1198 2102 1336 2129; x_wconf 68' lang='grc' dir='ltr'><strong>Ματοαῖον</strong></span> <span class='ocrx_word' id='word_1_676' title='bbox 1344 2102 1421 2136; x_wconf 81' lang='grc' dir='ltr'>ἆγιον</span> <span class='ocrx_word' id='word_1_677' title='bbox 1429 2103 1591 2137; x_wconf 70' lang='grc' dir='ltr'><strong>εὐαγγέλιον</strong></span> <span class='ocrx_word' id='word_1_678' title='bbox 1600 2104 1660 2130; x_wconf 64' lang='grc' dir='ltr'>ὅλην</span> <span class='ocrx_word' id='word_1_679' title='bbox 1672 2105 1900 2138; x_wconf 69' lang='grc' dir='ltr'><strong>ἀναγινώσκεται·</strong></span> 
     </span>
    </p>
   </div>
   <div class='ocr_carea' id='block_1_104' title="bbox 1116 2147 1903 2184">
    <p class='ocr_par' dir='ltr' id='par_1_104' title="bbox 1116 2147 1903 2184">
     <span class='ocr_line' id='line_1_104' title="bbox 1116 2147 1903 2184; baseline 0.004 -11"><span class='ocrx_word' id='word_1_680' title='bbox 1116 2147 1215 2182; x_wconf 77' lang='grc' dir='ltr'><strong>ὁμοίως</strong></span> <span class='ocrx_word' id='word_1_681' title='bbox 1223 2148 1268 2174; x_wconf 69' lang='grc' dir='ltr'><strong>καὶ</strong></span> <span class='ocrx_word' id='word_1_682' title='bbox 1283 2148 1313 2174; x_wconf 82' lang='grc' dir='ltr'>τὺ</span> <span class='ocrx_word' id='word_1_683' title='bbox 1324 2148 1394 2174; x_wconf 72' lang='grc' dir='ltr'>κατὰ</span> <span class='ocrx_word' id='word_1_684' title='bbox 1403 2148 1512 2184; x_wconf 66' lang='grc' dir='ltr'><strong>Μάριον</strong></span> <span class='ocrx_word' id='word_1_685' title='bbox 1521 2149 1566 2175; x_wconf 85' lang='grc' dir='ltr'><strong>καὶ</strong></span> <span class='ocrx_word' id='word_1_686' title='bbox 1578 2149 1608 2175; x_wconf 84' lang='grc' dir='ltr'>τὸ</span> <span class='ocrx_word' id='word_1_687' title='bbox 1619 2150 1689 2176; x_wconf 74' lang='grc' dir='ltr'><strong>κατὰ</strong></span> <span class='ocrx_word' id='word_1_688' title='bbox 1702 2150 1819 2178; x_wconf 81' lang='grc' dir='ltr'><strong>Λουκᾶν.</strong></span> <span class='ocrx_word' id='word_1_689' title='bbox 1832 2151 1869 2178; x_wconf 82' lang='grc' dir='ltr'>Τὸ</span> <span class='ocrx_word' id='word_1_690' title='bbox 1876 2151 1903 2177; x_wconf 77' lang='grc' dir='ltr'><strong>δὲ</strong></span> 
     </span>
    </p>
   </div>
   <div class='ocr_carea' id='block_1_105' title="bbox 1117 2193 1904 2232">
    <p class='ocr_par' dir='ltr' id='par_1_105' title="bbox 1117 2193 1904 2232">
     <span class='ocr_line' id='line_1_105' title="bbox 1117 2193 1904 2232; baseline 0.005 -13"><span class='ocrx_word' id='word_1_691' title='bbox 1117 2194 1188 2220; x_wconf 70' lang='grc' dir='ltr'><strong>κατὰ</strong></span> <span class='ocrx_word' id='word_1_692' title='bbox 1208 2193 1334 2229; x_wconf 80' lang='grc' dir='ltr'>Ἰωάννην</span> <span class='ocrx_word' id='word_1_693' title='bbox 1354 2194 1570 2229; x_wconf 72' lang='grc' dir='ltr'>ἀναγινώσκεται</span> <span class='ocrx_word' id='word_1_694' title='bbox 1593 2196 1656 2230; x_wconf 81' lang='grc' dir='ltr'>ἄχρι</span> <span class='ocrx_word' id='word_1_695' title='bbox 1673 2197 1723 2231; x_wconf 79' lang='grc' dir='ltr'><strong>τῆς</strong></span> <span class='ocrx_word' id='word_1_696' title='bbox 1743 2197 1832 2232; x_wconf 78' lang='grc' dir='ltr'>ἀρχῆς</span> <span class='ocrx_word' id='word_1_697' title='bbox 1850 2198 1904 2224; x_wconf 80' lang='grc' dir='ltr'><strong>τῶν</strong></span> 
     </span>
    </p>
   </div>
   <div class='ocr_carea' id='block_1_106' title="bbox 1718 967 1895 1005">
    <p class='ocr_par' dir='ltr' id='par_1_106' title="bbox 1718 967 1895 1005">
     <span class='ocr_line' id='line_1_106' title="bbox 1718 967 1895 1005; baseline -0.011 -9"><span class='ocrx_word' id='word_1_698' title='bbox 1718 969 1786 1005; x_wconf 81' lang='lat' dir='ltr'><strong>quod</strong></span> <span class='ocrx_word' id='word_1_699' title='bbox 1808 972 1846 994; x_wconf 71' lang='lat' dir='ltr'><strong>est</strong></span> <span class='ocrx_word' id='word_1_700' title='bbox 1863 967 1895 994; x_wconf 81' lang='lat' dir='ltr'><strong>de</strong></span> 
     </span>
    </p>
   </div>
   <div class='ocr_carea' id='block_1_107' title="bbox 1079 2238 1905 2279">
    <p class='ocr_par' dir='ltr' id='par_1_107' title="bbox 1079 2238 1905 2279">
     <span class='ocr_line' id='line_1_107' title="bbox 1079 2238 1905 2279; baseline 0.004 -12"><span class='ocrx_word' id='word_1_701' title='bbox 1079 2238 1102 2267; x_wconf 86' lang='grc' dir='ltr'><strong>Ι)</strong></span> <span class='ocrx_word' id='word_1_702' title='bbox 1116 2240 1202 2274; x_wconf 78' lang='grc' dir='ltr'>ἁγίων</span> <span class='ocrx_word' id='word_1_703' title='bbox 1217 2240 1320 2267; x_wconf 76' lang='grc' dir='ltr'><strong>παθῶν.</strong></span> <span class='ocrx_word' id='word_1_704' title='bbox 1338 2240 1566 2275; x_wconf 80' lang='grc' dir='ltr'>Ἀναγινώσκεται</span> <span class='ocrx_word' id='word_1_705' title='bbox 1578 2242 1606 2268; x_wconf 79' lang='grc' dir='ltr'><strong>δὲ</strong></span> <span class='ocrx_word' id='word_1_706' title='bbox 1615 2242 1691 2274; x_wconf 75' lang='grc' dir='ltr'><strong>οὗτος</strong></span> <span class='ocrx_word' id='word_1_707' title='bbox 1701 2244 1728 2269; x_wconf 73' lang='grc' dir='ltr'>ἐν</span> <span class='ocrx_word' id='word_1_708' title='bbox 1737 2245 1797 2275; x_wconf 84' lang='grc' dir='ltr'><strong>ταῖς</strong></span> <span class='ocrx_word' id='word_1_709' title='bbox 1815 2243 1905 2279; x_wconf 78' lang='grc' dir='ltr'>τρισὶν</span> 
     </span>
    </p>
   </div>
   <div class='ocr_carea' id='block_1_108' title="bbox 1119 2286 1906 2323">
    <p class='ocr_par' dir='ltr' id='par_1_108' title="bbox 1119 2286 1906 2323">
     <span class='ocr_line' id='line_1_108' title="bbox 1119 2286 1906 2323; baseline 0.003 -11"><span class='ocrx_word' id='word_1_710' title='bbox 1119 2286 1236 2320; x_wconf 82' lang='grc' dir='ltr'><strong>ἡμέραις</strong></span> <span class='ocrx_word' id='word_1_711' title='bbox 1261 2286 1343 2321; x_wconf 81' lang='grc' dir='ltr'><strong>ἤγουν</strong></span> <span class='ocrx_word' id='word_1_712' title='bbox 1369 2286 1402 2321; x_wconf 81' lang='grc' dir='ltr'><strong>β’,</strong></span> <span class='ocrx_word' id='word_1_713' title='bbox 1420 2286 1444 2321; x_wconf 79' lang='grc' dir='ltr'><strong>γ’</strong></span> <span class='ocrx_word' id='word_1_714' title='bbox 1461 2288 1508 2313; x_wconf 64' lang='grc' dir='ltr'><strong>καὶ</strong></span> <span class='ocrx_word' id='word_1_715' title='bbox 1519 2286 1604 2313; x_wconf 75' lang='grc' dir='ltr'><strong>δ’·κιὶ</strong></span> <span class='ocrx_word' id='word_1_716' title='bbox 1627 2288 1793 2323; x_wconf 67' lang='grc' dir='ltr'>πληροῦνται</span> <span class='ocrx_word' id='word_1_717' title='bbox 1803 2289 1833 2316; x_wconf 83' lang='grc' dir='ltr'>ὲν</span> <span class='ocrx_word' id='word_1_718' title='bbox 1848 2291 1906 2321; x_wconf 71' lang='grc' dir='ltr'><strong>ταῖς</strong></span> 
     </span>
    </p>
   </div>
   <div class='ocr_carea' id='block_1_109' title="bbox 1118 2331 1907 2369">
    <p class='ocr_par' dir='ltr' id='par_1_109' title="bbox 1118 2331 1907 2369">
     <span class='ocr_line' id='line_1_109' title="bbox 1118 2331 1907 2369; baseline 0.006 -12"><span class='ocrx_word' id='word_1_719' title='bbox 1118 2331 1214 2365; x_wconf 81' lang='grc' dir='ltr'><strong>ὥραις·</strong></span> <span class='ocrx_word' id='word_1_720' title='bbox 1228 2332 1331 2365; x_wconf 76' lang='grc' dir='ltr'>γίνεται</span> <span class='ocrx_word' id='word_1_721' title='bbox 1345 2332 1374 2359; x_wconf 80' lang='grc' dir='ltr'><strong>δὲ</strong></span> <span class='ocrx_word' id='word_1_722' title='bbox 1390 2332 1420 2358; x_wconf 79' lang='grc' dir='ltr'><strong>τὸ</strong></span> <span class='ocrx_word' id='word_1_723' title='bbox 1433 2333 1504 2359; x_wconf 84' lang='grc' dir='ltr'><strong>κατὰ</strong></span> <span class='ocrx_word' id='word_1_724' title='bbox 1529 2334 1637 2360; x_wconf 79' lang='grc' dir='ltr'><strong>Δουχᾶν</strong></span> <span class='ocrx_word' id='word_1_725' title='bbox 1646 2335 1816 2368; x_wconf 74' lang='grc' dir='ltr'>ἀναγνώσεις</span> <span class='ocrx_word' id='word_1_726' title='bbox 1829 2339 1863 2369; x_wconf 80' lang='grc' dir='ltr'><strong>γ’,</strong></span> <span class='ocrx_word' id='word_1_727' title='bbox 1873 2336 1907 2362; x_wconf 64' lang='grc' dir='ltr'><strong>τὰ</strong></span> 
     </span>
    </p>
   </div>
   <div class='ocr_carea' id='block_1_110' title="bbox 1115 2378 1907 2418">
    <p class='ocr_par' dir='ltr' id='par_1_110' title="bbox 1115 2378 1907 2418">
     <span class='ocr_line' id='line_1_110' title="bbox 1115 2378 1907 2418; baseline 0.004 -13"><span class='ocrx_word' id='word_1_728' title='bbox 1115 2378 1139 2411; x_wconf 67' lang='grc' dir='ltr'><strong>β’</strong></span> <span class='ocrx_word' id='word_1_729' title='bbox 1149 2378 1215 2405; x_wconf 78' lang='grc' dir='ltr'><strong>ἄλλα</strong></span> <span class='ocrx_word' id='word_1_730' title='bbox 1229 2379 1282 2405; x_wconf 79' lang='grc' dir='ltr'><strong>ἀπὸ</strong></span> <span class='ocrx_word' id='word_1_731' title='bbox 1302 2379 1438 2414; x_wconf 80' lang='grc' dir='ltr'><strong>δευτέρου.</strong></span> <span class='ocrx_word' id='word_1_732' title='bbox 1455 2379 1537 2415; x_wconf 79' lang='grc' dir='ltr'><strong>Ὀμοῦ</strong></span> <span class='ocrx_word' id='word_1_733' title='bbox 1555 2380 1721 2415; x_wconf 75' lang='grc' dir='ltr'>ἀναγνώσεις</span> <span class='ocrx_word' id='word_1_734' title='bbox 1730 2381 1763 2414; x_wconf 85' lang='lat'><strong>0’,</strong></span> <span class='ocrx_word' id='word_1_735' title='bbox 1774 2382 1821 2408; x_wconf 67' lang='grc' dir='ltr'><strong>καὶ</strong></span> <span class='ocrx_word' id='word_1_736' title='bbox 1832 2381 1907 2418; x_wconf 79' lang='grc' dir='ltr'>ὥρας</span> 
     </span>
    </p>
   </div>
   <div class='ocr_carea' id='block_1_111' title="bbox 1118 2424 1909 2461">
    <p class='ocr_par' dir='ltr' id='par_1_111' title="bbox 1118 2424 1909 2461">
     <span class='ocr_line' id='line_1_111' title="bbox 1118 2424 1909 2461; baseline 0.006 -11"><span class='ocrx_word' id='word_1_737' title='bbox 1118 2424 1151 2457; x_wconf 91' lang='lat'><strong>0&#39;,</strong></span> <span class='ocrx_word' id='word_1_738' title='bbox 1172 2424 1218 2451; x_wconf 78' lang='grc' dir='ltr'><strong>καὶ</strong></span> <span class='ocrx_word' id='word_1_739' title='bbox 1237 2425 1319 2451; x_wconf 79' lang='grc' dir='ltr'>πλέον</span> <span class='ocrx_word' id='word_1_740' title='bbox 1334 2425 1420 2452; x_wconf 83' lang='grc' dir='ltr'><strong>οὐδέν.</strong></span> <span class='ocrx_word' id='word_1_741' title='bbox 1451 2426 1490 2453; x_wconf 76' lang='lat' dir='ltr'><strong>Ex</strong></span> <span class='ocrx_word' id='word_1_742' title='bbox 1505 2426 1546 2453; x_wconf 92' lang='lat' dir='ltr'><strong>bis</strong></span> <span class='ocrx_word' id='word_1_743' title='bbox 1559 2427 1614 2461; x_wconf 87' lang='lat' dir='ltr'><strong>jam</strong></span> <span class='ocrx_word' id='word_1_744' title='bbox 1636 2425 1772 2455; x_wconf 81' lang='lat' dir='ltr'><strong>Meursius</strong></span> <span class='ocrx_word' id='word_1_745' title='bbox 1788 2435 1842 2455; x_wconf 89' lang='lat' dir='ltr'><strong>non</strong></span> <span class='ocrx_word' id='word_1_746' title='bbox 1855 2428 1909 2455; x_wconf 83' lang='lat' dir='ltr'><strong>Co-</strong></span> 
     </span>
    </p>
   </div>
   <div class='ocr_carea' id='block_1_112' title="bbox 1118 2470 1909 2507">
    <p class='ocr_par' dir='ltr' id='par_1_112' title="bbox 1118 2470 1909 2507">
     <span class='ocr_line' id='line_1_112' title="bbox 1118 2470 1909 2507; baseline 0.004 -10"><span class='ocrx_word' id='word_1_747' title='bbox 1118 2470 1224 2504; x_wconf 85' lang='lat' dir='ltr'><strong>dinum,</strong></span> <span class='ocrx_word' id='word_1_748' title='bbox 1235 2471 1281 2498; x_wconf 89' lang='lat' dir='ltr'><strong>sed</strong></span> <span class='ocrx_word' id='word_1_749' title='bbox 1299 2479 1348 2498; x_wconf 88' lang='lat' dir='ltr'><strong>sua</strong></span> <span class='ocrx_word' id='word_1_750' title='bbox 1360 2471 1505 2499; x_wconf 88' lang='lat' dir='ltr'><strong>emendare</strong></span> <span class='ocrx_word' id='word_1_751' title='bbox 1525 2472 1636 2506; x_wconf 86' lang='lat' dir='ltr'><strong>poterit.</strong></span> <span class='ocrx_word' id='word_1_752' title='bbox 1646 2472 1677 2498; x_wconf 87' lang='lat' dir='ltr'><strong>Et</strong></span> <span class='ocrx_word' id='word_1_753' title='bbox 1693 2472 1715 2499; x_wconf 91' lang='lat' dir='ltr'><strong>si</strong></span> <span class='ocrx_word' id='word_1_754' title='bbox 1740 2473 1806 2507; x_wconf 89' lang='lat' dir='ltr'><strong>quid</strong></span> <span class='ocrx_word' id='word_1_755' title='bbox 1817 2481 1909 2501; x_wconf 84' lang='lat' dir='ltr'><strong>cmen-</strong></span> 
     </span>
    </p>
   </div>
   <div class='ocr_carea' id='block_1_113' title="bbox 1118 2516 1906 2555">
    <p class='ocr_par' dir='ltr' id='par_1_113' title="bbox 1118 2516 1906 2555">
     <span class='ocr_line' id='line_1_113' title="bbox 1118 2516 1906 2555; baseline 0.003 -11"><span class='ocrx_word' id='word_1_756' title='bbox 1118 2516 1236 2544; x_wconf 87' lang='lat' dir='ltr'><strong>dandum</strong></span> <span class='ocrx_word' id='word_1_757' title='bbox 1269 2518 1314 2550; x_wconf 88' lang='lat' dir='ltr'><strong>sit,</strong></span> <span class='ocrx_word' id='word_1_758' title='bbox 1351 2518 1441 2552; x_wconf 84' lang='lat' dir='ltr'><strong>potius</strong></span> <span class='ocrx_word' id='word_1_759' title='bbox 1472 2526 1628 2553; x_wconf 75' lang='lat' dir='ltr'><strong>expungam</strong></span> <span class='ocrx_word' id='word_1_760' title='bbox 1655 2518 1720 2545; x_wconf 90' lang='lat' dir='ltr'><strong>illud</strong></span> <span class='ocrx_word' id='word_1_761' title='bbox 1742 2520 1777 2554; x_wconf 82' lang='grc' dir='ltr'><strong>τῇ</strong></span> <span class='ocrx_word' id='word_1_762' title='bbox 1800 2520 1906 2555; x_wconf 74' lang='grc' dir='ltr'><strong>μεγάλῃ</strong></span> 
     </span>
    </p>
   </div>
   <div class='ocr_carea' id='block_1_114' title="bbox 1119 2563 1908 2599">
    <p class='ocr_par' dir='ltr' id='par_1_114' title="bbox 1119 2563 1908 2599">
     <span class='ocr_line' id='line_1_114' title="bbox 1119 2563 1908 2599; baseline 0.003 -10"><span class='ocrx_word' id='word_1_763' title='bbox 1119 2564 1241 2599; x_wconf 80' lang='grc' dir='ltr'><strong>πέμπτῃ.</strong></span> <span class='ocrx_word' id='word_1_764' title='bbox 1262 2563 1325 2598; x_wconf 91' lang='lat' dir='ltr'><strong>quia</strong></span> <span class='ocrx_word' id='word_1_765' title='bbox 1339 2572 1433 2599; x_wconf 82' lang='lat' dir='ltr'><strong>magna</strong></span> <span class='ocrx_word' id='word_1_766' title='bbox 1447 2564 1512 2591; x_wconf 87' lang='lat' dir='ltr'><strong>feria</strong></span> <span class='ocrx_word' id='word_1_767' title='bbox 1542 2564 1636 2598; x_wconf 84' lang='lat' dir='ltr'><strong>quinta</strong></span> <span class='ocrx_word' id='word_1_768' title='bbox 1646 2572 1697 2591; x_wconf 87' lang='lat' dir='ltr'><strong>non</strong></span> <span class='ocrx_word' id='word_1_769' title='bbox 1712 2565 1851 2599; x_wconf 71' lang='lat' dir='ltr'><strong>legebatur</strong></span> <span class='ocrx_word' id='word_1_770' title='bbox 1878 2566 1908 2591; x_wconf 76' lang='grc' dir='ltr'>τὸ</span> 
     </span>
    </p>
   </div>
   <div class='ocr_carea' id='block_1_115' title="bbox 1118 2610 1906 2645">
    <p class='ocr_par' dir='ltr' id='par_1_115' title="bbox 1118 2610 1906 2645">
     <span class='ocr_line' id='line_1_115' title="bbox 1118 2610 1906 2645; baseline 0.004 -10"><span class='ocrx_word' id='word_1_771' title='bbox 1118 2610 1382 2644; x_wconf 69' lang='grc' dir='ltr'><strong>τετραευαγγέλιον,</strong></span> <span class='ocrx_word' id='word_1_772' title='bbox 1410 2610 1511 2645; x_wconf 87' lang='lat' dir='ltr'><strong>quippe</strong></span> <span class='ocrx_word' id='word_1_773' title='bbox 1541 2611 1612 2645; x_wconf 90' lang='lat' dir='ltr'><strong>quod</strong></span> <span class='ocrx_word' id='word_1_774' title='bbox 1648 2611 1818 2645; x_wconf 61' lang='lat' dir='ltr'><strong>praecedente</strong></span> <span class='ocrx_word' id='word_1_775' title='bbox 1850 2613 1906 2645; x_wconf 68' lang='lat' dir='ltr'><strong>die,</strong></span> 
     </span>
    </p>
   </div>
   <div class='ocr_carea' id='block_1_116' title="bbox 1120 2661 1906 2697">
    <p class='ocr_par' dir='ltr' id='par_1_116' title="bbox 1120 2661 1906 2697">
     <span class='ocr_line' id='line_1_116' title="bbox 1120 2661 1906 2697; baseline 0.004 -9"><span class='ocrx_word' id='word_1_776' title='bbox 1120 2663 1244 2690; x_wconf 85' lang='lat' dir='ltr'><strong>videlicet</strong></span> <span class='ocrx_word' id='word_1_777' title='bbox 1263 2670 1359 2697; x_wconf 74' lang='lat' dir='ltr'><strong>magna</strong></span> <span class='ocrx_word' id='word_1_778' title='bbox 1376 2661 1444 2690; x_wconf 88' lang='lat' dir='ltr'><strong>feria</strong></span> <span class='ocrx_word' id='word_1_779' title='bbox 1460 2667 1571 2697; x_wconf 83' lang='lat' dir='ltr'><strong>quarta,</strong></span> <span class='ocrx_word' id='word_1_780' title='bbox 1587 2662 1644 2697; x_wconf 87' lang='lat' dir='ltr'><strong>jam</strong></span> <span class='ocrx_word' id='word_1_781' title='bbox 1662 2663 1818 2690; x_wconf 85' lang='lat' dir='ltr'><strong>absolutum</strong></span> <span class='ocrx_word' id='word_1_782' title='bbox 1836 2671 1906 2696; x_wconf 79' lang='lat' dir='ltr'><strong>erat.</strong></span> 
     </span>
    </p>
   </div>
   <div class='ocr_carea' id='block_1_117' title="bbox 1121 2707 1906 2744">
    <p class='ocr_par' dir='ltr' id='par_1_117' title="bbox 1121 2707 1906 2744">
     <span class='ocr_line' id='line_1_117' title="bbox 1121 2707 1906 2744; baseline 0.003 -10"><span class='ocrx_word' id='word_1_783' title='bbox 1121 2711 1150 2734; x_wconf 90' lang='lat' dir='ltr'><strong>ut</strong></span> <span class='ocrx_word' id='word_1_784' title='bbox 1163 2716 1196 2734; x_wconf 78' lang='lat' dir='ltr'><strong>ex</strong></span> <span class='ocrx_word' id='word_1_785' title='bbox 1209 2707 1311 2743; x_wconf 82' lang='lat' dir='ltr'><strong>Typico</strong></span> <span class='ocrx_word' id='word_1_786' title='bbox 1327 2707 1404 2735; x_wconf 73' lang='lat' dir='ltr'><strong>Saba:</strong></span> <span class='ocrx_word' id='word_1_787' title='bbox 1415 2707 1587 2740; x_wconf 84' lang='lat' dir='ltr'><strong>audivimus;</strong></span> <span class='ocrx_word' id='word_1_788' title='bbox 1603 2708 1653 2735; x_wconf 86' lang='lat' dir='ltr'><strong>nisi</strong></span> <span class='ocrx_word' id='word_1_789' title='bbox 1667 2709 1736 2736; x_wconf 85' lang='lat' dir='ltr'><strong>forte</strong></span> <span class='ocrx_word' id='word_1_790' title='bbox 1753 2709 1780 2736; x_wconf 91' lang='lat' dir='ltr'><strong>iu</strong></span> <span class='ocrx_word' id='word_1_791' title='bbox 1805 2710 1906 2744; x_wconf 81' lang='lat' dir='ltr'><strong>palatio</strong></span> 
     </span>
    </p>
   </div>
   <div class='ocr_carea' id='block_1_118' title="bbox 1119 2753 1906 2789">
    <p class='ocr_par' dir='ltr' id='par_1_118' title="bbox 1119 2753 1906 2789">
     <span class='ocr_line' id='line_1_118' title="bbox 1119 2753 1906 2789; baseline 0.001 -8"><span class='ocrx_word' id='word_1_792' title='bbox 1119 2754 1263 2788; x_wconf 87' lang='lat' dir='ltr'><strong>Cpolitano</strong></span> <span class='ocrx_word' id='word_1_793' title='bbox 1274 2754 1411 2781; x_wconf 87' lang='lat' dir='ltr'><strong>tetrabibli</strong></span> <span class='ocrx_word' id='word_1_794' title='bbox 1423 2753 1504 2781; x_wconf 87' lang='lat' dir='ltr'><strong>lectio</strong></span> <span class='ocrx_word' id='word_1_795' title='bbox 1517 2755 1550 2781; x_wconf 89' lang='lat' dir='ltr'><strong>ad</strong></span> <span class='ocrx_word' id='word_1_796' title='bbox 1568 2755 1691 2788; x_wconf 84' lang='lat' dir='ltr'><strong>quintam</strong></span> <span class='ocrx_word' id='word_1_797' title='bbox 1704 2755 1791 2789; x_wconf 89' lang='lat' dir='ltr'><strong>ipsam</strong></span> <span class='ocrx_word' id='word_1_798' title='bbox 1811 2756 1906 2782; x_wconf 82' lang='lat' dir='ltr'><strong>feriam</strong></span> 
     </span>
    </p>
   </div>
   <div class='ocr_carea' id='block_1_119' title="bbox 1123 2800 1905 2835">
    <p class='ocr_par' dir='ltr' id='par_1_119' title="bbox 1123 2800 1905 2835">
     <span class='ocr_line' id='line_1_119' title="bbox 1123 2800 1905 2835; baseline 0.001 -9"><span class='ocrx_word' id='word_1_799' title='bbox 1123 2808 1248 2835; x_wconf 72' lang='lat' dir='ltr'><strong>magnam</strong></span> <span class='ocrx_word' id='word_1_800' title='bbox 1276 2801 1480 2828; x_wconf 66' lang='lat' dir='ltr'><strong>ostenderetur.</strong></span> <span class='ocrx_word' id='word_1_801' title='bbox 1513 2800 1645 2834; x_wconf 80' lang='lat' dir='ltr'><strong>Quamvis</strong></span> <span class='ocrx_word' id='word_1_802' title='bbox 1671 2800 1761 2834; x_wconf 88' lang='lat' dir='ltr'><strong>ipsum</strong></span> <span class='ocrx_word' id='word_1_803' title='bbox 1795 2809 1905 2835; x_wconf 83' lang='lat' dir='ltr'><strong>quoque</strong></span> 
     </span>
    </p>
   </div>
   <div class='ocr_carea' id='block_1_120' title="bbox 1121 2845 1905 2881">
    <p class='ocr_par' dir='ltr' id='par_1_120' title="bbox 1121 2845 1905 2881">
     <span class='ocr_line' id='line_1_120' title="bbox 1121 2845 1905 2881; baseline -0.001 -8"><span class='ocrx_word' id='word_1_804' title='bbox 1121 2845 1263 2873; x_wconf 72' lang='lat' dir='ltr'><strong>&#39;l‘tiodiutn</strong></span> <span class='ocrx_word' id='word_1_805' title='bbox 1281 2845 1439 2873; x_wconf 71' lang='lat' dir='ltr'><strong>Graecorum</strong></span> <span class='ocrx_word' id='word_1_806' title='bbox 1459 2853 1520 2872; x_wconf 74' lang='lat' dir='ltr'><strong>cum</strong></span> <span class='ocrx_word' id='word_1_807' title='bbox 1547 2845 1650 2881; x_wconf 87' lang='lat' dir='ltr'><strong>Typico</strong></span> <span class='ocrx_word' id='word_1_808' title='bbox 1667 2846 1744 2873; x_wconf 66' lang='lat' dir='ltr'><strong>Saba:</strong></span> <span class='ocrx_word' id='word_1_809' title='bbox 1758 2847 1905 2876; x_wconf 65' lang='lat' dir='ltr'><strong>conciliat;</strong></span> 
     </span>
    </p>
   </div>
   <div class='ocr_carea' id='block_1_121' title="bbox 1121 2890 1905 2928">
    <p class='ocr_par' dir='ltr' id='par_1_121' title="bbox 1121 2890 1905 2928">
     <span class='ocr_line' id='line_1_121' title="bbox 1121 2890 1905 2928; baseline -0.005 -9"><span class='ocrx_word' id='word_1_810' title='bbox 1121 2893 1199 2928; x_wconf 74' lang='lat' dir='ltr'><strong>cujus</strong></span> <span class='ocrx_word' id='word_1_811' title='bbox 1208 2892 1265 2920; x_wconf 73' lang='lat' dir='ltr'><strong>hanc</strong></span> <span class='ocrx_word' id='word_1_812' title='bbox 1278 2896 1342 2920; x_wconf 84' lang='lat' dir='ltr'><strong>sunt</strong></span> <span class='ocrx_word' id='word_1_813' title='bbox 1351 2891 1430 2919; x_wconf 83' lang='lat' dir='ltr'><strong>verba</strong></span> <span class='ocrx_word' id='word_1_814' title='bbox 1443 2899 1450 2918; x_wconf 87' lang='lat'><strong>:</strong></span> <span class='ocrx_word' id='word_1_815' title='bbox 1463 2890 1569 2927; x_wconf 75' lang='lat' dir='ltr'><strong>Legitur</strong></span> <span class='ocrx_word' id='word_1_816' title='bbox 1582 2891 1661 2918; x_wconf 84' lang='lat' dir='ltr'><strong>ctiam</strong></span> <span class='ocrx_word' id='word_1_817' title='bbox 1679 2892 1905 2926; x_wconf 70' lang='grc' dir='ltr'>ιεινιιευαηνείίιηιι</span> 
     </span>
    </p>
   </div>
  </div>
