2041 3144
133 149 186 176 3-3

673 143 862 174 GliETSElii
881 143 929 172 ΕΤ
957 142 1076 174 ΟΟΛῐιι
1103 143 1225 174 NOTAE.
1267 177 1274 183 ί

1712 143 1765 176 354

132 205 261 236 serituda,
289 205 368 231 tertia
387 209 411 232 cl
436 209 532 239 quarm
559 204 636 238 fvria.
657 202 721 230 Ka‘t‘
736 203 888 239 ’κληρῶται
904 210 917 229 e

982 201 1066 232 solea,
1096 201 1208 227 calceus.
1228 199 1364 228 Sctibitur
1384 200 1466 228 etiam
1489 199 1646 234 παπούεζη.
1666 200 1766 229 Melior

133 252 281 285 completur
291 259 337 277 seu
351 251 522 277 terminatur.
533 249 637 276 Gners.

171 297 244 325 Ibid.
262 296 336 332 [Non
351 297 393 323 his
412 297 494 323 modo
510 296 658 323 Dominiea:
681 296 802 330 passioni
818 303 922 322 memo-

133 344 228 371 randa:
250 343 368 370 sacratis
400 342 486 374 fetiis,
518 348 597 376 p-out
622 342 728 369 erudite
752 342 924 369 demonstrat

133 391 291 423 Gretscrus,
309 390 356 418 sed
370 395 396 416 et
412 390 545 416 continuo
569 389 652 416 totius
666 389 728 415 anni
741 389 831 420 spatio
848 393 922 415 t0tus

133 441 253 470 quatuor
269 436 499 469 erangclistarum
522 438 613 461 textus
638 434 665 461 in
684 433 802 462 ecclesia
825 433 918 468 palam

133 482 328 516 legitur,quod
348 482 449 508 diserte
477 481 520 508 his
537 481 626 507 verbis
650 480 778 508 edisserit
795 480 922 507 doctissi-

133 535 195 555 mus
211 528 340 555 Allatins.
353 527 481 562 Eteeptis
495 527 602 561 magnis
615 527 846 558 solemnitatibus.
860 534 922 560 qua:

131 575 273 609 pet-uliarc
282 575 335 601 sibi
348 579 475 608 poscunt,
493 574 670 608 Evangelium
683 574 708 600 in
729 573 842 607 reliquis
857 573 921 601 anni

130 620 230 648 diebus
266 620 304 646 ita
335 619 538 654 dispertiuntur
562 619 660 651 Graeci,
686 624 716 646 ut
741 619 822 646 unius
846 619 929 658 prius.

130 666 308 699 eVangelistze
331 670 435 692 textum
450 665 477 692 in
501 670 630 692 tmtcmata
644 665 768 692 dividant
781 669 809 692 et
824 665 920 692 diebus

129 713 280 747 applicent,
301 712 389 738 donec
401 712 486 745 liniat,
509 712 684 746 postmodum
699 712 814 739 alterius
832 712 922 745 conti-

130 764 223 791 liuent,
247 761 335 786 donec
369 759 460 785 omnia
481 759 514 785 ad
538 760 642 785 exitum
677 758 867 793 perduxerint,
894 763 922 785 ct

131 805 227 832 diebus
241 805 393 832 Dominicis
410 813 426 832 a
438 805 572 838 scriptore
592 804 732 840 Evangelii
750 812 851 831 nomen
869 805 920 831 im-

130 856 254 885 ponant:
283 851 380 878 dicunt
394 851 466 878 enim
490 852 505 886 ή
525 850 621 886 πρώτη
639 851 760 886 supini)
776 850 823 877 τοῦ
840 851 917 878 Ματ-

130 897 219 929 οαὶου,
234 898 249 931 ἡ
276 897 395 932 δευτέρα
418 896 466 923 τοῦ
481 897 636 927 Ματθαίου,
653 903 679 924 et
697 897 736 924 sic
752 897 786 923 de
802 897 874 924 aliis.
890 896 918 923 Id

130 947 159 968 ut
174 943 272 969 melius
286 941 515 977 comprehendas.
529 942 608 969 velim
620 942 703 977 318
715 943 919 970 animadvertas

129 987 244 1014 Joannis
287 988 427 1023 Evangelii
480 993 583 1016 textum
615 988 775 1016 universum
816 993 919 1022 srptcm

128 1033 245 1068 integris
268 1033 486 1062 hebdomadibus
511 1034 573 1068 legi,
590 1041 652 1068 qua:
667 1041 681 1061 a
701 1041 796 1067 magna
812 1034 920 1068 pascha:

129 1080 270 1107 Dominica
288 1080 377 1107 tribus
394 1081 491 1107 diebus
503 1081 625 1115 exceptis
641 1084 832 1112 numerantur,
851 1080 919 1107 Mat-

129 1126 191 1154 thzri
208 1126 276 1153 feria
293 1127 413 1153 secunda
429 1134 488 1161 post
504 1126 675 1154 Dominicam
690 1127 865 1154 Prntccostes
886 1127 919 1154 ad

129 1172 342 1206 subsequentem
359 1173 526 1200 Parasceven
539 1172 720 1200 Exaltationis
737 1173 807 1199 diem
819 1172 918 1200 festum

127 1219 336 1253 absolviturque
363 1219 580 1246 hebdomadibus
608 1224 712 1253 septem
751 1224 778 1246 et.
807 1220 912 1247 decem.

129 1265 233 1291 Harum
254 1263 382 1291 undecim
397 1264 515 1299 singulis
524 1264 622 1291 diebus
637 1264 754 1291 Matthaii
774 1264 918 1291 lectionem

128 1311 302 1342 continuant,
326 1317 342 1338 tt
360 1310 523 1338 duodecima
535 1310 661 1345 quinque
689 1314 794 1336 tantum
822 1309 919 1337 diebus

128 1356 211 1383 Marci
238 1356 322 1383 lectio
362 1355 524 1387 assumitur,
550 1355 679 1382 Sabbalis
707 1360 734 1382 et
767 1354 918 1383 Dominicis

128 1403 247 1430 Matthaal
268 1403 351 1430 lectio
379 1403 542 1435 restituitur,
568 1409 656 1437 usque
669 1403 702 1429 ad
722 1402 917 1428 hcbdomadcrl

128 1449 260 1476 decimam
280 1454 307 1475 et
331 1448 487 1482 septimam,
516 1448 667 1475 dummodo
693 1448 751 1474 INI'C
780 1452 918 1482 postrema

129 1495 199 1522 inter
227 1500 337 1529 tempus
362 1494 490 1529 paschale
510 1498 661 1527 occurrat;
681 1494 723 1522 sin
747 1495 848 1527 minus,
863 1502 917 1521 non

127 1540 237 1574 legitur.
252 1540 334 1568 Luca:
348 1540 528 1575 Evangelium
543 1548 557 1568 a
572 1540 639 1568 l'eria
649 1541 769 1568 secunda
787 1548 846 1575 quae
862 1540 917 1568 Do-
930 1549 953 1582 ρ

127 1586 256 1613 minicam
286 1592 346 1620 post
377 1585 577 1613 Exaltationem
608 1585 720 1620 excipit,
752 1589 780 1612 et
803 1585 916 1619 integris

130 1633 350 1660 hebdomadibus
382 1632 529 1659 duodecim
556 1632 743 1659 continuatur.
772 1631 812 1658 Ab
839 1631 918 1659 initio

128 1679 214 1706 tertias
225 1679 340 1706 decima.-
353 1678 437 1705 Marci
450 1677 620 1713 percurritur
634 1677 661 1704 in
678 1677 795 1711 reliquis
808 1677 915 1710 diebus,

127 1725 172 1752 sed
193 1725 325 1752 Sabhatis
337 1730 364 1751 et
382 1724 535 1752 lioininicis
558 1723 639 1751 Lucas
652 1724 816 1750 assumitur.
833 1723 916 1751 Marci

128 1771 236 1797 tandem
264 1771 337 1797 inter
359 1770 477 1797 Mattlnci
507 1774 535 1796 et
549 1769 630 1796 Luca:
654 1769 826 1801 absumitur;
843 1769 916 1804 quod

127 1824 189 1843 vero
200 1817 348 1851 supererit,
362 1817 488 1844 Sabbatis
502 1820 530 1843 et
544 1816 692 1844 Dominicis
703 1816 917 1851 quadragesimae

127 1863 287 1889 absolvitur.
305 1862 367 1889 llaec
385 1862 439 1889 ille.
451 1860 553 1897 Goan]

160 1909 192 1935 Ρ.
211 1909 253 1936 70.
267 1909 306 1935 De
319 1916 393 1936 more
408 1908 516 1935 lavandi
530 1907 624 1943 pedes,
641 1911 695 1935 tam
709 1907 760 1934 hoc
774 1908 817 1934 die
833 1914 914 1941 quam

127 1955 195 1987 aliis,
211 1955 355 1990 proprium
370 1954 532 1988 opusculum
551 1953 634 1986 edidi,
654 1953 726 1988 quod
744 1952 911 1980 Pedilavium

127 2001 271 2036 inscripsi;
284 2001 329 2028 cui
345 2001 426 2027 etiam
439 2008 472 2027 ex
490 2000 658 2034 Euchologio
679 1999 837 2027 Graecomm
857 1999 916 2026 otii-

126 2047 195 2074 ciutn
215 2046 342 2079 pedilavii
364 2045 483 2073 inserui.
498 2045 555 2073 Nec
578 2045 699 2073 Orientis
715 2050 819 2073 tanlttm
835 2054 914 2081 rcges

124 2099 149 2120 et
166 2094 350 2127 imperatores
366 2092 419 2120 hoc
442 2093 486 2120 die
507 2099 661 2127 pauperum
675 2091 758 2126 pedes
773 2091 912 2124 lavabant,

125 2139 170 2166 sed
189 2145 215 2166 et
228 2138 399 2169 Occidentis,
417 2142 447 2164 ut
462 2138 589 2172 pluribus
606 2137 739 2172 exemplis
762 2138 871 2164 ostendi
886 2139 913 2165 in

123 2185 176 2222 iani
192 2185 269 2212 dicto
285 2185 432 2219 opusculo.

156 2242 221 2269 Post
253 2242 408 2269 absolutam
425 2240 610 2268 narrationem
642 2240 676 2267 de
693 2238 796 2267 lotione
809 2239 908 2274 pedum

123 2290 246 2324 sequitur
280 2288 308 2315 in
333 2288 454 2314 editione
474 2286 594 2314 Juniana
627 2287 723 2314 titulus
742 2286 804 2316 istc,
833 2287 846 2312 ὁ
870 2294 911 2312 νι-

125 2337 200 2371 πτὴς.
212 2334 267 2362 Sed
283 2334 351 2361 vidit
364 2335 479 2368 ipsemet
492 2332 592 2360 Junius
603 2333 711 2359 titulum
727 2340 780 2358 non
791 2339 842 2358 suo
853 2331 913 2357 loco

124 2383 243 2414 pesitum
263 2388 338 2412 esse,
355 2380 416 2407 etsi
435 2379 608 2414 recipiendus
620 2379 666 2411 sit,
679 2377 834 2412 ponendum
851 2382 913 2404 ante

122 2429 165 2455 illa
177 2428 272 2460 verba,
283 2427 336 2462 πρὸ
347 2427 374 2453 δὲ
388 2428 437 2461 τῆς
454 2425 639 2460 λειτουργίας,
651 2429 705 2452 etc.
718 2423 774 2451 Nec
787 2425 814 2450 in
829 2424 913 2450 altero

121 2475 214 2501 codice
228 2474 311 2501 Boico
327 2477 483 2507 comparet.
497 2471 601 2499 Gut-11's.

156 2531 229 2558 Ibid.
249 2530 394 2568 [Absoluta
421 2530 503 2557 missa
521 2528 685 2563 lavipedium
707 2527 763 2555 ﬁeri
789 2528 911 2562 principii.

121 2579 333 2612 Eucliologium.
375 2576 448 2612 quod
486 2576 580 2611 populi
610 2575 798 2602 commoditati
827 2582 909 2608 quam

119 2625 262 2660 mysterio,
280 2625 354 2657 quod
366 2623 495 2649 observat
513 2622 671 2656 imperator,
690 2620 855 2647 statsalius.

151 2681 221 2709 Ibid.
242 2679 421 2713 Ύποκάμισα
433 2683 529 2705 auctor
538 2677 656 2712 explicat
665 2677 795 2711 χιτῶνας,
810 2676 909 2704 Suilas

120 2727 279 2758 ἔπενδὺτας,
309 2725 436 2751 Euthia-ca
465 2724 571 2758 ἱμάτια,
588 2723 709 2756 tunicas;
728 2722 823 2749 Simon
839 2722 908 2749 Por-

119 2775 172 2799 tius
187 2780 248 2799 cum
269 2772 352 2806 vulgo
379 2770 565 2804 ὑποχιτῶνας,
590 2769 908 2805 ὲχέσπρκα,ὲνδοτάτους

120 2819 311 2853 χιτωνίσκους,
327 2825 382 2845 uno
395 2818 478 2844 verbo
493 2816 631 2843 interulus.
645 2814 745 2851 Gustu}

154 2875 222 2903 Ibid.
241 2873 454 2902 Curlzobraccia
470 2873 548 2900 {tunc
571 2873 660 2904 sten,
678 2878 707 2899 ut
725 2871 904 2906 παποὺτζιῡν,

977 246 1070 273 forsan
1085 247 1220 281 scriptura
1237 251 1277 273 est
1288 246 1482 273 curtobruccia.
1499 246 1604 275 Gut-11‘s.

1012 290 1083 317 Ibid.
1102 290 1197 327 [Πολεῖ
1205 291 1381 325 εὐλογητόν.
1397 291 1418 317 Λ
1434 291 1624 319 benedictione
1640 293 1767 327 auspica-

977 341 1030 369 Iur,
1048 336 1141 363 dicens
1161 345 1168 363 :
1189 337 1342 372 Εὐλογητὸς
1359 337 1372 363 ὁ
1387 336 1453 368 Θεῦς
1471 337 1551 372 ἡμῶν
1576 338 1703 371 πάντοτε,
1718 339 1765 365 νῦν

974 380 1022 407 καὶ
1038 381 1082 407 ἀεὶ
1099 381 1146 406 καὶ
1162 382 1202 413 είς
1217 381 1279 412 τοὺς
1297 381 1399 412 αἰῶνας
1411 382 1468 408 τῶν
1486 382 1604 417 αίώνων.

1011 426 1082 454 Ibid.
1100 427 1135 453 Τὸ
1151 427 1316 462 τρισάγιον.
1329 428 1349 454 Α
1371 432 1411 454 ter
1428 430 1541 463 repetita
1577 437 1645 457 voce
1665 431 1763 464 ἆγιος;

976 473 1070 506 ’Λγιος
1080 473 1093 499 ὁ
1107 473 1186 507 Θεὸς,
1205 475 1284 508 ἅγιος
1304 474 1424 509 ἰσχυρὸς,
1438 475 1515 510 ἅγιος
1529 476 1673 510 ἀθάνατος,
1687 477 1762 511 ἐλέη-

975 527 1020 545 σον
1037 519 1122 553 ἡμᾶς.

1009 563 1081 593 Ibid.
1105 565 1161 592 Τοῦ
1176 566 1365 600 etiamtum}.
1381 566 1466 602 Cujus
1483 568 1652 602 ἀρχιτέλεια,
1663 569 1765 603 princi-

974 611 1050 645 pium
1067 615 1095 638 et
1108 611 1169 638 ﬁnis
1183 617 1247 639 sunt
1265 620 1272 638 :
1290 611 1379 640 Sciens
1401 613 1479 640 Iesus
1497 614 1559 648 quia
1576 615 1665 640 omnia
1689 615 1762 641 det/it

972 657 995 684 ei
1011 656 1101 690 Putet,
1114 663 1166 684 ctc.
1183 663 1209 684 ct
1222 666 1272 685 non
1287 660 1350 685 estis
1368 659 1460 686 mundi
1474 667 1575 687 omnes.

1008 703 1039 731 Ρ.
1055 704 1100 732 71.
1129 703 1199 740 [Τοῦ
1229 704 1374 739 νιπτνῖρος
1402 705 1578 733 ἀκολουθία.
1603 707 1689 740 Quam
1715 708 1761 742 qui

972 750 1141 777 desiderabit
1171 751 1317 785 integram,
1345 756 1439 779 nostra
1466 752 1643 787 Euchologia,
1658 753 1680 780 si
1703 761 1760 779 HW-

973 801 1079 828 rentur,
1092 796 1189 823 adibit.
1218 797 1377 823 ’Λκολουοίῖι
1407 802 1497 825 alitem
1516 798 1761 832 alﬁciumesldiri-

971 849 1045 873 num,
1061 842 1141 876 cujus
1163 848 1255 877 partes
1281 845 1314 870 ad
1330 845 1446 872 invicem
1468 852 1600 873 comitatae
1616 846 1714 874 ordine
1731 855 1761 873 se

970 893 1186 922 consequuntur,
1204 890 1283 924 quasi
1299 891 1445 926 sequentia.
1463 891 1558 928 Ceam]

1008 933 1079 961 Ibid.
1097 935 1174 962 Alter
1189 937 1273 963 codex
1288 936 1388 965 Boicus
1404 938 1455 964 ἀνὰ
1470 940 1590 973 χρυσοῦν
1601 941 1760 976 νομίσματα

971 979 1045 1014 τρία.
1061 979 1164 1007 Forsan
1180 986 1253 1008 recta
1264 981 1345 1009 lectio
1357 983 1410 1009 erit
1423 983 1474 1009 ἀνὰ
1487 985 1577 1018 χρυσᾶ
1590 986 1759 1020 νομίσματα,

971 1029 1000 1051 ut
1017 1025 1069 1051 ἀνὰ
1083 1026 1205 1060 capiatur
1230 1034 1263 1054 eo
1278 1034 1360 1054 sensu
1377 1035 1432 1062 quo
1449 1029 1544 1056 Matth.
1561 1038 1597 1057 xx
1612 1039 1619 1057 :
1638 1031 1756 1058 Ἐὶαϐον

971 1071 1022 1097 ἀνὰ
1037 1071 1176 1107 δηνάριον,
1204 1070 1358 1108 acceperunt
1383 1075 1482 1110 singuli
1505 1076 1656 1105 denarium.
1675 1078 1756 1104 Ἐλα-

971 1117 1019 1143 6ον
1034 1118 1082 1143 καὶ
1097 1119 1175 1145 αὐτοὶ
1193 1119 1244 1146 ἀνὰ
1263 1119 1403 1155 δηνάριον,
1420 1128 1576 1156 acceperunt
1591 1123 1644 1157 ipsi
1655 1132 1757 1159 quoque

970 1161 1068 1196 singuli
1083 1163 1233 1191 denarium.
1250 1163 1351 1192 Gens.

1006 1208 1078 1236 Ibid.
1112 1209 1256 1246 [Τράπεζα
1277 1211 1312 1238 δὲ
1342 1212 1487 1247 οὐδαμοῦ,
1513 1214 1554 1242 Ol)
1581 1215 1759 1254 reiigiosioris

968 1255 1065 1290 jejunii
1097 1262 1276 1292 praeceptum,
1300 1259 1372 1292 quod
1405 1265 1494 1288 tamen
1519 1262 1601 1289 etiam
1618 1265 1760 1292 monachis

971 1301 1024 1330 hoc
1032 1302 1076 1330 die
1093 1303 1158 1330 vino
1176 1312 1230 1332 non
1247 1305 1399 1333 interdicit.
1419 1307 1615 1343 Euchologium
1629 1318 1636 1337 :
1651 1311 1759 1337 Δίδοται

970 1348 1000 1375 τὸ
1027 1350 1227 1384 κατακλαστὸν,
1257 1351 1304 1378 χαὶ
1330 1353 1582 1390 μεταλαμϐάνομεν
1609 1356 1683 1382 οἴνου
1710 1358 1758 1391 μό-

969 1404 1015 1422 νου
1020 1415 1027 1422 .

1005 1441 1087 1476 319
1102 1441 1173 1469 Ibid.
1200 1442 1273 1479 [Τῆς
1287 1444 1457 1479 ἀγρυπνίας
1482 1447 1659 1476 ἀκολουθία.
1677 1449 1759 1476 Volu-

970 1490 1032 1520 ptas
1048 1487 1149 1521 quietis
1165 1491 1368 1522 quantumlibet
1382 1492 1506 1520 studiosa
1521 1493 1547 1520 in
1560 1494 1671 1529 vigiliis,
1688 1505 1756 1532 quas

972 1533 1137 1567 παννυχίδας
1161 1539 1273 1567 vocant,
1288 1535 1382 1563 luxmn
1412 1538 1520 1572 quaerit,
1544 1540 1577 1567 de
1597 1541 1697 1575 quibus
1713 1542 1758 1570 Si-

971 1583 1101 1611 mocatta,
1116 1587 1173 1612 vni,
1191 1580 1224 1608 i5
1239 1591 1245 1608 ε
1264 1581 1385 1616 Σύνηθες
1400 1583 1467 1617 γοῦν
1478 1586 1535 1616 τοῖς
1549 1586 1697 1622 ἐγχωρίοις
1710 1589 1758 1614 ἐπὶ

969 1625 1024 1655 τοῖς
1042 1624 1250 1661 λελοχευμένοις
1274 1628 1393 1660 παιδίοις
1416 1630 1567 1665 ἑϐδομαίαν
1591 1633 1687 1667 ἄγουσι
1705 1635 1757 1668 τὴν

968 1669 1078 1706 ἡμέραν
1093 1673 1254 1706 συμποσίων
1267 1674 1378 1710 ἑορταῖς
1394 1678 1696 1712 χαταπαννυχίζεσθαι.
1716 1679 1758 1706 Di-

969 1716 1097 1745 lectionis
1109 1719 1213 1753 pariter
1226 1720 1318 1747 fervor
1327 1722 1484 1756 asperitatis
1494 1731 1601 1756 amans,
1613 1724 1639 1751 in
1651 1725 1755 1753 Christi

969 1769 1058 1791 morte
1088 1767 1232 1799 protractis
1250 1774 1297 1802 per
1325 1767 1396 1795 diem
1412 1768 1535 1804 jejuniis,
1561 1772 1655 1799 noctis-
1675 1779 1757 1800 omne

968 1809 1086 1842 spatium
1114 1810 1241 1838 insomne
1269 1813 1380 1840 molitur
1395 1815 1477 1841 etiam
1504 1816 1530 1842 in
1556 1817 1754 1851 imperatorutn

967 1855 1077 1889 palatiis
1087 1856 1251 1891 ,adjungere.
1274 1858 1446 1894 Παννυχίδας
1458 1868 1553 1890 sacras
1571 1870 1623 1890 non
1639 1864 1754 1891 ascetiri

967 1901 1048 1928 modo
1065 1901 1175 1935 fratres,
1195 1903 1242 1930 sed
1264 1908 1291 1931 et
1305 1907 1516 1940 communioris,
1541 1908 1646 1935 devotae
1663 1913 1752 1937 tannn

966 1946 1029 1973 vita:
1045 1954 1226 1981 praeceptores
1238 1950 1297 1976 suis
1314 1951 1427 1986 scriptis
1441 1953 1591 1982 celebrant.
1604 1954 1753 1983 Commen-

967 1992 1032 2019 dant
1051 1993 1076 2018 in
1095 1994 1242 2029 prmeipuis
1255 1995 1359 2024 Christi
1377 1997 1484 2026 Domini
1499 2004 1525 2026 et
1541 2000 1663 2034 Deipara:
1677 2002 1753 2030 festis

965 2038 1154 2066 ecclesiastica
1172 2040 1271 2072 ollicia,
1289 2042 1332 2069 ubi
1359 2043 1571 2078 irequentiorcm
1591 2047 1697 2082 plebem
1719 2048 1753 2075 ad

965 2085 1148 2113 concinendas
1161 2087 1208 2114 Dei
1225 2087 1320 2116 laudes
1335 2096 1495 2118 convocant.
1513 2091 1574 2120 llaec
1588 2101 1652 2120 vero
1666 2094 1754 2130 ἀγρυ-

965 2131 1031 2157 πνία
1050 2131 1105 2158 τῶν
1122 2132 1217 2159 παθῶν
1232 2134 1300 2162 adeo
1312 2136 1397 2166 culta.
1413 2141 1442 2164 ut
1458 2137 1528 2164 κατὰ
1552 2138 1598 2165 τὸν
1615 2141 1753 2174 τεταγμέ-

966 2185 1010 2202 νον
1026 2178 1134 2212 καιρὸν,
1149 2179 1221 2207 circa
1235 2181 1383 2208 seCundam
1411 2182 1541 2210 nimirum
1559 2185 1600 2212 vel
1615 2186 1724 2213 tertiam
1737 2195 1751 2213 a

930 2219 951 2246 Ι)
964 2225 1086 2251 serotino
1101 2227 1266 2260 crepusculo
1282 2227 1389 2260 horam,
1407 2236 1461 2255 non
1480 2231 1565 2263 possit
1579 2231 1613 2258 ab
1632 2232 1751 2267 impera-

966 2275 1026 2298 tore
1046 2278 1100 2298 non
1127 2273 1272 2300 celebrari.
1287 2273 1324 2301 De
1352 2275 1394 2301 his
1414 2274 1491 2303 festis
1510 2277 1628 2311 vigilatis
1655 2284 1753 2306 tractat

963 2315 1094 2388 gllatius,
1124 2317 1159 2345 de
1185 2318 1234 2345 lib.
1257 2319 1363 2347 Eccles.
1384 2319 1479 2348 ϐω)εο
1504 2322 1699 2351 dissertatione
1725 2325 1751 2352 1.
1777 2329 1790 2339 "-

987 2361 1063 2388 οη]

987 2361 1063 2398 οη]

999 2407 1073 2435 Ibid.
1090 2408 1239 2437 Duodecim
1253 2410 1306 2438 ista
1326 2412 1468 2447 evangelia
1507 2419 1588 2441 erant
1603 2419 1695 2447 partes
1716 2425 1750 2443 ex

963 2457 1083 2487 quatuor
1098 2455 1275 2489 erangelistis
1294 2456 1457 2491 dcsutnptze,
1488 2462 1516 2484 ut
1531 2459 1645 2493 planum
1678 2462 1706 2488 lit
1719 2470 1753 2489 ex

963 2499 1122 2527 Graecorum
1138 2499 1261 2534 Triodio,
1279 2502 1325 2529 ubi
1337 2502 1483 2530 duodecim
1509 2505 1607 2533 ordine
1637 2515 1752 2534 cnumc-

962 2551 1071 2579 rantur,
1093 2546 1223 2581 adjuncto
1251 2548 1436 2582 evangelista,
1463 2557 1496 2577 ex
1526 2558 1580 2585 quo
1610 2553 1753 2586 quodlibet.

961 2592 1136 2627 desumptum
1152 2597 1204 2624 est,
1222 2594 1341 2622 nomine.
1361 2595 1454 2630 Itaque
1479 2597 1546 2623 nihil
1563 2598 1621 2625 lucc
1648 2599 1753 2625 duode-

961 2638 1014 2665 cim
1026 2640 1234 2674 evangeliorum
1254 2640 1337 2669 lectio
1352 2643 1385 2670 ad
1402 2642 1475 2670 illam
1492 2649 1612 2677 quatuor
1629 2644 1751 2678 Evange-

958 2685 1058 2713 liorum
1079 2694 1126 2713 seu
1143 2686 1191 2713 τοῦ
1216 2689 1474 2724 τετραευαγγελίου,
1495 2694 1524 2716 nt
1538 2697 1572 2716 ex
1591 2690 1673 2717 dictis
1686 2698 1750 2725 pcr-

959 2733 1086 2768 spicuutn
1097 2734 1275 2769 relinquitur.
1291 2733 1402 2763 Falsurn
1419 2741 1511 2762 autem
1530 2740 1572 2762 est
1601 2737 1748 2764 duodecim

960 2780 1017 2807 ha-c
1029 2781 1168 2816 evangelia
1199 2786 1297 2816 quater
1310 2783 1337 2809 in
1349 2790 1421 2809 anno
1453 2783 1520 2809 lecta
1536 2790 1609 2816 esse,
1628 2788 1656 2810 tit
1684 2784 1752 2811 dicit

959 2826 1108 2854 Meursius.
1142 2828 1232 2855 Semel
1250 2823 1360 2855 in'anno
1387 2830 1455 2856 lecta
1479 2834 1553 2861 sunt,
1567 2837 1620 2856 non
1638 2836 1747 2864 quater,

960 2881 1056 2909 nempe
1074 2880 1170 2908 magna
1202 2874 1270 2901 l'cria
1292 2875 1387 2909 quinta
1403 2875 1429 2901 in
1463 2873 1550 2902 oliicio
1577 2876 1673 2912 vigilia:
1699 2885 1748 2911 pro
