2026 3147
182 180 232 215 εει

724 180 919 212 GRE'l‘SERl
940 180 986 209 ΕΤ
1008 178 1126 208 UOARl
1146 178 1267 208 NO'l‘Ji.

1747 182 1799 214 362

184 244 292 274 perator
309 246 362 266 non
377 239 434 266 ibat
447 245 552 272 semper
570 238 603 265 ad
614 238 744 271 tctnplum
765 236 967 268 Blacheruium,
986 238 1006 266 Λ
1023 234 1214 270 llodegetrium
1236 243 1288 263 non
1305 236 1389 264 fuisse
1418 236 1547 271 templqu
1569 237 1801 266 Blaclternieuset

183 291 211 313 et
220 285 383 319 Curopalata
393 285 495 313 diserte
508 284 650 319 distinguit
665 283 714 311 hos
726 283 826 317 gradus
843 291 858 309 u
869 282 968 316 templo

184 332 358 364 Blaclternio,
385 339 447 358 cum
475 330 548 357 dicat
583 333 773 364 imperatorem
801 328 967 362 equitantem

184 385 293 412 semper
309 376 407 404 deduci
429 383 516 411 usque
531 376 563 402 ad
580 375 702 402 excelsos
719 374 831 409 gradus,
853 374 878 400 in
899 373 968 401 testo

185 428 275 449 autem
293 421 434 449 Occursus
457 421 528 455 (seu,
545 424 574 447 ιιι
602 427 652 447 nos
678 426 820 452 vocamus,
838 418 969 446 Puriﬁca-
985 429 987 431 ·

184 467 268 495 tionis
292 467 324 494 D.
341 466 471 502 Virginis)
495 466 577 493 etiam
595 473 681 499 usque
697 464 731 492 ad
754 465 885 499 templum
907 464 967 490 Bla-

183 514 370 540 cbernarum:
400 519 461 540 nam
491 511 524 539 ad
550 511 602 538 hoc
631 511 761 545 templum
789 511 842 537 hoc
869 510 913 537 die
931 510 969 537 rei

182 560 283 586 divinae
297 558 385 593 gratia
403 557 563 585 conferebat
577 565 606 584 se
621 556 782 591 imperator.
794 555 897 582 Gens.

217 604 329 640 [Magna
345 604 520 631 contentione
532 602 770 630 dimicantJunius
784 606 812 628 et
825 602 969 629 Gretserus

184 652 249 686 περὶ
274 651 329 676 τῶν
349 649 487 684 ’Υψηλῶν,
509 649 541 676 de
555 648 680 683 gradibus
697 647 809 674 excelsis
829 647 886 678 (ΣΡ,
909 646 970 673 ubi-

185 704 247 723 nam
268 695 438 731 reponendi?
454 695 500 723 llle
516 695 543 722 in
561 694 722 723 Blacheruio
740 693 854 728 templo,
872 693 916 720 hic
942 693 969 719 in

185 743 286 777 palatio
301 743 371 770 silos
387 741 538 769 contendit.
555 741 627 768 inter
642 740 842 768 contendentes
864 739 970 766 arbiter

185 790 274 816 neutri
285 789 359 816 litem
370 789 504 822 integram
514 787 653 822 adjudico,
667 795 681 814 a
694 794 759 814 vero
771 786 903 821 siquidem
916 785 970 811 τῶν

191 835 320 869 ’Υψηλῶν
343 841 424 862 sensu
441 835 550 861 aberrat
575 838 702 868 uterque.
728 833 828 868 Ecquis
845 831 917 859 enim
943 831 969 857 in

185 881 236 907 hac
254 887 320 907 voce
335 879 438 914 gradus
454 878 645 913 intelligendos
664 882 750 913 putet,
763 884 795 905 ac
809 885 862 904 non
880 875 970 911 potius

185 927 325 954 excelsum
352 933 386 953 ac
403 924 510 959 fastigio
539 924 656 951 sublime
680 923 847 951 editicium?
874 923 909 949 At
934 930 969 950 ne

187 973 258 1000 velut
287 972 414 1000 ctecitans
437 976 463 998 et
486 970 597 1006 ignarus
620 970 704 1005 judcx
736 970 808 997 litem
829 970 967 1001 dir-imam.

187 1023 234 1046 aut
253 1019 345 1053 potius
371 1017 569 1045 andabatarum
586 1024 662 1044 more
687 1024 749 1044 cum
778 1021 895 1050 utroque
921 1023 970 1050 pu-

187 1072 276 1099 gnem,
298 1064 382 1091 dubio
403 1068 496 1091 certus
519 1068 616 1090 auctor
636 1063 723 1090 lucem
741 1062 838 1090 atterat
860 1061 969 1089 Nicetas

188 1110 284 1137 lsaacii
301 1109 406 1144 Angeli,
421 1109 440 1136 1.
459 1109 476 1136 ti
493 1117 501 1136 :
522 1109 648 1135 Δεικνυσι
664 1108 694 1135 τὸ
709 1107 869 1143 παράουρον
883 1107 969 1143 (aliud

187 1157 326 1190 esernplar
347 1156 413 1190 legit
431 1155 480 1190 τὴν
494 1155 600 1190 θυρίδα)
621 1156 650 1181 ἒν
667 1155 724 1186 τοῖς
750 1155 899 1190 βασιλείοις
915 1155 970 1181 τῶν

187 1201 360 1237 Βλαχερνῶν,
382 1201 421 1233 εἰς
437 1201 470 1227 τὰ
482 1201 619 1235 λεγόμενα
650 1199 765 1235 ’Υψηλὰ,
778 1199 812 1226 δι’
837 1197 870 1235 ἧς
884 1199 971 1234 ὁρατὰ

186 1246 221 1284 ἦν
236 1248 271 1274 τὰ
293 1248 434 1282 ἱππήλατα
454 1246 532 1273 πεδία.
552 1247 587 1273 τὰ
603 1245 702 1278 ἔξωθεν
717 1246 771 1273 τῶν
786 1245 926 1278 ἐπάλξεων
942 1246 970 1273 ὲν

187 1297 244 1327 τοῖς
253 1293 424 1325 (itione-rint;
436 1292 668 1324 καθυπτιάζοντα.
685 1292 806 1320 Observa
816 1292 850 1320 τὰ
864 1292 971 1328 Ὑψηλὰ

156 1374 159 1377 ,
189 1342 274 1368 altum
291 1339 446 1367 Blachernii
468 1338 559 1374 palatii
585 1338 743 1371 mdilicium,
761 1338 830 1365 unde
848 1339 970 1370 subjecta

189 1384 400 1420 Plulopatiensis
409 1384 535 1420 planities
547 1384 699 1419 delegatur,
715 1391 768 1410 non
778 1384 879 1418 gradus
887 1391 973 1419 quan~

190 1432 290 1460 tumvis
304 1432 427 1459 excelsos
437 1430 567 1462 indicare,
581 1438 631 1457 nec
643 1430 668 1457 in
685 1430 780 1464 majori
793 1430 902 1464 palatio,
918 1438 972 1466 quo

189 1478 289 1506 soleret
308 1477 457 1511 imperator
475 1476 586 1507 morari,
601 1475 670 1503 alios
691 1475 857 1503 excelsiores
871 1476 971 1510 gradus

189 1522 440 1551 comtniniscendos
456 1530 463 1548 :
481 1528 539 1548 eam
555 1521 590 1548 ob
606 1529 673 1554 rem,
687 1528 749 1548 cum
766 1521 792 1548 in
809 1521 971 1549 ciliibendis

189 1570 390 1604 reddendisque
401 1568 514 1596 honoris
529 1567 623 1595 oﬂiciis
640 1568 746 1602 longius
764 1575 870 1602 semper
886 1568 912 1594 in
925 1569 970 1595 de-
985 1570 1006 1600 α

189 1624 267 1644 cessu
293 1615 446 1642 deducatur
463 1614 503 1641 vir
530 1614 680 1641 honoratus
703 1621 785 1648 quam
808 1614 835 1640 in
858 1621 970 1640 accessu

188 1663 275 1690 eidem
306 1661 477 1692 occurratur,
502 1667 550 1694 par
566 1665 608 1687 est
626 1664 656 1687 ut
681 1659 704 1686 si
721 1660 770 1694 τῆς
790 1659 971 1694 Ὀδηγητρεας

190 1707 300 1741 imagini
331 1707 360 1732 ἐν
374 1707 407 1741 τῇ
427 1705 498 1741 πύλῃ
522 1704 570 1732 τοῦ
589 1704 721 1732 παλατίου
747 1704 831 1738 αὐλῆς
853 1705 970 1739 primum

188 1753 310 1780 occurrit
326 1753 486 1786 imperator,
498 1752 607 1786 longius
623 1752 709 1778 multo
730 1751 845 1778 deducat
866 1751 970 1777 abeun-

189 1804 253 1831 tcm,
271 1805 325 1825 non
347 1798 380 1824 ad
400 1798 477 1824 ﬁctos
498 1804 585 1830 usque
599 1797 699 1831 gradus
712 1796 846 1828 excelsos,
863 1797 907 1823 sed
931 1797 970 1828 εἰς

190 1845 223 1870 τὰ
235 1844 372 1878 λεγόμενα
397 1842 504 1877 Ὕψηλὰ
527 1843 557 1869 ὲν
579 1842 634 1872 τοῖς
660 1841 809 1876 βασιλείοις
832 1841 886 1867 τῶν
905 1841 971 1867 Bh-

190 1890 305 1925 χερνῶν,
334 1893 362 1916 et
376 1887 450 1923 quod
478 1888 517 1914 ait
545 1887 589 1914 hic
614 1891 721 1919 auctor,
739 1887 820 1921 μέχρι
844 1887 891 1912 καὶ
917 1886 971 1912 τῶν

195 1935 332 1970 ’Υψηλῶν,
353 1934 433 1968 longo
448 1934 497 1960 vite
512 1937 610 1964 tractu,
635 1934 714 1967 cujus
727 1932 913 1959 accessionem
930 1933 972 1959 iu-

189 1982 261 2009 dicat
278 1980 413 2016 particula
431 1979 489 2010 καὶ,
512 1979 544 2005 ad
573 1978 663 2006 locum
681 1986 778 2013 nempe
801 1977 905 2012 Ὑψηλᾶ
923 1985 970 2004 vo-

192 2034 293 2058 catum,
311 2033 392 2061 quem
407 2030 502 2052 auctor
518 2025 576 2059 ipse
595 2024 621 2051 in
639 2024 799 2051 Blochernio
817 2024 916 2057 palatio
931 2026 971 2050 νει

189 2074 223 2101 ad
239 2073 306 2100 illud
330 2073 408 2106 juxta
425 2070 543 2105 reponit,
560 2078 584 2097 c.
603 2070 646 2102 15,
664 2077 691 2104 p.
707 2070 751 2102 80,
775 2069 821 2096 ubi
837 2069 874 2096 ait
887 2070 972 2104 impc-

190 2125 308 2146 ratorem
335 2118 368 2144 ad
387 2116 597 2143 Blachcrnarum
623 2116 764 2151 templum,
782 2115 827 2142 cui
852 2116 970 2142 vicinum

188 2169 247 2191 erat
262 2163 386 2198 ejusdem
404 2160 522 2188 nominis
539 2160 682 2194 palatium,
699 2167 714 2186 a
727 2159 858 2195 Barangis
873 2160 970 2187 deduci

190 2211 271 2244 μέχρι
286 2208 341 2234 τῶν
366 2206 503 2241 ’Υψηλὼη
519 2210 593 2232 certe
609 2213 661 2232 nou
681 2205 714 2232 ad
731 2205 855 2233 excelsos
870 2206 970 2240 gradus

188 2257 249 2290 ejus
267 2263 283 2282 e
297 2261 353 2289 quo
372 2254 459 2280 fuerat
474 2259 603 2287 egressus
616 2252 719 2286 palatii,
733 2252 779 2279 sed
795 2253 828 2279 ad
847 2252 969 2279 destina-

189 2307 245 2328 tum
262 2300 386 2331 alterius,
403 2299 435 2326 ad
450 2298 523 2333 quod
541 2298 678 2330 tctulcbat,
699 2298 799 2325 locum.
819 2298 918 2334 Ceam]

223 2347 300 2373 Adde
325 2345 396 2380 quod
425 2345 484 2379 ipse
505 2345 652 2378 imperator
676 2345 821 2379 imaginem
848 2344 971 2380 llodcgc-

189 2395 249 2431 trite
259 2394 380 2421 secunda
393 2392 534 2420 Paschatis
543 2392 608 2420 feria
620 2393 652 2418 ad
667 2393 775 2426 propria
792 2397 970 2419 revertentem

190 2439 319 2474 prosequi
348 2438 456 2465 solebat
479 2445 565 2471 usque
593 2438 626 2464 ad
642 2438 765 2465 excelsos
788 2439 900 2472 gradus,
917 2438 972 2472 imlo

188 2491 215 2512 et
231 2490 320 2517 extra,
340 2488 370 2511 ut
383 2483 448 2510 dicit
460 2483 633 2518 Curopalata,
651 2491 676 2510 c.
694 2483 737 2515 12,
757 2491 783 2518 p.
800 2483 853 2511 72:
868 2492 918 2511 nec
934 2490 972 2511 ta-

191 2539 251 2556 men
269 2530 303 2556 ad
330 2528 460 2563 templum
486 2528 677 2555 Blachcrnium
703 2532 768 2555 tunc
786 2528 840 2555 ibat
856 2529 971 2563 impera-

191 2582 244 2602 tor.
274 2575 328 2602 Sed
358 2581 413 2600 non
442 2579 483 2601 est
504 2573 586 2608 326
600 2581 667 2608 opus
692 2573 828 2608 pluribus.
858 2575 972 2608 ipsemet

188 2620 286 2648 Junius
311 2628 342 2647 se
369 2618 476 2651 refellit,
502 2620 547 2654 qui
565 2620 620 2646 haec
641 2627 666 2653 p.
693 2618 746 2646 526
761 2627 768 2645 :
784 2619 840 2654 Τῆς
861 2619 973 2654 Ὀδηγη-

190 2668 278 2700 τρίας.
295 2666 321 2693 id
336 2670 377 2693 est
403 2665 477 2691 ducis
496 2666 555 2695 vim.
580 2670 669 2691 statua
683 2664 734 2697 fuit
749 2671 825 2692 extra
842 2665 971 2699 palatium

190 2712 275 2746 Cpoli,
291 2713 317 2738 iu
330 2711 426 2745 (turpia
440 2716 463 2737 et
479 2711 636 2736 monasterio
653 2710 745 2743 nobili,
764 2710 833 2744 quod
846 2711 972 2744 templum

189 2758 309 2785 Zonaras
326 2759 391 2784 ναὸν
407 2757 461 2783 τῶν
478 2756 609 2791 Ὀδηγῶν,
621 2757 647 2783 in
665 2757 774 2790 imperio
792 2756 836 2784 Εἰ.
856 2757 972 2785 Michae-

186 2805 233 2835 lis.
248 2804 415 2838 Niceti/torus
433 2802 563 2836 (ἔταροι-αδ
575 2802 593 2829 Ι.
610 2810 635 2828 xt
653 2803 841 2829 monasterium
855 2803 972 2839 llodcge~

185 2851 269 2876 trium
282 2849 438 2884 appellavit.
457 2847 504 2874 Ili:
524 2852 611 2873 autent
627 2847 719 2874 diebus
735 2848 762 2874 iu
785 2849 914 2882 palatium
933 2851 972 2876 iu-

183 2896 333 2932 fcrebatur.
352 2895 416 2922 lla-c
433 2894 488 2922 illc.
502 2894 608 2928 Atquid
624 2894 724 2921 clarius
740 2902 820 2929 quam
841 2897 970 2931 templum

354 2942 493 2971 Parnm.
507 2940 563 2969 Gn.
585 2939 697 2969 CLVII.

1022 280 1122 308 Scribit
1138 280 1317 314 Pachyrncres
1337 281 1384 309 lib.
1402 290 1438 309 vn
1457 283 1600 318 imaginem
1620 282 1741 317 Deiparrc
1755 291 1802 316 per

1022 326 1080 353 dies
1097 327 1251 361 complures
1267 328 1443 363 lacrymassc.
1470 329 1597 362 Quaenam
1614 328 1672 356 haec
1695 330 1803 364 imago?

1022 379 1087 399 num
1115 372 1305 408 Hodegetriaa?
1319 383 1382 402 num
1408 366 1564 410 Nicopoctc?
1580 374 1612 401 Et
1637 375 1708 409 apud
1728 383 1804 402 cum-

1021 418 1082 445 dcm
1110 419 1304 455 Pachynterem
1330 421 1349 449 l.
1373 429 1399 448 in
1431 421 1521 456 imago
1547 422 1596 456 τῆς
1617 422 1802 455 Φωταγωγοῦ,

1021 464 1142 499 Virginis
1160 469 1242 492 lucent
1261 466 1408 500 offerentis,
1431 466 1506 501 cujus
1524 472 1615 493 sancto
1628 467 1684 494 oleo
1699 467 1805 495 delibu-

1022 515 1065 536 ius
1082 509 1195 537 Michael
1214 510 1363 538 Andronici
1377 512 1547 546 imperatoris
1566 513 1637 540 illius
1657 520 1689 540 ex
1711 514 1806 547 despe-

1021 560 1081 583 rato
1099 556 1195 582 morbo
1212 557 1360 584 convaluit.

1057 601 1146 629 Tertia
1166 603 1259 638 vigilia
1275 603 1370 638 palatii
1389 609 1430 632 est
1448 604 1493 630 τοῦ
1512 604 1734 640 Εὑαγγελισμοῦ,
1752 605 1806 632 An-

1023 647 1206 676 nuutiationis
1222 648 1251 676 Β.
1267 648 1397 683 Virginis.
1412 649 1511 677 Iunius
1532 650 1688 684 evangelica:
1704 659 1805 677 annuu-

1023 693 1153 720 tiatiouis.
1174 694 1246 721 Salis
1256 695 1414 730 evangelice
1433 703 1440 722 :
1457 695 1502 722 sed
1518 695 1584 730 quid
1607 695 1682 722 aliud
1698 703 1712 722 a
1728 704 1806 730 pscu-

1022 740 1218 775 doevangclico
1233 741 1396 775 praedicante
1409 747 1550 776 exspectes
1564 742 1575 768 ‘l

1057 786 1161 818 Quarta
1190 786 1280 822 vigilia
1309 787 1441 821 agebatur
1469 788 1563 822 quinta
1590 788 1658 816 feria
1694 789 1807 822 majorii

1024 831 1211 864 hebdomade,
1240 832 1275 860 ob
1296 831 1461 860 Parasceves
1484 835 1638 868 appetentis
1663 834 1807 861 solemnia.

1023 876 1125 905 (ἔμεγε.

1312 955 1429 983 CAPUT
1451 955 1519 984 Vill.

1021 1014 1216 1042 Observationes
1229 1019 1253 1042 et
1267 1015 1452 1049 explicationes
1470 1016 1495 1042 iu
1515 1024 1539 1042 ο.
1563 1015 1645 1049 l3,de
1665 1015 1808 1043 Parascere

1240 1055 1263 1076 et
1292 1058 1385 1085 magno
1415 1050 1545 1078 Sabbato.

1056 1106 1094 1133 Dc
1123 1113 1221 1141 magno
1249 1106 1368 1134 Sabbato
1385 1106 1451 1133 nihil
1469 1113 1512 1134 est
1539 1108 1566 1134 in
1584 1107 1678 1134 Graeca
1708 1108 1804 1135 insori-

1020 1152 1125 1186 ptione,
1153 1157 1322 1180 cumtamen
1351 1152 1524 1187 potissimum
1546 1154 1579 1181 de
1598 1153 1688 1181 officio
1713 1155 1805 1189 magni

1022 1197 1146 1231 Sabbati,
1165 1198 1216 1224 hoc
1241 1203 1283 1225 est
1300 1197 1400 1233 vigilia:
1424 1197 1576 1231 Paschalis,
1593 1198 1620 1225 in
1646 1198 1697 1227 ltoc
1717 1200 1807 1234 catiite

1022 1249 1130 1278 agatur.

1057 1288 1088 1315 P.
1113 1288 1156 1316 72.
1187 1289 1223 1317 De
1238 1289 1387 1318 Parasceve
1410 1291 1498 1319 tribus
1515 1291 1603 1319 verbis
1623 1298 1667 1319 res
1689 1291 1807 1319 absolii-

1024 1340 1078 1362 tur.
1101 1334 1167 1362 Vide
1184 1343 1244 1370 quae
1260 1336 1293 1363 de
1309 1337 1360 1364 hoc
1384 1337 1455 1365 l'csto
1472 1338 1633 1372 scripsimus
1657 1341 1723 1365 tom.
1741 1338 1750 1364 1
1773 1339 1808 1364 lle

1022 1380 1051 1408 S.
1065 1381 1162 1414 Cruce,
1181 1382 1198 1408 l.
1215 1389 1233 1414 ι,
1246 1389 1271 1409 c.
1290 1382 1324 1409 68
1348 1375 1378 1410 et.
1395 1383 1413 1410 l.
1430 1391 1436 1410 I
1453 1384 1489 1411 De
1511 1383 1598 1417 festis,
1614 1392 1639 1412 c.
1655 1384 1690 1412 25
1711 1389 1739 1412 et
1760 1385 1806 1412 2i.

1024 1427 1154 1456 llomilias
1168 1428 1324 1456 Graecorum
1334 1429 1360 1456 in
1372 1428 1540 1457 Parasceven
1557 1430 1679 1458 invenies
1692 1435 1759 1458 tom.
1772 1431 1806 1463 ll,

1024 1473 1060 1501 Dc
1078 1481 1169 1501 cruce.
1187 1474 1287 1505 αἰκεῖς.

1058 1519 1125 1546 Ibid.
1143 1519 1185 1556 [At
1196 1517 1278 1555 ὧραι.
1291 1522 1326 1549 Dc
1341 1523 1439 1557 quibus
1451 1523 1643 1550 consulendum
1655 1522 1806 1550 Trioa'ium.

1059 1565 1130 1592 Ibid.
1154 1566 1213 1600 Τὴν
1235 1568 1436 1603 λειτουργίαν.
1457 1568 1527 1596 liora
1551 1569 1637 1604 prima
1660 1570 1748 1597 noctis
1765 1571 1808 1596 di~

1025 1612 1149 1640 cendam.
1167 1611 1306 1640 Triodium
1324 1622 1331 1640 :
1356 1614 1474 1648 Ὀφείλει
1497 1615 1524 1641 δὲ
1539 1615 1611 1650 ἔχειν
1636 1615 1781 1651 ἀκρίϐειαν
1794 1616 1808 1642 ὀ

1024 1658 1228 1698 ἔκκληςιάρχης
1244 1659 1300 1692 ἵνα,
1315 1659 1380 1687 ὅταν
1402 1662 1466 1696 ποιῇ
1487 1661 1618 1687 ἀπόλυσιν
1633 1662 1648 1696 ἡ
1674 1662 1807 1696 iac/Aqui:

1024 1707 1073 1741 τῆς
1086 1705 1273 1741 λειτουργίας,
1293 1706 1403 1742 ὑπάρχῃ
1416 1707 1475 1743 ὥρα
1490 1708 1603 1743 δευτέρα
1616 1710 1664 1743 τῆς
1684 1709 1794 1743 λειτθυρ

1023 1752 1096 1786 γίας.
1115 1752 1278 1787 Vespet'time
1293 1761 1358 1782 vero
1375 1755 1479 1788 laudes,
1495 1756 1596 1790 quibus
1619 1755 1676 1790 ipsa
1693 1757 1807 1791 conjun-

1022 1796 1103 1830 gitur,
1120 1797 1224 1824 decima
1240 1797 1295 1825 diei
1311 1797 1376 1825 hora
1390 1799 1533 1833 incipittnt.
1545 1799 1650 1835 Gonn]

1060 1841 1128 1869 Ibitl.
1146 1842 1193 1869 Illa
1215 1843 1283 1877 μετὰ
1311 1843 1360 1878 τὴν
1388 1843 1436 1869 τοῦ
1460 1843 1623 1872 ’Δποπτόλου
1652 1847 1806 1881 ἀνάγνωσιν

1023 1887 1121 1915 Junius
1138 1889 1239 1915 vcrtit:
1266 1893 1322 1921 post
1349 1889 1485 1917 lectionem
1516 1897 1605 1918 aulem
1630 1893 1761 1925 Apostoli,
1779 1895 1806 1919 id

1023 1935 1072 1962 est,
1091 1931 1125 1957 ad
1138 1939 1198 1957 eum
1215 1940 1295 1966 usque
1310 1933 1395 1960 locum
1407 1941 1417 1960 .'
1431 1933 1525 1969 Surge,
1543 1935 1624 1969 Deus,
1639 1937 1684 1970 qui
1697 1937 1806 1971 judico:

1025 1983 1133 2004 terram.
1152 1976 1256 2005 Vitiose
1271 1986 1392 2012 prorsus,
1410 1980 1486 2014 quasi
1507 1980 1570 2008 illttd
1590 1989 1666 2017 surge
1683 1982 1752 2010 Deus
1772 1985 1806 2011 ad

1023 2022 1146 2055 Apostoli
1157 2023 1298 2052 lectionem
1313 2026 1459 2059 pertineat,
1474 2033 1534 2053 cuin
1551 2027 1585 2054 sit
1596 2028 1709 2062 sticltus,
1724 2037 1806 2064 quem
1848 2036 1852 2053 :

1024 2073 1086 2102 post
1113 2068 1256 2096 lectionem
1274 2070 1398 2104 Apostoli
1419 2078 1450 2098 ex
1467 2071 1588 2106 Epistola
1609 2074 1642 2100 ad
1668 2073 1806 2102 Botuancs

1023 2120 1160 2150 sumptum
1175 2116 1295 2143 concinit
1309 2115 1428 2144 Psaltes:
1449 2117 1578 2154 Exsurge,
1590 2120 1668 2153 Deus,
1679 2119 1806 2154 judicans

1024 2166 1133 2192 (errant.
1154 2163 1220 2197 quia
1246 2169 1273 2189 tu
1291 2163 1460 2190 Ittrreditabis
1476 2166 1502 2192 iu
1527 2165 1648 2192 omnibus
1672 2168 1803 2201 gentibus.
1846 2165 1850 2178 "

1025 2208 1143 2246 Subjicit
1170 2209 1253 2236 lector
1268 2216 1275 2236 :
1293 2209 1363 2236 Deus
1389 2211 1460 2237 stetit
1477 2212 1504 2237 in
1528 2219 1661 2247 synagoga
1682 2214 1804 2244 deorum,

1024 2253 1051 2279 iu
1066 2253 1150 2279 medio
1167 2259 1255 2280 autem
1271 2254 1331 2281 deos
1356 2255 1499 2289 dijudicat,
1515 2261 1566 2284 etc.
1589 2257 1712 2286 Succinit
1733 2261 1806 2294 psal-

1024 2303 1065 2326 tes
1083 2307 1090 2326 :
1115 2298 1247 2334 Exsurge,
1278 2301 1356 2332 Deus,
1375 2306 1439 2334 ctc.,
1461 2308 1489 2329 et
1517 2303 1567 2330 huc
1591 2304 1700 2338 saepius.
1722 2311 1750 2333 ut
1764 2307 1806 2334 di-

1024 2345 1124 2372 stincte
1147 2346 1228 2373 habes
1244 2346 1270 2373 in
1285 2347 1409 2375 Triodio.
1433 2348 1505 2383 Ergo
1522 2349 1562 2376 vel
1579 2355 1638 2384 post
1659 2350 1804 2379 lectionem

1024 2391 1147 2426 Apostoli
1168 2393 1208 2420 vel
1233 2398 1293 2428 post
1308 2393 1388 2429 327
1408 2395 1570 2429 subjunctos
1593 2397 1707 2431 sticltos,
1734 2407 1805 2432 quu-

1024 2444 1084 2463 rum
1106 2438 1272 2472 principium
1286 2444 1326 2466 est
1340 2447 1453 2475 exsurge
1467 2440 1548 2473 Deus,
1570 2448 1701 2478 spargunt
1723 2445 1806 2471 lectu-

1025 2491 1068 2510 res
1085 2488 1110 2510 et
1125 2484 1199 2517 pueri
1219 2484 1355 2513 lmnorarii
1377 2486 1467 2514 lauros
1482 2496 1489 2513 :
1513 2487 1654 2522 legendum
1670 2491 1742 2517 enim
1764 2496 1806 2518 cst

1024 2529 1154 2555 πάττουσι
1175 2531 1215 2556 vcl
1235 2531 1381 2564 πάππουσι,
1398 2533 1586 2560 ἀποπάττουσι
1613 2536 1653 2562 vel
1680 2537 1804 2562 ἀποπάσ-

1024 2582 1112 2601 σουσι.
1134 2573 1199 2602 Vide
1212 2584 1271 2609 qua:
1284 2577 1445 2611 scripsimus
1456 2578 1488 2606 dc
1503 2586 1603 2614 magno
1619 2580 1737 2608 Sabbatu
1750 2581 1768 2606 l.
1783 2589 1804 2611 ι,

1024 2619 1061 2646 De
1076 2618 1163 2653 festis,
1182 2629 1205 2648 c.
1221 2622 1263 2648 '25.
1277 2622 1378 2650 (Iners.

1059 2663 1127 2693 Ibid.
1141 2665 1282 2703 [Δάφιλας.
1299 2670 1422 2697 Arbitror
1439 2671 1465 2697 in
1481 2672 1580 2698 laetitiae
1596 2679 1644 2705 pro
1663 2662 1803 2699 Dorniuica

1025 2713 1225 2741 resurrectione
1241 2722 1442 2750 argumentum,
1455 2717 1495 2744 vel
1510 2718 1542 2744 ad
1557 2717 1685 2749 victorian,
1699 2717 1720 2743 si
1736 2719 1803 2743 bella

1024 2765 1197 2793 premerent,
1227 2761 1291 2788 felix
1317 2770 1396 2789 omen
1426 2763 1579 2796 imperatori
1610 2763 1802 2796 promendum.

1060 2806 1089 2833 Ρ.
1109 2807 1151 2832 75.
1172 2807 1300 2840 Hal-rcta
1324 2808 1357 2834 δὲ
1379 2808 1523 2841 οὐδαμῶς.
1551 2809 1588 2835 Eo
1601 2809 1672 2842 quod
1693 2809 1719 2835 in
1745 2809 1804 2843 ipsi

1023 2852 1137 2879 ccclrsia
1159 2853 1251 2879 sobria
1270 2853 1344 2879 valde
1361 2853 1492 2879 habeatur
1508 2853 1632 2880 refectio.
1648 2852 1801 2887 Trio-lium,

1028 2899 1072 2926 ubi
1090 2899 1122 2926 dc
1140 2899 1280 2926 monachis
1297 2898 1376 2926 hodie
1390 2898 1509 2934 loquitur
1524 2909 1530 2926 :
1547 2900 1622 2925 Μπᾶ
1636 2899 1663 2924 δὲ
1676 2900 1724 2934 τὴν
1739 2899 1804 2925 ἁπό-

1587 2944 1622 2977 12
