  <div class='ocr_page' id='page_1' title='image "/cluster/home/n/w/nwhite01/storage/ocr_20150623/157/njp.32101077773222/190.png"; bbox 0 0 2026 3147; ppageno 0'>
   <div class='ocr_carea' id='block_1_1' title="bbox 138 220 194 250">
    <p class='ocr_par' dir='ltr' id='par_1_1' title="bbox 138 220 194 250">
     <span class='ocr_line' id='line_1_1' title="bbox 138 220 194 250; baseline 0 0"><span class='ocrx_word' id='word_1_1' title='bbox 138 220 194 250; x_wconf 76' lang='lat'><strong>365</strong></span> 
     </span>
    </p>
   </div>
   <div class='ocr_carea' id='block_1_2' title="bbox 691 193 1231 244">
    <p class='ocr_par' dir='ltr' id='par_1_2' title="bbox 691 193 1231 244">
     <span class='ocr_line' id='line_1_2' title="bbox 691 193 1231 244; baseline -0.007 0"><span class='ocrx_word' id='word_1_2' title='bbox 691 193 883 244; x_wconf 64' lang='lat' dir='ltr'><strong>euersam</strong></span> <span class='ocrx_word' id='word_1_3' title='bbox 904 212 951 243; x_wconf 85' lang='lat' dir='ltr'><strong>ET</strong></span> <span class='ocrx_word' id='word_1_4' title='bbox 973 212 1093 243; x_wconf 66' lang='lat' dir='ltr'><strong>coam</strong></span> <span class='ocrx_word' id='word_1_5' title='bbox 1108 210 1231 243; x_wconf 59' lang='lat' dir='ltr'><strong>Nor/ti.</strong></span> 
     </span>
    </p>
   </div>
   <div class='ocr_carea' id='block_1_3' title="bbox 1725 201 1777 235">
    <p class='ocr_par' dir='ltr' id='par_1_3' title="bbox 1725 201 1777 235">
     <span class='ocr_line' id='line_1_3' title="bbox 1725 201 1777 235; baseline 0.019 -2"><span class='ocrx_word' id='word_1_6' title='bbox 1725 201 1777 235; x_wconf 72' lang='lat'><strong>:66</strong></span> 
     </span>
    </p>
   </div>
   <div class='ocr_carea' id='block_1_4' title="bbox 140 260 1778 310">
    <p class='ocr_par' dir='ltr' id='par_1_4' title="bbox 140 260 1778 310">
     <span class='ocr_line' id='line_1_4' title="bbox 140 260 1778 310; baseline -0.01 -7"><span class='ocrx_word' id='word_1_7' title='bbox 140 274 300 310; x_wconf 79' lang='lat' dir='ltr'><strong>inexpiabili</strong></span> <span class='ocrx_word' id='word_1_8' title='bbox 313 274 416 302; x_wconf 78' lang='lat' dir='ltr'><strong>scelere</strong></span> <span class='ocrx_word' id='word_1_9' title='bbox 433 280 494 301; x_wconf 88' lang='lat' dir='ltr'><strong>sese</strong></span> <span class='ocrx_word' id='word_1_10' title='bbox 503 272 665 300; x_wconf 76' lang='lat' dir='ltr'><strong>obstrictum</strong></span> <span class='ocrx_word' id='word_1_11' title='bbox 677 271 851 299; x_wconf 89' lang='lat' dir='ltr'><strong>credidisset.</strong></span> <span class='ocrx_word' id='word_1_12' title='bbox 863 270 933 304; x_wconf 87' lang='lat' dir='ltr'><strong>Quid</strong></span> <span class='ocrx_word' id='word_1_13' title='bbox 950 272 973 302; x_wconf 79' lang='grc' dir='ltr'><strong>Α</strong></span> <span class='ocrx_word' id='word_1_14' title='bbox 987 270 1097 304; x_wconf 75' lang='grc' dir='ltr'>πατέρα</span> <span class='ocrx_word' id='word_1_15' title='bbox 1113 267 1274 302; x_wconf 75' lang='grc' dir='ltr'>ἀντιφιλεῖν.</span> <span class='ocrx_word' id='word_1_16' title='bbox 1300 265 1391 293; x_wconf 87' lang='lat' dir='ltr'><strong>Solam</strong></span> <span class='ocrx_word' id='word_1_17' title='bbox 1408 271 1519 292; x_wconf 86' lang='lat' dir='ltr'><strong>matmm</strong></span> <span class='ocrx_word' id='word_1_18' title='bbox 1545 261 1663 310; x_wconf 66' lang='lat' dir='ltr'><strong>senioris</strong></span> <span class='ocrx_word' id='word_1_19' title='bbox 1681 260 1778 310; x_wconf 48' lang='lat' dir='ltr'><strong>inn-iut-</strong></span> 
     </span>
    </p>
   </div>
   <div class='ocr_carea' id='block_1_5' title="bbox 141 314 936 358">
    <p class='ocr_par' dir='ltr' id='par_1_5' title="bbox 141 314 936 358">
     <span class='ocr_line' id='line_1_5' title="bbox 141 314 936 358; baseline -0.008 -9"><span class='ocrx_word' id='word_1_20' title='bbox 141 322 214 358; x_wconf 86' lang='lat' dir='ltr'><strong>quod</strong></span> <span class='ocrx_word' id='word_1_21' title='bbox 224 320 320 349; x_wconf 84' lang='lat' dir='ltr'><strong>Batavi</strong></span> <span class='ocrx_word' id='word_1_22' title='bbox 330 314 483 348; x_wconf 74' lang='lat' dir='ltr'><strong>Calviniani</strong></span> <span class='ocrx_word' id='word_1_23' title='bbox 492 319 606 354; x_wconf 82' lang='lat' dir='ltr'><strong>pedibus</strong></span> <span class='ocrx_word' id='word_1_24' title='bbox 618 317 676 346; x_wconf 86' lang='lat' dir='ltr'><strong>suis</strong></span> <span class='ocrx_word' id='word_1_25' title='bbox 687 317 781 345; x_wconf 89' lang='lat' dir='ltr'><strong>oscula</strong></span> <span class='ocrx_word' id='word_1_26' title='bbox 789 316 854 345; x_wconf 84' lang='lat' dir='ltr'><strong>Ierri</strong></span> <span class='ocrx_word' id='word_1_27' title='bbox 862 316 936 344; x_wconf 84' lang='lat' dir='ltr'><strong>haud</strong></span> 
     </span>
    </p>
   </div>
   <div class='ocr_carea' id='block_1_6' title="bbox 140 362 937 404">
    <p class='ocr_par' dir='ltr' id='par_1_6' title="bbox 140 362 937 404">
     <span class='ocr_line' id='line_1_6' title="bbox 140 362 937 404; baseline -0.008 -8"><span class='ocrx_word' id='word_1_28' title='bbox 140 375 212 404; x_wconf 67' lang='lat' dir='ltr'><strong>aegre</strong></span> <span class='ocrx_word' id='word_1_29' title='bbox 223 367 298 403; x_wconf 81' lang='lat' dir='ltr'><strong>passi</strong></span> <span class='ocrx_word' id='word_1_30' title='bbox 307 371 370 394; x_wconf 86' lang='lat' dir='ltr'><strong>sunt</strong></span> <span class='ocrx_word' id='word_1_31' title='bbox 382 367 393 393; x_wconf 70' lang='grc'><em>2</em></span> <span class='ocrx_word' id='word_1_32' title='bbox 405 365 471 393; x_wconf 81' lang='lat' dir='ltr'><strong>Nam</strong></span> <span class='ocrx_word' id='word_1_33' title='bbox 483 365 510 392; x_wconf 92' lang='lat' dir='ltr'><strong>in</strong></span> <span class='ocrx_word' id='word_1_34' title='bbox 521 364 697 400; x_wconf 70' lang='lat' dir='ltr'><strong>navigatione</strong></span> <span class='ocrx_word' id='word_1_35' title='bbox 711 363 832 392; x_wconf 76' lang='lat' dir='ltr'><strong>Australi</strong></span> <span class='ocrx_word' id='word_1_36' title='bbox 841 362 937 390; x_wconf 71' lang='lat' dir='ltr'><strong>Jacobi</strong></span> 
     </span>
    </p>
   </div>
   <div class='ocr_carea' id='block_1_7' title="bbox 141 408 937 447">
    <p class='ocr_par' dir='ltr' id='par_1_7' title="bbox 141 408 937 447">
     <span class='ocr_line' id='line_1_7' title="bbox 141 408 937 447; baseline -0.008 -5"><span class='ocrx_word' id='word_1_37' title='bbox 141 416 164 442; x_wconf 86' lang='lat' dir='ltr'><strong>te</strong></span> <span class='ocrx_word' id='word_1_38' title='bbox 181 414 276 447; x_wconf 76' lang='grc' dir='ltr'><strong>Μαίη,</strong></span> <span class='ocrx_word' id='word_1_39' title='bbox 292 413 382 441; x_wconf 69' lang='lat' dir='ltr'><strong>Leidaa</strong></span> <span class='ocrx_word' id='word_1_40' title='bbox 400 413 427 439; x_wconf 92' lang='lat' dir='ltr'><strong>in</strong></span> <span class='ocrx_word' id='word_1_41' title='bbox 444 410 588 439; x_wconf 84' lang='lat' dir='ltr'><strong>Ilollandia</strong></span> <span class='ocrx_word' id='word_1_42' title='bbox 605 409 676 446; x_wconf 85' lang='lat' dir='ltr'><strong>typis</strong></span> <span class='ocrx_word' id='word_1_43' title='bbox 689 417 790 437; x_wconf 84' lang='lat' dir='ltr'><strong>excusa</strong></span> <span class='ocrx_word' id='word_1_44' title='bbox 801 417 873 436; x_wconf 88' lang='lat' dir='ltr'><strong>anno</strong></span> <span class='ocrx_word' id='word_1_45' title='bbox 883 408 937 436; x_wconf 72' lang='lat' dir='ltr'><strong>Ite-</strong></span> 
     </span>
    </p>
   </div>
   <div class='ocr_carea' id='block_1_8' title="bbox 140 455 939 496">
    <p class='ocr_par' dir='ltr' id='par_1_8' title="bbox 140 455 939 496">
     <span class='ocr_line' id='line_1_8' title="bbox 140 455 939 496; baseline -0.009 -7"><span class='ocrx_word' id='word_1_46' title='bbox 140 460 292 496; x_wconf 81' lang='lat' dir='ltr'><strong>dcmptoris</strong></span> <span class='ocrx_word' id='word_1_47' title='bbox 304 458 385 491; x_wconf 77' lang='grc'><strong>1619,</strong></span> <span class='ocrx_word' id='word_1_48' title='bbox 406 459 463 486; x_wconf 67' lang='lat' dir='ltr'><strong>haec</strong></span> <span class='ocrx_word' id='word_1_49' title='bbox 480 457 586 492; x_wconf 85' lang='lat' dir='ltr'><strong>prodita</strong></span> <span class='ocrx_word' id='word_1_50' title='bbox 597 460 660 485; x_wconf 85' lang='lat' dir='ltr'><strong>sunt</strong></span> <span class='ocrx_word' id='word_1_51' title='bbox 671 455 704 484; x_wconf 90' lang='lat' dir='ltr'><strong>de</strong></span> <span class='ocrx_word' id='word_1_52' title='bbox 729 456 805 484; x_wconf 87' lang='lat' dir='ltr'><strong>Indis</strong></span> <span class='ocrx_word' id='word_1_53' title='bbox 823 455 939 491; x_wconf 87' lang='lat' dir='ltr'><strong>quibus-</strong></span> 
     </span>
    </p>
   </div>
   <div class='ocr_carea' id='block_1_9' title="bbox 141 503 938 540">
    <p class='ocr_par' dir='ltr' id='par_1_9' title="bbox 141 503 938 540">
     <span class='ocr_line' id='line_1_9' title="bbox 141 503 938 540; baseline -0.008 -6"><span class='ocrx_word' id='word_1_54' title='bbox 141 504 203 535; x_wconf 86' lang='lat' dir='ltr'><strong>dam</strong></span> <span class='ocrx_word' id='word_1_55' title='bbox 217 515 224 533; x_wconf 93' lang='lat'><strong>:</strong></span> <span class='ocrx_word' id='word_1_56' title='bbox 240 503 293 540; x_wconf 82' lang='lat' dir='ltr'><strong>Qui</strong></span> <span class='ocrx_word' id='word_1_57' title='bbox 304 505 439 532; x_wconf 83' lang='lat' dir='ltr'><strong>intrabant</strong></span> <span class='ocrx_word' id='word_1_58' title='bbox 460 508 551 531; x_wconf 79' lang='lat' dir='ltr'><strong>navem</strong></span> <span class='ocrx_word' id='word_1_59' title='bbox 562 507 678 532; x_wconf 75' lang='lat' dir='ltr'><strong>nostrain</strong></span> <span class='ocrx_word' id='word_1_60' title='bbox 690 511 722 530; x_wconf 81' lang='lat' dir='ltr'><strong>ea:</strong></span> <span class='ocrx_word' id='word_1_61' title='bbox 733 503 938 537; x_wconf 73' lang='lat' dir='ltr'><strong>ipsis,ingenua</strong></span> 
     </span>
    </p>
   </div>
   <div class='ocr_carea' id='block_1_10' title="bbox 141 547 938 588">
    <p class='ocr_par' dir='ltr' id='par_1_10' title="bbox 141 547 938 588">
     <span class='ocr_line' id='line_1_10' title="bbox 141 547 938 588; baseline -0.006 -9"><span class='ocrx_word' id='word_1_62' title='bbox 141 553 307 588; x_wconf 83' lang='lat' dir='ltr'><strong>procidentes</strong></span> <span class='ocrx_word' id='word_1_63' title='bbox 325 550 435 586; x_wconf 86' lang='lat' dir='ltr'><strong>pedibus</strong></span> <span class='ocrx_word' id='word_1_64' title='bbox 461 550 561 578; x_wconf 77' lang='lat' dir='ltr'><strong>nostris</strong></span> <span class='ocrx_word' id='word_1_65' title='bbox 587 549 677 577; x_wconf 83' lang='lat' dir='ltr'><strong>oscula</strong></span> <span class='ocrx_word' id='word_1_66' title='bbox 696 548 824 584; x_wconf 78' lang='lat' dir='ltr'><strong>ﬁgebant.</strong></span> <span class='ocrx_word' id='word_1_67' title='bbox 852 547 938 574; x_wconf 86' lang='lat' dir='ltr'><strong>Paulo</strong></span> 
     </span>
    </p>
   </div>
   <div class='ocr_carea' id='block_1_11' title="bbox 142 591 937 634">
    <p class='ocr_par' dir='ltr' id='par_1_11' title="bbox 142 591 937 634">
     <span class='ocr_line' id='line_1_11' title="bbox 142 591 937 634; baseline -0.008 -8"><span class='ocrx_word' id='word_1_68' title='bbox 142 603 221 634; x_wconf 81' lang='lat' dir='ltr'><strong>post:</strong></span> <span class='ocrx_word' id='word_1_69' title='bbox 239 596 273 625; x_wconf 86' lang='lat' dir='ltr'><strong>Ut</strong></span> <span class='ocrx_word' id='word_1_70' title='bbox 287 597 401 630; x_wconf 82' lang='lat' dir='ltr'><strong>primunt</strong></span> <span class='ocrx_word' id='word_1_71' title='bbox 412 603 505 623; x_wconf 81' lang='lat' dir='ltr'><strong>narem</strong></span> <span class='ocrx_word' id='word_1_72' title='bbox 514 594 701 622; x_wconf 81' lang='lat' dir='ltr'><strong>conscenderat</strong></span> <span class='ocrx_word' id='word_1_73' title='bbox 714 592 851 629; x_wconf 87' lang='lat' dir='ltr'><strong>(ludorum</strong></span> <span class='ocrx_word' id='word_1_74' title='bbox 867 591 937 624; x_wconf 77' lang='lat' dir='ltr'><strong>rexi,</strong></span> 
     </span>
    </p>
   </div>
   <div class='ocr_carea' id='block_1_12' title="bbox 142 639 939 679">
    <p class='ocr_par' dir='ltr' id='par_1_12' title="bbox 142 639 939 679">
     <span class='ocr_line' id='line_1_12' title="bbox 142 639 939 679; baseline -0.006 -9"><span class='ocrx_word' id='word_1_75' title='bbox 142 644 282 679; x_wconf 77' lang='lat' dir='ltr'><strong>precidem</strong></span> <span class='ocrx_word' id='word_1_76' title='bbox 295 643 321 670; x_wconf 88' lang='lat' dir='ltr'><strong>in</strong></span> <span class='ocrx_word' id='word_1_77' title='bbox 333 650 418 678; x_wconf 73' lang='lat' dir='ltr'><strong>genita</strong></span> <span class='ocrx_word' id='word_1_78' title='bbox 434 649 466 668; x_wconf 79' lang='lat' dir='ltr'><strong>ac</strong></span> <span class='ocrx_word' id='word_1_79' title='bbox 484 641 656 676; x_wconf 77' lang='lat' dir='ltr'><strong>procumbens</strong></span> <span class='ocrx_word' id='word_1_80' title='bbox 681 640 708 667; x_wconf 90' lang='lat' dir='ltr'><strong>in</strong></span> <span class='ocrx_word' id='word_1_81' title='bbox 735 639 831 674; x_wconf 78' lang='lat' dir='ltr'><strong>[aciem</strong></span> <span class='ocrx_word' id='word_1_82' title='bbox 849 646 939 673; x_wconf 82' lang='lat' dir='ltr'><strong>preces</strong></span> 
     </span>
    </p>
   </div>
   <div class='ocr_carea' id='block_1_13' title="bbox 143 683 941 723">
    <p class='ocr_par' dir='ltr' id='par_1_13' title="bbox 143 683 941 723">
     <span class='ocr_line' id='line_1_13' title="bbox 143 683 941 723; baseline -0.006 -7"><span class='ocrx_word' id='word_1_83' title='bbox 143 698 206 717; x_wconf 85' lang='lat' dir='ltr'><strong>suas</strong></span> <span class='ocrx_word' id='word_1_84' title='bbox 222 683 327 723; x_wconf 56' lang='lat' dir='ltr'><strong>eﬂ‘udlt.</strong></span> <span class='ocrx_word' id='word_1_85' title='bbox 344 687 448 714; x_wconf 77' lang='lat' dir='ltr'><strong>Ductus</strong></span> <span class='ocrx_word' id='word_1_86' title='bbox 461 687 496 714; x_wconf 87' lang='lat' dir='ltr'><strong>ad</strong></span> <span class='ocrx_word' id='word_1_87' title='bbox 508 686 638 720; x_wconf 80' lang='lat' dir='ltr'><strong>inferiora</strong></span> <span class='ocrx_word' id='word_1_88' title='bbox 653 687 738 718; x_wconf 79' lang='lat' dir='ltr'><strong>navis,</strong></span> <span class='ocrx_word' id='word_1_89' title='bbox 760 686 858 713; x_wconf 84' lang='lat' dir='ltr'><strong>iterum</strong></span> <span class='ocrx_word' id='word_1_90' title='bbox 878 692 941 719; x_wconf 88' lang='lat' dir='ltr'><strong>pro-</strong></span> 
     </span>
    </p>
   </div>
   <div class='ocr_carea' id='block_1_14' title="bbox 143 730 939 765">
    <p class='ocr_par' dir='ltr' id='par_1_14' title="bbox 143 730 939 765">
     <span class='ocr_line' id='line_1_14' title="bbox 143 730 939 765; baseline -0.004 -5"><span class='ocrx_word' id='word_1_91' title='bbox 143 733 266 760; x_wconf 78' lang='lat' dir='ltr'><strong>cumbens</strong></span> <span class='ocrx_word' id='word_1_92' title='bbox 275 732 408 764; x_wconf 83' lang='lat' dir='ltr'><strong>adoravit,</strong></span> <span class='ocrx_word' id='word_1_93' title='bbox 421 737 476 759; x_wconf 85' lang='lat' dir='ltr'><strong>etc.</strong></span> <span class='ocrx_word' id='word_1_94' title='bbox 487 731 602 759; x_wconf 86' lang='lat' dir='ltr'><strong>Comites</strong></span> <span class='ocrx_word' id='word_1_95' title='bbox 621 731 703 764; x_wconf 83' lang='lat' dir='ltr'><strong>ipsius</strong></span> <span class='ocrx_word' id='word_1_96' title='bbox 727 730 805 765; x_wconf 77' lang='lat' dir='ltr'><strong>pedes</strong></span> <span class='ocrx_word' id='word_1_97' title='bbox 833 734 939 758; x_wconf 83' lang='lat' dir='ltr'><strong>nostros</strong></span> 
     </span>
    </p>
   </div>
   <div class='ocr_carea' id='block_1_15' title="bbox 143 773 940 813">
    <p class='ocr_par' dir='ltr' id='par_1_15' title="bbox 143 773 940 813">
     <span class='ocr_line' id='line_1_15' title="bbox 143 773 940 813; baseline -0.006 -6"><span class='ocrx_word' id='word_1_98' title='bbox 143 779 381 811; x_wconf 68' lang='lat' dir='ltr'><strong>exasculabantur,</strong></span> <span class='ocrx_word' id='word_1_99' title='bbox 397 773 567 813; x_wconf 78' lang='lat' dir='ltr'><strong>acceptosque</strong></span> <span class='ocrx_word' id='word_1_100' title='bbox 579 786 622 805; x_wconf 87' lang='lat' dir='ltr'><strong>eos</strong></span> <span class='ocrx_word' id='word_1_101' title='bbox 637 776 758 805; x_wconf 85' lang='lat' dir='ltr'><strong>manibus</strong></span> <span class='ocrx_word' id='word_1_102' title='bbox 773 777 830 804; x_wconf 82' lang='lat' dir='ltr'><strong>suis</strong></span> <span class='ocrx_word' id='word_1_103' title='bbox 853 776 940 810; x_wconf 80' lang='lat' dir='ltr'><strong>capiti</strong></span> 
     </span>
    </p>
   </div>
   <div class='ocr_carea' id='block_1_16' title="bbox 146 822 941 860">
    <p class='ocr_par' dir='ltr' id='par_1_16' title="bbox 146 822 941 860">
     <span class='ocr_line' id='line_1_16' title="bbox 146 822 941 860; baseline -0.004 -8"><span class='ocrx_word' id='word_1_104' title='bbox 146 825 312 860; x_wconf 82' lang='lat' dir='ltr'><strong>imponebant</strong></span> <span class='ocrx_word' id='word_1_105' title='bbox 328 824 362 852; x_wconf 91' lang='lat' dir='ltr'><strong>ad</strong></span> <span class='ocrx_word' id='word_1_106' title='bbox 373 824 805 859; x_wconf 73' lang='lat' dir='ltr'><strong>demissionemsubiectionemque</strong></span> <span class='ocrx_word' id='word_1_107' title='bbox 831 822 941 850; x_wconf 78' lang='lat' dir='ltr'><strong>demon-</strong></span> 
     </span>
    </p>
   </div>
   <div class='ocr_carea' id='block_1_17' title="bbox 146 869 940 905">
    <p class='ocr_par' dir='ltr' id='par_1_17' title="bbox 146 869 940 905">
     <span class='ocr_line' id='line_1_17' title="bbox 146 869 940 905; baseline -0.003 -7"><span class='ocrx_word' id='word_1_108' title='bbox 146 870 297 898; x_wconf 70' lang='lat' dir='ltr'><strong>strandam.</strong></span> <span class='ocrx_word' id='word_1_109' title='bbox 315 869 347 898; x_wconf 85' lang='lat' dir='ltr'><strong>Et</strong></span> <span class='ocrx_word' id='word_1_110' title='bbox 361 869 474 905; x_wconf 78' lang='lat' dir='ltr'><strong>quinam</strong></span> <span class='ocrx_word' id='word_1_111' title='bbox 487 869 543 902; x_wconf 88' lang='lat' dir='ltr'><strong>isti,</strong></span> <span class='ocrx_word' id='word_1_112' title='bbox 561 869 662 905; x_wconf 83' lang='lat' dir='ltr'><strong>quibus</strong></span> <span class='ocrx_word' id='word_1_113' title='bbox 676 869 832 896; x_wconf 85' lang='lat' dir='ltr'><strong>lubentibus</strong></span> <span class='ocrx_word' id='word_1_114' title='bbox 847 872 940 896; x_wconf 76' lang='lat' dir='ltr'><strong>lanius</strong></span> 
     </span>
    </p>
   </div>
   <div class='ocr_carea' id='block_1_18' title="bbox 149 913 938 950">
    <p class='ocr_par' dir='ltr' id='par_1_18' title="bbox 149 913 938 950">
     <span class='ocr_line' id='line_1_18' title="bbox 149 913 938 950; baseline -0.006 -5"><span class='ocrx_word' id='word_1_115' title='bbox 149 917 194 945; x_wconf 80' lang='lat' dir='ltr'><strong>hic</strong></span> <span class='ocrx_word' id='word_1_116' title='bbox 204 917 292 944; x_wconf 87' lang='lat' dir='ltr'><strong>honos</strong></span> <span class='ocrx_word' id='word_1_117' title='bbox 305 916 411 944; x_wconf 87' lang='lat' dir='ltr'><strong>delatus</strong></span> <span class='ocrx_word' id='word_1_118' title='bbox 424 913 436 942; x_wconf 71' lang='lat' dir='ltr'><strong>i</strong></span> <span class='ocrx_word' id='word_1_119' title='bbox 448 914 593 943; x_wconf 66' lang='lat' dir='ltr'><strong>Prmdones</strong></span> <span class='ocrx_word' id='word_1_120' title='bbox 608 919 636 942; x_wconf 89' lang='lat' dir='ltr'><strong>et</strong></span> <span class='ocrx_word' id='word_1_121' title='bbox 662 915 759 950; x_wconf 60' lang='lat' dir='ltr'><strong>piratae</strong></span> <span class='ocrx_word' id='word_1_122' title='bbox 776 921 811 942; x_wconf 80' lang='lat' dir='ltr'><strong>es</strong></span> <span class='ocrx_word' id='word_1_123' title='bbox 833 913 938 941; x_wconf 86' lang='lat' dir='ltr'><strong>Calvini</strong></span> 
     </span>
    </p>
   </div>
   <div class='ocr_carea' id='block_1_19' title="bbox 149 960 944 997">
    <p class='ocr_par' dir='ltr' id='par_1_19' title="bbox 149 960 944 997">
     <span class='ocr_line' id='line_1_19' title="bbox 149 960 944 997; baseline -0.003 -7"><span class='ocrx_word' id='word_1_124' title='bbox 149 961 267 995; x_wconf 82' lang='lat' dir='ltr'><strong>olliciua,</strong></span> <span class='ocrx_word' id='word_1_125' title='bbox 283 962 333 996; x_wconf 81' lang='lat' dir='ltr'><strong>qui</strong></span> <span class='ocrx_word' id='word_1_126' title='bbox 347 962 472 990; x_wconf 80' lang='lat' dir='ltr'><strong>fortassis</strong></span> <span class='ocrx_word' id='word_1_127' title='bbox 481 961 585 989; x_wconf 87' lang='lat' dir='ltr'><strong>hostias</strong></span> <span class='ocrx_word' id='word_1_128' title='bbox 600 968 721 997; x_wconf 85' lang='lat' dir='ltr'><strong>quoque,</strong></span> <span class='ocrx_word' id='word_1_129' title='bbox 737 961 759 989; x_wconf 90' lang='lat' dir='ltr'><strong>si</strong></span> <span class='ocrx_word' id='word_1_130' title='bbox 772 960 944 988; x_wconf 85' lang='lat' dir='ltr'><strong>Indicasob—</strong></span> 
     </span>
    </p>
   </div>
   <div class='ocr_carea' id='block_1_20' title="bbox 151 1006 946 1043">
    <p class='ocr_par' dir='ltr' id='par_1_20' title="bbox 151 1006 946 1043">
     <span class='ocr_line' id='line_1_20' title="bbox 151 1006 946 1043; baseline -0.001 -8"><span class='ocrx_word' id='word_1_131' title='bbox 151 1009 288 1039; x_wconf 73' lang='lat' dir='ltr'><strong>tulissent.</strong></span> <span class='ocrx_word' id='word_1_132' title='bbox 301 1008 373 1035; x_wconf 86' lang='lat' dir='ltr'><strong>haud</strong></span> <span class='ocrx_word' id='word_1_133' title='bbox 387 1007 592 1043; x_wconf 86' lang='lat' dir='ltr'><strong>repudiassent,</strong></span> <span class='ocrx_word' id='word_1_134' title='bbox 611 1011 640 1034; x_wconf 96' lang='lat' dir='ltr'><strong>ut</strong></span> <span class='ocrx_word' id='word_1_135' title='bbox 653 1007 755 1035; x_wconf 80' lang='lat' dir='ltr'><strong>factum</strong></span> <span class='ocrx_word' id='word_1_136' title='bbox 770 1014 785 1034; x_wconf 90' lang='lat' dir='ltr'><strong>a</strong></span> <span class='ocrx_word' id='word_1_137' title='bbox 808 1006 893 1035; x_wconf 89' lang='lat' dir='ltr'><strong>Paulo</strong></span> <span class='ocrx_word' id='word_1_138' title='bbox 917 1011 946 1034; x_wconf 89' lang='lat' dir='ltr'><strong>et</strong></span> 
     </span>
    </p>
   </div>
   <div class='ocr_carea' id='block_1_21' title="bbox 152 1052 945 1089">
    <p class='ocr_par' dir='ltr' id='par_1_21' title="bbox 152 1052 945 1089">
     <span class='ocr_line' id='line_1_21' title="bbox 152 1052 945 1089; baseline -0.001 -8"><span class='ocrx_word' id='word_1_139' title='bbox 152 1054 274 1081; x_wconf 85' lang='lat' dir='ltr'><strong>Barnaba</strong></span> <span class='ocrx_word' id='word_1_140' title='bbox 289 1054 349 1081; x_wconf 84' lang='lat' dir='ltr'><strong>Act.</strong></span> <span class='ocrx_word' id='word_1_141' title='bbox 360 1061 417 1085; x_wconf 79' lang='lat' dir='ltr'><strong>xtv,</strong></span> <span class='ocrx_word' id='word_1_142' title='bbox 427 1060 490 1080; x_wconf 88' lang='lat' dir='ltr'><strong>cum</strong></span> <span class='ocrx_word' id='word_1_143' title='bbox 503 1052 664 1089; x_wconf 84' lang='lat' dir='ltr'><strong>Lystrenses</strong></span> <span class='ocrx_word' id='word_1_144' title='bbox 673 1053 714 1081; x_wconf 89' lang='lat' dir='ltr'><strong>eis</strong></span> <span class='ocrx_word' id='word_1_145' title='bbox 721 1052 885 1081; x_wconf 80' lang='lat' dir='ltr'><strong>sacriﬁcium</strong></span> <span class='ocrx_word' id='word_1_146' title='bbox 895 1060 945 1081; x_wconf 85' lang='lat' dir='ltr'><strong>ceu</strong></span> 
     </span>
    </p>
   </div>
   <div class='ocr_carea' id='block_1_22' title="bbox 151 1096 947 1133">
    <p class='ocr_par' dir='ltr' id='par_1_22' title="bbox 151 1096 947 1133">
     <span class='ocr_line' id='line_1_22' title="bbox 151 1096 947 1133; baseline 0 -8"><span class='ocrx_word' id='word_1_147' title='bbox 151 1097 248 1126; x_wconf 78' lang='lat' dir='ltr'><strong>Juvlet</strong></span> <span class='ocrx_word' id='word_1_148' title='bbox 263 1096 398 1126; x_wconf 81' lang='lat' dir='ltr'><strong>Mercurio</strong></span> <span class='ocrx_word' id='word_1_149' title='bbox 412 1101 587 1133; x_wconf 85' lang='lat' dir='ltr'><strong>appararent.</strong></span> <span class='ocrx_word' id='word_1_150' title='bbox 599 1097 705 1130; x_wconf 84' lang='lat' dir='ltr'><strong>Quibus</strong></span> <span class='ocrx_word' id='word_1_151' title='bbox 717 1097 884 1125; x_wconf 87' lang='lat' dir='ltr'><strong>clamoribus</strong></span> <span class='ocrx_word' id='word_1_152' title='bbox 895 1103 947 1125; x_wconf 84' lang='lat' dir='ltr'><strong>ter-</strong></span> 
     </span>
    </p>
   </div>
   <div class='ocr_carea' id='block_1_23' title="bbox 153 1143 946 1180">
    <p class='ocr_par' dir='ltr' id='par_1_23' title="bbox 153 1143 946 1180">
     <span class='ocr_line' id='line_1_23' title="bbox 153 1143 946 1180; baseline 0.001 -9"><span class='ocrx_word' id='word_1_153' title='bbox 153 1152 209 1171; x_wconf 87' lang='lat' dir='ltr'><strong>ram</strong></span> <span class='ocrx_word' id='word_1_154' title='bbox 222 1149 248 1171; x_wconf 87' lang='lat' dir='ltr'><strong>et</strong></span> <span class='ocrx_word' id='word_1_155' title='bbox 263 1145 363 1172; x_wconf 60' lang='lat' dir='ltr'><strong>aethera</strong></span> <span class='ocrx_word' id='word_1_156' title='bbox 382 1153 436 1172; x_wconf 88' lang='lat' dir='ltr'><strong>nott</strong></span> <span class='ocrx_word' id='word_1_157' title='bbox 450 1143 632 1179; x_wconf 82' lang='lat' dir='ltr'><strong>complerent,</strong></span> <span class='ocrx_word' id='word_1_158' title='bbox 646 1145 668 1173; x_wconf 89' lang='lat' dir='ltr'><strong>si</strong></span> <span class='ocrx_word' id='word_1_159' title='bbox 684 1149 732 1172; x_wconf 84' lang='lat' dir='ltr'><strong>aut</strong></span> <span class='ocrx_word' id='word_1_160' title='bbox 745 1145 771 1172; x_wconf 91' lang='lat' dir='ltr'><strong>in</strong></span> <span class='ocrx_word' id='word_1_161' title='bbox 785 1145 864 1173; x_wconf 87' lang='lat' dir='ltr'><strong>libris</strong></span> <span class='ocrx_word' id='word_1_162' title='bbox 875 1146 946 1180; x_wconf 88' lang='lat' dir='ltr'><strong>lege-</strong></span> 
     </span>
    </p>
   </div>
   <div class='ocr_carea' id='block_1_24' title="bbox 153 1188 946 1226">
    <p class='ocr_par' dir='ltr' id='par_1_24' title="bbox 153 1188 946 1226">
     <span class='ocr_line' id='line_1_24' title="bbox 153 1188 946 1226; baseline 0 -8"><span class='ocrx_word' id='word_1_163' title='bbox 153 1196 213 1219; x_wconf 87' lang='lat' dir='ltr'><strong>rent</strong></span> <span class='ocrx_word' id='word_1_164' title='bbox 226 1195 274 1218; x_wconf 89' lang='lat' dir='ltr'><strong>aut</strong></span> <span class='ocrx_word' id='word_1_165' title='bbox 289 1190 422 1218; x_wconf 83' lang='lat' dir='ltr'><strong>relatione</strong></span> <span class='ocrx_word' id='word_1_166' title='bbox 430 1190 547 1218; x_wconf 91' lang='lat' dir='ltr'><strong>aliorum</strong></span> <span class='ocrx_word' id='word_1_167' title='bbox 555 1190 712 1226; x_wconf 82' lang='lat' dir='ltr'><strong>acciperent</strong></span> <span class='ocrx_word' id='word_1_168' title='bbox 725 1191 881 1226; x_wconf 79' lang='lat' dir='ltr'><strong>pontiﬁcem</strong></span> <span class='ocrx_word' id='word_1_169' title='bbox 893 1188 946 1218; x_wconf 81' lang='lat' dir='ltr'><strong>Ro-</strong></span> 
     </span>
    </p>
   </div>
   <div class='ocr_carea' id='block_1_25' title="bbox 154 1237 948 1272">
    <p class='ocr_par' dir='ltr' id='par_1_25' title="bbox 154 1237 948 1272">
     <span class='ocr_line' id='line_1_25' title="bbox 154 1237 948 1272; baseline 0.001 -9"><span class='ocrx_word' id='word_1_170' title='bbox 154 1242 264 1263; x_wconf 77' lang='lat' dir='ltr'><strong>manuni</strong></span> <span class='ocrx_word' id='word_1_171' title='bbox 280 1244 333 1264; x_wconf 90' lang='lat' dir='ltr'><strong>non</strong></span> <span class='ocrx_word' id='word_1_172' title='bbox 350 1240 457 1264; x_wconf 83' lang='lat' dir='ltr'><strong>tantum</strong></span> <span class='ocrx_word' id='word_1_173' title='bbox 479 1237 637 1272; x_wconf 64' lang='lat' dir='ltr'><strong>permittere</strong></span> <span class='ocrx_word' id='word_1_174' title='bbox 653 1242 683 1264; x_wconf 93' lang='lat' dir='ltr'><strong>ut</strong></span> <span class='ocrx_word' id='word_1_175' title='bbox 697 1237 759 1272; x_wconf 88' lang='lat' dir='ltr'><strong>quis</strong></span> <span class='ocrx_word' id='word_1_176' title='bbox 783 1239 864 1272; x_wconf 80' lang='lat' dir='ltr'><strong>pedes</strong></span> <span class='ocrx_word' id='word_1_177' title='bbox 887 1237 948 1272; x_wconf 84' lang='lat' dir='ltr'><strong>ejus</strong></span> 
     </span>
    </p>
   </div>
   <div class='ocr_carea' id='block_1_26' title="bbox 154 1282 951 1320">
    <p class='ocr_par' dir='ltr' id='par_1_26' title="bbox 154 1282 951 1320">
     <span class='ocr_line' id='line_1_26' title="bbox 154 1282 951 1320; baseline 0 -11"><span class='ocrx_word' id='word_1_178' title='bbox 154 1282 302 1315; x_wconf 79' lang='lat' dir='ltr'><strong>Osculetur,</strong></span> <span class='ocrx_word' id='word_1_179' title='bbox 314 1283 362 1310; x_wconf 89' lang='lat' dir='ltr'><strong>sed</strong></span> <span class='ocrx_word' id='word_1_180' title='bbox 371 1287 400 1310; x_wconf 87' lang='lat' dir='ltr'><strong>et</strong></span> <span class='ocrx_word' id='word_1_181' title='bbox 419 1283 535 1310; x_wconf 87' lang='lat' dir='ltr'><strong>tolerare</strong></span> <span class='ocrx_word' id='word_1_182' title='bbox 550 1288 579 1310; x_wconf 93' lang='lat' dir='ltr'><strong>ut</strong></span> <span class='ocrx_word' id='word_1_183' title='bbox 602 1282 663 1318; x_wconf 84' lang='lat' dir='ltr'><strong>quis</strong></span> <span class='ocrx_word' id='word_1_184' title='bbox 686 1283 769 1318; x_wconf 84' lang='lat' dir='ltr'><strong>pedes</strong></span> <span class='ocrx_word' id='word_1_185' title='bbox 779 1284 860 1319; x_wconf 85' lang='lat' dir='ltr'><strong>capiti</strong></span> <span class='ocrx_word' id='word_1_186' title='bbox 870 1292 951 1320; x_wconf 85' lang='lat' dir='ltr'><strong>argu-</strong></span> 
     </span>
    </p>
   </div>
   <div class='ocr_carea' id='block_1_27' title="bbox 155 1328 622 1364">
    <p class='ocr_par' dir='ltr' id='par_1_27' title="bbox 155 1328 622 1364">
     <span class='ocr_line' id='line_1_27' title="bbox 155 1328 622 1364; baseline 0.002 -9"><span class='ocrx_word' id='word_1_187' title='bbox 155 1335 276 1356; x_wconf 86' lang='lat' dir='ltr'><strong>utentum</strong></span> <span class='ocrx_word' id='word_1_188' title='bbox 290 1328 467 1362; x_wconf 73' lang='lat' dir='ltr'><strong>subiectionis</strong></span> <span class='ocrx_word' id='word_1_189' title='bbox 479 1328 622 1364; x_wconf 77' lang='lat' dir='ltr'><strong>imponat?</strong></span> 
     </span>
    </p>
   </div>
   <div class='ocr_carea' id='block_1_28' title="bbox 191 1371 952 1410">
    <p class='ocr_par' dir='ltr' id='par_1_28' title="bbox 191 1371 952 1410">
     <span class='ocr_line' id='line_1_28' title="bbox 191 1371 952 1410; baseline 0.003 -9"><span class='ocrx_word' id='word_1_190' title='bbox 191 1371 251 1402; x_wconf 88' lang='lat' dir='ltr'><strong>Lib.</strong></span> <span class='ocrx_word' id='word_1_191' title='bbox 267 1383 275 1402; x_wconf 95' lang='lat' dir='ltr'><strong>l</strong></span> <span class='ocrx_word' id='word_1_192' title='bbox 289 1371 391 1402; x_wconf 76' lang='lat' dir='ltr'><strong>Hister.</strong></span> <span class='ocrx_word' id='word_1_193' title='bbox 403 1374 598 1407; x_wconf 82' lang='lat' dir='ltr'><strong>Caulacureni,</strong></span> <span class='ocrx_word' id='word_1_194' title='bbox 617 1383 643 1403; x_wconf 66' lang='lat' dir='ltr'><strong>ct</strong></span> <span class='ocrx_word' id='word_1_195' title='bbox 678 1374 723 1409; x_wconf 88' lang='lat' dir='ltr'><strong>I6,</strong></span> <span class='ocrx_word' id='word_1_196' title='bbox 745 1376 885 1404; x_wconf 85' lang='lat' dir='ltr'><strong>osculatur</strong></span> <span class='ocrx_word' id='word_1_197' title='bbox 907 1377 952 1410; x_wconf 89' lang='lat' dir='ltr'><strong>jn-</strong></span> 
     </span>
    </p>
   </div>
   <div class='ocr_carea' id='block_1_29' title="bbox 157 1420 950 1456">
    <p class='ocr_par' dir='ltr' id='par_1_29' title="bbox 157 1420 950 1456">
     <span class='ocr_line' id='line_1_29' title="bbox 157 1420 950 1456; baseline 0.001 -9"><span class='ocrx_word' id='word_1_198' title='bbox 157 1421 216 1448; x_wconf 90' lang='lat' dir='ltr'><strong>nior</strong></span> <span class='ocrx_word' id='word_1_199' title='bbox 230 1420 406 1448; x_wconf 77' lang='lat' dir='ltr'><strong>Andronicus</strong></span> <span class='ocrx_word' id='word_1_200' title='bbox 421 1421 540 1448; x_wconf 86' lang='lat' dir='ltr'><strong>senioris</strong></span> <span class='ocrx_word' id='word_1_201' title='bbox 548 1420 709 1453; x_wconf 85' lang='lat' dir='ltr'><strong>Andronici,</strong></span> <span class='ocrx_word' id='word_1_202' title='bbox 720 1420 762 1448; x_wconf 88' lang='lat' dir='ltr'><strong>avi</strong></span> <span class='ocrx_word' id='word_1_203' title='bbox 773 1422 827 1454; x_wconf 86' lang='lat' dir='ltr'><strong>sui,</strong></span> <span class='ocrx_word' id='word_1_204' title='bbox 836 1421 930 1456; x_wconf 85' lang='lat' dir='ltr'><strong>pedem</strong></span> <span class='ocrx_word' id='word_1_205' title='bbox 942 1429 950 1452; x_wconf 75' lang='grc' dir='ltr'>ς</span> 
     </span>
    </p>
   </div>
   <div class='ocr_carea' id='block_1_30' title="bbox 159 1465 952 1502">
    <p class='ocr_par' dir='ltr' id='par_1_30' title="bbox 159 1465 952 1502">
     <span class='ocr_line' id='line_1_30' title="bbox 159 1465 952 1502; baseline 0 -8"><span class='ocrx_word' id='word_1_206' title='bbox 159 1467 202 1494; x_wconf 90' lang='lat' dir='ltr'><strong>ubi</strong></span> <span class='ocrx_word' id='word_1_207' title='bbox 218 1465 432 1494; x_wconf 85' lang='lat' dir='ltr'><strong>additur:lllore</strong></span> <span class='ocrx_word' id='word_1_208' title='bbox 443 1465 569 1493; x_wconf 81' lang='lat' dir='ltr'><strong>Romanis</strong></span> <span class='ocrx_word' id='word_1_209' title='bbox 592 1466 796 1501; x_wconf 73' lang='lat' dir='ltr'><strong>imperatoribus</strong></span> <span class='ocrx_word' id='word_1_210' title='bbox 822 1472 952 1502; x_wconf 80' lang='lat' dir='ltr'><strong>receptum</strong></span> 
     </span>
    </p>
   </div>
   <div class='ocr_carea' id='block_1_31' title="bbox 158 1511 953 1548">
    <p class='ocr_par' dir='ltr' id='par_1_31' title="bbox 158 1511 953 1548">
     <span class='ocr_line' id='line_1_31' title="bbox 158 1511 953 1548; baseline 0 -9"><span class='ocrx_word' id='word_1_211' title='bbox 158 1516 226 1542; x_wconf 90' lang='lat' dir='ltr'><strong>erat,</strong></span> <span class='ocrx_word' id='word_1_212' title='bbox 239 1519 299 1538; x_wconf 66' lang='lat' dir='ltr'><strong>cum</strong></span> <span class='ocrx_word' id='word_1_213' title='bbox 311 1511 444 1546; x_wconf 75' lang='lat' dir='ltr'><strong>quispiam</strong></span> <span class='ocrx_word' id='word_1_214' title='bbox 457 1511 713 1546; x_wconf 80' lang='lat' dir='ltr'><strong>consanguineorum</strong></span> <span class='ocrx_word' id='word_1_215' title='bbox 726 1517 772 1539; x_wconf 86' lang='lat' dir='ltr'><strong>aut</strong></span> <span class='ocrx_word' id='word_1_216' title='bbox 782 1512 953 1548; x_wconf 72' lang='lat' dir='ltr'><strong>alioquigra~</strong></span> 
     </span>
    </p>
   </div>
   <div class='ocr_carea' id='block_1_32' title="bbox 160 1557 952 1592">
    <p class='ocr_par' dir='ltr' id='par_1_32' title="bbox 160 1557 952 1592">
     <span class='ocr_line' id='line_1_32' title="bbox 160 1557 952 1592; baseline 0 -8"><span class='ocrx_word' id='word_1_217' title='bbox 160 1559 196 1584; x_wconf 89' lang='lat' dir='ltr'><strong>tia</strong></span> <span class='ocrx_word' id='word_1_218' title='bbox 213 1557 284 1591; x_wconf 80' lang='lat' dir='ltr'><strong>apud</strong></span> <span class='ocrx_word' id='word_1_219' title='bbox 295 1565 338 1584; x_wconf 85' lang='lat' dir='ltr'><strong>eos</strong></span> <span class='ocrx_word' id='word_1_220' title='bbox 347 1557 497 1592; x_wconf 75' lang='lat' dir='ltr'><strong>ﬂorentium</strong></span> <span class='ocrx_word' id='word_1_221' title='bbox 510 1562 651 1584; x_wconf 77' lang='lat' dir='ltr'><strong>secundum</strong></span> <span class='ocrx_word' id='word_1_222' title='bbox 665 1557 848 1585; x_wconf 71' lang='lat' dir='ltr'><strong>adoratwnent</strong></span> <span class='ocrx_word' id='word_1_223' title='bbox 861 1557 952 1592; x_wconf 89' lang='lat' dir='ltr'><strong>pedem</strong></span> 
     </span>
    </p>
   </div>
   <div class='ocr_carea' id='block_1_33' title="bbox 160 1603 954 1639">
    <p class='ocr_par' dir='ltr' id='par_1_33' title="bbox 160 1603 954 1639">
     <span class='ocr_line' id='line_1_33' title="bbox 160 1603 954 1639; baseline 0.001 -8"><span class='ocrx_word' id='word_1_224' title='bbox 160 1604 329 1638; x_wconf 76' lang='lat' dir='ltr'><strong>imperatoris</strong></span> <span class='ocrx_word' id='word_1_225' title='bbox 342 1603 434 1630; x_wconf 81' lang='lat' dir='ltr'><strong>osculo</strong></span> <span class='ocrx_word' id='word_1_226' title='bbox 449 1604 611 1639; x_wconf 74' lang='lat' dir='ltr'><strong>contigisset,</strong></span> <span class='ocrx_word' id='word_1_227' title='bbox 626 1610 655 1630; x_wconf 80' lang='lat' dir='ltr'><strong>stt</strong></span> <span class='ocrx_word' id='word_1_228' title='bbox 676 1604 819 1639; x_wconf 78' lang='lat' dir='ltr'><strong>imperator</strong></span> <span class='ocrx_word' id='word_1_229' title='bbox 841 1605 954 1632; x_wconf 76' lang='lat' dir='ltr'><strong>vicissim</strong></span> 
     </span>
    </p>
   </div>
   <div class='ocr_carea' id='block_1_34' title="bbox 161 1649 954 1685">
    <p class='ocr_par' dir='ltr' id='par_1_34' title="bbox 161 1649 954 1685">
     <span class='ocr_line' id='line_1_34' title="bbox 161 1649 954 1685; baseline 0.001 -9"><span class='ocrx_word' id='word_1_230' title='bbox 161 1650 216 1684; x_wconf 82' lang='lat' dir='ltr'><strong>ejus</strong></span> <span class='ocrx_word' id='word_1_231' title='bbox 227 1650 324 1685; x_wconf 80' lang='lat' dir='ltr'><strong>[aciem</strong></span> <span class='ocrx_word' id='word_1_232' title='bbox 337 1649 547 1678; x_wconf 83' lang='lat' dir='ltr'><strong>deoscularetur.</strong></span> <span class='ocrx_word' id='word_1_233' title='bbox 557 1649 623 1677; x_wconf 86' lang='lat' dir='ltr'><strong>Cum</strong></span> <span class='ocrx_word' id='word_1_234' title='bbox 640 1649 729 1685; x_wconf 74' lang='lat' dir='ltr'><strong>itaque</strong></span> <span class='ocrx_word' id='word_1_235' title='bbox 740 1655 797 1677; x_wconf 87' lang='lat' dir='ltr'><strong>tum</strong></span> <span class='ocrx_word' id='word_1_236' title='bbox 812 1658 890 1684; x_wconf 66' lang='lat' dir='ltr'><strong>nepos</strong></span> <span class='ocrx_word' id='word_1_237' title='bbox 911 1651 954 1678; x_wconf 79' lang='lat' dir='ltr'><strong>avi</strong></span> 
     </span>
    </p>
   </div>
   <div class='ocr_carea' id='block_1_35' title="bbox 162 1696 954 1732">
    <p class='ocr_par' dir='ltr' id='par_1_35' title="bbox 162 1696 954 1732">
     <span class='ocr_line' id='line_1_35' title="bbox 162 1696 954 1732; baseline 0 -8"><span class='ocrx_word' id='word_1_238' title='bbox 162 1697 251 1731; x_wconf 87' lang='lat' dir='ltr'><strong>pedem</strong></span> <span class='ocrx_word' id='word_1_239' title='bbox 267 1696 403 1723; x_wconf 72' lang='lat' dir='ltr'><strong>osculatus</strong></span> <span class='ocrx_word' id='word_1_240' title='bbox 418 1698 521 1732; x_wconf 77' lang='lat' dir='ltr'><strong>fuisset,</strong></span> <span class='ocrx_word' id='word_1_241' title='bbox 539 1696 593 1728; x_wconf 84' lang='lat' dir='ltr'><strong>ille,</strong></span> <span class='ocrx_word' id='word_1_242' title='bbox 610 1705 641 1723; x_wconf 79' lang='lat' dir='ltr'><strong>ne</strong></span> <span class='ocrx_word' id='word_1_243' title='bbox 656 1696 811 1732; x_wconf 70' lang='lat' dir='ltr'><strong>inexpiabili</strong></span> <span class='ocrx_word' id='word_1_244' title='bbox 826 1697 886 1724; x_wconf 86' lang='lat' dir='ltr'><strong>odio</strong></span> <span class='ocrx_word' id='word_1_245' title='bbox 901 1697 954 1732; x_wconf 82' lang='lat' dir='ltr'><strong>ﬂa-</strong></span> 
     </span>
    </p>
   </div>
   <div class='ocr_carea' id='block_1_36' title="bbox 163 1742 955 1776">
    <p class='ocr_par' dir='ltr' id='par_1_36' title="bbox 163 1742 955 1776">
     <span class='ocr_line' id='line_1_36' title="bbox 163 1742 955 1776; baseline 0.001 -9"><span class='ocrx_word' id='word_1_246' title='bbox 163 1749 238 1776; x_wconf 77' lang='lat' dir='ltr'><strong>grare</strong></span> <span class='ocrx_word' id='word_1_247' title='bbox 252 1744 403 1768; x_wconf 68' lang='lat' dir='ltr'><strong>crederetur</strong></span> <span class='ocrx_word' id='word_1_248' title='bbox 412 1742 436 1768; x_wconf 87' lang='lat' dir='ltr'><strong>si</strong></span> <span class='ocrx_word' id='word_1_249' title='bbox 462 1749 508 1768; x_wconf 76' lang='lat' dir='ltr'><strong>nec</strong></span> <span class='ocrx_word' id='word_1_250' title='bbox 527 1742 559 1768; x_wconf 80' lang='lat' dir='ltr'><strong>iis</strong></span> <span class='ocrx_word' id='word_1_251' title='bbox 590 1745 708 1775; x_wconf 82' lang='lat' dir='ltr'><strong>nepotem</strong></span> <span class='ocrx_word' id='word_1_252' title='bbox 722 1746 747 1768; x_wconf 86' lang='lat' dir='ltr'><strong>et</strong></span> <span class='ocrx_word' id='word_1_253' title='bbox 769 1742 955 1776; x_wconf 79' lang='lat' dir='ltr'><strong>imperatorem</strong></span> 
     </span>
    </p>
   </div>
   <div class='ocr_carea' id='block_1_37' title="bbox 163 1785 956 1821">
    <p class='ocr_par' dir='ltr' id='par_1_37' title="bbox 163 1785 956 1821">
     <span class='ocr_line' id='line_1_37' title="bbox 163 1785 956 1821; baseline 0.004 -11"><span class='ocrx_word' id='word_1_254' title='bbox 163 1785 315 1818; x_wconf 72' lang='lat' dir='ltr'><strong>dignaretur</strong></span> <span class='ocrx_word' id='word_1_255' title='bbox 322 1792 381 1819; x_wconf 68' lang='lat' dir='ltr'><strong>quin</strong></span> <span class='ocrx_word' id='word_1_256' title='bbox 389 1785 500 1820; x_wconf 81' lang='lat' dir='ltr'><strong>privatis</strong></span> <span class='ocrx_word' id='word_1_257' title='bbox 514 1786 701 1816; x_wconf 75' lang='lat' dir='ltr'><strong>tribuerentur,</strong></span> <span class='ocrx_word' id='word_1_258' title='bbox 721 1785 814 1821; x_wconf 81' lang='lat' dir='ltr'><strong>faciem</strong></span> <span class='ocrx_word' id='word_1_259' title='bbox 825 1786 883 1821; x_wconf 82' lang='lat' dir='ltr'><strong>ejus</strong></span> <span class='ocrx_word' id='word_1_260' title='bbox 892 1795 956 1813; x_wconf 82' lang='lat' dir='ltr'><strong>con-</strong></span> 
     </span>
    </p>
   </div>
   <div class='ocr_carea' id='block_1_38' title="bbox 164 1830 957 1867">
    <p class='ocr_par' dir='ltr' id='par_1_38' title="bbox 164 1830 957 1867">
     <span class='ocr_line' id='line_1_38' title="bbox 164 1830 957 1867; baseline 0.004 -11"><span class='ocrx_word' id='word_1_261' title='bbox 164 1834 203 1856; x_wconf 88' lang='lat' dir='ltr'><strong>tra</strong></span> <span class='ocrx_word' id='word_1_262' title='bbox 217 1836 242 1857; x_wconf 83' lang='lat' dir='ltr'><strong>et</strong></span> <span class='ocrx_word' id='word_1_263' title='bbox 259 1831 314 1865; x_wconf 74' lang='lat' dir='ltr'><strong>ipse</strong></span> <span class='ocrx_word' id='word_1_264' title='bbox 328 1833 421 1858; x_wconf 80' lang='lat' dir='ltr'><strong>osculo</strong></span> <span class='ocrx_word' id='word_1_265' title='bbox 437 1831 541 1859; x_wconf 79' lang='lat' dir='ltr'><strong>libavit.</strong></span> <span class='ocrx_word' id='word_1_266' title='bbox 567 1830 639 1858; x_wconf 91' lang='lat' dir='ltr'><strong>Idem</strong></span> <span class='ocrx_word' id='word_1_267' title='bbox 665 1831 840 1859; x_wconf 82' lang='lat' dir='ltr'><strong>Andronicus</strong></span> <span class='ocrx_word' id='word_1_268' title='bbox 862 1831 957 1867; x_wconf 85' lang='lat' dir='ltr'><strong>junior</strong></span> 
     </span>
    </p>
   </div>
   <div class='ocr_carea' id='block_1_39' title="bbox 165 1876 955 1912">
    <p class='ocr_par' dir='ltr' id='par_1_39' title="bbox 165 1876 955 1912">
     <span class='ocr_line' id='line_1_39' title="bbox 165 1876 955 1912; baseline 0.003 -9"><span class='ocrx_word' id='word_1_269' title='bbox 165 1877 261 1903; x_wconf 81' lang='lat' dir='ltr'><strong>iterum</strong></span> <span class='ocrx_word' id='word_1_270' title='bbox 274 1876 318 1903; x_wconf 86' lang='lat' dir='ltr'><strong>avi</strong></span> <span class='ocrx_word' id='word_1_271' title='bbox 335 1876 430 1912; x_wconf 89' lang='lat' dir='ltr'><strong>pedem</strong></span> <span class='ocrx_word' id='word_1_272' title='bbox 446 1877 555 1912; x_wconf 85' lang='lat' dir='ltr'><strong>publice</strong></span> <span class='ocrx_word' id='word_1_273' title='bbox 568 1877 710 1905; x_wconf 87' lang='lat' dir='ltr'><strong>osculatus</strong></span> <span class='ocrx_word' id='word_1_274' title='bbox 725 1881 767 1905; x_wconf 87' lang='lat' dir='ltr'><strong>est</strong></span> <span class='ocrx_word' id='word_1_275' title='bbox 781 1885 802 1909; x_wconf 92' lang='lat' dir='ltr'><strong>t,</strong></span> <span class='ocrx_word' id='word_1_276' title='bbox 813 1876 846 1904; x_wconf 70' lang='grc'><strong>54</strong></span> <span class='ocrx_word' id='word_1_277' title='bbox 863 1885 870 1910; x_wconf 66' lang='grc' dir='ltr'><strong>ι</strong></span> <span class='ocrx_word' id='word_1_278' title='bbox 883 1877 955 1912; x_wconf 91' lang='lat' dir='ltr'><strong>quod</strong></span> 
     </span>
    </p>
   </div>
   <div class='ocr_carea' id='block_1_40' title="bbox 166 1922 958 1957">
    <p class='ocr_par' dir='ltr' id='par_1_40' title="bbox 166 1922 958 1957">
     <span class='ocr_line' id='line_1_40' title="bbox 166 1922 958 1957; baseline 0.004 -9"><span class='ocrx_word' id='word_1_279' title='bbox 166 1929 189 1948; x_wconf 89' lang='lat' dir='ltr'><strong>c.</strong></span> <span class='ocrx_word' id='word_1_280' title='bbox 204 1922 239 1949; x_wconf 83' lang='lat'><strong>50</strong></span> <span class='ocrx_word' id='word_1_281' title='bbox 255 1927 385 1957; x_wconf 80' lang='lat' dir='ltr'><strong>tanquam</strong></span> <span class='ocrx_word' id='word_1_282' title='bbox 399 1929 559 1956; x_wconf 82' lang='lat' dir='ltr'><strong>expressum</strong></span> <span class='ocrx_word' id='word_1_283' title='bbox 574 1923 756 1957; x_wconf 84' lang='lat' dir='ltr'><strong>subjectionis</strong></span> <span class='ocrx_word' id='word_1_284' title='bbox 773 1923 904 1951; x_wconf 89' lang='lat' dir='ltr'><strong>indicium</strong></span> <span class='ocrx_word' id='word_1_285' title='bbox 915 1931 958 1951; x_wconf 87' lang='lat' dir='ltr'><strong>re-</strong></span> 
     </span>
    </p>
   </div>
   <div class='ocr_carea' id='block_1_41' title="bbox 168 1966 957 2004">
    <p class='ocr_par' dir='ltr' id='par_1_41' title="bbox 168 1966 957 2004">
     <span class='ocr_line' id='line_1_41' title="bbox 168 1966 957 2004; baseline 0.003 -10"><span class='ocrx_word' id='word_1_286' title='bbox 168 1968 276 2003; x_wconf 80' lang='lat' dir='ltr'><strong>petitur.</strong></span> <span class='ocrx_word' id='word_1_287' title='bbox 294 1974 325 2000; x_wconf 93' lang='lat' dir='ltr'><strong>ll,</strong></span> <span class='ocrx_word' id='word_1_288' title='bbox 339 1967 367 2000; x_wconf 86' lang='grc'><strong>5.</strong></span> <span class='ocrx_word' id='word_1_289' title='bbox 385 1966 475 1996; x_wconf 64' lang='lat' dir='ltr'><strong>Persae</strong></span> <span class='ocrx_word' id='word_1_290' title='bbox 489 1968 674 1996; x_wconf 83' lang='lat' dir='ltr'><strong>Andronicum</strong></span> <span class='ocrx_word' id='word_1_291' title='bbox 689 1969 826 2004; x_wconf 90' lang='lat' dir='ltr'><strong>juniorem</strong></span> <span class='ocrx_word' id='word_1_292' title='bbox 837 1969 957 2004; x_wconf 82' lang='lat' dir='ltr'><strong>impera-</strong></span> 
     </span>
    </p>
   </div>
   <div class='ocr_carea' id='block_1_42' title="bbox 168 2014 958 2051">
    <p class='ocr_par' dir='ltr' id='par_1_42' title="bbox 168 2014 958 2051">
     <span class='ocr_line' id='line_1_42' title="bbox 168 2014 958 2051; baseline 0.004 -11"><span class='ocrx_word' id='word_1_293' title='bbox 168 2019 251 2041; x_wconf 87' lang='lat' dir='ltr'><strong>torem</strong></span> <span class='ocrx_word' id='word_1_294' title='bbox 263 2019 409 2049; x_wconf 82' lang='lat' dir='ltr'><strong>antequam</strong></span> <span class='ocrx_word' id='word_1_295' title='bbox 416 2015 657 2050; x_wconf 87' lang='lat' dir='ltr'><strong>appropinquaret,</strong></span> <span class='ocrx_word' id='word_1_296' title='bbox 666 2015 802 2051; x_wconf 88' lang='lat' dir='ltr'><strong>capitibus</strong></span> <span class='ocrx_word' id='word_1_297' title='bbox 810 2014 886 2043; x_wconf 81' lang='lat' dir='ltr'><strong>humi</strong></span> <span class='ocrx_word' id='word_1_298' title='bbox 895 2016 958 2043; x_wconf 85' lang='lat' dir='ltr'><strong>sub-</strong></span> 
     </span>
    </p>
   </div>
   <div class='ocr_carea' id='block_1_43' title="bbox 169 2061 956 2097">
    <p class='ocr_par' dir='ltr' id='par_1_43' title="bbox 169 2061 956 2097">
     <span class='ocr_line' id='line_1_43' title="bbox 169 2061 956 2097; baseline 0.001 -9"><span class='ocrx_word' id='word_1_299' title='bbox 169 2061 259 2089; x_wconf 80' lang='lat' dir='ltr'><strong>missis</strong></span> <span class='ocrx_word' id='word_1_300' title='bbox 269 2061 431 2088; x_wconf 68' lang='lat' dir='ltr'><strong>ador-ubam.</strong></span> <span class='ocrx_word' id='word_1_301' title='bbox 444 2061 497 2089; x_wconf 82' lang='lat' dir='ltr'><strong>Sed</strong></span> <span class='ocrx_word' id='word_1_302' title='bbox 511 2062 638 2097; x_wconf 83' lang='lat' dir='ltr'><strong>princeps</strong></span> <span class='ocrx_word' id='word_1_303' title='bbox 653 2062 800 2089; x_wconf 86' lang='lat' dir='ltr'><strong>Persarum</strong></span> <span class='ocrx_word' id='word_1_304' title='bbox 828 2062 860 2089; x_wconf 91' lang='lat' dir='ltr'><strong>ad</strong></span> <span class='ocrx_word' id='word_1_305' title='bbox 892 2069 956 2089; x_wconf 85' lang='lat' dir='ltr'><strong>eum</strong></span> 
     </span>
    </p>
   </div>
   <div class='ocr_carea' id='block_1_44' title="bbox 169 2107 960 2143">
    <p class='ocr_par' dir='ltr' id='par_1_44' title="bbox 169 2107 960 2143">
     <span class='ocr_line' id='line_1_44' title="bbox 169 2107 960 2143; baseline 0.003 -9"><span class='ocrx_word' id='word_1_306' title='bbox 169 2107 281 2142; x_wconf 86' lang='lat' dir='ltr'><strong>pedibus</strong></span> <span class='ocrx_word' id='word_1_307' title='bbox 298 2107 431 2135; x_wconf 80' lang='lat' dir='ltr'><strong>accedens</strong></span> <span class='ocrx_word' id='word_1_308' title='bbox 446 2112 472 2135; x_wconf 89' lang='lat' dir='ltr'><strong>et</strong></span> <span class='ocrx_word' id='word_1_309' title='bbox 489 2108 622 2136; x_wconf 85' lang='lat' dir='ltr'><strong>adorabat</strong></span> <span class='ocrx_word' id='word_1_310' title='bbox 635 2112 662 2135; x_wconf 89' lang='lat' dir='ltr'><strong>et</strong></span> <span class='ocrx_word' id='word_1_311' title='bbox 682 2107 776 2143; x_wconf 76' lang='lat' dir='ltr'><strong>pedem</strong></span> <span class='ocrx_word' id='word_1_312' title='bbox 793 2108 867 2135; x_wconf 84' lang='lat' dir='ltr'><strong>illius</strong></span> <span class='ocrx_word' id='word_1_313' title='bbox 878 2116 960 2136; x_wconf 90' lang='lat' dir='ltr'><strong>oscu-</strong></span> 
     </span>
    </p>
   </div>
   <div class='ocr_carea' id='block_1_45' title="bbox 168 2153 962 2189">
    <p class='ocr_par' dir='ltr' id='par_1_45' title="bbox 168 2153 962 2189">
     <span class='ocr_line' id='line_1_45' title="bbox 168 2153 962 2189; baseline 0.001 -9"><span class='ocrx_word' id='word_1_314' title='bbox 168 2153 284 2181; x_wconf 77' lang='lat' dir='ltr'><strong>labatur.</strong></span> <span class='ocrx_word' id='word_1_315' title='bbox 297 2157 338 2187; x_wconf 80' lang='grc' dir='ltr'>ιιι,</span> <span class='ocrx_word' id='word_1_316' title='bbox 355 2153 400 2186; x_wconf 80' lang='lat'><strong>38,</strong></span> <span class='ocrx_word' id='word_1_317' title='bbox 414 2153 599 2182; x_wconf 80' lang='lat' dir='ltr'><strong>ProtOstrator</strong></span> <span class='ocrx_word' id='word_1_318' title='bbox 621 2162 684 2182; x_wconf 92' lang='lat' dir='ltr'><strong>cum</strong></span> <span class='ocrx_word' id='word_1_319' title='bbox 699 2155 756 2182; x_wconf 89' lang='lat' dir='ltr'><strong>suis</strong></span> <span class='ocrx_word' id='word_1_320' title='bbox 771 2155 863 2189; x_wconf 89' lang='lat' dir='ltr'><strong>pedem</strong></span> <span class='ocrx_word' id='word_1_321' title='bbox 879 2153 962 2182; x_wconf 86' lang='lat' dir='ltr'><strong>Joan-</strong></span> 
     </span>
    </p>
   </div>
   <div class='ocr_carea' id='block_1_46' title="bbox 167 2199 962 2235">
    <p class='ocr_par' dir='ltr' id='par_1_46' title="bbox 167 2199 962 2235">
     <span class='ocr_line' id='line_1_46' title="bbox 167 2199 962 2235; baseline 0.003 -9"><span class='ocrx_word' id='word_1_322' title='bbox 167 2199 209 2227; x_wconf 88' lang='lat' dir='ltr'><strong>nis</strong></span> <span class='ocrx_word' id='word_1_323' title='bbox 226 2199 414 2228; x_wconf 81' lang='lat' dir='ltr'><strong>Csntacuzeni</strong></span> <span class='ocrx_word' id='word_1_324' title='bbox 438 2199 610 2235; x_wconf 81' lang='lat' dir='ltr'><strong>imperatoris</strong></span> <span class='ocrx_word' id='word_1_325' title='bbox 628 2200 777 2228; x_wconf 86' lang='lat' dir='ltr'><strong>osculatur.</strong></span> <span class='ocrx_word' id='word_1_326' title='bbox 799 2199 872 2227; x_wconf 83' lang='lat' dir='ltr'><strong>Idem</strong></span> <span class='ocrx_word' id='word_1_327' title='bbox 891 2200 962 2228; x_wconf 80' lang='lat' dir='ltr'><strong>litab</strong></span> 
     </span>
    </p>
   </div>
   <div class='ocr_carea' id='block_1_47' title="bbox 165 2244 960 2279">
    <p class='ocr_par' dir='ltr' id='par_1_47' title="bbox 165 2244 960 2279">
     <span class='ocr_line' id='line_1_47' title="bbox 165 2244 960 2279; baseline 0 -8"><span class='ocrx_word' id='word_1_328' title='bbox 165 2244 238 2276; x_wconf 85' lang='lat' dir='ltr'><strong>aliis,</strong></span> <span class='ocrx_word' id='word_1_329' title='bbox 251 2252 277 2273; x_wconf 83' lang='lat' dir='ltr'><strong>c.</strong></span> <span class='ocrx_word' id='word_1_330' title='bbox 290 2244 336 2272; x_wconf 68' lang='lat'><strong>40.</strong></span> <span class='ocrx_word' id='word_1_331' title='bbox 351 2244 423 2272; x_wconf 89' lang='lat' dir='ltr'><strong>Idem</strong></span> <span class='ocrx_word' id='word_1_332' title='bbox 438 2245 472 2273; x_wconf 86' lang='lat' dir='ltr'><strong>ab</strong></span> <span class='ocrx_word' id='word_1_333' title='bbox 486 2245 550 2278; x_wconf 85' lang='lat' dir='ltr'><strong>alio,</strong></span> <span class='ocrx_word' id='word_1_334' title='bbox 565 2252 591 2273; x_wconf 86' lang='lat' dir='ltr'><strong>c.</strong></span> <span class='ocrx_word' id='word_1_335' title='bbox 610 2245 655 2279; x_wconf 71' lang='grc'><strong>42,</strong></span> <span class='ocrx_word' id='word_1_336' title='bbox 666 2251 693 2273; x_wconf 88' lang='lat' dir='ltr'><strong>et</strong></span> <span class='ocrx_word' id='word_1_337' title='bbox 707 2253 722 2272; x_wconf 92' lang='lat' dir='ltr'><strong>a</strong></span> <span class='ocrx_word' id='word_1_338' title='bbox 734 2245 838 2277; x_wconf 85' lang='lat' dir='ltr'><strong>Persis,</strong></span> <span class='ocrx_word' id='word_1_339' title='bbox 856 2253 893 2277; x_wconf 85' lang='lat' dir='ltr'><strong>tv,</strong></span> <span class='ocrx_word' id='word_1_340' title='bbox 909 2244 960 2278; x_wconf 85' lang='lat' dir='ltr'><strong>l0;</strong></span> 
     </span>
    </p>
   </div>
   <div class='ocr_carea' id='block_1_48' title="bbox 969 1626 991 1656">
    <p class='ocr_par' dir='ltr' id='par_1_48' title="bbox 969 1626 991 1656">
     <span class='ocr_line' id='line_1_48' title="bbox 969 1626 991 1656; baseline 0 0"><span class='ocrx_word' id='word_1_341' title='bbox 969 1626 991 1656; x_wconf 91' lang='lat' dir='ltr'><strong>C</strong></span> 
     </span>
    </p>
   </div>
   <div class='ocr_carea' id='block_1_49' title="bbox 990 306 1778 347">
    <p class='ocr_par' dir='ltr' id='par_1_49' title="bbox 990 306 1778 347">
     <span class='ocr_line' id='line_1_49' title="bbox 990 306 1778 347; baseline -0.014 -4"><span class='ocrx_word' id='word_1_342' title='bbox 990 315 1166 343; x_wconf 77' lang='lat' dir='ltr'><strong>osculabatur</strong></span> <span class='ocrx_word' id='word_1_343' title='bbox 1188 312 1328 347; x_wconf 83' lang='lat' dir='ltr'><strong>quondam</strong></span> <span class='ocrx_word' id='word_1_344' title='bbox 1346 319 1353 338; x_wconf 70' lang='grc' dir='ltr'><em>ε</em></span> <span class='ocrx_word' id='word_1_345' title='bbox 1369 311 1489 339; x_wconf 85' lang='lat' dir='ltr'><strong>Basilius</strong></span> <span class='ocrx_word' id='word_1_346' title='bbox 1512 309 1585 336; x_wconf 86' lang='lat' dir='ltr'><strong>enim</strong></span> <span class='ocrx_word' id='word_1_347' title='bbox 1604 307 1716 335; x_wconf 79' lang='lat' dir='ltr'><strong>Macedo</strong></span> <span class='ocrx_word' id='word_1_348' title='bbox 1731 306 1778 333; x_wconf 73' lang='lat' dir='ltr'><strong>Ili-</strong></span> 
     </span>
    </p>
   </div>
   <div class='ocr_carea' id='block_1_50' title="bbox 990 351 1778 391">
    <p class='ocr_par' dir='ltr' id='par_1_50' title="bbox 990 351 1778 391">
     <span class='ocr_line' id='line_1_50' title="bbox 990 351 1778 391; baseline -0.014 -3"><span class='ocrx_word' id='word_1_349' title='bbox 990 360 1086 388; x_wconf 86' lang='lat' dir='ltr'><strong>chaele</strong></span> <span class='ocrx_word' id='word_1_350' title='bbox 1100 359 1132 387; x_wconf 86' lang='lat' dir='ltr'><strong>ad</strong></span> <span class='ocrx_word' id='word_1_351' title='bbox 1150 358 1248 386; x_wconf 89' lang='lat' dir='ltr'><strong>lectum</strong></span> <span class='ocrx_word' id='word_1_352' title='bbox 1263 357 1383 385; x_wconf 88' lang='lat' dir='ltr'><strong>deducto</strong></span> <span class='ocrx_word' id='word_1_353' title='bbox 1398 351 1447 391; x_wconf 70' lang='grc' dir='ltr'>τῆν</span> <span class='ocrx_word' id='word_1_354' title='bbox 1464 356 1544 390; x_wconf 72' lang='grc' dir='ltr'>χεῖρα</span> <span class='ocrx_word' id='word_1_355' title='bbox 1564 352 1682 388; x_wconf 67' lang='grc' dir='ltr'><strong>φιλήσας</strong></span> <span class='ocrx_word' id='word_1_356' title='bbox 1701 351 1778 386; x_wconf 44' lang='grc' dir='ltr'><strong>ἐξῆ»</strong></span> 
     </span>
    </p>
   </div>
   <div class='ocr_carea' id='block_1_51' title="bbox 991 407 1047 433">
    <p class='ocr_par' dir='ltr' id='par_1_51' title="bbox 991 407 1047 433">
     <span class='ocr_line' id='line_1_51' title="bbox 991 407 1047 433; baseline 0 0"><span class='ocrx_word' id='word_1_357' title='bbox 991 407 1047 433; x_wconf 78' lang='grc' dir='ltr'><strong>θεν.</strong></span> 
     </span>
    </p>
   </div>
   <div class='ocr_carea' id='block_1_52' title="bbox 1026 443 1779 488">
    <p class='ocr_par' dir='ltr' id='par_1_52' title="bbox 1026 443 1779 488">
     <span class='ocr_line' id='line_1_52' title="bbox 1026 443 1779 488; baseline -0.013 -8"><span class='ocrx_word' id='word_1_358' title='bbox 1026 452 1056 480; x_wconf 76' lang='grc' dir='ltr'><strong>Ρ.</strong></span> <span class='ocrx_word' id='word_1_359' title='bbox 1066 452 1110 479; x_wconf 85' lang='grc'><strong>75.</strong></span> <span class='ocrx_word' id='word_1_360' title='bbox 1124 451 1212 488; x_wconf 81' lang='grc' dir='ltr'><strong>[Οὔτε</strong></span> <span class='ocrx_word' id='word_1_361' title='bbox 1223 449 1286 485; x_wconf 79' lang='grc' dir='ltr'><strong>μὴν</strong></span> <span class='ocrx_word' id='word_1_362' title='bbox 1295 450 1339 482; x_wconf 77' lang='grc' dir='ltr'><strong>εἰς</strong></span> <span class='ocrx_word' id='word_1_363' title='bbox 1351 448 1404 475; x_wconf 77' lang='grc' dir='ltr'><strong>τὸν</strong></span> <span class='ocrx_word' id='word_1_364' title='bbox 1415 445 1588 480; x_wconf 80' lang='grc' dir='ltr'><strong>ἀσπασμόν.</strong></span> <span class='ocrx_word' id='word_1_365' title='bbox 1607 443 1646 471; x_wconf 75' lang='lat' dir='ltr'><strong>Ad</strong></span> <span class='ocrx_word' id='word_1_366' title='bbox 1658 443 1779 470; x_wconf 76' lang='lat' dir='ltr'><strong>Francos</strong></span> 
     </span>
    </p>
   </div>
   <div class='ocr_carea' id='block_1_53' title="bbox 993 491 1780 534">
    <p class='ocr_par' dir='ltr' id='par_1_53' title="bbox 993 491 1780 534">
     <span class='ocr_line' id='line_1_53' title="bbox 993 491 1780 534; baseline -0.013 -9"><span class='ocrx_word' id='word_1_367' title='bbox 993 498 1169 534; x_wconf 77' lang='lat' dir='ltr'><strong>Venetosan</strong></span> <span class='ocrx_word' id='word_1_368' title='bbox 1187 497 1253 525; x_wconf 90' lang='lat' dir='ltr'><strong>urbe</strong></span> <span class='ocrx_word' id='word_1_369' title='bbox 1263 495 1316 524; x_wconf 72' lang='grc' dir='ltr'><strong>(ΖΡ.</strong></span> <span class='ocrx_word' id='word_1_370' title='bbox 1329 494 1479 531; x_wconf 85' lang='lat' dir='ltr'><strong>ejiciendos</strong></span> <span class='ocrx_word' id='word_1_371' title='bbox 1493 491 1617 520; x_wconf 81' lang='lat' dir='ltr'><strong>Michaeli</strong></span> <span class='ocrx_word' id='word_1_372' title='bbox 1626 491 1780 522; x_wconf 60' lang='lat' dir='ltr'><strong>Palzuolopo</strong></span> 
     </span>
    </p>
   </div>
   <div class='ocr_carea' id='block_1_54' title="bbox 990 537 1781 581">
    <p class='ocr_par' dir='ltr' id='par_1_54' title="bbox 990 537 1781 581">
     <span class='ocr_line' id='line_1_54' title="bbox 990 537 1781 581; baseline -0.014 -8"><span class='ocrx_word' id='word_1_373' title='bbox 990 545 1083 581; x_wconf 85' lang='lat' dir='ltr'><strong>copias</strong></span> <span class='ocrx_word' id='word_1_374' title='bbox 1109 543 1258 571; x_wconf 73' lang='lat' dir='ltr'><strong>auxiliares</strong></span> <span class='ocrx_word' id='word_1_375' title='bbox 1286 541 1471 576; x_wconf 85' lang='lat' dir='ltr'><strong>promiserant</strong></span> <span class='ocrx_word' id='word_1_376' title='bbox 1494 539 1654 566; x_wconf 85' lang='lat' dir='ltr'><strong>Gennenses</strong></span> <span class='ocrx_word' id='word_1_377' title='bbox 1676 545 1684 564; x_wconf 88' lang='lat'><strong>:</strong></span> <span class='ocrx_word' id='word_1_378' title='bbox 1716 537 1781 563; x_wconf 80' lang='lat' dir='ltr'><strong>hinc</strong></span> 
     </span>
    </p>
   </div>
   <div class='ocr_carea' id='block_1_55' title="bbox 989 583 1779 625">
    <p class='ocr_par' dir='ltr' id='par_1_55' title="bbox 989 583 1779 625">
     <span class='ocr_line' id='line_1_55' title="bbox 989 583 1779 625; baseline -0.016 -6"><span class='ocrx_word' id='word_1_379' title='bbox 989 590 1146 620; x_wconf 87' lang='lat' dir='ltr'><strong>communia</strong></span> <span class='ocrx_word' id='word_1_380' title='bbox 1155 589 1230 625; x_wconf 88' lang='lat' dir='ltr'><strong>pacis</strong></span> <span class='ocrx_word' id='word_1_381' title='bbox 1242 583 1452 621; x_wconf 67' lang='lat' dir='ltr'><strong>concordiaeque</strong></span> <span class='ocrx_word' id='word_1_382' title='bbox 1467 585 1582 613; x_wconf 69' lang='lat' dir='ltr'><strong>hedera.</strong></span> <span class='ocrx_word' id='word_1_383' title='bbox 1595 583 1690 610; x_wconf 80' lang='lat' dir='ltr'><strong>Veneti</strong></span> <span class='ocrx_word' id='word_1_384' title='bbox 1703 590 1779 613; x_wconf 78' lang='lat' dir='ltr'><strong>vero,</strong></span> 
     </span>
    </p>
   </div>
   <div class='ocr_carea' id='block_1_56' title="bbox 990 629 1779 671">
    <p class='ocr_par' dir='ltr' id='par_1_56' title="bbox 990 629 1779 671">
     <span class='ocr_line' id='line_1_56' title="bbox 990 629 1779 671; baseline -0.015 -7"><span class='ocrx_word' id='word_1_385' title='bbox 990 641 1020 664; x_wconf 94' lang='lat' dir='ltr'><strong>ut</strong></span> <span class='ocrx_word' id='word_1_386' title='bbox 1046 636 1093 671; x_wconf 88' lang='lat' dir='ltr'><strong>qui</strong></span> <span class='ocrx_word' id='word_1_387' title='bbox 1118 642 1181 662; x_wconf 87' lang='lat' dir='ltr'><strong>cum</strong></span> <span class='ocrx_word' id='word_1_388' title='bbox 1207 633 1322 661; x_wconf 89' lang='lat' dir='ltr'><strong>Francis</strong></span> <span class='ocrx_word' id='word_1_389' title='bbox 1347 631 1562 667; x_wconf 76' lang='lat' dir='ltr'><strong>imperaveraut,</strong></span> <span class='ocrx_word' id='word_1_390' title='bbox 1587 629 1687 656; x_wconf 63' lang='lat' dir='ltr'><strong>laedam</strong></span> <span class='ocrx_word' id='word_1_391' title='bbox 1716 634 1779 654; x_wconf 85' lang='lat' dir='ltr'><strong>cum</strong></span> 
     </span>
    </p>
   </div>
   <div class='ocr_carea' id='block_1_57' title="bbox 989 673 1780 712">
    <p class='ocr_par' dir='ltr' id='par_1_57' title="bbox 989 673 1780 712">
     <span class='ocr_line' id='line_1_57' title="bbox 989 673 1780 712; baseline -0.016 -2"><span class='ocrx_word' id='word_1_392' title='bbox 989 682 1094 710; x_wconf 73' lang='lat' dir='ltr'><strong>Graecis</strong></span> <span class='ocrx_word' id='word_1_393' title='bbox 1119 678 1294 708; x_wconf 84' lang='lat' dir='ltr'><strong>concordiam</strong></span> <span class='ocrx_word' id='word_1_394' title='bbox 1311 682 1338 705; x_wconf 90' lang='lat' dir='ltr'><strong>et</strong></span> <span class='ocrx_word' id='word_1_395' title='bbox 1361 675 1540 712; x_wconf 89' lang='lat' dir='ltr'><strong>opprobrium</strong></span> <span class='ocrx_word' id='word_1_396' title='bbox 1567 673 1780 708; x_wconf 77' lang='lat' dir='ltr'><strong>suhjectiouem—</strong></span> 
     </span>
    </p>
   </div>
   <div class='ocr_carea' id='block_1_58' title="bbox 990 717 1781 764">
    <p class='ocr_par' dir='ltr' id='par_1_58' title="bbox 990 717 1781 764">
     <span class='ocr_line' id='line_1_58' title="bbox 990 717 1781 764; baseline -0.015 -8"><span class='ocrx_word' id='word_1_397' title='bbox 990 734 1045 764; x_wconf 87' lang='lat' dir='ltr'><strong>que</strong></span> <span class='ocrx_word' id='word_1_398' title='bbox 1076 727 1202 755; x_wconf 89' lang='lat' dir='ltr'><strong>redolens</strong></span> <span class='ocrx_word' id='word_1_399' title='bbox 1229 725 1320 753; x_wconf 76' lang='lat' dir='ltr'><strong>Ioedus</strong></span> <span class='ocrx_word' id='word_1_400' title='bbox 1352 723 1422 751; x_wconf 88' lang='lat' dir='ltr'><strong>inire</strong></span> <span class='ocrx_word' id='word_1_401' title='bbox 1448 723 1682 750; x_wconf 73' lang='lat' dir='ltr'><strong>detrectaverunt.</strong></span> <span class='ocrx_word' id='word_1_402' title='bbox 1713 717 1781 745; x_wconf 80' lang='lat' dir='ltr'><strong>Vide</strong></span> 
     </span>
    </p>
   </div>
   <div class='ocr_carea' id='block_1_59' title="bbox 990 763 1783 810">
    <p class='ocr_par' dir='ltr' id='par_1_59' title="bbox 990 763 1783 810">
     <span class='ocr_line' id='line_1_59' title="bbox 990 763 1783 810; baseline -0.015 -8"><span class='ocrx_word' id='word_1_403' title='bbox 990 763 1141 810; x_wconf 71' lang='lat' dir='ltr'><strong>Gregoram</strong></span> <span class='ocrx_word' id='word_1_404' title='bbox 1166 772 1296 808; x_wconf 78' lang='lat' dir='ltr'><strong>Superius</strong></span> <span class='ocrx_word' id='word_1_405' title='bbox 1319 770 1446 801; x_wconf 83' lang='lat' dir='ltr'><strong>relatum,</strong></span> <span class='ocrx_word' id='word_1_406' title='bbox 1463 776 1513 796; x_wconf 85' lang='lat' dir='ltr'><strong>nec</strong></span> <span class='ocrx_word' id='word_1_407' title='bbox 1528 774 1583 794; x_wconf 89' lang='lat' dir='ltr'><strong>non</strong></span> <span class='ocrx_word' id='word_1_408' title='bbox 1608 765 1718 793; x_wconf 82' lang='lat' dir='ltr'><strong>Petrum</strong></span> <span class='ocrx_word' id='word_1_409' title='bbox 1734 763 1783 790; x_wconf 82' lang='lat' dir='ltr'><strong>Ju-</strong></span> 
     </span>
    </p>
   </div>
   <div class='ocr_carea' id='block_1_60' title="bbox 991 811 1783 856">
    <p class='ocr_par' dir='ltr' id='par_1_60' title="bbox 991 811 1783 856">
     <span class='ocr_line' id='line_1_60' title="bbox 991 811 1783 856; baseline -0.016 -8"><span class='ocrx_word' id='word_1_410' title='bbox 991 820 1142 856; x_wconf 84' lang='lat' dir='ltr'><strong>stinianum</strong></span> <span class='ocrx_word' id='word_1_411' title='bbox 1159 818 1327 846; x_wconf 81' lang='lat' dir='ltr'><strong>Venetorum</strong></span> <span class='ocrx_word' id='word_1_412' title='bbox 1345 821 1374 844; x_wconf 92' lang='lat' dir='ltr'><strong>et</strong></span> <span class='ocrx_word' id='word_1_413' title='bbox 1389 813 1578 843; x_wconf 84' lang='lat' dir='ltr'><strong>Genuensium</strong></span> <span class='ocrx_word' id='word_1_414' title='bbox 1599 812 1674 840; x_wconf 79' lang='lat' dir='ltr'><strong>vario</strong></span> <span class='ocrx_word' id='word_1_415' title='bbox 1698 811 1783 839; x_wconf 81' lang='lat' dir='ltr'><strong>Marte</strong></span> 
     </span>
    </p>
   </div>
   <div class='ocr_carea' id='block_1_61' title="bbox 992 857 1782 894">
    <p class='ocr_par' dir='ltr' id='par_1_61' title="bbox 992 857 1782 894">
     <span class='ocr_line' id='line_1_61' title="bbox 992 857 1782 894; baseline -0.011 -1"><span class='ocrx_word' id='word_1_416' title='bbox 992 866 1066 893; x_wconf 88' lang='lat' dir='ltr'><strong>inter</strong></span> <span class='ocrx_word' id='word_1_417' title='bbox 1086 873 1116 894; x_wconf 83' lang='lat' dir='ltr'><strong>sc</strong></span> <span class='ocrx_word' id='word_1_418' title='bbox 1142 864 1343 892; x_wconf 87' lang='lat' dir='ltr'><strong>decertantium</strong></span> <span class='ocrx_word' id='word_1_419' title='bbox 1361 862 1431 890; x_wconf 87' lang='lat' dir='ltr'><strong>bella</strong></span> <span class='ocrx_word' id='word_1_420' title='bbox 1455 860 1580 888; x_wconf 87' lang='lat' dir='ltr'><strong>historiae</strong></span> <span class='ocrx_word' id='word_1_421' title='bbox 1595 859 1705 887; x_wconf 65' lang='lat' dir='ltr'><strong>Veneta:</strong></span> <span class='ocrx_word' id='word_1_422' title='bbox 1731 857 1749 885; x_wconf 89' lang='lat' dir='ltr'><strong>l.</strong></span> <span class='ocrx_word' id='word_1_423' title='bbox 1767 864 1782 883; x_wconf 92' lang='lat' dir='ltr'><strong>v</strong></span> 
     </span>
    </p>
   </div>
   <div class='ocr_carea' id='block_1_62' title="bbox 993 904 1783 943">
    <p class='ocr_par' dir='ltr' id='par_1_62' title="bbox 993 904 1783 943">
     <span class='ocr_line' id='line_1_62' title="bbox 993 904 1783 943; baseline -0.013 -3"><span class='ocrx_word' id='word_1_424' title='bbox 993 912 1208 942; x_wconf 85' lang='lat' dir='ltr'><strong>describentem,</strong></span> <span class='ocrx_word' id='word_1_425' title='bbox 1222 918 1255 938; x_wconf 91' lang='lat' dir='ltr'><strong>ac</strong></span> <span class='ocrx_word' id='word_1_426' title='bbox 1268 909 1376 937; x_wconf 87' lang='lat' dir='ltr'><strong>tandem</strong></span> <span class='ocrx_word' id='word_1_427' title='bbox 1390 909 1479 943; x_wconf 89' lang='lat' dir='ltr'><strong>ipsum</strong></span> <span class='ocrx_word' id='word_1_428' title='bbox 1494 906 1652 934; x_wconf 79' lang='lat' dir='ltr'><strong>Michaelem</strong></span> <span class='ocrx_word' id='word_1_429' title='bbox 1661 904 1783 932; x_wconf 81' lang='lat' dir='ltr'><strong>victoriis</strong></span> 
     </span>
    </p>
   </div>
   <div class='ocr_carea' id='block_1_63' title="bbox 997 951 1784 991">
    <p class='ocr_par' dir='ltr' id='par_1_63' title="bbox 997 951 1784 991">
     <span class='ocr_line' id='line_1_63' title="bbox 997 951 1784 991; baseline -0.011 -5"><span class='ocrx_word' id='word_1_430' title='bbox 997 959 1109 991; x_wconf 81' lang='lat' dir='ltr'><strong>elatum,</strong></span> <span class='ocrx_word' id='word_1_431' title='bbox 1127 957 1198 985; x_wconf 85' lang='lat' dir='ltr'><strong>haud</strong></span> <span class='ocrx_word' id='word_1_432' title='bbox 1214 961 1304 985; x_wconf 88' lang='lat' dir='ltr'><strong>tamen</strong></span> <span class='ocrx_word' id='word_1_433' title='bbox 1317 955 1535 986; x_wconf 85' lang='lat' dir='ltr'><strong>insolescentem,</strong></span> <span class='ocrx_word' id='word_1_434' title='bbox 1549 952 1677 984; x_wconf 85' lang='lat' dir='ltr'><strong>Venetos,</strong></span> <span class='ocrx_word' id='word_1_435' title='bbox 1693 959 1708 979; x_wconf 85' lang='lat' dir='ltr'><strong>a</strong></span> <span class='ocrx_word' id='word_1_436' title='bbox 1723 951 1784 985; x_wconf 82' lang='lat' dir='ltr'><strong>qni-</strong></span> 
     </span>
    </p>
   </div>
   <div class='ocr_carea' id='block_1_64' title="bbox 999 998 1787 1036">
    <p class='ocr_par' dir='ltr' id='par_1_64' title="bbox 999 998 1787 1036">
     <span class='ocr_line' id='line_1_64' title="bbox 999 998 1787 1036; baseline -0.013 -2"><span class='ocrx_word' id='word_1_437' title='bbox 999 1006 1050 1034; x_wconf 84' lang='lat' dir='ltr'><strong>hus</strong></span> <span class='ocrx_word' id='word_1_438' title='bbox 1063 1004 1116 1033; x_wconf 89' lang='lat' dir='ltr'><strong>sibi</strong></span> <span class='ocrx_word' id='word_1_439' title='bbox 1131 1002 1423 1034; x_wconf 68' lang='lat' dir='ltr'><strong>cavendum-rebatur,</strong></span> <span class='ocrx_word' id='word_1_440' title='bbox 1442 1002 1476 1029; x_wconf 86' lang='lat' dir='ltr'><strong>de</strong></span> <span class='ocrx_word' id='word_1_441' title='bbox 1492 1008 1559 1036; x_wconf 87' lang='lat' dir='ltr'><strong>pace</strong></span> <span class='ocrx_word' id='word_1_442' title='bbox 1573 998 1708 1027; x_wconf 80' lang='lat' dir='ltr'><strong>Iit-manda</strong></span> <span class='ocrx_word' id='word_1_443' title='bbox 1720 1005 1787 1025; x_wconf 74' lang='lat' dir='ltr'><strong>exo-</strong></span> 
     </span>
    </p>
   </div>
   <div class='ocr_carea' id='block_1_65' title="bbox 999 1056 1118 1079">
    <p class='ocr_par' dir='ltr' id='par_1_65' title="bbox 999 1056 1118 1079">
     <span class='ocr_line' id='line_1_65' title="bbox 999 1056 1118 1079; baseline -0.008 0"><span class='ocrx_word' id='word_1_444' title='bbox 999 1056 1118 1079; x_wconf 85' lang='lat' dir='ltr'><strong>rantent.</strong></span> 
     </span>
    </p>
   </div>
   <div class='ocr_carea' id='block_1_66' title="bbox 1035 1090 1787 1133">
    <p class='ocr_par' dir='ltr' id='par_1_66' title="bbox 1035 1090 1787 1133">
     <span class='ocr_line' id='line_1_66' title="bbox 1035 1090 1787 1133; baseline -0.011 -9"><span class='ocrx_word' id='word_1_445' title='bbox 1035 1097 1107 1124; x_wconf 86' lang='lat' dir='ltr'><strong>Ibid.</strong></span> <span class='ocrx_word' id='word_1_446' title='bbox 1121 1095 1311 1133; x_wconf 70' lang='grc' dir='ltr'><strong>[Καπούτζῖα.</strong></span> <span class='ocrx_word' id='word_1_447' title='bbox 1324 1094 1388 1122; x_wconf 85' lang='lat' dir='ltr'><strong>Pilel</strong></span> <span class='ocrx_word' id='word_1_448' title='bbox 1404 1101 1491 1130; x_wconf 71' lang='lat' dir='ltr'><strong>genus</strong></span> <span class='ocrx_word' id='word_1_449' title='bbox 1506 1097 1569 1120; x_wconf 90' lang='lat' dir='ltr'><strong>ante</strong></span> <span class='ocrx_word' id='word_1_450' title='bbox 1587 1099 1672 1127; x_wconf 83' lang='lat' dir='ltr'><strong>pauca</strong></span> <span class='ocrx_word' id='word_1_451' title='bbox 1688 1090 1787 1118; x_wconf 60' lang='lat' dir='ltr'><strong>saecula</strong></span> 
     </span>
    </p>
   </div>
   <div class='ocr_carea' id='block_1_67' title="bbox 1001 1136 1789 1178">
    <p class='ocr_par' dir='ltr' id='par_1_67' title="bbox 1001 1136 1789 1178">
     <span class='ocr_line' id='line_1_67' title="bbox 1001 1136 1789 1178; baseline -0.011 -7"><span class='ocrx_word' id='word_1_452' title='bbox 1001 1144 1028 1172; x_wconf 93' lang='lat' dir='ltr'><strong>in</strong></span> <span class='ocrx_word' id='word_1_453' title='bbox 1052 1142 1159 1178; x_wconf 86' lang='lat' dir='ltr'><strong>Europa</strong></span> <span class='ocrx_word' id='word_1_454' title='bbox 1187 1141 1408 1170; x_wconf 82' lang='lat' dir='ltr'><strong>usitatissimum.</strong></span> <span class='ocrx_word' id='word_1_455' title='bbox 1434 1139 1522 1167; x_wconf 86' lang='lat' dir='ltr'><strong>Latini</strong></span> <span class='ocrx_word' id='word_1_456' title='bbox 1546 1138 1694 1173; x_wconf 84' lang='lat' dir='ltr'><strong>eaputium.</strong></span> <span class='ocrx_word' id='word_1_457' title='bbox 1718 1136 1789 1164; x_wconf 86' lang='lat' dir='ltr'><strong>Galli</strong></span> 
     </span>
    </p>
   </div>
   <div class='ocr_carea' id='block_1_68' title="bbox 1002 1185 1791 1225">
    <p class='ocr_par' dir='ltr' id='par_1_68' title="bbox 1002 1185 1791 1225">
     <span class='ocr_line' id='line_1_68' title="bbox 1002 1185 1791 1225; baseline -0.011 -7"><span class='ocrx_word' id='word_1_458' title='bbox 1002 1190 1145 1225; x_wconf 78' lang='lat' dir='ltr'><strong>clmperon,</strong></span> <span class='ocrx_word' id='word_1_459' title='bbox 1170 1187 1230 1216; x_wconf 85' lang='lat' dir='ltr'><strong>Itali</strong></span> <span class='ocrx_word' id='word_1_460' title='bbox 1246 1193 1362 1222; x_wconf 73' lang='lat' dir='ltr'><strong>capuzso</strong></span> <span class='ocrx_word' id='word_1_461' title='bbox 1387 1186 1524 1214; x_wconf 80' lang='lat' dir='ltr'><strong>dicebant.</strong></span> <span class='ocrx_word' id='word_1_462' title='bbox 1547 1185 1584 1212; x_wconf 83' lang='lat' dir='ltr'><strong>De</strong></span> <span class='ocrx_word' id='word_1_463' title='bbox 1606 1192 1660 1220; x_wconf 91' lang='lat' dir='ltr'><strong>quo</strong></span> <span class='ocrx_word' id='word_1_464' title='bbox 1689 1191 1791 1211; x_wconf 86' lang='lat' dir='ltr'><strong>consu-</strong></span> 
     </span>
    </p>
   </div>
   <div class='ocr_carea' id='block_1_69' title="bbox 1003 1228 1792 1271">
    <p class='ocr_par' dir='ltr' id='par_1_69' title="bbox 1003 1228 1792 1271">
     <span class='ocr_line' id='line_1_69' title="bbox 1003 1228 1792 1271; baseline -0.011 -6"><span class='ocrx_word' id='word_1_465' title='bbox 1003 1236 1100 1265; x_wconf 86' lang='lat' dir='ltr'><strong>lendus</strong></span> <span class='ocrx_word' id='word_1_466' title='bbox 1115 1235 1272 1271; x_wconf 85' lang='lat' dir='ltr'><strong>Stephanus</strong></span> <span class='ocrx_word' id='word_1_467' title='bbox 1287 1228 1456 1262; x_wconf 76' lang='lat' dir='ltr'><strong>Paschasius</strong></span> <span class='ocrx_word' id='word_1_468' title='bbox 1465 1232 1690 1268; x_wconf 84' lang='lat' dir='ltr'><strong>disquisitiouum</strong></span> <span class='ocrx_word' id='word_1_469' title='bbox 1706 1230 1792 1257; x_wconf 84' lang='lat' dir='ltr'><strong>Fran-</strong></span> 
     </span>
    </p>
   </div>
   <div class='ocr_carea' id='block_1_70' title="bbox 1003 1273 1794 1315">
    <p class='ocr_par' dir='ltr' id='par_1_70' title="bbox 1003 1273 1794 1315">
     <span class='ocr_line' id='line_1_70' title="bbox 1003 1273 1794 1315; baseline -0.01 -4"><span class='ocrx_word' id='word_1_470' title='bbox 1003 1283 1202 1314; x_wconf 68' lang='lat' dir='ltr'><strong>cicarumnun,</strong></span> <span class='ocrx_word' id='word_1_471' title='bbox 1218 1281 1262 1313; x_wconf 88' lang='lat' dir='ltr'><strong>I8,</strong></span> <span class='ocrx_word' id='word_1_472' title='bbox 1274 1286 1303 1309; x_wconf 90' lang='lat' dir='ltr'><strong>et</strong></span> <span class='ocrx_word' id='word_1_473' title='bbox 1310 1281 1354 1309; x_wconf 75' lang='grc'><strong>45.</strong></span> <span class='ocrx_word' id='word_1_474' title='bbox 1365 1280 1502 1315; x_wconf 86' lang='lat' dir='ltr'><strong>Capitium</strong></span> <span class='ocrx_word' id='word_1_475' title='bbox 1508 1282 1586 1307; x_wconf 84' lang='lat' dir='ltr'><strong>vocat</strong></span> <span class='ocrx_word' id='word_1_476' title='bbox 1599 1273 1794 1305; x_wconf 63' lang='lat' dir='ltr'><strong>PanlusIEtui-</strong></span> 
     </span>
    </p>
   </div>
   <div class='ocr_carea' id='block_1_71' title="bbox 1005 1325 1442 1362">
    <p class='ocr_par' dir='ltr' id='par_1_71' title="bbox 1005 1325 1442 1362">
     <span class='ocr_line' id='line_1_71' title="bbox 1005 1325 1442 1362; baseline -0.007 -6"><span class='ocrx_word' id='word_1_477' title='bbox 1005 1329 1058 1357; x_wconf 86' lang='lat' dir='ltr'><strong>lius</strong></span> <span class='ocrx_word' id='word_1_478' title='bbox 1069 1330 1098 1356; x_wconf 90' lang='lat' dir='ltr'><strong>in</strong></span> <span class='ocrx_word' id='word_1_479' title='bbox 1112 1327 1217 1356; x_wconf 86' lang='lat' dir='ltr'><strong>Joanne</strong></span> <span class='ocrx_word' id='word_1_480' title='bbox 1229 1327 1326 1362; x_wconf 93' lang='lat' dir='ltr'><strong>primo.</strong></span> <span class='ocrx_word' id='word_1_481' title='bbox 1342 1325 1442 1362; x_wconf 63' lang='lat' dir='ltr'><strong>Gem]</strong></span> 
     </span>
    </p>
   </div>
   <div class='ocr_carea' id='block_1_72' title="bbox 1041 1369 1795 1408">
    <p class='ocr_par' dir='ltr' id='par_1_72' title="bbox 1041 1369 1795 1408">
     <span class='ocr_line' id='line_1_72' title="bbox 1041 1369 1795 1408; baseline -0.008 -6"><span class='ocrx_word' id='word_1_482' title='bbox 1041 1373 1113 1402; x_wconf 89' lang='lat' dir='ltr'><strong>Ibid.</strong></span> <span class='ocrx_word' id='word_1_483' title='bbox 1146 1374 1268 1408; x_wconf 78' lang='grc' dir='ltr'><strong>Τρεύαν.</strong></span> <span class='ocrx_word' id='word_1_484' title='bbox 1295 1372 1527 1400; x_wconf 80' lang='lat' dir='ltr'><strong>Latino-Barbare</strong></span> <span class='ocrx_word' id='word_1_485' title='bbox 1554 1375 1658 1406; x_wconf 79' lang='lat' dir='ltr'><strong>treuga.</strong></span> <span class='ocrx_word' id='word_1_486' title='bbox 1690 1369 1795 1397; x_wconf 85' lang='lat' dir='ltr'><strong>Dicitur</strong></span> 
     </span>
    </p>
   </div>
   <div class='ocr_carea' id='block_1_73' title="bbox 1005 1420 1199 1456">
    <p class='ocr_par' dir='ltr' id='par_1_73' title="bbox 1005 1420 1199 1456">
     <span class='ocr_line' id='line_1_73' title="bbox 1005 1420 1199 1456; baseline -0.01 -8"><span class='ocrx_word' id='word_1_487' title='bbox 1005 1421 1088 1448; x_wconf 89' lang='lat' dir='ltr'><strong>etiam</strong></span> <span class='ocrx_word' id='word_1_488' title='bbox 1103 1420 1199 1456; x_wconf 81' lang='grc' dir='ltr'><strong>τρέὀα.</strong></span> 
     </span>
    </p>
   </div>
   <div class='ocr_carea' id='block_1_74' title="bbox 1042 1461 1796 1498">
    <p class='ocr_par' dir='ltr' id='par_1_74' title="bbox 1042 1461 1796 1498">
     <span class='ocr_line' id='line_1_74' title="bbox 1042 1461 1796 1498; baseline -0.007 -5"><span class='ocrx_word' id='word_1_489' title='bbox 1042 1465 1113 1494; x_wconf 88' lang='lat' dir='ltr'><strong>Ibid.</strong></span> <span class='ocrx_word' id='word_1_490' title='bbox 1130 1466 1318 1498; x_wconf 74' lang='grc' dir='ltr'><strong>Μπαϊουλος.</strong></span> <span class='ocrx_word' id='word_1_491' title='bbox 1334 1461 1373 1492; x_wconf 88' lang='lat' dir='ltr'><strong>Ita</strong></span> <span class='ocrx_word' id='word_1_492' title='bbox 1399 1463 1555 1498; x_wconf 81' lang='lat' dir='ltr'><strong>legendum.</strong></span> <span class='ocrx_word' id='word_1_493' title='bbox 1578 1461 1673 1498; x_wconf 87' lang='lat' dir='ltr'><strong>Inepte</strong></span> <span class='ocrx_word' id='word_1_494' title='bbox 1696 1461 1796 1490; x_wconf 70' lang='lat' dir='ltr'><strong>Junius</strong></span> 
     </span>
    </p>
   </div>
   <div class='ocr_carea' id='block_1_75' title="bbox 1006 1509 1796 1545">
    <p class='ocr_par' dir='ltr' id='par_1_75' title="bbox 1006 1509 1796 1545">
     <span class='ocr_line' id='line_1_75' title="bbox 1006 1509 1796 1545; baseline -0.006 -5"><span class='ocrx_word' id='word_1_495' title='bbox 1006 1512 1150 1544; x_wconf 68' lang='grc' dir='ltr'><strong>λυπάῐὶος.</strong></span> <span class='ocrx_word' id='word_1_496' title='bbox 1176 1511 1258 1540; x_wconf 86' lang='lat' dir='ltr'><strong>Falso</strong></span> <span class='ocrx_word' id='word_1_497' title='bbox 1281 1512 1349 1539; x_wconf 83' lang='lat' dir='ltr'><strong>citat</strong></span> <span class='ocrx_word' id='word_1_498' title='bbox 1363 1511 1526 1545; x_wconf 80' lang='lat' dir='ltr'><strong>Greguram.</strong></span> <span class='ocrx_word' id='word_1_499' title='bbox 1544 1510 1563 1538; x_wconf 94' lang='lat' dir='ltr'><strong>l.</strong></span> <span class='ocrx_word' id='word_1_500' title='bbox 1581 1518 1618 1543; x_wconf 85' lang='lat' dir='ltr'><strong>tv,</strong></span> <span class='ocrx_word' id='word_1_501' title='bbox 1632 1511 1710 1545; x_wconf 83' lang='lat' dir='ltr'><strong>quasi</strong></span> <span class='ocrx_word' id='word_1_502' title='bbox 1723 1509 1796 1544; x_wconf 81' lang='lat' dir='ltr'><strong>apud</strong></span> 
     </span>
    </p>
   </div>
   <div class='ocr_carea' id='block_1_76' title="bbox 1008 1551 1827 1595">
    <p class='ocr_par' dir='ltr' id='par_1_76' title="bbox 1008 1551 1827 1595">
     <span class='ocr_line' id='line_1_76' title="bbox 1008 1551 1827 1595; baseline -0.005 -9"><span class='ocrx_word' id='word_1_503' title='bbox 1008 1559 1086 1587; x_wconf 87' lang='lat' dir='ltr'><strong>illutn</strong></span> <span class='ocrx_word' id='word_1_504' title='bbox 1098 1559 1204 1595; x_wconf 75' lang='lat' dir='ltr'><strong>legatur</strong></span> <span class='ocrx_word' id='word_1_505' title='bbox 1214 1558 1343 1594; x_wconf 84' lang='lat' dir='ltr'><strong>lypailus,</strong></span> <span class='ocrx_word' id='word_1_506' title='bbox 1357 1566 1420 1585; x_wconf 89' lang='lat' dir='ltr'><strong>cum</strong></span> <span class='ocrx_word' id='word_1_507' title='bbox 1433 1557 1546 1585; x_wconf 68' lang='lat' dir='ltr'><strong>Gemens</strong></span> <span class='ocrx_word' id='word_1_508' title='bbox 1560 1562 1651 1585; x_wconf 75' lang='lat' dir='ltr'><strong>textus</strong></span> <span class='ocrx_word' id='word_1_509' title='bbox 1665 1556 1798 1584; x_wconf 80' lang='lat' dir='ltr'><strong>distincte</strong></span> <span class='ocrx_word' id='word_1_510' title='bbox 1824 1551 1827 1555; x_wconf 69' lang='grc'><em>’</em></span> 
     </span>
    </p>
   </div>
   <div class='ocr_carea' id='block_1_77' title="bbox 1010 1604 1798 1640">
    <p class='ocr_par' dir='ltr' id='par_1_77' title="bbox 1010 1604 1798 1640">
     <span class='ocr_line' id='line_1_77' title="bbox 1010 1604 1798 1640; baseline -0.004 -8"><span class='ocrx_word' id='word_1_511' title='bbox 1010 1604 1108 1633; x_wconf 82' lang='lat' dir='ltr'><strong>habeat</strong></span> <span class='ocrx_word' id='word_1_512' title='bbox 1123 1604 1283 1640; x_wconf 77' lang='grc' dir='ltr'><strong>μπαϊουλος,</strong></span> <span class='ocrx_word' id='word_1_513' title='bbox 1311 1608 1340 1631; x_wconf 85' lang='lat' dir='ltr'><strong>et</strong></span> <span class='ocrx_word' id='word_1_514' title='bbox 1366 1605 1501 1639; x_wconf 85' lang='lat' dir='ltr'><strong>interpres</strong></span> <span class='ocrx_word' id='word_1_515' title='bbox 1519 1604 1638 1637; x_wconf 83' lang='lat' dir='ltr'><strong>baiulus,</strong></span> <span class='ocrx_word' id='word_1_516' title='bbox 1651 1608 1726 1631; x_wconf 84' lang='lat' dir='ltr'><strong>recte</strong></span> <span class='ocrx_word' id='word_1_517' title='bbox 1746 1605 1798 1631; x_wconf 92' lang='lat' dir='ltr'><strong>uti-</strong></span> 
     </span>
    </p>
   </div>
   <div class='ocr_carea' id='block_1_78' title="bbox 1006 1648 1798 1686">
    <p class='ocr_par' dir='ltr' id='par_1_78' title="bbox 1006 1648 1798 1686">
     <span class='ocr_line' id='line_1_78' title="bbox 1006 1648 1798 1686; baseline 0.001 -9"><span class='ocrx_word' id='word_1_518' title='bbox 1006 1657 1069 1685; x_wconf 88' lang='lat' dir='ltr'><strong>que.</strong></span> <span class='ocrx_word' id='word_1_519' title='bbox 1086 1648 1201 1678; x_wconf 83' lang='lat' dir='ltr'><strong>Frustra</strong></span> <span class='ocrx_word' id='word_1_520' title='bbox 1215 1654 1257 1677; x_wconf 85' lang='lat' dir='ltr'><strong>est</strong></span> <span class='ocrx_word' id='word_1_521' title='bbox 1282 1649 1418 1677; x_wconf 82' lang='lat' dir='ltr'><strong>Meursius</strong></span> <span class='ocrx_word' id='word_1_522' title='bbox 1432 1649 1478 1684; x_wconf 90' lang='lat' dir='ltr'><strong>qui</strong></span> <span class='ocrx_word' id='word_1_523' title='bbox 1501 1650 1613 1686; x_wconf 74' lang='lat' dir='ltr'><strong>corrigit</strong></span> <span class='ocrx_word' id='word_1_524' title='bbox 1632 1650 1798 1684; x_wconf 79' lang='grc' dir='ltr'><strong>ίλπαῖουλος,</strong></span> 
     </span>
    </p>
   </div>
   <div class='ocr_carea' id='block_1_79' title="bbox 1006 1694 1798 1730">
    <p class='ocr_par' dir='ltr' id='par_1_79' title="bbox 1006 1694 1798 1730">
     <span class='ocr_line' id='line_1_79' title="bbox 1006 1694 1798 1730; baseline 0 -7"><span class='ocrx_word' id='word_1_525' title='bbox 1006 1696 1088 1724; x_wconf 89' lang='lat' dir='ltr'><strong>unica</strong></span> <span class='ocrx_word' id='word_1_526' title='bbox 1101 1695 1194 1723; x_wconf 81' lang='lat' dir='ltr'><strong>littera</strong></span> <span class='ocrx_word' id='word_1_527' title='bbox 1209 1695 1386 1729; x_wconf 88' lang='lat' dir='ltr'><strong>transposita,</strong></span> <span class='ocrx_word' id='word_1_528' title='bbox 1400 1694 1478 1729; x_wconf 85' lang='lat' dir='ltr'><strong>quasi</strong></span> <span class='ocrx_word' id='word_1_529' title='bbox 1492 1695 1528 1722; x_wconf 90' lang='lat' dir='ltr'><strong>sit</strong></span> <span class='ocrx_word' id='word_1_530' title='bbox 1539 1702 1623 1729; x_wconf 89' lang='lat' dir='ltr'><strong>purus</strong></span> <span class='ocrx_word' id='word_1_531' title='bbox 1634 1699 1716 1730; x_wconf 89' lang='lat' dir='ltr'><strong>putus</strong></span> <span class='ocrx_word' id='word_1_532' title='bbox 1730 1695 1798 1723; x_wconf 90' lang='lat' dir='ltr'><strong>idio-</strong></span> 
     </span>
    </p>
   </div>
   <div class='ocr_carea' id='block_1_80' title="bbox 1007 1739 1799 1770">
    <p class='ocr_par' dir='ltr' id='par_1_80' title="bbox 1007 1739 1799 1770">
     <span class='ocr_line' id='line_1_80' title="bbox 1007 1739 1799 1770; baseline -0.001 -1"><span class='ocrx_word' id='word_1_533' title='bbox 1007 1742 1105 1770; x_wconf 88' lang='lat' dir='ltr'><strong>tismus</strong></span> <span class='ocrx_word' id='word_1_534' title='bbox 1117 1741 1241 1769; x_wconf 88' lang='lat' dir='ltr'><strong>Italicus.</strong></span> <span class='ocrx_word' id='word_1_535' title='bbox 1258 1740 1311 1768; x_wconf 89' lang='lat' dir='ltr'><strong>Sed</strong></span> <span class='ocrx_word' id='word_1_536' title='bbox 1334 1747 1397 1768; x_wconf 89' lang='lat' dir='ltr'><strong>cum</strong></span> <span class='ocrx_word' id='word_1_537' title='bbox 1413 1740 1536 1767; x_wconf 88' lang='lat' dir='ltr'><strong>Codinus</strong></span> <span class='ocrx_word' id='word_1_538' title='bbox 1557 1739 1690 1768; x_wconf 88' lang='lat' dir='ltr'><strong>hactenus</strong></span> <span class='ocrx_word' id='word_1_539' title='bbox 1720 1741 1799 1770; x_wconf 80' lang='lat' dir='ltr'><strong>Italu-</strong></span> 
     </span>
    </p>
   </div>
   <div class='ocr_carea' id='block_1_81' title="bbox 1008 1786 1795 1823">
    <p class='ocr_par' dir='ltr' id='par_1_81' title="bbox 1008 1786 1795 1823">
     <span class='ocr_line' id='line_1_81' title="bbox 1008 1786 1795 1823; baseline 0 -8"><span class='ocrx_word' id='word_1_540' title='bbox 1008 1795 1069 1815; x_wconf 89' lang='lat' dir='ltr'><strong>rum</strong></span> <span class='ocrx_word' id='word_1_541' title='bbox 1084 1787 1208 1815; x_wconf 85' lang='lat' dir='ltr'><strong>articulis</strong></span> <span class='ocrx_word' id='word_1_542' title='bbox 1220 1794 1274 1814; x_wconf 91' lang='lat' dir='ltr'><strong>non</strong></span> <span class='ocrx_word' id='word_1_543' title='bbox 1293 1787 1329 1813; x_wconf 85' lang='lat' dir='ltr'><strong>sit</strong></span> <span class='ocrx_word' id='word_1_544' title='bbox 1340 1794 1418 1819; x_wconf 84' lang='lat' dir='ltr'><strong>usus,</strong></span> <span class='ocrx_word' id='word_1_545' title='bbox 1431 1786 1562 1814; x_wconf 88' lang='lat' dir='ltr'><strong>credibile</strong></span> <span class='ocrx_word' id='word_1_546' title='bbox 1573 1792 1616 1815; x_wconf 87' lang='lat' dir='ltr'><strong>est</strong></span> <span class='ocrx_word' id='word_1_547' title='bbox 1628 1794 1691 1815; x_wconf 89' lang='lat' dir='ltr'><strong>eum</strong></span> <span class='ocrx_word' id='word_1_548' title='bbox 1707 1795 1795 1823; x_wconf 72' lang='lat' dir='ltr'><strong>neque</strong></span> 
     </span>
    </p>
   </div>
   <div class='ocr_carea' id='block_1_82' title="bbox 1008 1830 1795 1868">
    <p class='ocr_par' dir='ltr' id='par_1_82' title="bbox 1008 1830 1795 1868">
     <span class='ocr_line' id='line_1_82' title="bbox 1008 1830 1795 1868; baseline -0.001 -7"><span class='ocrx_word' id='word_1_549' title='bbox 1008 1833 1052 1862; x_wconf 90' lang='lat' dir='ltr'><strong>hic</strong></span> <span class='ocrx_word' id='word_1_550' title='bbox 1065 1841 1145 1861; x_wconf 84' lang='lat' dir='ltr'><strong>usum</strong></span> <span class='ocrx_word' id='word_1_551' title='bbox 1162 1831 1267 1864; x_wconf 79' lang='lat' dir='ltr'><strong>fuisse;</strong></span> <span class='ocrx_word' id='word_1_552' title='bbox 1296 1839 1415 1866; x_wconf 84' lang='lat' dir='ltr'><strong>cumque</strong></span> <span class='ocrx_word' id='word_1_553' title='bbox 1437 1830 1481 1866; x_wconf 63' lang='grc' dir='ltr'>ιβ</span> <span class='ocrx_word' id='word_1_554' title='bbox 1500 1831 1541 1858; x_wconf 89' lang='lat' dir='ltr'><strong>vel</strong></span> <span class='ocrx_word' id='word_1_555' title='bbox 1556 1836 1576 1858; x_wconf 81' lang='grc' dir='ltr'>π</span> <span class='ocrx_word' id='word_1_556' title='bbox 1599 1832 1795 1868; x_wconf 83' lang='lat' dir='ltr'><strong>incipientibus</strong></span> 
     </span>
    </p>
   </div>
   <div class='ocr_carea' id='block_1_83' title="bbox 1009 1877 1796 1913">
    <p class='ocr_par' dir='ltr' id='par_1_83' title="bbox 1009 1877 1796 1913">
     <span class='ocr_line' id='line_1_83' title="bbox 1009 1877 1796 1913; baseline 0 -6"><span class='ocrx_word' id='word_1_557' title='bbox 1009 1879 1177 1907; x_wconf 86' lang='lat' dir='ltr'><strong>recentiores</strong></span> <span class='ocrx_word' id='word_1_558' title='bbox 1203 1877 1290 1906; x_wconf 66' lang='lat' dir='ltr'><strong>Graeci</strong></span> <span class='ocrx_word' id='word_1_559' title='bbox 1316 1878 1434 1906; x_wconf 84' lang='lat' dir='ltr'><strong>litteram</strong></span> <span class='ocrx_word' id='word_1_560' title='bbox 1458 1886 1478 1912; x_wconf 84' lang='grc' dir='ltr'><strong>μ</strong></span> <span class='ocrx_word' id='word_1_561' title='bbox 1503 1885 1661 1913; x_wconf 72' lang='lat' dir='ltr'><strong>praeponere</strong></span> <span class='ocrx_word' id='word_1_562' title='bbox 1679 1880 1796 1912; x_wconf 81' lang='lat' dir='ltr'><strong>soleant.</strong></span> 
     </span>
    </p>
   </div>
   <div class='ocr_carea' id='block_1_84' title="bbox 1010 1922 1796 1959">
    <p class='ocr_par' dir='ltr' id='par_1_84' title="bbox 1010 1922 1796 1959">
     <span class='ocr_line' id='line_1_84' title="bbox 1010 1922 1796 1959; baseline 0.003 -9"><span class='ocrx_word' id='word_1_563' title='bbox 1010 1928 1040 1951; x_wconf 91' lang='lat' dir='ltr'><strong>ut</strong></span> <span class='ocrx_word' id='word_1_564' title='bbox 1053 1923 1171 1959; x_wconf 86' lang='lat' dir='ltr'><strong>ipsemet</strong></span> <span class='ocrx_word' id='word_1_565' title='bbox 1188 1922 1324 1950; x_wconf 74' lang='lat' dir='ltr'><strong>Mettrsius</strong></span> <span class='ocrx_word' id='word_1_566' title='bbox 1348 1922 1375 1949; x_wconf 93' lang='lat' dir='ltr'><strong>in</strong></span> <span class='ocrx_word' id='word_1_567' title='bbox 1399 1922 1539 1950; x_wconf 85' lang='lat' dir='ltr'><strong>Glossario</strong></span> <span class='ocrx_word' id='word_1_568' title='bbox 1554 1923 1680 1958; x_wconf 87' lang='lat' dir='ltr'><strong>pluribus</strong></span> <span class='ocrx_word' id='word_1_569' title='bbox 1705 1932 1796 1952; x_wconf 76' lang='lat' dir='ltr'><strong>exem-</strong></span> 
     </span>
    </p>
   </div>
   <div class='ocr_carea' id='block_1_85' title="bbox 1010 1969 1797 2004">
    <p class='ocr_par' dir='ltr' id='par_1_85' title="bbox 1010 1969 1797 2004">
     <span class='ocr_line' id='line_1_85' title="bbox 1010 1969 1797 2004; baseline 0.004 -8"><span class='ocrx_word' id='word_1_570' title='bbox 1010 1969 1063 2004; x_wconf 88' lang='lat' dir='ltr'><strong>plis</strong></span> <span class='ocrx_word' id='word_1_571' title='bbox 1078 1969 1211 2002; x_wconf 82' lang='lat' dir='ltr'><strong>ostendit,</strong></span> <span class='ocrx_word' id='word_1_572' title='bbox 1230 1969 1329 1996; x_wconf 86' lang='lat' dir='ltr'><strong>rationi</strong></span> <span class='ocrx_word' id='word_1_573' title='bbox 1346 1969 1425 2004; x_wconf 88' lang='lat' dir='ltr'><strong>plane</strong></span> <span class='ocrx_word' id='word_1_574' title='bbox 1450 1976 1604 1996; x_wconf 86' lang='lat' dir='ltr'><strong>consonum</strong></span> <span class='ocrx_word' id='word_1_575' title='bbox 1618 1975 1662 1998; x_wconf 88' lang='lat' dir='ltr'><strong>est</strong></span> <span class='ocrx_word' id='word_1_576' title='bbox 1685 1972 1797 2000; x_wconf 81' lang='lat' dir='ltr'><strong>credere</strong></span> 
     </span>
    </p>
   </div>
   <div class='ocr_carea' id='block_1_86' title="bbox 1009 2014 1796 2050">
    <p class='ocr_par' dir='ltr' id='par_1_86' title="bbox 1009 2014 1796 2050">
     <span class='ocr_line' id='line_1_86' title="bbox 1009 2014 1796 2050; baseline 0.004 -8"><span class='ocrx_word' id='word_1_577' title='bbox 1009 2015 1145 2042; x_wconf 80' lang='lat' dir='ltr'><strong>Codinnm</strong></span> <span class='ocrx_word' id='word_1_578' title='bbox 1170 2015 1217 2042; x_wconf 84' lang='lat' dir='ltr'><strong>hic</strong></span> <span class='ocrx_word' id='word_1_579' title='bbox 1232 2014 1378 2049; x_wconf 86' lang='lat' dir='ltr'><strong>scripsisse</strong></span> <span class='ocrx_word' id='word_1_580' title='bbox 1398 2015 1558 2050; x_wconf 78' lang='grc' dir='ltr'><strong>μπαῖου).ος,</strong></span> <span class='ocrx_word' id='word_1_581' title='bbox 1577 2023 1655 2044; x_wconf 87' lang='lat' dir='ltr'><strong>more</strong></span> <span class='ocrx_word' id='word_1_582' title='bbox 1680 2017 1796 2046; x_wconf 82' lang='lat' dir='ltr'><strong>aliorum</strong></span> 
     </span>
    </p>
   </div>
   <div class='ocr_carea' id='block_1_87' title="bbox 1010 2058 1684 2095">
    <p class='ocr_par' dir='ltr' id='par_1_87' title="bbox 1010 2058 1684 2095">
     <span class='ocr_line' id='line_1_87' title="bbox 1010 2058 1684 2095; baseline -0.001 -7"><span class='ocrx_word' id='word_1_583' title='bbox 1010 2068 1043 2089; x_wconf 79' lang='lat' dir='ltr'><strong>es</strong></span> <span class='ocrx_word' id='word_1_584' title='bbox 1058 2061 1212 2088; x_wconf 85' lang='lat' dir='ltr'><strong>recentiore</strong></span> <span class='ocrx_word' id='word_1_585' title='bbox 1224 2059 1327 2088; x_wconf 65' lang='lat' dir='ltr'><strong>Graecia</strong></span> <span class='ocrx_word' id='word_1_586' title='bbox 1343 2062 1522 2095; x_wconf 86' lang='lat' dir='ltr'><strong>scriptorum.</strong></span> <span class='ocrx_word' id='word_1_587' title='bbox 1682 2058 1684 2060; x_wconf 84' lang='grc'><em>’</em></span> 
     </span>
    </p>
   </div>
   <div class='ocr_carea' id='block_1_88' title="bbox 1047 2105 1797 2138">
    <p class='ocr_par' dir='ltr' id='par_1_88' title="bbox 1047 2105 1797 2138">
     <span class='ocr_line' id='line_1_88' title="bbox 1047 2105 1797 2138; baseline 0.005 -4"><span class='ocrx_word' id='word_1_588' title='bbox 1047 2106 1081 2136; x_wconf 83' lang='grc' dir='ltr'><strong>Ρ.</strong></span> <span class='ocrx_word' id='word_1_589' title='bbox 1092 2106 1136 2135; x_wconf 85' lang='grc'><strong>76.</strong></span> <span class='ocrx_word' id='word_1_590' title='bbox 1150 2106 1191 2134; x_wconf 82' lang='lat' dir='ltr'><strong>Ad</strong></span> <span class='ocrx_word' id='word_1_591' title='bbox 1207 2105 1338 2134; x_wconf 80' lang='lat' dir='ltr'><strong>Francos.</strong></span> <span class='ocrx_word' id='word_1_592' title='bbox 1355 2105 1454 2134; x_wconf 81' lang='lat' dir='ltr'><strong>Franci</strong></span> <span class='ocrx_word' id='word_1_593' title='bbox 1478 2106 1505 2134; x_wconf 92' lang='lat' dir='ltr'><strong>in</strong></span> <span class='ocrx_word' id='word_1_594' title='bbox 1523 2108 1708 2136; x_wconf 86' lang='lat' dir='ltr'><strong>recentiorum</strong></span> <span class='ocrx_word' id='word_1_595' title='bbox 1724 2110 1797 2138; x_wconf 78' lang='lat' dir='ltr'><strong>Cra--</strong></span> 
     </span>
    </p>
   </div>
   <div class='ocr_carea' id='block_1_89' title="bbox 1012 2153 1798 2190">
    <p class='ocr_par' dir='ltr' id='par_1_89' title="bbox 1012 2153 1798 2190">
     <span class='ocr_line' id='line_1_89' title="bbox 1012 2153 1798 2190; baseline 0.003 -8"><span class='ocrx_word' id='word_1_596' title='bbox 1012 2162 1108 2182; x_wconf 91' lang='lat' dir='ltr'><strong>corum</strong></span> <span class='ocrx_word' id='word_1_597' title='bbox 1129 2155 1241 2189; x_wconf 87' lang='lat' dir='ltr'><strong>scriptis</strong></span> <span class='ocrx_word' id='word_1_598' title='bbox 1262 2162 1316 2181; x_wconf 94' lang='lat' dir='ltr'><strong>non</strong></span> <span class='ocrx_word' id='word_1_599' title='bbox 1331 2154 1422 2181; x_wconf 86' lang='lat' dir='ltr'><strong>solum</strong></span> <span class='ocrx_word' id='word_1_600' title='bbox 1445 2153 1514 2182; x_wconf 88' lang='lat' dir='ltr'><strong>Galli</strong></span> <span class='ocrx_word' id='word_1_601' title='bbox 1539 2153 1706 2190; x_wconf 72' lang='lat' dir='ltr'><strong>intelligendi</strong></span> <span class='ocrx_word' id='word_1_602' title='bbox 1721 2162 1798 2190; x_wconf 87' lang='lat' dir='ltr'><strong>sunt,</strong></span> 
     </span>
    </p>
   </div>
   <div class='ocr_carea' id='block_1_90' title="bbox 1013 2197 1798 2238">
    <p class='ocr_par' dir='ltr' id='par_1_90' title="bbox 1013 2197 1798 2238">
     <span class='ocr_line' id='line_1_90' title="bbox 1013 2197 1798 2238; baseline 0.003 -10"><span class='ocrx_word' id='word_1_603' title='bbox 1013 2201 1102 2236; x_wconf 87' lang='lat' dir='ltr'><strong>inquit</strong></span> <span class='ocrx_word' id='word_1_604' title='bbox 1119 2199 1228 2233; x_wconf 80' lang='lat' dir='ltr'><strong>Junius,</strong></span> <span class='ocrx_word' id='word_1_605' title='bbox 1246 2199 1294 2228; x_wconf 87' lang='lat' dir='ltr'><strong>sed</strong></span> <span class='ocrx_word' id='word_1_606' title='bbox 1310 2197 1370 2226; x_wconf 88' lang='lat' dir='ltr'><strong>Itali</strong></span> <span class='ocrx_word' id='word_1_607' title='bbox 1392 2207 1502 2235; x_wconf 87' lang='lat' dir='ltr'><strong>quoque</strong></span> <span class='ocrx_word' id='word_1_608' title='bbox 1516 2205 1542 2227; x_wconf 90' lang='lat' dir='ltr'><strong>et</strong></span> <span class='ocrx_word' id='word_1_609' title='bbox 1559 2199 1656 2234; x_wconf 84' lang='lat' dir='ltr'><strong>Siculi,</strong></span> <span class='ocrx_word' id='word_1_610' title='bbox 1677 2209 1712 2229; x_wconf 91' lang='lat' dir='ltr'><strong>eo</strong></span> <span class='ocrx_word' id='word_1_611' title='bbox 1726 2204 1798 2238; x_wconf 81' lang='lat' dir='ltr'><strong>quod</strong></span> 
     </span>
    </p>
   </div>
   <div class='ocr_carea' id='block_1_91' title="bbox 1013 2246 1799 2283">
    <p class='ocr_par' dir='ltr' id='par_1_91' title="bbox 1013 2246 1799 2283">
     <span class='ocr_line' id='line_1_91' title="bbox 1013 2246 1799 2283; baseline 0.005 -9"><span class='ocrx_word' id='word_1_612' title='bbox 1013 2247 1078 2274; x_wconf 92' lang='lat' dir='ltr'><strong>olim</strong></span> <span class='ocrx_word' id='word_1_613' title='bbox 1095 2247 1196 2274; x_wconf 66' lang='lat' dir='ltr'><strong>Sicilire</strong></span> <span class='ocrx_word' id='word_1_614' title='bbox 1212 2253 1326 2283; x_wconf 83' lang='lat' dir='ltr'><strong>regnum</strong></span> <span class='ocrx_word' id='word_1_615' title='bbox 1343 2251 1371 2274; x_wconf 88' lang='lat' dir='ltr'><strong>et</strong></span> <span class='ocrx_word' id='word_1_616' title='bbox 1384 2254 1449 2282; x_wconf 85' lang='lat' dir='ltr'><strong>pars</strong></span> <span class='ocrx_word' id='word_1_617' title='bbox 1462 2246 1545 2274; x_wconf 68' lang='lat' dir='ltr'><strong>Italiae</strong></span> <span class='ocrx_word' id='word_1_618' title='bbox 1560 2254 1575 2274; x_wconf 82' lang='lat' dir='ltr'><strong>a</strong></span> <span class='ocrx_word' id='word_1_619' title='bbox 1595 2246 1709 2276; x_wconf 86' lang='lat' dir='ltr'><strong>Francis</strong></span> <span class='ocrx_word' id='word_1_620' title='bbox 1721 2253 1799 2278; x_wconf 83' lang='lat' dir='ltr'><strong>tene-</strong></span> 
     </span>
    </p>
   </div>
   <div class='ocr_carea' id='block_1_92' title="bbox 166 2287 951 2327">
    <p class='ocr_par' dir='ltr' id='par_1_92' title="bbox 166 2287 951 2327">
     <span class='ocr_line' id='line_1_92' title="bbox 166 2287 951 2327; baseline 0 -9"><span class='ocrx_word' id='word_1_621' title='bbox 166 2299 209 2324; x_wconf 78' lang='grc' dir='ltr'>ιιι,</span> <span class='ocrx_word' id='word_1_622' title='bbox 224 2291 269 2322; x_wconf 79' lang='grc'><strong>45.</strong></span> <span class='ocrx_word' id='word_1_623' title='bbox 283 2287 396 2318; x_wconf 75' lang='grc' dir='ltr'><strong>τιὶὺιιιιί</strong></span> <span class='ocrx_word' id='word_1_624' title='bbox 408 2291 530 2327; x_wconf 75' lang='lat' dir='ltr'><strong>ejusdem</strong></span> <span class='ocrx_word' id='word_1_625' title='bbox 543 2289 725 2318; x_wconf 78' lang='lat' dir='ltr'><strong>Cantacuseni</strong></span> <span class='ocrx_word' id='word_1_626' title='bbox 740 2298 811 2326; x_wconf 79' lang='lat' dir='ltr'><strong>genu</strong></span> <span class='ocrx_word' id='word_1_627' title='bbox 836 2290 951 2318; x_wconf 71' lang='lat' dir='ltr'><strong>osculari</strong></span> 
     </span>
    </p>
   </div>
   <div class='ocr_carea' id='block_1_93' title="bbox 1005 2287 1225 2327">
    <p class='ocr_par' dir='ltr' id='par_1_93' title="bbox 1015 2292 1225 2321">
     <span class='ocr_line' id='line_1_93' title="bbox 1015 2292 1225 2321; baseline -0.01 0"><span class='ocrx_word' id='word_1_628' title='bbox 1015 2293 1104 2321; x_wconf 78' lang='lat' dir='ltr'><strong>batur.</strong></span> <span class='ocrx_word' id='word_1_629' title='bbox 1121 2292 1225 2320; x_wconf 70' lang='lat' dir='ltr'><strong>Gnn&#39;rs.</strong></span> 
     </span>
    </p>
   </div>
   <div class='ocr_carea' id='block_1_94' title="bbox 166 2336 959 2372">
    <p class='ocr_par' dir='ltr' id='par_1_94' title="bbox 166 2336 959 2372">
     <span class='ocr_line' id='line_1_94' title="bbox 166 2336 959 2372; baseline -0.003 -6"><span class='ocrx_word' id='word_1_630' title='bbox 166 2344 220 2366; x_wconf 91' lang='lat' dir='ltr'><strong>tur.</strong></span> <span class='ocrx_word' id='word_1_631' title='bbox 235 2337 365 2372; x_wconf 73' lang='lat' dir='ltr'><strong>Exempla</strong></span> <span class='ocrx_word' id='word_1_632' title='bbox 384 2337 521 2365; x_wconf 81' lang='lat' dir='ltr'><strong>osculillxi</strong></span> <span class='ocrx_word' id='word_1_633' title='bbox 537 2337 624 2365; x_wconf 89' lang='lat' dir='ltr'><strong>oculis</strong></span> <span class='ocrx_word' id='word_1_634' title='bbox 638 2341 666 2365; x_wconf 88' lang='lat' dir='ltr'><strong>et</strong></span> <span class='ocrx_word' id='word_1_635' title='bbox 690 2336 770 2364; x_wconf 79' lang='lat' dir='ltr'><strong>faciei</strong></span> <span class='ocrx_word' id='word_1_636' title='bbox 792 2336 876 2365; x_wconf 85' lang='lat' dir='ltr'><strong>babes</strong></span> <span class='ocrx_word' id='word_1_637' title='bbox 889 2336 959 2372; x_wconf 86' lang='lat' dir='ltr'><strong>apud</strong></span> 
     </span>
    </p>
   </div>
   <div class='ocr_carea' id='block_1_95' title="bbox 164 2381 880 2416">
    <p class='ocr_par' dir='ltr' id='par_1_95' title="bbox 164 2381 880 2416">
     <span class='ocr_line' id='line_1_95' title="bbox 164 2381 880 2416; baseline -0.003 -4"><span class='ocrx_word' id='word_1_638' title='bbox 164 2385 319 2412; x_wconf 67' lang='lat' dir='ltr'><strong>Catiucuz.</strong></span> <span class='ocrx_word' id='word_1_639' title='bbox 333 2391 352 2416; x_wconf 89' lang='lat' dir='ltr'><strong>I,</strong></span> <span class='ocrx_word' id='word_1_640' title='bbox 370 2383 414 2416; x_wconf 86' lang='lat' dir='ltr'><strong>I6,</strong></span> <span class='ocrx_word' id='word_1_641' title='bbox 423 2384 543 2411; x_wconf 75' lang='lat' dir='ltr'><strong>dexterae</strong></span> <span class='ocrx_word' id='word_1_642' title='bbox 553 2391 578 2411; x_wconf 87' lang='lat' dir='ltr'><strong>e.</strong></span> <span class='ocrx_word' id='word_1_643' title='bbox 595 2383 630 2411; x_wconf 74' lang='grc' dir='ltr'>δι</span> <span class='ocrx_word' id='word_1_644' title='bbox 638 2388 665 2411; x_wconf 89' lang='lat' dir='ltr'><strong>et</strong></span> <span class='ocrx_word' id='word_1_645' title='bbox 678 2390 703 2411; x_wconf 90' lang='lat' dir='ltr'><strong>c.</strong></span> <span class='ocrx_word' id='word_1_646' title='bbox 716 2383 761 2410; x_wconf 68' lang='lat' dir='ltr'><strong>ll.</strong></span> <span class='ocrx_word' id='word_1_647' title='bbox 778 2381 880 2411; x_wconf 69' lang='lat' dir='ltr'><strong>Gens.</strong></span> 
     </span>
    </p>
   </div>
   <div class='ocr_carea' id='block_1_96' title="bbox 205 2423 961 2466">
    <p class='ocr_par' dir='ltr' id='par_1_96' title="bbox 205 2423 961 2466">
     <span class='ocr_line' id='line_1_96' title="bbox 205 2423 961 2466; baseline 0 -9"><span class='ocrx_word' id='word_1_648' title='bbox 205 2430 276 2457; x_wconf 81' lang='lat' dir='ltr'><strong>Ibid.</strong></span> <span class='ocrx_word' id='word_1_649' title='bbox 297 2429 349 2466; x_wconf 86' lang='lat' dir='ltr'><strong>[De</strong></span> <span class='ocrx_word' id='word_1_650' title='bbox 365 2423 532 2464; x_wconf 70' lang='lat' dir='ltr'><strong>imperatore</strong></span> <span class='ocrx_word' id='word_1_651' title='bbox 548 2429 654 2456; x_wconf 85' lang='lat' dir='ltr'><strong>tninore</strong></span> <span class='ocrx_word' id='word_1_652' title='bbox 671 2428 803 2463; x_wconf 83' lang='lat' dir='ltr'><strong>majorem</strong></span> <span class='ocrx_word' id='word_1_653' title='bbox 825 2429 961 2457; x_wconf 82' lang='lat' dir='ltr'><strong>salutante</strong></span> 
     </span>
    </p>
   </div>
   <div class='ocr_carea' id='block_1_97' title="bbox 163 2475 961 2512">
    <p class='ocr_par' dir='ltr' id='par_1_97' title="bbox 163 2475 961 2512">
     <span class='ocr_line' id='line_1_97' title="bbox 163 2475 961 2512; baseline -0.003 -8"><span class='ocrx_word' id='word_1_654' title='bbox 163 2482 194 2504; x_wconf 90' lang='lat' dir='ltr'><strong>et</strong></span> <span class='ocrx_word' id='word_1_655' title='bbox 211 2477 271 2512; x_wconf 86' lang='lat' dir='ltr'><strong>ejus</strong></span> <span class='ocrx_word' id='word_1_656' title='bbox 287 2475 386 2511; x_wconf 86' lang='lat' dir='ltr'><strong>pedem</strong></span> <span class='ocrx_word' id='word_1_657' title='bbox 404 2476 581 2502; x_wconf 77' lang='lat' dir='ltr'><strong>esoseulante</strong></span> <span class='ocrx_word' id='word_1_658' title='bbox 593 2479 619 2502; x_wconf 89' lang='lat' dir='ltr'><strong>et</strong></span> <span class='ocrx_word' id='word_1_659' title='bbox 641 2475 676 2502; x_wconf 86' lang='lat' dir='ltr'><strong>ab</strong></span> <span class='ocrx_word' id='word_1_660' title='bbox 694 2475 789 2502; x_wconf 87' lang='lat' dir='ltr'><strong>eodem</strong></span> <span class='ocrx_word' id='word_1_661' title='bbox 810 2475 867 2502; x_wconf 86' lang='lat' dir='ltr'><strong>oris</strong></span> <span class='ocrx_word' id='word_1_662' title='bbox 881 2482 961 2502; x_wconf 89' lang='lat' dir='ltr'><strong>oscu-</strong></span> 
     </span>
    </p>
   </div>
   <div class='ocr_carea' id='block_1_98' title="bbox 164 2521 962 2558">
    <p class='ocr_par' dir='ltr' id='par_1_98' title="bbox 164 2521 962 2558">
     <span class='ocr_line' id='line_1_98' title="bbox 164 2521 962 2558; baseline -0.004 -7"><span class='ocrx_word' id='word_1_663' title='bbox 164 2525 227 2552; x_wconf 88' lang='lat' dir='ltr'><strong>lntn</strong></span> <span class='ocrx_word' id='word_1_664' title='bbox 254 2527 414 2558; x_wconf 76' lang='lat' dir='ltr'><strong>reportante</strong></span> <span class='ocrx_word' id='word_1_665' title='bbox 430 2521 575 2550; x_wconf 82' lang='lat' dir='ltr'><strong>Gretserus</strong></span> <span class='ocrx_word' id='word_1_666' title='bbox 604 2521 648 2549; x_wconf 88' lang='lat' dir='ltr'><strong>hic</strong></span> <span class='ocrx_word' id='word_1_667' title='bbox 669 2521 788 2556; x_wconf 77' lang='lat' dir='ltr'><strong>egregie.</strong></span> <span class='ocrx_word' id='word_1_668' title='bbox 806 2521 840 2548; x_wconf 92' lang='lat' dir='ltr'><strong>At</strong></span> <span class='ocrx_word' id='word_1_669' title='bbox 857 2522 879 2548; x_wconf 83' lang='lat' dir='ltr'><strong>si</strong></span> <span class='ocrx_word' id='word_1_670' title='bbox 893 2521 962 2548; x_wconf 79' lang='lat' dir='ltr'><strong>alter</strong></span> 
     </span>
    </p>
   </div>
   <div class='ocr_carea' id='block_1_99' title="bbox 164 2567 962 2605">
    <p class='ocr_par' dir='ltr' id='par_1_99' title="bbox 164 2567 962 2605">
     <span class='ocr_line' id='line_1_99' title="bbox 164 2567 962 2605; baseline -0.004 -8"><span class='ocrx_word' id='word_1_671' title='bbox 164 2571 248 2599; x_wconf 79' lang='lat' dir='ltr'><strong>alteri</strong></span> <span class='ocrx_word' id='word_1_672' title='bbox 272 2576 358 2605; x_wconf 86' lang='lat' dir='ltr'><strong>eques</strong></span> <span class='ocrx_word' id='word_1_673' title='bbox 386 2571 524 2601; x_wconf 76' lang='lat' dir='ltr'><strong>Occurrat,</strong></span> <span class='ocrx_word' id='word_1_674' title='bbox 551 2568 616 2604; x_wconf 87' lang='lat' dir='ltr'><strong>quld</strong></span> <span class='ocrx_word' id='word_1_675' title='bbox 640 2568 722 2595; x_wconf 72' lang='lat' dir='ltr'><strong>tum?</strong></span> <span class='ocrx_word' id='word_1_676' title='bbox 743 2567 962 2600; x_wconf 63' lang='lat' dir='ltr'><strong>Cantacuzenus.</strong></span> 
     </span>
    </p>
   </div>
   <div class='ocr_carea' id='block_1_100' title="bbox 165 2612 963 2650">
    <p class='ocr_par' dir='ltr' id='par_1_100' title="bbox 165 2612 963 2650">
     <span class='ocr_line' id='line_1_100' title="bbox 165 2612 963 2650; baseline -0.009 -5"><span class='ocrx_word' id='word_1_677' title='bbox 165 2626 186 2647; x_wconf 85' lang='grc' dir='ltr'>ι.</span> <span class='ocrx_word' id='word_1_678' title='bbox 202 2616 240 2644; x_wconf 74' lang='lat'><strong>55</strong></span> <span class='ocrx_word' id='word_1_679' title='bbox 256 2626 264 2644; x_wconf 87' lang='lat'>:</span> <span class='ocrx_word' id='word_1_680' title='bbox 280 2615 365 2646; x_wconf 74' lang='lat' dir='ltr'><strong>&#39;EOo;</strong></span> <span class='ocrx_word' id='word_1_681' title='bbox 382 2613 574 2650; x_wconf 72' lang='grc' dir='ltr'><strong>ἐπεκράτησεν</strong></span> <span class='ocrx_word' id='word_1_682' title='bbox 593 2614 708 2649; x_wconf 81' lang='grc' dir='ltr'>ἀρχαῖον</span> <span class='ocrx_word' id='word_1_683' title='bbox 728 2612 805 2647; x_wconf 75' lang='grc' dir='ltr'>παρὰ</span> <span class='ocrx_word' id='word_1_684' title='bbox 819 2613 877 2644; x_wconf 82' lang='grc' dir='ltr'>τοῖς</span> <span class='ocrx_word' id='word_1_685' title='bbox 896 2612 963 2639; x_wconf 85' lang='grc' dir='ltr'><strong>Ῥω-</strong></span> 
     </span>
    </p>
   </div>
   <div class='ocr_carea' id='block_1_101' title="bbox 165 2658 962 2698">
    <p class='ocr_par' dir='ltr' id='par_1_101' title="bbox 165 2658 962 2698">
     <span class='ocr_line' id='line_1_101' title="bbox 165 2658 962 2698; baseline -0.006 -9"><span class='ocrx_word' id='word_1_686' title='bbox 165 2663 264 2698; x_wconf 79' lang='grc' dir='ltr'>μαίων</span> <span class='ocrx_word' id='word_1_687' title='bbox 290 2661 459 2697; x_wconf 77' lang='grc' dir='ltr'><strong>βασιλεῦσιν,</strong></span> <span class='ocrx_word' id='word_1_688' title='bbox 478 2661 544 2688; x_wconf 76' lang='grc' dir='ltr'>ὅταν</span> <span class='ocrx_word' id='word_1_689' title='bbox 572 2659 708 2695; x_wconf 75' lang='grc' dir='ltr'><strong>μέλλωσιν</strong></span> <span class='ocrx_word' id='word_1_690' title='bbox 733 2658 816 2694; x_wconf 77' lang='lat'><strong>330</strong></span> <span class='ocrx_word' id='word_1_691' title='bbox 835 2658 962 2694; x_wconf 77' lang='grc' dir='ltr'><strong>ἀλλήλοις</strong></span> 
     </span>
    </p>
   </div>
   <div class='ocr_carea' id='block_1_102' title="bbox 165 2704 961 2742">
    <p class='ocr_par' dir='ltr' id='par_1_102' title="bbox 165 2704 961 2742">
     <span class='ocr_line' id='line_1_102' title="bbox 165 2704 961 2742; baseline -0.005 -9"><span class='ocrx_word' id='word_1_692' title='bbox 165 2707 383 2742; x_wconf 75' lang='grc' dir='ltr'>συντυγχάνειν.</span> <span class='ocrx_word' id='word_1_693' title='bbox 406 2706 470 2737; x_wconf 76' lang='grc' dir='ltr'>τοὺς</span> <span class='ocrx_word' id='word_1_694' title='bbox 495 2706 547 2740; x_wconf 72' lang='grc' dir='ltr'><strong>μὲν</strong></span> <span class='ocrx_word' id='word_1_695' title='bbox 569 2705 722 2740; x_wconf 76' lang='grc' dir='ltr'><strong>ἑπομένους</strong></span> <span class='ocrx_word' id='word_1_696' title='bbox 742 2704 885 2739; x_wconf 70' lang='grc' dir='ltr'><strong>ἑκατέροις</strong></span> <span class='ocrx_word' id='word_1_697' title='bbox 907 2704 961 2730; x_wconf 84' lang='grc' dir='ltr'><strong>τὼν</strong></span> 
     </span>
    </p>
   </div>
   <div class='ocr_carea' id='block_1_103' title="bbox 165 2748 961 2785">
    <p class='ocr_par' dir='ltr' id='par_1_103' title="bbox 165 2748 961 2785">
     <span class='ocr_line' id='line_1_103' title="bbox 165 2748 961 2785; baseline -0.006 -6"><span class='ocrx_word' id='word_1_698' title='bbox 165 2754 267 2780; x_wconf 68' lang='lat' dir='ltr'><strong>tumin;</strong></span> <span class='ocrx_word' id='word_1_699' title='bbox 293 2751 470 2782; x_wconf 71' lang='grc' dir='ltr'>καταΰάντας</span> <span class='ocrx_word' id='word_1_700' title='bbox 495 2749 610 2776; x_wconf 74' lang='grc' dir='ltr'><strong>ἔπεσθαι</strong></span> <span class='ocrx_word' id='word_1_701' title='bbox 626 2750 707 2785; x_wconf 77' lang='grc' dir='ltr'>πεζῇ,</span> <span class='ocrx_word' id='word_1_702' title='bbox 722 2748 822 2780; x_wconf 75' lang='grc' dir='ltr'><strong>αὐτοὺς</strong></span> <span class='ocrx_word' id='word_1_703' title='bbox 847 2748 876 2776; x_wconf 75' lang='grc' dir='ltr'><strong>δὲ</strong></span> <span class='ocrx_word' id='word_1_704' title='bbox 892 2756 961 2783; x_wconf 76' lang='grc' dir='ltr'><strong>συμ-</strong></span> 
     </span>
    </p>
   </div>
   <div class='ocr_carea' id='block_1_104' title="bbox 166 2794 962 2835">
    <p class='ocr_par' dir='ltr' id='par_1_104' title="bbox 166 2794 962 2835">
     <span class='ocr_line' id='line_1_104' title="bbox 166 2794 962 2835; baseline -0.006 -9"><span class='ocrx_word' id='word_1_705' title='bbox 166 2799 309 2835; x_wconf 75' lang='grc' dir='ltr'>μίξαντας</span> <span class='ocrx_word' id='word_1_706' title='bbox 321 2798 473 2833; x_wconf 73' lang='grc' dir='ltr'>ὶφίππους,</span> <span class='ocrx_word' id='word_1_707' title='bbox 492 2797 538 2824; x_wconf 69' lang='grc' dir='ltr'><strong>τὸν</strong></span> <span class='ocrx_word' id='word_1_708' title='bbox 554 2797 604 2832; x_wconf 74' lang='grc' dir='ltr'><strong>μὲν</strong></span> <span class='ocrx_word' id='word_1_709' title='bbox 619 2796 753 2831; x_wconf 77' lang='grc' dir='ltr'>νεώτερον</span> <span class='ocrx_word' id='word_1_710' title='bbox 770 2795 894 2830; x_wconf 72' lang='grc' dir='ltr'>κύψαντα.</span> <span class='ocrx_word' id='word_1_711' title='bbox 914 2794 962 2822; x_wconf 77' lang='grc' dir='ltr'><strong>τοῦ</strong></span> 
     </span>
    </p>
   </div>
   <div class='ocr_carea' id='block_1_105' title="bbox 164 2841 961 2882">
    <p class='ocr_par' dir='ltr' id='par_1_105' title="bbox 164 2841 961 2882">
     <span class='ocr_line' id='line_1_105' title="bbox 164 2841 961 2882; baseline -0.008 -9"><span class='ocrx_word' id='word_1_712' title='bbox 164 2845 367 2882; x_wconf 69' lang='grc' dir='ltr'>πρισσυτέρου</span> <span class='ocrx_word' id='word_1_713' title='bbox 394 2843 528 2879; x_wconf 67' lang='grc' dir='ltr'><strong>βασιλέως</strong></span> <span class='ocrx_word' id='word_1_714' title='bbox 550 2841 786 2880; x_wconf 74' lang='grc' dir='ltr'><strong>περιπτύσσεσθαι</strong></span> <span class='ocrx_word' id='word_1_715' title='bbox 801 2841 850 2876; x_wconf 77' lang='grc' dir='ltr'>τὴν</span> <span class='ocrx_word' id='word_1_716' title='bbox 871 2841 961 2876; x_wconf 70' lang='grc' dir='ltr'><strong>χεῖρα,</strong></span> 
     </span>
    </p>
   </div>
   <div class='ocr_carea' id='block_1_106' title="bbox 163 2887 960 2926">
    <p class='ocr_par' dir='ltr' id='par_1_106' title="bbox 163 2887 960 2926">
     <span class='ocr_line' id='line_1_106' title="bbox 163 2887 960 2926; baseline -0.009 -6"><span class='ocrx_word' id='word_1_717' title='bbox 163 2894 217 2920; x_wconf 78' lang='grc' dir='ltr'>τὸν</span> <span class='ocrx_word' id='word_1_718' title='bbox 239 2891 289 2918; x_wconf 70' lang='grc' dir='ltr'><strong>ἐπὶ</strong></span> <span class='ocrx_word' id='word_1_719' title='bbox 303 2891 353 2926; x_wconf 78' lang='grc' dir='ltr'><strong>τῆς</strong></span> <span class='ocrx_word' id='word_1_720' title='bbox 367 2890 491 2924; x_wconf 78' lang='grc' dir='ltr'><strong>κεφαλῆς</strong></span> <span class='ocrx_word' id='word_1_721' title='bbox 509 2889 643 2925; x_wconf 79' lang='grc' dir='ltr'>πρότερον</span> <span class='ocrx_word' id='word_1_722' title='bbox 660 2887 856 2924; x_wconf 79' lang='grc' dir='ltr'><strong>περιελόμενον</strong></span> <span class='ocrx_word' id='word_1_723' title='bbox 872 2887 960 2920; x_wconf 83' lang='grc' dir='ltr'>πῖλον,</span> 
     </span>
    </p>
   </div>
   <div class='ocr_carea' id='block_1_107' title="bbox 164 2933 963 2974">
    <p class='ocr_par' dir='ltr' id='par_1_107' title="bbox 164 2933 963 2974">
     <span class='ocr_line' id='line_1_107' title="bbox 164 2933 963 2974; baseline -0.008 -8"><span class='ocrx_word' id='word_1_724' title='bbox 164 2937 358 2974; x_wconf 67' lang='grc' dir='ltr'><strong>ἀνακύψαντι</strong></span> <span class='ocrx_word' id='word_1_725' title='bbox 378 2936 407 2964; x_wconf 76' lang='grc' dir='ltr'><strong>δὶ</strong></span> <span class='ocrx_word' id='word_1_726' title='bbox 422 2936 527 2964; x_wconf 61' lang='grc' dir='ltr'><strong>ἐκεῖθι-ι</strong></span> <span class='ocrx_word' id='word_1_727' title='bbox 546 2937 585 2968; x_wconf 77' lang='grc' dir='ltr'><strong>είς</strong></span> <span class='ocrx_word' id='word_1_728' title='bbox 600 2937 630 2964; x_wconf 70' lang='grc' dir='ltr'><strong>τὸ</strong></span> <span class='ocrx_word' id='word_1_729' title='bbox 647 2936 794 2970; x_wconf 78' lang='grc' dir='ltr'>πρόσωπον</span> <span class='ocrx_word' id='word_1_730' title='bbox 820 2933 900 2962; x_wconf 69' lang='grc' dir='ltr'>αὐτὸν</span> <span class='ocrx_word' id='word_1_731' title='bbox 916 2934 963 2961; x_wconf 75' lang='grc' dir='ltr'><strong>τὸν</strong></span> 
     </span>
    </p>
   </div>
   <div class='ocr_carea' id='block_1_108' title="bbox 1050 2333 1854 2377">
    <p class='ocr_par' dir='ltr' id='par_1_108' title="bbox 1050 2333 1854 2377">
     <span class='ocr_line' id='line_1_108' title="bbox 1050 2333 1854 2377; baseline 0.007 -12"><span class='ocrx_word' id='word_1_732' title='bbox 1050 2339 1118 2366; x_wconf 81' lang='lat' dir='ltr'><strong>Ibid.</strong></span> <span class='ocrx_word' id='word_1_733' title='bbox 1137 2338 1261 2374; x_wconf 56' lang='grc' dir='ltr'><strong>[Ἠρέεια</strong></span> <span class='ocrx_word' id='word_1_734' title='bbox 1276 2337 1484 2372; x_wconf 65' lang='grc' dir='ltr'><strong>ψαιλομένης.</strong></span> <span class='ocrx_word' id='word_1_735' title='bbox 1507 2338 1548 2366; x_wconf 87' lang='lat' dir='ltr'><strong>Ne</strong></span> <span class='ocrx_word' id='word_1_736' title='bbox 1569 2343 1667 2370; x_wconf 84' lang='lat' dir='ltr'><strong>cantus</strong></span> <span class='ocrx_word' id='word_1_737' title='bbox 1696 2342 1800 2377; x_wconf 81' lang='lat' dir='ltr'><strong>regiam</strong></span> <span class='ocrx_word' id='word_1_738' title='bbox 1852 2333 1854 2335; x_wconf 5' lang='grc' dir='ltr'><em>ἓ</em></span> 
     </span>
    </p>
   </div>
   <div class='ocr_carea' id='block_1_109' title="bbox 1014 2381 1801 2417">
    <p class='ocr_par' dir='ltr' id='par_1_109' title="bbox 1014 2381 1801 2417">
     <span class='ocr_line' id='line_1_109' title="bbox 1014 2381 1801 2417; baseline 0.003 -5"><span class='ocrx_word' id='word_1_739' title='bbox 1014 2381 1203 2412; x_wconf 81' lang='lat' dir='ltr'><strong>adorationem</strong></span> <span class='ocrx_word' id='word_1_740' title='bbox 1229 2384 1403 2417; x_wconf 83' lang='lat' dir='ltr'><strong>interturbet,</strong></span> <span class='ocrx_word' id='word_1_741' title='bbox 1425 2384 1468 2411; x_wconf 79' lang='lat' dir='ltr'><strong>vel</strong></span> <span class='ocrx_word' id='word_1_742' title='bbox 1486 2384 1543 2412; x_wconf 67' lang='lat' dir='ltr'><strong>haec</strong></span> <span class='ocrx_word' id='word_1_743' title='bbox 1564 2385 1688 2413; x_wconf 68' lang='lat' dir='ltr'><strong>ecclesia:</strong></span> <span class='ocrx_word' id='word_1_744' title='bbox 1711 2386 1801 2414; x_wconf 84' lang='lat' dir='ltr'><strong>ollicio</strong></span> 
     </span>
    </p>
   </div>
   <div class='ocr_carea' id='block_1_110' title="bbox 1014 2431 1310 2465">
    <p class='ocr_par' dir='ltr' id='par_1_110' title="bbox 1014 2431 1310 2465">
     <span class='ocr_line' id='line_1_110' title="bbox 1014 2431 1310 2465; baseline -0.003 -7"><span class='ocrx_word' id='word_1_745' title='bbox 1014 2431 1139 2458; x_wconf 80' lang='lat' dir='ltr'><strong>videatur</strong></span> <span class='ocrx_word' id='word_1_746' title='bbox 1152 2431 1310 2465; x_wconf 85' lang='lat' dir='ltr'><strong>conjuncta.</strong></span> 
     </span>
    </p>
   </div>
   <div class='ocr_carea' id='block_1_111' title="bbox 1051 2474 1802 2512">
    <p class='ocr_par' dir='ltr' id='par_1_111' title="bbox 1051 2474 1802 2512">
     <span class='ocr_line' id='line_1_111' title="bbox 1051 2474 1802 2512; baseline 0.003 -8"><span class='ocrx_word' id='word_1_747' title='bbox 1051 2476 1122 2504; x_wconf 88' lang='lat' dir='ltr'><strong>Ibid.</strong></span> <span class='ocrx_word' id='word_1_748' title='bbox 1139 2474 1249 2512; x_wconf 83' lang='grc' dir='ltr'><strong>[οὗτός</strong></span> <span class='ocrx_word' id='word_1_749' title='bbox 1273 2485 1305 2503; x_wconf 84' lang='lat' dir='ltr'><strong>rs</strong></span> <span class='ocrx_word' id='word_1_750' title='bbox 1321 2476 1371 2503; x_wconf 77' lang='grc' dir='ltr'>καί</span> <span class='ocrx_word' id='word_1_751' title='bbox 1384 2476 1496 2510; x_wconf 79' lang='grc' dir='ltr'><em>πάντες</em></span> <span class='ocrx_word' id='word_1_752' title='bbox 1509 2478 1536 2504; x_wconf 84' lang='lat' dir='ltr'><strong>al</strong></span> <span class='ocrx_word' id='word_1_753' title='bbox 1553 2477 1710 2512; x_wconf 79' lang='grc' dir='ltr'><strong>ἄρχοντες.</strong></span> <span class='ocrx_word' id='word_1_754' title='bbox 1725 2478 1802 2506; x_wconf 83' lang='lat' dir='ltr'><strong>Cele-</strong></span> 
     </span>
    </p>
   </div>
   <div class='ocr_carea' id='block_1_112' title="bbox 1015 2522 1802 2558">
    <p class='ocr_par' dir='ltr' id='par_1_112' title="bbox 1015 2522 1802 2558">
     <span class='ocr_line' id='line_1_112' title="bbox 1015 2522 1802 2558; baseline -0.001 -7"><span class='ocrx_word' id='word_1_755' title='bbox 1015 2523 1057 2551; x_wconf 88' lang='lat' dir='ltr'><strong>bri</strong></span> <span class='ocrx_word' id='word_1_756' title='bbox 1089 2523 1246 2550; x_wconf 85' lang='lat' dir='ltr'><strong>Palmarum</strong></span> <span class='ocrx_word' id='word_1_757' title='bbox 1273 2522 1345 2551; x_wconf 80' lang='lat' dir='ltr'><strong>iesm</strong></span> <span class='ocrx_word' id='word_1_758' title='bbox 1369 2523 1440 2550; x_wconf 83' lang='lat' dir='ltr'><strong>solet</strong></span> <span class='ocrx_word' id='word_1_759' title='bbox 1467 2525 1625 2558; x_wconf 82' lang='lat' dir='ltr'><strong>patriarcha</strong></span> <span class='ocrx_word' id='word_1_760' title='bbox 1652 2532 1750 2552; x_wconf 84' lang='lat' dir='ltr'><strong>cruces</strong></span> <span class='ocrx_word' id='word_1_761' title='bbox 1775 2529 1802 2550; x_wconf 84' lang='lat' dir='ltr'><strong>et</strong></span> 
     </span>
    </p>
   </div>
   <div class='ocr_carea' id='block_1_113' title="bbox 1015 2569 1802 2604">
    <p class='ocr_par' dir='ltr' id='par_1_113' title="bbox 1015 2569 1802 2604">
     <span class='ocr_line' id='line_1_113' title="bbox 1015 2569 1802 2604; baseline -0.001 -8"><span class='ocrx_word' id='word_1_762' title='bbox 1015 2576 1109 2597; x_wconf 80' lang='lat' dir='ltr'><strong>cereos</strong></span> <span class='ocrx_word' id='word_1_763' title='bbox 1125 2569 1151 2596; x_wconf 92' lang='lat' dir='ltr'><strong>in</strong></span> <span class='ocrx_word' id='word_1_764' title='bbox 1173 2570 1303 2604; x_wconf 85' lang='lat' dir='ltr'><strong>populum</strong></span> <span class='ocrx_word' id='word_1_765' title='bbox 1326 2569 1505 2603; x_wconf 81' lang='lat' dir='ltr'><strong>distribuere,</strong></span> <span class='ocrx_word' id='word_1_766' title='bbox 1525 2570 1604 2604; x_wconf 82' lang='lat' dir='ltr'><strong>quasi</strong></span> <span class='ocrx_word' id='word_1_767' title='bbox 1627 2569 1802 2604; x_wconf 72' lang='grc' dir='ltr'>δεξιούμενος</span> 
     </span>
    </p>
   </div>
   <div class='ocr_carea' id='block_1_114' title="bbox 1014 2614 1802 2650">
    <p class='ocr_par' dir='ltr' id='par_1_114' title="bbox 1014 2614 1802 2650">
     <span class='ocr_line' id='line_1_114' title="bbox 1014 2614 1802 2650; baseline -0.003 -9"><span class='ocrx_word' id='word_1_768' title='bbox 1014 2615 1079 2647; x_wconf 74' lang='grc' dir='ltr'><strong>τοὺς</strong></span> <span class='ocrx_word' id='word_1_769' title='bbox 1091 2615 1122 2641; x_wconf 75' lang='grc' dir='ltr'>τὸ</span> <span class='ocrx_word' id='word_1_770' title='bbox 1137 2615 1311 2650; x_wconf 83' lang='grc' dir='ltr'>παγκράτιον</span> <span class='ocrx_word' id='word_1_771' title='bbox 1322 2616 1371 2650; x_wconf 86' lang='grc' dir='ltr'>τῆς</span> <span class='ocrx_word' id='word_1_772' title='bbox 1385 2616 1514 2650; x_wconf 73' lang='grc' dir='ltr'><strong>νηστείας</strong></span> <span class='ocrx_word' id='word_1_773' title='bbox 1527 2616 1691 2649; x_wconf 76' lang='grc' dir='ltr'>νικήσαντας</span> <span class='ocrx_word' id='word_1_774' title='bbox 1702 2614 1802 2648; x_wconf 84' lang='grc' dir='ltr'>τιμίων</span> 
     </span>
    </p>
   </div>
   <div class='ocr_carea' id='block_1_115' title="bbox 1015 2659 1802 2696">
    <p class='ocr_par' dir='ltr' id='par_1_115' title="bbox 1015 2659 1802 2696">
     <span class='ocr_line' id='line_1_115' title="bbox 1015 2659 1802 2696; baseline -0.005 -8"><span class='ocrx_word' id='word_1_775' title='bbox 1015 2661 1065 2688; x_wconf 78' lang='grc' dir='ltr'>καὶ</span> <span class='ocrx_word' id='word_1_776' title='bbox 1082 2661 1167 2695; x_wconf 76' lang='grc' dir='ltr'>ἁγίων</span> <span class='ocrx_word' id='word_1_777' title='bbox 1193 2660 1318 2696; x_wconf 83' lang='grc' dir='ltr'>σταυρῶν</span> <span class='ocrx_word' id='word_1_778' title='bbox 1340 2661 1495 2696; x_wconf 77' lang='grc' dir='ltr'><strong>ἁγιάσμασι</strong></span> <span class='ocrx_word' id='word_1_779' title='bbox 1518 2661 1566 2687; x_wconf 76' lang='grc' dir='ltr'><strong>καὶ</strong></span> <span class='ocrx_word' id='word_1_780' title='bbox 1588 2659 1691 2694; x_wconf 79' lang='grc' dir='ltr'>κηρίων</span> <span class='ocrx_word' id='word_1_781' title='bbox 1713 2667 1802 2693; x_wconf 78' lang='grc' dir='ltr'>φωτοι</span> 
     </span>
    </p>
   </div>
   <div class='ocr_carea' id='block_1_116' title="bbox 1015 2699 1802 2742">
    <p class='ocr_par' dir='ltr' id='par_1_116' title="bbox 1015 2699 1802 2742">
     <span class='ocr_line' id='line_1_116' title="bbox 1015 2699 1802 2742; baseline -0.005 -9"><span class='ocrx_word' id='word_1_782' title='bbox 1015 2699 1103 2734; x_wconf 73' lang='grc' dir='ltr'>σόλων</span> <span class='ocrx_word' id='word_1_783' title='bbox 1119 2707 1283 2742; x_wconf 75' lang='grc' dir='ltr'>χαρίσμασι.</span> <span class='ocrx_word' id='word_1_784' title='bbox 1302 2707 1370 2733; x_wconf 70' lang='grc' dir='ltr'><strong>Οὐδὲ</strong></span> <span class='ocrx_word' id='word_1_785' title='bbox 1390 2707 1445 2742; x_wconf 78' lang='grc' dir='ltr'>γὰρ</span> <span class='ocrx_word' id='word_1_786' title='bbox 1460 2706 1532 2733; x_wconf 74' lang='grc' dir='ltr'>ϐίλιι</span> <span class='ocrx_word' id='word_1_787' title='bbox 1559 2705 1724 2740; x_wconf 81' lang='grc' dir='ltr'><strong>σκιαμαχεῖν</strong></span> <span class='ocrx_word' id='word_1_788' title='bbox 1738 2704 1802 2733; x_wconf 78' lang='grc' dir='ltr'>τοὺς</span> 
     </span>
    </p>
   </div>
   <div class='ocr_carea' id='block_1_117' title="bbox 1016 2749 1804 2787">
    <p class='ocr_par' dir='ltr' id='par_1_117' title="bbox 1016 2749 1804 2787">
     <span class='ocr_line' id='line_1_117' title="bbox 1016 2749 1804 2787; baseline -0.008 -7"><span class='ocrx_word' id='word_1_789' title='bbox 1016 2754 1131 2786; x_wconf 71' lang='grc' dir='ltr'><strong>πιστοῦς</strong></span> <span class='ocrx_word' id='word_1_790' title='bbox 1148 2754 1209 2780; x_wconf 77' lang='grc' dir='ltr'>κατ’</span> <span class='ocrx_word' id='word_1_791' title='bbox 1241 2753 1363 2784; x_wconf 75' lang='grc' dir='ltr'>ικείνους</span> <span class='ocrx_word' id='word_1_792' title='bbox 1382 2753 1445 2785; x_wconf 75' lang='grc' dir='ltr'><strong>τοὺς</strong></span> <span class='ocrx_word' id='word_1_793' title='bbox 1469 2751 1663 2787; x_wconf 68' lang='grc' dir='ltr'>νηπιόφρονας,</span> <span class='ocrx_word' id='word_1_794' title='bbox 1687 2749 1744 2776; x_wconf 82' lang='grc' dir='ltr'><strong>ἀλλ’</strong></span> <span class='ocrx_word' id='word_1_795' title='bbox 1765 2749 1804 2779; x_wconf 75' lang='grc' dir='ltr'>ὡς</span> 
     </span>
    </p>
   </div>
   <div class='ocr_carea' id='block_1_118' title="bbox 1016 2794 1806 2834">
    <p class='ocr_par' dir='ltr' id='par_1_118' title="bbox 1016 2794 1806 2834">
     <span class='ocr_line' id='line_1_118' title="bbox 1016 2794 1806 2834; baseline -0.006 -8"><span class='ocrx_word' id='word_1_796' title='bbox 1016 2799 1068 2834; x_wconf 70' lang='grc' dir='ltr'><strong>ἤδη</strong></span> <span class='ocrx_word' id='word_1_797' title='bbox 1081 2799 1132 2833; x_wconf 81' lang='grc' dir='ltr'><strong>τῆς</strong></span> <span class='ocrx_word' id='word_1_798' title='bbox 1149 2799 1324 2834; x_wconf 79' lang='grc' dir='ltr'>δικαιοσύνης</span> <span class='ocrx_word' id='word_1_799' title='bbox 1340 2798 1385 2825; x_wconf 81' lang='grc' dir='ltr'><strong>τὸν</strong></span> <span class='ocrx_word' id='word_1_800' title='bbox 1407 2798 1483 2833; x_wconf 60' lang='grc' dir='ltr'>ἥλιον</span> <span class='ocrx_word' id='word_1_801' title='bbox 1509 2796 1656 2832; x_wconf 71' lang='grc' dir='ltr'>βλέποντας</span> <span class='ocrx_word' id='word_1_802' title='bbox 1676 2795 1725 2830; x_wconf 73' lang='grc' dir='ltr'>τὴν</span> <span class='ocrx_word' id='word_1_803' title='bbox 1741 2794 1806 2821; x_wconf 75' lang='grc' dir='ltr'>νέαν</span> 
     </span>
    </p>
   </div>
   <div class='ocr_carea' id='block_1_119' title="bbox 1016 2840 1806 2878">
    <p class='ocr_par' dir='ltr' id='par_1_119' title="bbox 1016 2840 1806 2878">
     <span class='ocr_line' id='line_1_119' title="bbox 1016 2840 1806 2878; baseline -0.003 -8"><span class='ocrx_word' id='word_1_804' title='bbox 1016 2844 1085 2870; x_wconf 85' lang='grc' dir='ltr'>Σιὼν</span> <span class='ocrx_word' id='word_1_805' title='bbox 1100 2844 1144 2871; x_wconf 76' lang='grc' dir='ltr'><strong>διὰ</strong></span> <span class='ocrx_word' id='word_1_806' title='bbox 1152 2843 1242 2871; x_wconf 83' lang='grc' dir='ltr'><strong>πώλου</strong></span> <span class='ocrx_word' id='word_1_807' title='bbox 1252 2843 1414 2878; x_wconf 75' lang='grc' dir='ltr'>φωτίζοντα.</span> <span class='ocrx_word' id='word_1_808' title='bbox 1425 2840 1503 2870; x_wconf 76' lang='lat' dir='ltr'><strong>Feria</strong></span> <span class='ocrx_word' id='word_1_809' title='bbox 1514 2842 1592 2868; x_wconf 75' lang='lat' dir='ltr'><strong>tertia</strong></span> <span class='ocrx_word' id='word_1_810' title='bbox 1602 2840 1806 2875; x_wconf 81' lang='lat' dir='ltr'><strong>sequenti,qu</strong></span> 
     </span>
    </p>
   </div>
   <div class='ocr_carea' id='block_1_120' title="bbox 1016 2886 1804 2925">
    <p class='ocr_par' dir='ltr' id='par_1_120' title="bbox 1016 2886 1804 2925">
     <span class='ocr_line' id='line_1_120' title="bbox 1016 2886 1804 2925; baseline -0.006 -8"><span class='ocrx_word' id='word_1_811' title='bbox 1016 2889 1071 2917; x_wconf 80' lang='grc' dir='ltr'><strong>τῶν</strong></span> <span class='ocrx_word' id='word_1_812' title='bbox 1084 2890 1277 2925; x_wconf 73' lang='grc' dir='ltr'>κατηχήπεων,</span> <span class='ocrx_word' id='word_1_813' title='bbox 1288 2889 1495 2916; x_wconf 83' lang='lat' dir='ltr'><strong>catecbumenis</strong></span> <span class='ocrx_word' id='word_1_814' title='bbox 1507 2886 1674 2914; x_wconf 64' lang='lat' dir='ltr'><strong>instrui-udis</strong></span> <span class='ocrx_word' id='word_1_815' title='bbox 1685 2886 1804 2918; x_wconf 81' lang='lat' dir='ltr'><strong>dicatur,</strong></span> 
     </span>
    </p>
   </div>
   <div class='ocr_carea' id='block_1_121' title="bbox 1018 2932 1806 2968">
    <p class='ocr_par' dir='ltr' id='par_1_121' title="bbox 1018 2932 1806 2968">
     <span class='ocr_line' id='line_1_121' title="bbox 1018 2932 1806 2968; baseline -0.005 -6"><span class='ocrx_word' id='word_1_816' title='bbox 1018 2936 1121 2964; x_wconf 80' lang='lat' dir='ltr'><strong>minuta</strong></span> <span class='ocrx_word' id='word_1_817' title='bbox 1148 2937 1227 2963; x_wconf 82' lang='lat' dir='ltr'><strong>thura</strong></span> <span class='ocrx_word' id='word_1_818' title='bbox 1259 2934 1432 2962; x_wconf 74' lang='lat' dir='ltr'><strong>concurrenti</strong></span> <span class='ocrx_word' id='word_1_819' title='bbox 1457 2935 1557 2968; x_wconf 56' lang='lat' dir='ltr'><strong>populo</strong></span> <span class='ocrx_word' id='word_1_820' title='bbox 1588 2934 1632 2960; x_wconf 77' lang='lat' dir='ltr'><strong>dat</strong></span> <span class='ocrx_word' id='word_1_821' title='bbox 1662 2932 1688 2959; x_wconf 90' lang='lat' dir='ltr'><strong>in</strong></span> <span class='ocrx_word' id='word_1_822' title='bbox 1707 2937 1806 2959; x_wconf 78' lang='lat' dir='ltr'><strong>manus</strong></span> 
     </span>
    </p>
   </div>
  </div>
