2026 3147
171 151 224 185 377

741 159 927 190 GRETSERI
945 160 992 190 ET
1003 159 1124 190 GOKRI
1139 160 1258 191 ΝΟΤΕ.

1756 161 1810 193 378

171 213 315 248 προελθὼν
333 213 362 242 ἐν
386 215 419 250 τῇ
437 215 558 252 Χριστοῦ
586 217 715 253 γεννήσει
733 219 762 245 ὲν
777 221 810 254 τῇ
829 219 954 254 ἐκκλησῐς

1016 219 1101 246 reddo
1120 227 1128 246 :
1150 219 1204 246 Sub
1220 223 1343 254 quartam
1362 219 1482 253 ejusdem
1499 219 1551 246 dici
1568 219 1710 254 (nimirum
1725 210 1808 253 primi

171 260 297 295 εἰσῆλθεν
311 262 341 287 ἐν
355 262 394 296 τῷ
409 262 607 298 Ουσιαστησίῳ,
632 264 779 300 (Macies);
796 266 825 292 δὲ.
849 266 896 292 καὶ
915 265 963 300 τῆς

171 308 270 342 ἑορτῆς
285 308 340 335 τῶν
363 308 464 336 Φὼτων
484 310 622 344 προῆλθεν
637 312 750 346 ὁμοίως,
771 312 819 338 καὶ
835 311 964 337 εἰσελθὼν

171 353 202 378 οὐ
224 355 444 389 προσεκύνησεν.
471 355 612 384 Cedrenus
637 357 663 384 in
692 356 783 384 Leone
808 356 960 392 Sapiente:

172 399 310 433 Συνῆθους
329 401 357 427 δὲ
373 401 563 436 προελεύσεως
586 403 737 438 γενομένης
761 403 832 430 κατὰ
854 403 963 438 ἡμέραν

171 440 219 480 τῆς
239 447 432 482 Πεντηκοστῆς
445 448 475 474 ὲν
488 447 527 483 τῷ
539 448 608 484 ναῷ.
625 449 784 476 Eustathius
803 450 912 477 tandem
928 449 960 476 ad

175 491 208 518 ll.
227 491 236 518 Ι
253 500 261 519 :
277 493 390 527 Πομπὴ.
417 493 568 529 θρίαμϐος,
597 494 628 521 ὃν
652 493 816 529 προέὶευσιν
839 495 856 530 ὴ
884 494 961 530 κοινὴ

171 537 284 570 γλῶσσα
304 538 393 566 καλεῖ.
420 540 460 566 An
479 539 550 567 idem
567 540 603 567 sit
623 540 787 575 προέλευσις
804 540 876 575 (μνᾶ
895 541 963 574 πρό-

171 593 278 616 κενσος,
295 585 328 611 de
342 592 397 620 quo
412 585 551 613 Cedreuns
562 587 588 613 iu
600 585 709 614 Justino
725 595 743 613 ιι
760 594 768 612 :
785 585 867 617 Αὖθις
885 586 961 620 βασι-

171 630 240 661 λέως
272 631 320 657 ἐπὶ
349 631 512 666 πρόκενσον,
541 639 595 660 n0n
630 632 779 660 existimo:
797 631 961 666 Προέ).ευσιν

172 677 244 703 enim
256 685 310 703 non
326 678 448 712 reperies
460 678 514 706 nisi
525 678 636 713 pietatis
647 679 689 706 vel
703 679 738 706 ob
750 684 862 714 accepta
879 679 961 706 bene-

171 723 233 750 liria
245 723 424 758 tripudiantis
433 724 473 752 vel
482 725 515 752 ad
530 724 691 760 depellenda
704 726 776 752 mata
784 725 961 759 deprecantis

171 771 256 804 gratia
273 775 444 805 susceptam,
461 771 612 806 npixsvoov
630 779 694 798 vero
709 779 908 805 nonnunquam
926 771 960 798 ad

170 816 256 842 solam
286 823 413 850 pompam
442 821 468 843 et
494 817 607 849 fastum.
639 818 694 844 imo
727 819 891 853 quandoque
926 817 959 845 ad

171 864 275 891 luxum.
287 863 344 891 Leo
352 863 556 892 Grammaticus
571 865 597 892 in
613 865 703 893 Leone
716 865 861 900 Sapientc:
883 866 959 893 Λέων

170 913 322 947 πρόκενσον
354 913 485 946 ὲποεησεν
513 915 552 945 εἰς
582 913 615 940 τὰ
647 913 796 949 Δαμιανοῦ.
830 914 960 946 Συνόντος

170 959 197 985 δὲ
220 958 344 990 Ζαούτζα
367 959 416 985 καὶ
438 960 723 994 παραδυναστεύοντος
738 961 786 988 καὶ
799 961 849 995 τῆς
873 961 957 995 θυγα-

170 1004 232 1038 τρὸς
249 1005 334 1032 αὐτοῦ
362 1005 440 1040 Ζωῆς
457 1006 516 1041 ἅμα
541 1006 579 1041 τῷ
594 1007 711 1041 βασιλεῖ,
729 1007 862 1042 Θεοφανὼ
885 1007 911 1034 δὲ
940 1008 957 1042 ή

169 1051 278 1085 γαμετὴ
297 1050 380 1077 αὐτοῦ
397 1051 427 1078 οὐ
442 1052 535 1086 παρῆν
550 1053 652 1085 ἐκεῖσε,
670 1053 729 1079 ἀλλ’
749 1054 777 1080 ἐν
789 1053 958 1088 Βλαχέρναις

167 1097 197 1122 ὲν
209 1098 242 1131 τῇ
254 1097 322 1132 ἁγίᾳ
334 1097 405 1132 σορῷ
417 1099 635 1134 προσεκαρτέρει
644 1099 791 1134 εὐχομένη.
805 1100 954 1134 Sequitur:

167 1143 299 1175 Δὸξαντος
315 1141 363 1170 οὖν
382 1144 429 1171 τοῦ
451 1145 583 1179 βασιλέως
611 1146 701 1180 μεῖναι
716 1146 818 1173 ἐκεῖσε.
834 1146 912 1174 Certe
929 1147 955 1174 in

166 1190 246 1216 solita
260 1190 381 1218 ecclesim
390 1192 565 1225 processione
577 1199 631 1219 non
649 1192 743 1219 fuisset
756 1198 889 1226 moratus,
908 1201 957 1221 nec

166 1244 259 1264 secum
276 1236 403 1270 pellicem
417 1237 552 1269 duxisset,
581 1242 629 1266 aut
645 1238 755 1264 interim
772 1237 831 1271 ejus
845 1245 913 1265 uxor
928 1238 955 1264 in

166 1282 290 1310 oratione
316 1283 420 1310 diutius
435 1289 632 1318 perseveraret.
650 1283 724 1312 Fasti
739 1283 823 1311 Siculi
841 1284 952 1318 εὲποὲη-

167 1338 212 1356 σεν
225 1329 304 1356 Λέων
317 1329 472 1362 πρόκεσσον
489 1330 558 1365 (lege
575 1330 726 1365 πρόκενσον
740 1338 802 1357 cum
815 1330 888 1362 aliis)
905 1331 957 1364 μῆ-

165 1385 213 1407 νας
237 1374 278 1407 ἐξ.
317 1375 461 1403 Processio
487 1376 676 1403 ecclesiastico
709 1377 761 1402 ritu
789 1375 955 1410 peragenda,

166 1426 271 1448 tantum
286 1421 404 1456 spatium
415 1429 468 1448 non
479 1422 603 1456 requirit.
619 1421 657 1449 De
668 1429 791 1456 processit
802 1421 955 1456 principum

165 1474 189 1494 et
202 1469 414 1502 magistratuum
432 1475 494 1495 cum
513 1468 674 1503 dignitatum
689 1468 843 1503 insignibus
861 1467 958 1495 Pauci-

167 1514 251 1540 ro':lus
276 1514 307 1540 in’
318 1513 443 1540 notitiam
465 1512 588 1540 Orientis
604 1521 628 1541 c.
643 1514 688 1540 Ἡ.
703 1513 805 1549 Gutta]

200 1561 231 1588 ι».
250 1561 295 1588 79.
312 1560 401 1587 Tomo
418 1559 453 1587 lli
466 1560 500 1587 de
516 1559 544 1586 S.
557 1559 658 1590 Cruce.
679 1560 697 1587 Ι.
710 1567 728 1592 ι,
744 1567 769 1587 c.
785 1559 831 1591 ‘26,
851 1559 954 1587 descri-

1016 265 1200 299 Srptembris)
1219 266 1332 297 lteram,
1349 266 1435 293 sacris
1454 266 1614 301 imaginibus
1637 266 1716 292 veteri
1735 273 1808 292 more

1014 320 1067 339 una
1080 321 1140 339 cum
1159 313 1318 347 imperatore
1338 314 1491 348 patriarcha
1510 318 1533 340 et
1551 313 1680 347 episcopis
1695 313 1728 339 ad
1746 320 1807 346 por-

1013 359 1176 394 phyreticam
1193 360 1344 386 columnam
1369 360 1547 394 congregatis.
1570 359 1615 386 cui
1641 367 1719 386 sacra
1738 366 1806 385 una:

1013 405 1124 438 insistit,
1147 415 1205 433 cum
1229 407 1300 433 sacri
1316 406 1406 442 hymni
1431 411 1601 438 canerentur,
1630 413 1725 440 parcus
1751 405 1805 431 ali-

1013 451 1098 478 cunde
1110 451 1215 485 elapsus
1229 452 1318 478 subito
1336 453 1361 478 iu
1384 453 1495 479 medium
1512 451 1684 483 psallentium
1694 452 1803 478 chomm

1012 497 1119 530 insiliit,
1142 498 1226 525 multo
1245 506 1317 526 cozno
1342 498 1507 533 inquinatus,
1523 502 1547 525 et
1575 497 1646 524 varie
1661 497 1712 523 huc
1725 501 1805 531 atque

1013 544 1077 571 illuc
1093 549 1203 579 vagatus
1218 546 1260 571 vix
1275 545 1379 572 tandem
1396 545 1519 572 excessit.
1541 544 1573 571 Id
1588 543 1803 579 prudentioribus

1013 590 1192 625 confusionem
1208 593 1352 625 quamdam
1366 590 1466 618 Christi
1483 591 1609 618 Ecclesia:
1618 596 1643 617 ct
1660 590 1802 624 [actionem

1013 637 1168 672 signiﬁcare
1184 638 1281 664 visum.
1310 637 1406 669 Qualis
1424 637 1552 664 confusio
1568 641 1596 664 et
1612 637 1696 664 factio
1723 635 1803 671 paulo

1012 689 1074 718 post
1092 687 1184 710 semita
1199 688 1253 716 est,
1270 688 1349 718 capta
1363 683 1398 710 ab
1414 683 1573 710 Andronico
1584 682 1698 710 Juniore
1713 683 1802 717 Cpoli.

1013 729 1115 756 Gnars.

1045 773 1077 802 Ρ.
1090 775 1133 802 80.
1142 774 1152 811 [
1161 774 1278 802 Ἐκεῖσε
1287 774 1476 809 τελουμένην
1486 774 1681 802 ἀκολουθίαν.
1692 774 1800 802 Partem

1011 821 1072 856 ejus
1085 821 1172 850 habes
1192 822 1219 848 in
1233 821 1405 856 Euchologio
1420 827 1514 849 nostro
1525 821 1573 849 fol.
1589 821 1642 849 810
1657 825 1684 848 et
1702 821 1728 847 in
1746 819 1803 847 Me-

1012 875 1072 895 nreo
1093 868 1105 895 1
1129 867 1299 902 Septembris
1315 869 1376 903 ejus
1400 869 1562 896 memoriam
1587 868 1742 896 celebrante
1760 867 1804 894 his

976 917 996 945 Β
1012 914 1126 942 verbis:
1153 914 1185 941 'H
1201 914 1228 941 δὲ
1251 914 1297 941 τοῦ
1319 914 1486 950 ἐμπρησμοῦ
1505 915 1600 949 μνήμη
1615 914 1659 941 διὰ
1682 914 1712 940 τὸ
1734 922 1802 948 συμ-

1008 959 1090 994 ϐῆναι
1107 959 1153 986 διὰ
1167 960 1217 991 τὰς
1235 960 1377 995 ἁμαρτιας
1399 959 1480 995 ἡμῶν
1496 959 1623 994 γενέσθαι
1635 960 1802 995 ὲμπρησμὴν

1010 1006 1138 1040 μέγιστον
1154 1007 1183 1032 ἐν
1206 1006 1494 1033 Κωνσταντινουπόλει
1511 1006 1557 1032 ἐπὶ
1577 1005 1692 1036 Λέοντος
1716 1006 1804 1040 μεγά.

1008 1053 1054 1079 λου
1077 1053 1209 1086 βασιλέως
1227 1053 1273 1080 καὶ
1291 1052 1501 1087 πυρποληῦἧναι
1524 1052 1554 1078 τὸ
1578 1052 1704 1078 alienat;
1718 1051 1802 1086 μέρος

1007 1099 1056 1131 τῆς
1077 1098 1179 1130 πόλεως
1195 1098 1241 1124 ἐπὶ¹
1264 1098 1372 1134 ἡμέρας
1394 1097 1475 1125 ἑπτά.
1488 1097 1629 1124 Ccdrenus
1650 1096 1682 1124 de
1697 1096 1743 1124 illo
1760 1097 1802 1123 in-

1007 1144 1105 1170 cendio
1124 1144 1150 1171 in
1167 1144 1259 1172 Leone
1277 1149 1438 1172 memorato.
1453 1143 1553 1180 Gesn]

1044 1189 1117 1217 Ibid.
1135 1190 1284 1218 Celebrant
1299 1190 1385 1218 Graeci
1399 1190 1451 1218 hoc
1468 1191 1565 1217 festum
1584 1197 1646 1216 cum
1663 1189 1769 1217 Latinis
1783 1189 1800 1216 8

1009 1236 1189 1270 Septembris.
1205 1236 1234 1264 ln
1252 1237 1421 1264 monasterio
1446 1236 1522 1264 Libis
1541 1236 1666 1271 sepultus
1679 1240 1722 1263 est
1741 1236 1798 1262 An-

1008 1282 1138 1310 dronicus
1162 1283 1265 1316 senior,
1295 1272 1359 1310 olim
1385 1283 1545 1317 imperator,
1574 1283 1623 1311 sed
1653 1282 1794 1310 biennium

1008 1332 1071 1355 ante
1094 1328 1157 1355 vitae
1172 1329 1253 1356 finem
1272 1324 1438 1357 monachus.
1456 1328 1577 1356 Cadaver
1596 1329 1653 1362 ejus
1671 1329 1698 1355 in
1725 1327 1798 1355 Libis

1008 1375 1201 1401 monasterium
1215 1375 1406 1409 estperlatum,
1429 1376 1499 1408 quod
1518 1375 1672 1411 materejus
1691 1375 1799 1402 domina

1010 1419 1145 1447 Theudor/1
1173 1425 1325 1454 renouarat,
1360 1421 1451 1456 inquit
1478 1421 1615 1456 Gregoras
1637 1425 1760 1449 extremo
1778 1421 1798 1448 l.

1008 1474 1034 1493 ix
1060 1475 1117 1494 sure
1132 1467 1271 1495 Historiae.
1295 1468 1398 1495 Eadem
1417 1468 1505 1496 ferme
1532 1468 1759 1501 Cantacuzenus,
1775 1475 1796 1500 ι,

1007 1513 1053 1541 ιο.
1072 1513 1191 1540 Observa
1200 1513 1311 1540 Junium
1326 1514 1395 1542 mala
1411 1514 1463 1542 fide
1476 1515 1561 1550 μονήν
1581 1519 1687 1542 vertere
1703 1515 1798 1546 tedam,

1010 1565 1071 1586 cum
1091 1559 1124 1585 sit
1143 1560 1334 1586 monasterium
1348 1568 1358 1587 :
1375 1566 1447 1588 errat
1462 1563 1602 1595 interpres,
1621 1561 1676 1588 hoc
1690 1565 1732 1587 est
1750 1559 1799 1587 Ju-

166 1609 206 1641 psi
220 1614 379 1638 nummum,
393 1607 420 1634 in
434 1606 514 1641 cujus
530 1606 614 1632 altera
628 1610 706 1640 parte
722 1606 820 1633 visitur
833 1604 954 1632 Joannes
968 1599 990 1628 C
1007 1605 1082 1636 nius,
1101 1605 1147 1639 qui
1163 1605 1247 1632 wdem
1268 1606 1367 1638 reddit,
1388 1606 1481 1642 inquit
1507 1607 1624 1642 ipsemet
1649 1605 1797 1634 Meursius.

164 1653 333 1688 Palu-elogiis
361 1652 512 1686 imperator
540 1651 701 1686 Cpolitauus
733 1651 766 1678 ad
793 1651 952 1678 columnam

165 1699 336 1734 crncigera'u
353 1698 568 1725 vcnerabundus
587 1701 618 1724 et
632 1696 878 1734 supplicabundus,
893 1696 955 1722 sine

165 1744 248 1772 dubio
269 1752 303 1772 ex
334 1743 388 1770 hoc
411 1750 486 1773 more
517 1742 701 1770 Kalendarum
735 1740 953 1780 Septembrium.

166 1791 231 1818 Vide
245 1791 263 1818 l.
285 1798 310 1817 c.
340 1789 378 1816 De.
391 1789 533 1820 S..Cruce.
562 1788 598 1816 Dc
615 1788 743 1815 columna
758 1786 951 1822 porphyretica

165 1839 276 1866 consule
298 1845 360 1872 qua:
385 1836 548 1870 scripsimus
565 1840 631 1862 tom.
656 1835 676 1866 l.
703 1835 740 1862 De
757 1834 785 1862 S.
809 1833 908 1862 Cruce.
925 1832 946 1860 1.

165 1892 234 1917 u,c.
252 1884 299 1915 45,
323 1891 356 1910 ex
379 1882 534 1917 Nicephoro
558 1886 586 1909 et
609 1882 716 1909 Codiuo
741 1881 767 1908 in
796 1880 952 1916 Originibus

164 1931 325 1966 Lpolitanis.
346 1929 476 1965 Superest
500 1929 554 1956 hoc
568 1928 660 1956 itidem
675 1935 733 1955 τιξνο
746 1928 803 1954 ltmc
823 1926 951 1954 columna

165 1977 367 2013 purphyretica.
388 1975 484 2003 Exstat
510 1983 543 2002 ea:
570 1975 673 2009 regione
690 1974 842 2006 diversorii,
865 1973 954 2008 inquit

165 2023 253 2051 Dousa
269 2023 296 2050 in
322 2030 373 2050 suo
388 2021 534 2056 Cpolilano
562 2020 717 2052 ltiuerario,
739 2018 782 2046 vel
799 2018 891 2053 potius
925 2018 952 2044 in

163 2069 295 2096 Encomio
315 2068 415 2096 Mt~letii
439 2067 584 2103 cujusdam
603 2065 769 2101 patriarchae
787 2063 950 2096 Graecanici,

162 2115 203 2142 vel
217 2115 244 2141 in
263 2119 368 2148 satyra,
384 2121 437 2148 qua
455 2111 746 2142 Jesuitasinsectatur.
764 2109 948 2144 iuquonsa-

164 2168 219 2186 nos
233 2163 354 2185 oratores
368 2157 498 2191 hospitari
508 2164 565 2183 mos
581 2160 628 2188 est,
644 2155 768 2182 columna
783 2153 953 2182 Constantini

163 2212 308 2237 purpurea,
330 2204 355 2230 in
371 2203 447 2236 cuius
467 2202 623 2229 summitate
641 2200 786 2235 spondylus
800 2199 950 2234 (edi/italus

161 2257 208 2284 est,
223 2251 251 2277 in
267 2259 320 2284 qua
333 2249 464 2283 ejusmodi
480 2248 620 2282 inscriptio
631 2252 738 2282 apparet
752 2255 762 2274 :

194 2307 277 2343 340
293 2307 328 2334 Τὸ
342 2306 421 2343 θεῖοι·
435 2305 644 2343 ἐργονᾲᾷνθάᾄε
659 2304 774 2343 φααρὲν
787 2306 895 2339 χρόνῳ,

195 2340 268 2370 Fabi
283 2342 430 2376 Μανουὴλ
444 2340 576 2374 εὐσεϐὴς
592 2340 795 2374 αὐτοκράτωρ.

162 2391 207 2417 Est
226 2390 271 2417 hic
287 2388 448 2415 Emmanuel
475 2387 710 2422 antepeuultimus
726 2394 759 2414 ex
774 2385 950 2421 imperatori-

161 2435 369 2471 bustlpolitanis
382 2444 389 2461 :
405 2442 467 2461 nam
483 2437 543 2468 post
556 2433 629 2461 hunc
641 2437 752 2460 secutus
766 2437 807 2460 est
817 2432 948 2466 Joannes,

160 2484 206 2517 qui
221 2482 342 2509 con-'ilio
357 2480 516 2509 Florentino
535 2480 669 2509 interfuit.
698 2484 760 2514 post
773 2480 855 2507 istum
874 2479 950 2507 Cou-

159 2530 311 2558 stantinus,
324 2528 375 2554 sub
390 2535 444 2561 quo
469 2527 562 2561 Cpolis
579 2527 604 2553 in
619 2526 765 2554 Turcicam
784 2527 947 2554 servitutem

158 2577 244 2603 venit.
290 2573 379 2608 Hujus
415 2573 615 2608 porphyreticae
652 2573 788 2602 colurnum
823 2571 950 2600 meminit

158 2622 254 2653 etiam,
281 2620 378 2647 eodem
397 2620 484 2646 ferme
510 2627 565 2653 quo
587 2620 677 2647 Dousa
703 2619 795 2651 modo,
817 2619 948 2646 Salomon

157 2667 309 2697 Swigerus,
328 2665 481 2698 praedicans
498 2664 622 2697 Noricus,
642 2665 659 2691 1.
680 2673 696 2692 ιι
713 2665 753 2692 sui
773 2664 947 2699 llodmporici

157 2720 185 2738 c.
201 2711 245 2738 57.

197 2757 268 2789 Quid
284 2756 429 2787 acciderit,
443 2756 554 2790 quando
568 2756 743 2784 Andrrnicus
760 2757 852 2785 senior
864 2757 948 2790 impr-

157 2808 235 2830 rator
246 2804 294 2837 l'p.
312 2810 376 2829 cum
392 2802 467 2830 clero
485 2806 512 2829 ct.
527 2803 623 2837 populo
633 2803 760 2831 Kalendis
778 2804 797 2830 S
808 2805 948 2838 ‘plClIlill'lS

155 2851 194 2877 ad
223 2850 382 2878 columnam
410 2850 628 2883 porpltyreticam
656 2851 838 2886 supplicabat,
868 2852 948 2879 dOCt'l

156 2903 212 2924 uos
236 2895 375 2930 Gregoras
406 2895 440 2922 ad
471 2896 573 2923 calcent
595 2896 653 2924 libri
680 2905 704 2924 γι
719 2905 736 2930 ι,
761 2898 840 2933 cujus
864 2899 947 2927 verba

1005 1650 1104 1678 Gners.

1046 1697 1118 1724 Ibid.
1133 1696 1342 1733 [Monasterium
1354 1706 1368 1726 a
1380 1698 1525 1726 Theodora
1540 1699 1680 1727 Michaelis
1695 1698 1796 1726 Pulso-.1-

1006 1743 1058 1778 logi
1077 1751 1164 1771 uxore
1177 1750 1343 1779 reparatum,
1357 1746 1404 1773 ubi
1420 1746 1472 1773 sibi
1491 1746 1646 1780 sepulcrum
1659 1746 1799 1773 instaura-

1005 1790 1044 1817 vit
1070 1791 1142 1818 tilius
1171 1791 1399 1825 Andronicus,ct
1421 1792 1535 1820 inferias
1568 1800 1665 1820 novem
1694 1792 1794 1819 dictum

1006 1836 1133 1871 (numero
1143 1837 1260 1865 mortuis
1272 1838 1373 1871 dicato)
1389 1838 1508 1872 persolvi
1525 1838 1676 1866 mandavit.
1692 1838 1796 1873 Grego~

1005 1890 1062 1914 ras,
1078 1882 1113 1910 ad
1131 1883 1149 1910 Ι.
1166 1891 1194 1910 ιι
1212 1883 1314 1910 calcem
1333 1892 1340 1911 :
1359 1884 1397 1910 Τὸ
1427 1884 1534 1911 ἐκείνου
1560 1884 1658 1917 νεκρδν
1686 1884 1726 1916 εις
1745 1884 1797 1919 τὴν

1007 1928 1092 1962 μονὴν
1116 1927 1165 1956 τοῦ
1194 1928 1276 1960 mea;
1293 1929 1517 1965 ὲπικεκλημένην
1543 1930 1714 1964 ἀπήνεγκαν,
1730 1929 1764 1964 ἢν
1777 1931 1797 1964 ἡ

1006 1975 1098 2009 μήτηρ
1112 1973 1194 2001 αὑτοῦ
1211 1974 1338 2009 Θεοδώρα
1352 1975 1538 2002 ἀνεκαίνισεν.
1559 1975 1645 2002 Ἔνθα
1657 1975 1689 2010 δὴ
1706 1975 1753 2002 καὶ
1764 1975 1796 2002 τὸ

1004 2019 1117 2052 πένθος,
1135 2020 1280 2052 κατ’ἐθος,
1301 2020 1347 2046 ἐπὶ
1378 2021 1457 2047 ἐννέα
1485 2021 1594 2056 ἡμέρας
1624 2021 1795 2049 τετέλεσται.

1004 2067 1026 2093 Δ
1041 2066 1226 2094 Constantino
1245 2065 1312 2094 Libe
1321 2065 1410 2094 fuerat
1421 2067 1498 2102 prius
1513 2071 1685 2094 exstructum
1701 2066 1797 2094 Lcono

1005 2112 1134 2147 Sapiente
1154 2112 1319 2147 imperame.
1345 2112 1552 2140 Grammaticus
1576 2113 1650 2140 Leo:
1670 2113 1746 2140 Λέων
1780 2114 1796 2139 ὁ

1004 2159 1131 2195 βασιλεὺς
1148 2159 1224 2194 παρὰ
1240 2159 1450 2186 Κωνστιιντίνου
1467 2160 1513 2186 τοῦ
1535 2160 1618 2190 Alﬁo;
1634 2161 1663 2186 ὲν
1675 2161 1708 2195 τῇ
1725 2162 1794 2195 μονῇ

1003 2207 1036 2241 τῇ
1064 2205 1146 2232 αὑτοῦ
1172 2205 1205 2240 τῇ
1223 2203 1292 2242 οὔσῃ
1315 2205 1346 2231 ὲν
1371 2206 1409 2240 τῷ
1425 2206 1627 2241 Μερδοσαγάρῃ
1645 2206 1691 2232 τοῦ
1714 2206 1794 2240 ποιῆ-

967 2268 990 2298 D
1005 2260 1050 2279 σαι
1068 2252 1100 2278 τὰ
1115 2251 1241 2285 ἐγκαίνια
1257 2252 1306 2278 καὶ
1321 2251 1469 2286 ἀριστῆσαι
1481 2251 1669 2287 προσεκλήθη,
1688 2251 1791 2288 Goan.]

1039 2297 1112 2325 Ibid.
1141 2297 1171 2324 S.
1199 2297 1328 2324 Demetrii
1345 2298 1485 2333 martyris,
1509 2298 1553 2325 cui
1576 2304 1792 2332 cognomentum

1001 2343 1162 2379 Myroblyta,
1192 2342 1291 2370 festum
1319 2343 1460 2371 celebrant
1484 2343 1570 2371 Grmci
1588 2344 1623 2371 26
1652 2345 1791 2374 Octobris.

1002 2389 1059 2417 Hoc
1072 2397 1136 2425 ergo
1144 2389 1188 2416 die
1201 2389 1349 2424 imperator
1360 2390 1391 2416 ad
1409 2391 1605 2418 monasterium
1620 2392 1646 2418 iu
1661 2392 1796 2419 honorem

1002 2437 1031 2464 S.
1043 2435 1170 2463 Demetrii
1178 2443 1193 2463 a
1204 2435 1364 2471 Palicologis
1372 2436 1537 2463 zedificatum
1550 2445 1611 2465 sese
1621 2437 1791 2466 conferebat.

979 2498 982 2499 ν
1002 2482 1100 2510 ϐιιετδ.

1036 2529 1115 2565 341
1128 2528 1200 2556 Ibid.
1214 2528 1334 2565 [Μονὴν
1348 2528 1409 2555 τῶν
1425 2529 1679 2563 Παλαιολόγων.Α
1691 2529 1793 2556 Palaeo-

1000 2575 1071 2611 logis
1083 2583 1181 2603 nomen
1193 2575 1321 2603 sortitqu
1332 2575 1530 2602 monasterium
1541 2583 1618 2609 opes,
1629 2579 1790 2609 proventus,

1001 2622 1127 2654 :edifieia,
1148 2625 1310 2649 ornamenta
1328 2621 1442 2656 qumvis,
1458 2621 1493 2648 ab
1505 2621 1543 2648 eis
1554 2621 1671 2655 primum
1683 2619 1789 2653 imperii

1006 2668 1097 2694 sedem
1116 2667 1316 2702 occupantibus
1330 2667 1422 2694 debuit
1438 2666 1587 2700 accepisse.
1605 2664 1679 2692 Goan
1693 2664 1703 2700 ]

1040 2712 1108 2739 Ibid.
1129 2712 1255 2739 Natalem
1274 2712 1302 2739 S.
1319 2710 1512 2746 Chrysoslomi
1528 2709 1631 2736 obeunt
1653 2709 1740 2736 Grmci
1756 2709 1790 2736 l5

1001 2758 1174 2786 Nmembris.

1038 2803 1109 2830 Ibid.
1135 2803 1222 2836 Vetti,
1241 2803 1267 2830 in
1299 2803 1511 2838 prwsentatione.
1533 2800 1578 2829 Sic
1594 2801 1666 2828 enim
1692 2809 1734 2829 res
1749 2801 1791 2828 in-

1002 2850 1144 2884 lt'lligilut'.
1171 2850 1330 2877 Cclcbralur
1345 2857 1360 2877 a
1376 2849 1481 2877 Latinis
1507 2847 1610 2882 pariter
1630 2852 1657 2876 et
1685 2847 1790 2876 Grtecis

1002 2899 1034 2926 2i
1051 2899 1223 2926 Novembris.
1250 2896 1409 2925 Monasterii
1424 2896 1472 2931 τῆς
1489 2896 1674 2932 Περιϐλέπτου
1692 2896 1790 2924 memi-
