2026 3147
224 155 277 185 379

796 155 837 185 ΙΝ
861 150 1013 185 LIBRUM
1028 155 1076 185 DE
1088 155 1251 187 OFFICUS
1270 156 1325 187 ΟΡ.

1787 153 1839 186 380

225 210 265 237 nit
279 207 414 242 Grcgoras
430 208 450 236 1.
463 216 511 242 vn,
527 213 553 237 et
567 208 760 244 Pachymeres,
784 208 803 236 l.
825 216 851 236 ν.
869 208 1008 237 Eratmo-
1024 215 1047 243 Α
1061 210 1178 238 decursu
1202 211 1395 242 inritarentur,
1427 209 1595 238 sufficientes
1622 213 1649 236 et
1675 209 1751 244 juste
1774 208 1845 243 parti

224 254 376 282 nasterium
418 255 599 283 sanctissimae
636 255 749 290 virginis
791 254 894 287 Maria,
928 263 1011 290 quam

225 300 312 328 Graeci
339 300 532 337 περεὸλεπτον,
553 302 604 329 hoc
618 306 661 329 est
675 301 844 335 spectabilem
857 309 906 330 seu
921 302 994 328 admi
1004 317 1011 322 -

226 348 350 379 random,
380 352 491 375 vocant.
521 348 549 375 In
578 347 628 375 hoc
652 347 750 374 festu-n
772 348 870 382 partim
887 353 1008 380 exstant,

227 394 325 428 partim
347 394 437 421 adlmc
452 393 478 420 in
499 393 674 421 bibliothecis
691 394 776 421 latent
793 394 884 421 multre
901 388 1027 421 Graeco?

226 447 287 467 rum
307 440 436 467 homilize.
453 439 556 467 Gners.

261 484 331 511 Ibid.
356 483 406 520 [De
424 484 475 512 hoc
494 484 662 512 monasterio
689 484 830 513 Cedrcnus
845 485 872 512 in
887 485 1012 512 Romano

226 530 349 564 Argyro:
380 529 571 564 Ἀναιριοεὶςό
592 529 732 561 Ῥωμανὸς
754 529 895 564 βασιλεὺς,
911 529 1012 557 θάπτε-

226 583 270 600 ται
281 574 310 600 ἐν
322 575 355 609 τῇ
374 574 439 609 παρ’
456 574 538 601 αὐτοῦ
548 575 746 610 νιουργηθείςῃ
761 575 810 608 τῆς
826 575 1012 610 Περιϐλέπτου

226 620 307 653 μονῇ.
325 618 478 653 Scripserat
494 619 623 653 superius
639 629 647 648 :
671 619 701 646 '0
711 619 739 646 δὲ
756 619 883 654 βασιλεὺς
903 619 1012 653 Ῥωμα-

225 664 270 695 vo:
284 665 328 692 τδν
357 662 434 691 οἶκον
457 664 504 691 τοῦ
521 665 777 700 Τριακονταφύλλου
800 665 1011 700 ἐξωνησάμενος

226 711 267 742 εἰς
282 711 463 745 μοναστήριον
481 710 682 746 μετεσκεύασεν
696 710 739 737 ἐπ’
756 710 870 746 ὀνόματι
893 711 943 745 τῆς
969 712 1012 738 δε-

227 756 342 789 σποίνης
357 756 436 790 ἡμῶν
450 755 597 784 Θεοτόκου.
623 757 729 790 Quibus
744 757 899 792 sumptibus
915 763 939 785 et
958 766 1012 792 qua

227 801 429 835 magnificentia
457 806 627 829 exstructum
651 802 792 829 Ccdrenus
812 803 1010 838 prosequitur:

227 847 272 873 ubi
296 847 378 874 sitmu
395 847 487 879 fuerit,
505 847 584 875 docet
597 847 744 882 Gregoras,
764 857 811 880 vn.
830 849 883 881 18;
903 856 916 875 a
933 849 1013 876 Nice-

227 893 313 926 phoro
325 892 466 921 Rotaniate
481 898 638 927 reparatum
660 893 782 922 Zonaras
800 894 884 923 refert
896 895 930 922 ad
946 895 1008 930 ejus
1025 889 1049 920 Β

228 937 297 964 Vita:
309 938 422 966 calcem.
439 938 540 974 Ceam]

266 984 333 1011 Ibid.
348 984 458 1012 Festum
484 984 512 1012 Si
523 985 614 1013 Basilii
627 986 765 1014 celebrant
782 987 867 1016 Graeci
883 987 1011 1016 Kalendis

228 1030 367 1063 Januarii,
383 1030 435 1058 hoc
449 1035 491 1058 est
507 1032 567 1066 ipso
579 1032 802 1061 circumcisionis
814 1034 869 1062 die.

264 1075 335 1104 Ibid.
368 1075 476 1104 Festum
505 1076 645 1105 Occursus
672 1086 720 1106 seu
743 1078 945 1114 Puriﬁcalionis
962 1087 1011 1107 no-

227 1121 333 1149 hiscum
350 1121 490 1150 celebrant
504 1122 590 1151 Graeci
602 1123 619 1150 Ξ
633 1123 788 1152 Februarii.
807 1124 1012 1153 Blachernense

228 1167 358 1201 templum
376 1167 565 1196 suburbanum
582 1169 687 1197 eratad
710 1169 787 1197 littus
801 1171 898 1203 maris,
915 1172 1010 1199 condi-

228 1218 286 1240 tum
303 1221 317 1240 a
339 1213 483 1242 Pulclteria
509 1214 694 1250 imperatrice.
718 1215 790 1250 Opus
809 1217 878 1243 enim
893 1217 949 1251 ejus
961 1221 1010 1249 est,

227 1259 316 1293 inquit
339 1259 520 1294 Nicephorus,
543 1268 600 1292 xw,
626 1260 653 1292 2,
670 1269 776 1288 sacrum
807 1261 854 1288 Dei
870 1261 1011 1289 Geuilricis

229 1305 368 1339 templum,
383 1306 452 1340 quod
475 1305 633 1334 Blaclterme
646 1307 755 1339 dicitur,
771 1308 879 1342 dignum
891 1309 939 1335 illa
952 1309 1011 1343 ipsa

234 1350 311 1377 Verbi
326 1350 427 1382 Matre.
451 1352 521 1387 quod
545 1352 705 1380 inhabitare!
730 1353 907 1381 domicilium.
927 1353 1012 1389 Cujus

228 1397 344 1423 divinum
362 1398 491 1425 tumulum
502 1403 526 1425 et
539 1399 698 1432 sepulcrales
709 1399 809 1434 fascias
820 1400 940 1428 inventas
951 1409 1011 1427 cum

228 1442 393 1469 veneratione
423 1443 541 1470 mna‘imt‘t
571 1443 607 1470 ibi
637 1444 764 1478 reposuit.
796 1444 960 1479 (Cedrenum
983 1445 1011 1473 in

229 1486 372 1515 Marciano
387 1488 493 1516 confert
509 1488 605 1524 Goar.)
629 1491 726 1525 Magna
740 1490 866 1525 religione
885 1491 1011 1525 templum

229 1533 258 1559 id
278 1533 421 1568 Byzantini
434 1534 532 1568 colunt,
551 1536 639 1571 inquit
654 1536 723 1563 idem
743 1535 1011 1571 Niccphorus,xvlu,

1062 261 1189 293 sumptus
1202 257 1420 291 suppeditarent.
1431 255 1527 283 Procul
1545 255 1635 287 itaque
1650 259 1710 283 erat
1729 263 1742 281 ιι
1753 259 1846 281 custo—

1062 302 1169 330 diendis
1198 302 1305 330 bellicis
1335 302 1537 332 instrumentis,
1564 306 1594 327 ut
1608 300 1749 336 Xylander
1760 301 1849 337 ctalii'

1062 352 1127 375 sunt
1141 348 1264 382 opinati;
1283 356 1334 376 nec
1352 347 1496 382 κουράτωρ
1513 347 1567 373 τῶν
1585 347 1753 380 Μαγγάνων,
1764 354 1845 381 quem

1062 401 1124 420 cum
1139 393 1200 421 aliis
1215 393 1243 420 in
1275 393 1369 421 lsaacii
1387 392 1527 428 Cornneno
1545 391 1667 419 Zonaras
1680 397 1707 419 et
1722 391 1847 425 Cnropa-

1062 440 1130 467 latcs
1143 444 1285 471 memorat,
1299 439 1370 466 alius
1386 442 1445 466 erat
1458 446 1540 472 quam
1557 438 1603 473 qui
1619 437 1718 464 domus
1733 438 1847 472 hujusce

1061 488 1089 512 et
1104 483 1238 511 redituum
1251 484 1311 519 ejus
1327 491 1421 511 curam
1446 483 1568 510 haberet.
1585 482 1694 509 Turrim
1713 482 1770 510 sive
1784 490 1848 517 pro-

1061 529 1243 565 pugnaculum
1269 530 1347 565 ponit
1372 534 1447 557 extra
1472 529 1567 556 urbem
1598 528 1625 555 in
1649 528 1846 563 Manganorum

1062 576 1178 611 planitie
1208 575 1428 608 Cantacuzeuus,
1453 583 1496 608 ιιι,
1512 575 1556 606 72.
1572 582 1688 609 eamque
1702 575 1772 602 adeo
1784 583 1846 602 mu-

1063 622 1149 649 nitam
1177 629 1202 649 c.
1214 621 1248 649 80
1261 625 1288 648 et
1303 621 1338 648 87
1353 620 1476 648 aﬁirmat
1494 625 1524 648 ut
1537 621 1632 647 urbem
1646 620 1699 647 (ΖΡ.
1717 620 1758 648 rei
1775 621 1846 648 tueri

1063 667 1104 695 vel
1118 674 1275 702 oppugnare
1290 671 1393 702 posset.
1420 665 1615 694 Monasterium
1631 666 1687 693 illic
1702 666 1753 693 loci
1772 673 1845 693 con-

1063 714 1163 742 struxit
1173 713 1370 740 Monomachus
1384 713 1589 743 Constantinus,
1604 712 1759 747 legiturque
1772 712 1845 746 apud

1062 758 1217 787 Cedrenum
1237 758 1364 792 κείμενος
1375 758 1404 784 ἐν
1418 759 1452 793 τῇ
1467 757 1533 793 παρ’
1550 757 1634 783 αὐτοῦ
1649 756 1848 792 νεουργηθείσῃ

1065 805 1132 840 μονῇ
1143 803 1197 830 τῶν
1212 804 1381 838 Μαγγάνων,
1395 803 1591 838 subditurque:
1608 802 1663 829 Καὶ
1678 803 1693 829 ὁ
1711 803 1759 836 μὲν
1773 803 1847 837 βασι-

1063 851 1124 881 λεὺς
1148 850 1294 877 ἀποθανὼν
1318 851 1346 876 ὲν
1361 850 1419 880 τοῖς
1432 849 1592 884 Μαγγάνοις
1606 848 1696 883 ταφῆς
1707 848 1785 883 ἔτυχε
1798 848 1846 882 τῆς

1061 889 1207 931 τυχούσηςέ
1223 895 1321 932 (ΞοΑιι.]

1097 943 1127 970 Ρ.
1141 941 1305 970 8LFestum
1317 941 1488 969 Constantini
1506 946 1531 968 et
1556 939 1663 968 Helenae
1679 941 1762 976 impp.
1777 939 1848 968 cele-

1061 988 1141 1016 brant
1153 987 1239 1015 Gneci
1252 987 1283 1014 2|
1295 987 1340 1014 die
1353 986 1532 1014 Maii.Gners.

1097 1034 1168 1061 Ibid.
1184 1033 1410 1070 [Constantinum
1429 1041 1483 1060 non
1512 1037 1638 1061 sanctum
1656 1032 1737 1059 modo
1758 1033 1804 1060 scd
1821 1038 1848 1060 et

1064 1081 1241 1108 ίσαπόστολον
1255 1080 1344 1108 (ἔτιεοί
1359 1080 1509 1114 praedicant
1523 1079 1558 1107 oh
1570 1083 1746 1114 propagatam
1761 1083 1788 1106 et
1799 1079 1848 1106 dc-

1063 1126 1166 1154 fensam
1175 1125 1233 1160 ejus
1246 1126 1338 1153 studio
1349 1125 1440 1153 fidem.
1449 1124 1591 1159 Templum
1604 1123 1654 1151 SS.
1669 1123 1807 1158 Apostolis
1820 1123 1847 1150 in

1063 1176 1179 1206 utraque
1203 1171 1288 1198 Roma
1312 1171 1463 1198 aediﬁcasse
1478 1175 1584 1198 cuncta:
1600 1169 1749 1204 quuuntur
1763 1168 1849 1195 histo-

1061 1217 1156 1249 rim,et
1173 1217 1200 1244 in
1220 1217 1378 1244 eorumdcm
1393 1216 1488 1244 limine
1502 1223 1613 1251 capsam
1630 1215 1847 1250 porphyreticam

1062 1263 1214 1290 Romanam
1231 1263 1320 1291 eidem
1344 1264 1370 1291 in
1386 1263 1541 1299 sepulcrum
1559 1269 1727 1290 concessam.
1746 1260 1847 1297 Com]

1098 1309 1170 1337 Ibid.
1186 1310 1306 1337 Natalem
1320 1310 1391 1336 diem
1420 1309 1451 1337 S.
1468 1309 1582 1336 Joannis
1600 1307 1730 1343 Baptista:
1745 1309 1848 1336 obeunt

1062 1355 1149 1383 Graeci
1166 1355 1308 1383 nobiscum
1324 1355 1359 1383 24
1373 1355 1417 1382 die
1432 1355 1518 1383 Junii.
1533 1354 1691 1382 Monasterii
1706 1355 1751 1382 cui
1766 1355 1847 1382 Petra

1063 1409 1172 1432 nomen,
1188 1402 1312 1429 meminit
1327 1401 1475 1430 Cantacnz.
1490 1409 1530 1434 ιιι,
1548 1401 1593 1429 55.
1609 1401 1713 1429 Gna'rs.

1098 1448 1170 1476 Ibid.
1182 1448 1274 1484 [Petra
1299 1456 1398 1475 nomen
1421 1447 1600 1475 monasterio.
1619 1447 1697 1484 Μονὴ
1710 1456 1848 1482 προσαγο-

1066 1495 1201 1531 ρευημένη
1228 1495 1329 1530 Πέτρα,
1358 1495 1454 1522 scribit
1482 1494 1704 1527 Cantacuzenus,
1738 1502 1780 1525 ιιι,

1068 1539 1154 1568 ΛΕάθε
1166 1540 1210 1568 illa
1222 1548 1299 1569 sacra
1315 1540 1408 1568 Basilii
1425 1540 1581 1568 Macedonis
1595 1548 1665 1575 opus
1678 1544 1731 1573 est,
1749 1540 1783 1568 de
1795 1548 1848 1575 quo

229 1580 265 1608 58
282 1587 290 1608 :
306 1580 404 1607 dicitur
415 1589 527 1616 namque
539 1587 564 1609 et
575 1582 694 1609 creditur
708 1588 791 1610 vestes
803 1582 896 1610 Maria:
904 1583 1013 1618 virginis

1064 1586 1220 1614 Cedrenus:
1235 1587 1289 1615 Καὶ
1300 1587 1363 1619 τοὺς
1374 1587 1422 1614 δύο
1432 1586 1478 1613 τοῦ
1490 1587 1646 1614 Βαπτιστοῦ
1667 1587 1766 1621 σηκοὺς
1780 1586 1808 1612 ἓν
1817 1595 1848 1613 τε

229 1631 254 1653 et
263 1631 363 1660 portent
371 1628 511 1661 quamdam
523 1628 766 1656 admirundwillim
780 1637 853 1655 some
869 1629 1015 1664 capitisque

230 1671 494 1707 etiamamiculumin
505 1681 586 1700 aurea
599 1682 667 1700 urna
677 1674 714 1700 ibi
725 1675 866 1701 asservari.
884 1673 920 1701 De
940 1678 1014 1701 veste

231 1717 258 1744 d.
275 1716 391 1752 Virginis
405 1723 511 1753 reperta
534 1719 594 1746 vidc
609 1719 733 1747 eumdem
744 1719 889 1755 Nicephor.
906 1728 951 1753 xv,
966 1719 1012 1747 24.

231 1762 333 1790 Gaz-rs.
949 1793 953 1796 .

267 1808 337 1835 Ibid.
347 1808 449 1844 [Μέχρι
458 1810 517 1838 τῶν
525 1810 677 1845 ’Υιεῦιηλίὖν-⁸
688 1812 725 1839 De
734 1812 824 1847 palatii
833 1813 1016 1842 Blaclicrncn-

232 1854 270 1882 sis
282 1856 414 1888 parte,cui
427 1864 523 1884 nomen
540 1857 654 1893 Ύψηλά,
666 1857 767 1885 dictum
779 1859 916 1893 superius.

269 1900 299 1927 Ρ.
312 1899 578 1936 81.[Πέζευμαρςςθ
589 1902 681 1937 palatii
696 1902 783 1930 locum
794 1911 848 1938 quo
867 1904 1014 1939 imperator

231 1945 354 1978 πεζεύει,
370 1947 528 1975 manifestat
543 1955 605 1983 cap.
621 1948 647 1981 5,
669 1948 798 1984 idemque
813 1949 935 1978 declarat
950 1955 1013 1978 nota

231 1993 264 2020 ad
280 2000 308 2027 p.
319 1993 365 2020 29.
381 1992 480 2030 60am]

268 2037 338 2066 Ibid.
382 2038 491 2067 Festum
509 2039 547 2066 ὃ.
566 2039 674 2075 Georgii
704 2041 835 2076 martyris
869 2042 1011 2070 celebrant

232 2083 320 2112 ϐιτεοί
331 2083 367 2110 25
381 2084 424 2112 die
441 2085 552 2119 Aprilis.
577 2084 770 2121 Manganensis
787 2087 944 2114 monasterii
959 2095 1015 2114 nie-

232 2131 314 2157 minit
330 2130 552 2160 Cantacuzenus.
571 2131 589 2160 l.
608 2139 626 2164 ι,
643 2139 668 2159 c.
687 2132 720 2159 50
738 2136 764 2160 et
784 2132 829 2164 59,
847 2137 874 2160 et
891 2133 912 2161 l.
935 2141 974 2165 ιιι,
986 2141 1013 2161 c.

233 2176 267 2203 16
284 2180 311 2203 et
328 2176 364 2203 42
379 2180 405 2203 et
420 2177 465 2209 b5,
481 2177 507 2204 in
523 2184 578 2210 quo
606 2177 765 2212 aliquandiu
793 2178 1012 2211 Cantacuzenus,

1064 1633 1097 1666 τῇ
1123 1632 1260 1667 Στροόιλῳ
1280 1632 1327 1659 καὶ
1349 1633 1575 1665 Μικεδονιαναῐς,
1595 1632 1642 1659 τοῦ
1661 1632 1714 1667 μὲν
1744 1632 1848 1666 ἀνῳκο-

1065 1677 1166 1712 δόμησε
1179 1677 1209 1704 τὸ
1223 1678 1359 1710 πλεῖστον,
1374 1679 1403 1705 τὸ
1414 1678 1442 1705 δὲ
1452 1679 1485 1704 ὲκ
1503 1677 1614 1713 βάθρων
1628 1678 1786 1712 ἀνήγειρεν.
1800 1677 1848 1703 Pc-

1066 1726 1134 1749 tram
1154 1731 1220 1751 vero
1250 1723 1284 1750 ad
1308 1723 1516 1755 monasterium,
1546 1723 1590 1750 cui
1606 1730 1707 1750 nomen
1723 1722 1847 1757 imponit,

1065 1767 1146 1795 sitam
1174 1769 1314 1803 «repetition
1338 1769 1452 1803 figuram
1470 1768 1573 1796 referre
1587 1768 1682 1796 vident
1699 1768 1747 1802 qui
1764 1768 1846 1795 etiam

1065 1813 1146 1842 hodie
1160 1813 1212 1841 (ΖΡ.
1227 1814 1316 1841 oculis
1331 1814 1566 1842 circumlustrant.
1579 1813 1680 1850 Goan.]

1101 1859 1173 1887 Ibid.
1185 1860 1261 1895 Apud
1272 1860 1380 1888 Graecos
1394 1860 1548 1888 tricesimus
1560 1860 1618 1887 dies
1633 1859 1708 1886 Junii
1720 1858 1847 1886 omnibus

1065 1906 1146 1934 simul
1166 1906 1296 1941 apostolis
1311 1906 1418 1934 dicatus
1430 1911 1482 1934 est.
1503 1906 1603 1934 Gne‘rs.

1100 1951 1171 1979 Ibid.
1184 1951 1234 1988 [De
1249 1952 1444 1987 Apostolorum
1464 1951 1534 1980 festo
1546 1952 1699 1980 solemnius
1710 1951 1763 1979 (ΖΡ.
1779 1951 1848 1979 σείει

1064 1997 1144 2029 brato
1160 1997 1217 2025 lnec
1232 1996 1430 2032 Theophanes:
1449 1997 1553 2032 Φῆστος
1574 1997 1757 2031 συγκλητικὸς
1778 1996 1847 2022 Ῥῶ-

1066 2051 1120 2078 μης
1136 2043 1301 2075 ἀποπαλεὶς
1317 2044 1386 2078 πρὸς
1403 2043 1578 2069 Ἀναστάσιον
1604 2042 1649 2068 διά
1666 2051 1745 2074 τινας
1756 2042 1847 2078 χρείας

1064 2088 1208 2120 πολιτικὰς
1217 2088 1267 2120 τὰς
1283 2089 1394 2124 μνήμας
1404 2088 1459 2115 τῶν
1476 2088 1562 2122 ἁγίων
1578 2087 1739 2115 ἀποστόλων
1748 2088 1847 2122 Πέτρου

1065 2134 1111 2161 καὶ
1127 2134 1231 2161 Παύλου
1241 2133 1500 2170 πανηγυρικώτερον
1516 2133 1701 2160 ὲπιτε).εῖσθαι
1716 2133 1847 2168 ᾐτήσατο.

1067 2180 1100 2206 ‘0
1111 2181 1158 2206 καὶ
1173 2180 1271 2215 κρατεῖ
1288 2180 1426 2215 μέχρικαὶ
1437 2179 1496 2207 νῦν,
1510 2177 1610 2215 ϐοΑιι.]

233 2221 358 2255 deposito
370 2221 496 2256 imperio,
511 2221 594 2249 vitam
607 2223 786 2250 monasticam
803 2223 867 2257 egit.
886 2223 1012 2258 Ejusdem
1032 2237 1052 2265 ο
1103 2224 1175 2252 Ibid.
1208 2225 1318 2253 Festum
1333 2224 1598 2260 Transﬁgurationis
1620 2229 1704 2260 agunt
1730 2224 1816 2252 Graeci
1832 2223 1848 2251 6

233 2266 379 2300 aliquoties
408 2268 510 2295 tnentio
525 2267 554 2295 fit
571 2268 598 2295 in
616 2267 736 2295 Historia
749 2267 895 2303 Nicephori
912 2269 1015 2305 Grego-

234 2314 282 2340 ra-L.
296 2314 323 2340 In
351 2315 401 2342 hac
419 2315 593 2348 processione
607 2317 641 2343 ad
656 2315 788 2351 Maugana
803 2317 847 2344 die
861 2316 890 2344 S.
907 2316 1015 2352 Georgii

235 2358 415 2387 Constantino
435 2360 514 2388 Dncze
526 2357 684 2395 imperatori
699 2362 805 2389 insidiae
820 2366 930 2390 structae.
941 2367 1017 2394 sunt,

234 2413 304 2440 quas
319 2410 408 2434 tamen
425 2408 484 2441 ipse
495 2407 609 2435 feliciter
630 2409 727 2441 evasit,
748 2413 777 2436 ut
792 2410 886 2437 scribit
899 2409 1017 2437 Joannes

234 2451 410 2486 liuropalata.
434 2451 629 2481 Mona'sterium
670 2453 854 2488 Manganense
883 2455 1018 2482 exstruxit

235 2498 431 2526 llonomachus
447 2499 605 2534 imperator,
621 2500 735 2527 testibus
748 2499 872 2528 Cedreno
887 2505 914 2528 ct
928 2500 1017 2528 Curo-

234 2545 341 2580 palata;
359 2544 403 2571 ubi
417 2545 498 2571 etiam
512 2546 636 2579 sepultus
649 2550 701 2574 est.
717 2545 819 2574 Gnsrs.

272 2591 342 2619 Ibid.
354 2590 505 2627 [Cedrcnus
520 2592 554 2619 de
569 2591 710 2627 Manganis
721 2592 783 2619 loco
797 2600 804 2619 :
822 2592 924 2628 Ἔργον
937 2593 1019 2620 Βασι-

233 2636 307 2666 λείου
323 2638 367 2664 τοῦ
395 2636 528 2672 βασιλέως
543 2637 590 2663 καὶ
604 2638 617 2663 ὁ
630 2636 776 2670 λεγόμενος
791 2634 865 2669 οἶκος
878 2637 911 2664 τὰ
936 2638 1016 2672 Μάγ-

234 2691 305 2715 γανα
318 2682 364 2709 καὶ
375 2683 390 2709 ὁ
404 2683 497 2718 ἕτερος
512 2683 526 2709 6
545 2683 604 2714 νέος
616 2682 792 2717 καλούμενος.
805 2682 890 2716 Quas,
907 2688 935 2710 ut
952 2684 1018 2711 sul)-

233 2729 285 2760 dit,
297 2736 331 2755 eo
346 2729 487 2764 proposito
495 2729 593 2762 erexit,
609 2736 644 2756 ne
656 2728 780 2764 publicos
791 2729 895 2756 reditus
911 2729 936 2755 in
952 2737 1017 2757 usus

235 2775 355 2809 privatos
370 2780 496 2803 verteret.
515 2775 580 2802 Eam
596 2775 632 2802 ob
647 2783 703 2802 rem
720 2774 824 2802 reditus
836 2775 875 2802 eis
891 2782 924 2802 ex
944 2775 1017 2809 agri-

234 2821 350 2848 cultura;
364 2822 541 2856 proventibus
556 2821 698 2849 constituit
713 2821 795 2857 342
811 2821 933 2852 idoneos,
946 2811 1017 2848 unde

235 2865 412 2901 imperatorio
442 2867 568 2895 convivio
594 2875 642 2903 pro
669 2875 697 2894 se
716 2873 742 2895 et
763 2868 796 2894 iis
810 2868 855 2902 qui
875 2871 931 2894 toto
950 2866 1014 2894 anni

1066 2270 1192 2305 Augusti.
1208 2270 1238 2298 In
1255 2270 1423 2298 monasterio
1450 2269 1655 2296 Pantocratoris
1671 2268 1796 2302 sepultus
1810 2270 1851 2294 est

1068 2314 1176 2342 Manuel
1192 2315 1350 2343 Comnenus
1368 2315 1528 2350 imperator,
1547 2314 1680 2342 utscriblt
1695 2313 1804 2342 Nicetas
1816 2313 1848 2341 ad

1067 2361 1167 2389 calcem
1187 2361 1248 2389 libri
1263 2369 1299 2389 vn
1316 2361 1352 2389 De
1367 2361 1450 2389 rebus
1466 2360 1664 2389 Emmanuelis.
1682 2359 1781 2387 Gns'rs.

1104 2406 1174 2433 Ibid.
1193 2405 1309 2442 [lrenem
1324 2406 1474 2434 Andronici
1487 2405 1607 2433 senioris
1620 2412 1735 2432 uxorem
1754 2405 1782 2432 in
1799 2405 1850 2432 hoc

1068 2452 1233 2479 monasterio
1260 2453 1394 2487 sepultam
1423 2456 1516 2479 narrat
1531 2451 1666 2486 Gregoras
1677 2459 1725 2485 vn,
1739 2452 1792 2485 16;
1806 2459 1847 2479 re-

1068 2498 1215 2533 gnantibus
1231 2498 1257 2526 in
1267 2498 1378 2526 Oriente
1392 2497 1558 2530 Francis,td
1573 2498 1627 2525 τῶν
1639 2497 1763 2524 Λατίνων
1777 2497 1850 2532 βασί-

1067 2547 1126 2573 λεια
1147 2547 1164 2582 ή
1193 2546 1240 2573 τοῦ
1258 2545 1477 2579 παντοκράτορος
1503 2544 1609 2579 ὑπῆρχε
1637 2544 1706 2579 μονή
1721 2563 1728 2575 ,
1753 2544 1847 2571 scribit

1068 2591 1138 2618 idem
1157 2601 1193 2623 IV,
1216 2592 1232 2618 ι
1245 2599 1253 2624 ;
1266 2590 1369 2625 regiam
1388 2589 1558 2625 sepulturam
1577 2589 1687 2616 dederat
1702 2589 1778 2623 prius
1797 2589 1849 2616 Ma-

1068 2637 1141 2664 nucli
1157 2637 1309 2668 Comneno,
1332 2639 1467 2663 utauctor
1481 2639 1523 2662 est
1535 2634 1645 2662 Nicetas
1663 2634 1689 2661 in
1706 2635 1767 2668 ejus
1779 2634 1846 2661 Vna.

1068 2683 1201 2710 ABasilio
1221 2682 1366 2710 Macedone
1390 2682 1480 2717 primo
1507 2686 1697 2708 conuructum
1722 2686 1748 2708 et
1760 2687 1847 2708 annuo

1067 2737 1152 2757 censu
1173 2729 1257 2756 fuisse
1273 2728 1407 2756 donatum
1424 2732 1520 2755 auctor
1539 2731 1583 2754 est
1598 2727 1758 2754 Cedrenus:
1771 2726 1845 2761 Ἀνή-

1067 2783 1142 2809 γειρε
1154 2774 1182 2800 δὲ
1196 2774 1269 2808 (ναὸν
1282 2772 1430 2805 Βαπίλιιος)
1441 2771 1488 2798 καὶ
1496 2772 1528 2797 ὲκ
1545 2772 1642 2806 καινῆς
1657 2771 1685 2797 δν
1697 2772 1757 2801 ταῖς
1776 2770 1846 2805 βασι-

1067 2820 1149 2851 λείοις
1162 2820 1259 2851 αὐλαῖς
1268 2820 1314 2850 -είς
1325 2819 1412 2852 ὄνομα
1424 2818 1471 2844 τοῦ
1484 2817 1620 2844 Δεσπότου
1631 2816 1759 2851 Σωτῆρος
1774 2816 1843 2851 Χρι-

1068 2865 1141 2892 στοῦ.
1157 2865 1187 2894 Et
1203 2865 1272 2893 infra
1287 2872 1293 2892 τ
1312 2866 1365 2892 Καὶ
1379 2864 1475 2896 ἄλλους
1492 2863 1518 2890 δὲ
1533 2862 1645 2893 πολλοὺς
1663 2861 1753 2892 θείους
1770 2860 1843 2890 ναοὺς
