2026 3147
171 143 222 175 381

718 145 910 176 GltETSERI
933 146 978 175 ET
999 146 1115 176 GO.\Il[
1137 146 1257 177 ΝΟΤιιΕ-

1737 147 1791 180 382

166 202 242 232 ἰντδς
252 200 300 228 τηῦ
313 201 445 228 ﬁala-dou
456 200 608 236 ἑδομήσατο
619 200 658 232 εἰς
668 199 753 234 heu;
764 199 811 226 τοῦ
823 199 949 234 Σωτῆρος

1004 208 1084 227 manu
1098 202 1131 228 ad
1148 202 1221 229 diem
1236 201 1269 228 l5
1282 201 1396 236 Augusti
1413 202 1479 229 illml
1489 202 1522 229 de
1542 201 1660 230 secunda
1674 198 1789 229 Assur-i-

165 247 297 283 Χριστοῦ.
310 246 411 283 ϐοιιι.]

202 293 274 321 Ibid.
301 293 350 320 Die
381 293 414 322 l5
435 293 550 328 Augusti
579 297 665 329 agunt
688 292 777 320 Latini
805 301 867 320 cum
881 293 955 321 Grat-

166 339 208 366 eis
226 339 430 373 assumptione":
443 338 476 365 Ι).
498 338 624 373 Virginis.
638 338 736 370 Grtcci,
753 343 781 365 ut
799 344 909 373 apparet
920 346 953 365 es

170 384 280 412 lilenaais
292 388 319 411 et
341 383 516 418 Menologiis,
529 387 629 410 vocant
643 384 695 411 hoc
710 383 809 411 festum
823 383 953 417 κοιμησιν

165 429 215 464 τῆς
224 429 375 462 ὐπεραγῑας
384 428 528 464 δεσποίνης
536 428 613 463 ἡμῶν
621 428 764 455 Θεοτόκου.
776 429 806 455 Et
814 427 866 455 hoc
876 427 954 454 titulo

167 475 393 502 exstantPatrum
403 475 542 505 orationes
552 474 579 501 in
590 474 641 501 hoc
650 473 760 505 festum,
773 478 803 501 ut
811 473 842 500 Β.
855 473 953 500 Dama-

168 520 243 548 sceni
256 520 336 558 34,3
350 523 377 547 et
392 519 505 547 Andreas
518 519 664 547 Cretensis.
686 518 818 546 Alortuam
829 525 894 554 ergo
907 525 955 546 vo-

167 564 228 591 lunt
249 565 282 591 15
297 565 340 591 die
351 564 464 599 Augusti
476 573 484 596 ;
496 564 652 600 adduntque
665 564 761 592 eodem
774 564 817 591 die
832 571 955 591 resurre-

166 609 240 636 aisse
254 613 282 636 et
296 609 387 636 animo
404 608 484 636 simul
509 614 536 636 et
552 616 665 644 corpore
675 610 702 636 in
718 609 815 636 cmlnm
832 616 955 643 assump-

167 660 222 681 tam
238 662 308 682 esse.
324 654 413 688 Quare
427 659 489 689 post
499 654 684 689 supradictnm
700 654 733 681 de
745 654 910 681 Domitiana
921 653 955 680 ti-

168 700 255 727 tulum
272 700 441 735 subiungunt
459 700 558 727 Menas
576 709 583 728 :
598 700 644 735 Τῷ
660 699 736 734 αὑτῷ
766 700 831 735 μηνὶ
856 707 953 726 πεντεο

167 746 318 781 καιδεκάτῃ
334 746 350 779 ἡ
366 745 506 781 σεϐασμία
529 746 695 780 μετάστασις
709 745 760 780 τῆς
774 745 952 780 ὑπιρενδόξου

166 792 310 827 δεσποίνης
325 790 403 826 ἡμῶν
417 790 549 818 Θεοτόκου
567 791 614 818 καὶ
630 790 813 826 ἁιιπαρθένου
827 789 949 824 Μαρίας.

167 838 268 865 Eodem
280 845 345 872 ergo
355 837 398 865 die
411 842 437 865 et
451 837 518 864 obiit
530 841 558 865 et
573 837 606 864 ad
621 837 716 870 castos,
730 836 842 864 reducta
854 836 880 863 in
893 843 950 863 cor-

1005 249 1096 281 ptione
1108 255 1168 276 esse
1189 249 1381 276 assumendum
1399 257 1452 275 non
1481 255 1496 275 a
1510 248 1591 281 Beda,
1609 248 1656 275 sed
1676 255 1690 274 a
1719 248 1789 274 mala

1003 294 1129 330 quapiam
1151 301 1244 321 mantl.
1264 294 1318 321 Nec
1334 293 1502 321 consuetudo
1526 293 1724 321 Germanorum
1742 293 1791 319 tri-

1004 339 1135 366 cesimum
1150 344 1296 374 assutnptm
1307 339 1425 373 Virginis
1433 339 1627 366 celebrantium
1639 339 1788 374 quidquam

1005 385 1075 412 hanc
1098 384 1303 419 persuasionem
1324 384 1419 419 juvat:
1451 392 1506 411 non
1534 384 1606 411 enim
1635 384 1660 411 id
1687 384 1789 412 faciunt

1004 428 1082 461 quasi
1097 428 1235 456 tricesimo
1246 427 1354 455 demum
1371 428 1415 455 die
1427 428 1548 456 rediviva
1579 429 1607 455 in
1619 429 1702 456 caelos
1714 431 1789 456 exal-

1005 478 1060 501 taza
1076 473 1167 507 fuerit,
1184 474 1231 501 sed
1247 475 1311 501 totis
1326 474 1379 502 illis
1403 474 1514 509 triginta
1530 475 1627 503 diebus
1641 476 1791 510 assumptio

1006 519 1033 547 in
1051 519 1152 547 coelum
1172 519 1264 546 statim
1280 527 1295 546 a
1321 523 1409 547 morte
1427 519 1496 547 facta
1513 520 1683 548 decantatur.
1701 520 1788 548 ϐπευί

1004 572 1059 591 non
1076 570 1158 599 agunt
1171 564 1254 600 354
1271 566 1341 592 hunc
1358 565 1537 595 tricesimum.
1557 571 1586 592 ut
1598 569 1670 600 patet
1684 573 1716 592 ex
1738 565 1790 600 Ty-

1005 609 1065 642 pico
1082 609 1110 635 S.
1127 609 1214 640 Sabae,
1229 617 1260 636 ex
1274 609 1375 636 Mense
1391 610 1417 636 in
1432 610 1554 643 Augusto
1566 615 1593 637 et
1622 610 1789 645 Septembri.

1007 655 1053 682 Est
1068 654 1176 682 devotio
1189 653 1364 686 Germanica,
1383 659 1410 682 et
1427 660 1515 682 exstat
1530 655 1556 682 in
1571 656 1709 690 plerisque
1722 655 1789 683 Mis-

1004 699 1108 727 salibns
1135 704 1163 726 et
1175 699 1332 733 Breviariis,
1350 699 1377 726 in
1393 699 1569 736 Eystettensi,
1583 700 1788 735 Hatisponensi,

1005 745 1219 781 Salisburgensi,
1239 744 1418 780 Frisingensi,
1432 745 1574 779 Curienai;
1590 746 1790 780 multisqnelov

1004 791 1054 823 cis,
1072 799 1180 819 summo
1210 799 1290 819 mane
1307 799 1355 827 per
1377 793 1487 827 triginta
1518 792 1578 820 illos
1606 793 1664 820 dies
1683 793 1790 820 canitur

1006 838 1123 865 otiicium
1141 838 1173 865 de
1186 838 1217 866 Β.
1230 837 1350 873 Virgine,
1367 838 1534 866 Gaudeamus
1554 847 1640 866 omnes
1659 844 1722 872 εκ..
1736 838 1790 866 frc—

167 890 218 917 pns
234 883 336 915 anima,
350 883 417 910 abiit
431 883 604 910 sanctissima
628 881 753 917 Deipara.
773 881 850 914 Quod
868 883 949 909 etiam
967 889 990 917 Β
1003 883 1097 917 qncnti
1113 883 1213 917 populo
1228 888 1395 911 occurrente.
1414 884 1443 910 Et
1467 885 1510 911 hic
1526 883 1682 918 lngolstadii
1698 884 1791 919 quoti-

167 928 263 956 Latina
281 928 400 956 Ecclesia
414 928 515 956 sentire
534 927 650 961 videtur,
665 935 724 962 quae
741 927 785 955 die
809 927 842 955 15
855 925 958 963 Λάδη--

148 1001 153 1006 ,
168 975 201 1002 sti
211 975 421 1009 Assumptionem
434 974 463 1001 Β.
480 973 598 1008 Virginis
608 973 721 1001 solemni
733 973 896 1000 czeremonia
905 980 952 1000 cc-

168 1020 267 1053 lebrat,
287 1019 393 1047 tatnctsi
406 1019 440 1047 de
452 1018 624 1051 Dormitione,
639 1023 731 1045 utrum
743 1017 838 1045 eodem
855 1017 899 1045 die
917 1024 950 1044 an

168 1065 258 1099 aliquo
270 1065 436 1099 praecedente
445 1063 585 1097 acciderit,
599 1063 666 1091 nihil
680 1062 770 1090 tradit.
789 1062 878 1090 Latini
893 1061 953 1096 qui-

168 1109 229 1136 dam
246 1109 434 1145 martyrolngi,
454 1113 485 1136 nt
501 1107 560 1136 Ado
586 1112 613 1136 et
641 1107 792 1140 Usuardus,
811 1106 954 1133 Domitio-

168 1164 236 1188 nem,
270 1163 325 1183 non
345 1156 557 1189 Assumptionem
581 1154 746 1189 indigitant;
773 1152 851 1188 cujus
869 1159 952 1179 causa

166 1202 267 1229 acriter
281 1202 307 1229 tn
318 1201 381 1229 illos
396 1201 510 1236 insurgit
534 1200 667 1228 Barouius
681 1207 754 1227 anno
767 1198 952 1232 Redemptoris

166 1249 212 1281 £8,
225 1255 328 1284 eosque
342 1250 472 1283 provocat
486 1247 519 1274 ad
534 1245 724 1281 antiquissima
748 1244 864 1272 Romani
882 1244 953 1271 Mar-

167 1293 292 1329 tyrologii
305 1292 431 1327 vestigia,
451 1291 496 1319 ubi
520 1298 574 1319 non
589 1291 722 1318 Domitia
735 1290 782 1317 sed
800 1289 952 1323 Assumptio

165 1340 284 1375 legatur.
306 1338 416 1366 Veniam
434 1338 479 1365 det
492 1343 604 1371 magnus
619 1335 764 1363 Annalium
778 1334 912 1365 conditor,
929 1333 952 1360 si

166 1386 230 1420 quid
243 1385 338 1412 dixero
348 1391 398 1419 pro
410 1383 574 1418 supradictis
586 1381 787 1417 martyrologis.
800 1379 951 1407 Romanum

165 1430 389 1465 Martyrologium
398 1429 519 1456 omnium
530 1427 645 1455 aliorum
660 1426 884 1458 vetustissimum,
900 1432 952 1452 sae-

166 1486 199 1514 pe
215 1486 230 1506 a
248 1477 367 1504 Baronio
391 1475 572 1503 desideratum
587 1474 635 1502 sed
659 1473 787 1508 nuspiam
803 1476 951 1507 repertum,

166 1533 254 1560 nuper
267 1525 377 1552 detuum
392 1522 482 1550 studio
497 1521 632 1548 Ht-riberti
642 1519 786 1555 Rosvv'eydi
801 1519 887 1547 nostri
902 1526 952 1553 pu-

166 1572 297 1599 blicatum
315 1575 346 1598 et
366 1569 449 1597 Paulo
467 1567 486 1595 V
502 1567 624 1603 pontiﬁci
642 1566 763 1594 maximo
780 1565 951 1600 inscriptum,

168 1619 229 1649 hoc,
245 1617 369 1651 inquam,
383 1613 607 1649 Martyrologium
635 1611 669 1639 15
683 1611 728 1639 die
754 1610 865 1646 Augusti
881 1610 952 1637 hanc

167 1659 371 1695 inscriptionem
386 1657 494 1693 praefert
507 1665 515 1684 :
529 1657 558 1685 S.
575 1655 671 1684 Maria:
681 1656 824 1683 Dormitio.
842 1655 870 1682 Si
887 1661 952 1689 ergo

167 1704 344 1741 martyrologi
360 1704 398 1731 illi
414 1703 572 1739 primaevnm
599 1701 651 1730 hoc
665 1701 796 1729 Romanae
822 1700 952 1728 Ecclesia

168 1749 391 1786 llartyruloginm
419 1748 505 1776 secuti
534 1751 608 1780 sunt,
625 1746 688 1781 quid
708 1745 876 1781 peccarunt?
896 1744 952 1773 Nec

168 1801 280 1828 mirum,
303 1795 367 1830 quia
384 1794 475 1822 forsan
491 1792 544 1820 illis
562 1792 712 1825 Auumpu‘o
740 1790 861 1825 Deiparre
890 1797 951 1817 cum

168 1849 285 1877 corpore
304 1846 332 1868 et
346 1841 436 1868 anitna
453 1844 506 1867 tam
522 1838 625 1874 liquida
641 1844 694 1864 non
711 1836 763 1863 fuit
778 1843 859 1871 quam
876 1835 953 1863 nobis

169 1895 211 1917 est
226 1888 320 1919 hodie.
338 1888 402 1922 quia
416 1886 517 1914 veritas
532 1884 665 1920 paulatim
675 1883 762 1918 magis
774 1887 854 1916 atque
867 1881 953 1916 magis

169 1935 277 1961 cruitur
289 1938 316 1961 et
329 1932 494 1963 elucidatur,
511 1930 547 1957 ita
562 1935 592 1957 ut
607 1929 680 1964 quod
695 1928 832 1962 prioribus
845 1926 953 1954 saeculis

170 1979 408 2008 ohscuriuseulum
425 1977 587 2009 habebatur,
603 1975 629 2003 id
655 1974 771 2010 posteris
783 1972 953 2008 temporibus

170 2029 241 2054 clara
259 2026 286 2053 in
302 2025 362 2052 luce
376 2027 534 2058 reponatur.
557 2021 669 2049 Accedit
694 2020 767 2055 quod
785 2019 912 2046 [tabanus
927 2021 955 2045 et

172 2072 305 2102 Notkerus
332 2072 359 2098 in
378 2070 436 2097 suis
450 2067 649 2103 Martyrologiis
671 2065 851 2101 appellatione
873 2063 954 2091 hodie

172 2119 275 2146 Latinis
290 2121 419 2145 consueta
434 2119 565 2143 utantur:
579 2113 650 2148 apud
664 2116 810 2147 utrumque
826 2110 899 2138 enim
916 2109 954 2136 Ie-

171 2174 216 2201 gcs
234 2164 386 2199 Assumptio
401 2162 435 2190 B.
449 2161 543 2188 Maria:
560 2159 692 2195 genitricis
707 2158 766 2190 Dei,
783 2163 812 2185 ut
825 2162 853 2185 et
882 2155 953 2191 apud

172 2211 282 2239 Bedam.
297 2209 397 2243 Quare,
410 2212 440 2235 ut
455 2207 481 2234 in
498 2206 620 2234 semitam
636 2209 816 2235 revertamur,
830 2201 955 2230 beatissi-
971 2218 994 2246 ο

171 2265 242 2284 mam
259 2255 398 2290 Virginem
413 2253 508 2281 eodem
523 2252 568 2279 die
580 2255 727 2281 mortuam,
746 2248 884 2284 sepultam
897 2252 926 2274 et
938 2254 954 2274 a

172 2302 288 2330 mortuis
301 2301 446 2328 excitatam
462 2306 524 2327 cum
550 2297 706 2326 Graecorum
724 2293 836 2322 Menaeis
865 2292 954 2319 credi-

172 2357 245 2381 mus,
272 2348 336 2377 licet
368 2346 551 2374 Damascenus
597 2341 835 2371 resuscitationem
877 2338 957 2366 tertio

172 2397 282 2423 demum
298 2394 332 2422 ab
348 2393 423 2420 obitu
438 2392 481 2418 die
497 2394 601 2418 statuat
614 2389 641 2416 in
657 2388 780 2416 oratione
794 2386 827 2414 de
841 2389 957 2412 Assum-

173 2440 264 2475 ptione
277 2439 307 2466 Β.
323 2437 424 2465 Mariae.
440 2435 560 2464 Tametsi
574 2433 743 2470 probabilius
755 2432 799 2460 isti
811 2438 893 2466 quam
909 2429 956 2456 alii

172 2487 243 2521 apud
261 2485 372 2516 Bcdam,
386 2482 663 2518 quiAssumptionem
679 2479 800 2513 Deipurte
812 2477 845 2504 ad
860 2485 887 2506 Ix
903 2475 957 2507 Ka-

174 2530 267 2559 lendas
285 2528 427 2559 Octobres,
437 2527 488 2554 IIOC
497 2531 538 2554 est
549 2526 581 2553 ad
589 2525 624 2553 24
632 2524 702 2552 diem
717 2522 898 2558 Septembris,
914 2527 958 2548 re-

175 2578 275 2607 ferunt,
305 2575 342 2602 ita
358 2578 388 2601 ut
403 2573 474 2600 inter
488 2575 602 2598 mortem
616 2571 675 2605 eius
705 2569 737 2596 15
755 2568 879 2604 Augusti,
895 2573 956 2602 quae

174 2621 225 2648 fuit
237 2621 324 2656 prima
338 2619 505 2653 Assumptio,
529 2624 627 2651 nempe
651 2614 800 2642 secundum
827 2613 956 2644 animam,

175 2667 211 2694 int
230 2665 376 2693 rcesserint
390 2663 567 2700 quadraginta
599 2662 657 2688 dies
673 2667 759 2694 usque
782 2659 847 2686 dum
864 2657 957 2688 anima

175 2719 236 2739 cum
253 2718 367 2746 corpore
382 2717 477 2737 rursus
493 2706 678 2743 cunglzuinata
692 2705 842 2733 resurrexit
856 2703 956 2731 celos-

175 2765 227 2793 qne
248 2757 301 2793 peti
321 2757 351 2784 it.
372 2755 474 2783 Veruln
497 2755 556 2781 haec
573 2753 647 2780 omni
664 2749 897 2780 verisimilitudine
911 2756 957 2776 ca-

177 2807 247 2835 rent,
266 2807 294 2830 et
310 2803 493 2830 adversantur
512 2805 565 2826 tam
583 2798 684 2825 Latina:
698 2805 779 2832 quam
795 2796 895 2824 Gnrcaa
907 2794 957 2821 Ec-

178 2849 278 2882 clesiae;
290 2853 420 2884 recteque
430 2851 503 2875 notat
515 2845 647 2876 Baronius
661 2845 688 2873 in
699 2842 888 2878 Martyrologio
901 2841 957 2870 Ro-

1002 928 1046 955 die
1078 936 1127 963 per
1142 929 1250 963 trlginta
1264 929 1323 956 dies
1343 937 1375 958 ex
1388 930 1605 964 congregationis
1619 930 1787 958 Academicus

1001 971 1158 1000 fundatione
1179 973 1280 1000 litanias
1308 974 1406 1001 ctaliaa
1429 975 1570 1002 cautiones
1597 980 1732 1002 canuntur
1758 975 1785 1002 in

1003 1019 1102 1052 templo
1117 1019 1146 1046 D.
1167 1019 1296 1054 Virginis,
1322 1020 1447 1054 idemque
1463 1021 1492 1048 tit
1512 1021 1540 1049 in
1556 1021 1722 1050 Mauriciana
1739 1029 1788 1056 pa-

1002 1063 1107 1090 rochia.
1121 1062 1152 1089 Et
1171 1064 1309 1097 quamvis,
1327 1069 1355 1092 ut
1374 1065 1459 1099 aliqui
1482 1065 1627 1100 objiciunt,
1653 1073 1668 1094 a
1685 1065 1787 1093 Gre-cit

1002 1108 1083 1136 etiam
1097 1109 1277 1136 schismatiris
1291 1115 1381 1136 ortum
1399 1110 1520 1143 haberet,
1536 1111 1607 1145 quod
1625 1116 1714 1138 tamen
1743 1120 1788 1139 se-

1002 1161 1051 1182 cus
1065 1159 1118 1187 est,
1135 1163 1188 1182 non
1201 1155 1261 1183 ideo
1271 1156 1446 1191 improbanda
1455 1157 1593 1184 essethaec
1601 1158 1785 1191 consuetudo;

1003 1207 1066 1228 nam
1085 1206 1112 1227 et
1126 1207 1141 1227 a
1167 1201 1352 1229 schismaticis
1381 1202 1482 1229 bonum
1500 1202 1610 1237 aliquod
1629 1202 1784 1230 institutum

1003 1246 1137 1281 proﬁcisci
1148 1251 1247 1282 potest.
1265 1247 1313 1274 Est
1328 1254 1393 1282 ergo
1405 1255 1419 1274 a
1435 1247 1581 1276 Germanis
1595 1248 1640 1275 hic
1655 1256 1723 1280 mos,
1739 1249 1785 1284 qni

1002 1292 1136 1320 defunctis
1148 1292 1313 1320 tricesimum
1323 1300 1403 1328 agere
1412 1293 1519 1328 solent;
1534 1299 1562 1320 et
1571 1294 1670 1321 alicubi
1685 1294 1709 1322 si
1724 1294 1788 1328 quis

1003 1338 1141 1365 honestior
1158 1343 1280 1365 mortuus
1303 1341 1354 1371 est,
1369 1345 1424 1366 non
1453 1342 1556 1366 tantum
1582 1343 1725 1374 parentant
1747 1339 1786 1366 illi

1003 1384 1084 1411 tertio
1095 1384 1211 1418 septimo
1225 1387 1253 1411 et
1272 1383 1408 1411 tricesimo
1429 1383 1482 1416 die,
1504 1384 1551 1412 sed
1566 1384 1688 1419 quotidie
1709 1384 1788 1412 habi-

1002 1432 1031 1455 ιιι
1046 1428 1152 1462 lugubri
1165 1428 1198 1455 ad
1213 1428 1325 1456 missam
1341 1433 1368 1456 et
1385 1429 1418 1456 ad
1437 1435 1562 1464 vesperas
1576 1433 1653 1462 eum,
1680 1433 1708 1456 et
1722 1428 1788 1456 olfe-

1003 1479 1065 1502 runt
1079 1474 1111 1501 ad
1127 1474 1214 1502 altare
1229 1474 1339 1510 quidem
1368 1475 1524 1510 pecuniam,
1541 1475 1574 1502 ad
1592 1474 1785 1509 cenotaphium

1004 1527 1067 1547 vero
1084 1520 1145 1554 (altf
1155 1519 1202 1547 der
1216 1520 1293 1551 baar)
1325 1519 1432 1552 vinum,
1466 1527 1559 1555 panes,
1575 1524 1629 1548 etc.
1657 1519 1787 1548 Germani

1004 1572 1068 1600 ergo
1084 1565 1252 1593 venerationi
1264 1565 1334 1593 divae
1350 1565 1468 1601 Virginis
1498 1565 1679 1593 addictissimi
1706 1565 1787 1592 ctiam

1002 1619 1051 1646 per
1065 1615 1104 1639 tot
1116 1612 1174 1639 dies
1191 1616 1334 1646 parentare
1350 1612 1494 1639 voluerunt
1509 1611 1578 1639 divas
1593 1611 1709 1647 Virgini.
1732 1618 1787 1638 non

1002 1658 1152 1693 lugubriter
1165 1661 1194 1685 ut
1209 1661 1333 1690 mortuae,
1351 1658 1397 1686 sed
1416 1657 1538 1685 hilariter
1556 1663 1586 1684 ut
1602 1657 1627 1685 in
1643 1657 1727 1686 ccelos
1742 1663 1788 1683 as-

1003 1708 1132 1738 sumpta:
1147 1703 1210 1730 hinc
1227 1711 1280 1731 non
1294 1703 1442 1731 audiuntur
1466 1702 1589 1730 funebria
1605 1702 1722 1734 cantica,
1738 1702 1787 1729 sed

1002 1749 1093 1777 omnia
1107 1749 1139 1775 ad
1151 1748 1271 1776 ltetitiam
1292 1753 1459 1783 comparata.

1040 1793 1071 1820 l‘.
1091 1793 1134 1820 81.
1153 1793 1332 1820 Decollationi
1345 1793 1375 1821 S.
1388 1792 1502 1820 Joannis
1515 1789 1642 1827 Baptista:
1654 1798 1732 1820 sacer
1743 1794 1786 1818 est

1004 1838 1062 1866 dies
1075 1839 1110 1866 29
1131 1838 1246 1874 Augusti
1265 1843 1319 1866 tam
1332 1837 1403 1874 apud
1418 1838 1529 1866 Graecos
1553 1844 1634 1872 quam
1653 1836 1723 1872 apud
1737 1835 1788 1863 La-

1004 1885 1088 1912 tinos.
1106 1885 1134 1911 In
1152 1885 1204 1912 hoc
1218 1884 1318 1913 festum
1338 1884 1417 1911 variae
1432 1887 1540 1911 exstant
1562 1883 1716 1910 Grzccorum
1739 1882 1789 1908 Pa-

1006 1934 1076 1957 trum
1094 1929 1224 1957 homilim.
1240 1929 1299 1956 Non
1313 1929 1455 1963 pauciores
1470 1928 1540 1955 forte
1557 1927 1644 1955 adhuc
1655 1927 1682 1954 in
1694 1926 1790 1953 biblio-n

1006 1977 1094 2005 thecis
1113 1983 1175 2003 cum
1189 1976 1270 2004 tineis
1285 1975 1432 2010 blattisque
1447 1975 1544 2002 bellum
1561 1977 1667 2009 gerunt.

1041 2022 1073 2048 Ρ.
1087 2021 1132 2048 8i.
1147 2020 1274 2048 Secundo
1288 2021 1332 2048 die
1347 2019 1411 2048 Julii
1425 2025 1507 2056 agunt
1523 2020 1611 2048 Graeci
1627 2019 1788 2047 anniversa-

1005 2067 1073 2094 riam
1087 2066 1247 2094 memoriam
1273 2066 1404 2101 depositas
1422 2066 1447 2093 in
1467 2065 1568 2100 templo
1594 2065 1788 2093 Blacherneasi

1006 2114 1083 2142 recti:
1099 2113 1219 2148 Deiparae
1237 2112 1351 2148 virginis
1367 2112 1419 2140 sub
1431 2111 1522 2141 Leone
1537 2116 1564 2139 et
1586 2111 1686 2139 Verina
1703 2112 1788 2146 impp.

1007 2159 1074 2186 Vide
1091 2158 1220 2186 Nemeum
1246 2157 1320 2185 dicto
1336 2157 1380 2185 die
1404 2156 1480 2185 Julii.
1508 2156 1543 2184 At
1558 2156 1588 2183 31
1615 2156 1658 2184 die
1673 2156 1790 2190 Augusti

1008 2209 1092 2239 agunt
1107 2205 1188 2232 iidem
1202 2203 1289 2232 Graeci
1305 2203 1522 2231 anniversariam
1536 2202 1696 2230 memoriam
1710 2203 1790 2232 depo-

1007 2251 1065 2278 sita:
1080 2258 1153 2279 zona:
1166 2249 1287 2285 Deiparaa
1298 2249 1413 2282 virginis
1425 2249 1452 2275 in
1465 2248 1565 2282 templo
1581 2247 1791 2288 Chalcnpratio.

1008 2303 1080 2323 rum.
1096 2294 1164 2322 Vide
1181 2294 1311 2322 Nemeum
1326 2294 1401 2321 dicto
1411 2294 1455 2322 die
1474 2292 1589 2327 Augusti
1605 2297 1632 2320 et
1642 2292 1790 2326 Nicephos.

1007 2349 1063 2375 ιιν,
1078 2341 1122 2368 49.
1142 2339 1194 2368 Sed
1212 2340 1245 2367 de
1264 2347 1319 2375 quo
1336 2340 1404 2367 testo
1417 2338 1607 2372 accipiendum
1621 2338 1691 2373 quod
1707 2337 1790 2366 Codi-

1007 2395 1060 2415 nus
1074 2385 1191 2414 scribit?
1207 2385 1322 2413 Videtur
1332 2386 1367 2413 de
1381 2385 1482 2418 priore,
1497 2383 1717 2419 quandoquidem
1746 2383 1795 2410 des

1007 2433 1161 2468 positionem
1176 2431 1329 2459 veneranda
1346 2432 1420 2458 uestis
1432 2429 1572 2463 nominat;
1600 2433 1628 2456 et
1644 2429 1794 2463 imperator

1007 2478 1042 2506 ad
1059 2478 1222 2505 Blachernas
1235 2478 1287 2504 hoc
1302 2475 1372 2504 festo
1390 2476 1456 2507 ibat,
1477 2475 1522 2502 ubi
1535 2475 1611 2503 vestis
1626 2474 1672 2501 illa
1685 2472 1792 2507 repos'h

1007 2527 1046 2552 ta.
1061 2524 1190 2557 Curergo
1203 2522 1324 2550 Codinus
1338 2522 1366 2549 id
1393 2528 1448 2548 non
1478 2520 1615 2549 recensuit
1643 2527 1694 2548 suo
1719 2518 1792 2550 loco,

1008 2569 1061 2598 hoc
1078 2569 1157 2597 estin
1176 2567 1265 2597 Iulio?
1279 2567 1397 2595 Causam
1411 2567 1483 2595 dicat
1497 2568 1545 2602 qui
1572 2570 1663 2593 notam
1692 2564 1769 2591 habet
1781 2571 1792 2593 ι

1007 2615 1067 2648 ego‘
1076 2615 1143 2642 mihi
1157 2615 1276 2649 ignotam
1297 2613 1393 2641 fateor.
1412 2613 1470 2640 Nisi
1500 2612 1571 2640 forte
1587 2609 1730 2645 legendum
1744 2607 1788 2634 hic

1007 2661 1056 2695 τῆς
1077 2660 1171 2693 τιμίας
1185 2659 1283 2695 ζώνης.
1310 2659 1363 2687 Sed
1379 2663 1444 2686 tunc
1465 2658 1556 2685 obstat
1573 2655 1704 2689 templum
1728 2652 1790 2679 Bima

1006 2705 1162 2738 chernium.
1175 2705 1209 2733 ad
1224 2705 1295 2740 quod
1315 2705 1367 2732 hoc
1381 2704 1424 2731 die
1436 2703 1584 2737 imperator
1594 2707 1656 2726 cum
1671 2697 1729 2726 suis
1737 2704 1788 2731 pa-

1010 2751 1102 2779 latinis
1117 2750 1202 2778 itabat
1213 2759 1220 2777 :
1231 2756 1259 2777 at
1272 2758 1338 2776 sana
1353 2749 1474 2783 Deipara!
1486 2742 1711 2774 asservabaturin
1722 2746 1792 2769 terna

1007 2796 1052 2830 plo
1067 2796 1095 2822 in
1114 2794 1309 2830 Chalcopratiis
1334 2793 1452 2824 condito,
1471 2795 1500 2818 ut
1516 2794 1630 2818 testatur
1645 2787 1788 2823 Mantum.

1008 2839 1110 2870 Gssrs.
