2026 3147
157 159 212 190 3:9

688 156 881 187 GRETSERI
906 155 953 185 ΕΤ
978 155 1096 184 GOARI
1121 155 1239 184 ΝΟΤΑΞ.

1730 158 1783 187 390

193 214 222 240 Ρ.
239 213 284 240 85,
297 212 404 245 Junius,
421 212 465 239 hie
482 217 511 239 ut
528 211 592 240 alibi
607 219 726 246 semper,
741 213 852 247 ἅρματι
870 215 946 246 putat
961 214 983 242 Α
998 210 1100 244 primos
1133 211 1270 245 principi-5
1306 211 1478 239 Christianos
1516 211 1542 239 in
1577 212 1692 240 ecclesia
1729 221 1781 240 nou
1803 237 1807 241 ,

158 267 220 286 esse
246 266 351 290 currus.
371 265 432 285 cum
460 258 515 284 sint
544 265 619 284 arma
642 265 657 284 a
686 256 784 284 Latino
808 256 944 284 vocabulo

158 306 313 339 desumpta.

194 350 267 378 Ibid.
283 350 316 377 Τί
331 349 472 384 γενέσθαι.
486 349 600 376 Videtur
615 349 768 376 addendum
780 348 945 376 δεῖνῦιιετε.

456 406 572 435 CAPUT
595 406 652 434 Xil.

142 452 148 457 ”
161 455 363 483 Observationes
380 460 405 482 et
420 454 609 488 explicationes
625 453 652 479 in
673 461 697 480 ο.
719 453 765 487 Π,
779 454 812 480 de
838 461 948 481 corona-

423 489 491 516 tione
511 489 688 522 imperatoris.

197 536 227 563 Ρ.
241 535 284 563 86.
298 534 380 571 [Περὶ
396 535 603 570 στεφηφορίας
614 535 778 567 βασιλέως.
800 534 948 569 Imperato-

165 590 208 610 res
235 581 397 612 renuntiati,
412 581 460 616 qui
480 581 522 608 vel
545 581 720 608 subditorum
748 580 882 608 electione
905 581 948 608 vel

162 628 308 659 sanguinis
327 628 390 662 jure
407 627 448 654 vel
468 627 492 653 vi
510 626 653 661 tyrannide
669 632 776 661 arrepta
801 627 834 653 ad
855 635 950 662 regen-

163 674 228 701 dum
262 673 409 709 imperium
445 673 563 708 promoti
591 681 598 699 :
620 673 746 700 coronati
773 673 882 706 deinde,
902 673 948 708 qui

164 720 320 755 insignibus
335 719 453 753 imperii,
465 727 580 751 corona,
595 723 714 753 sceptro,
731 718 885 754 chlamyde,
903 727 949 746 or-

165 767 220 794 nati
237 771 264 794 et
291 767 421 794 unctione
436 766 563 794 delibuti.
581 766 618 794 De
641 765 780 793 tradendis
796 766 950 798 insignibus

167 813 252 845 hisce.
271 812 354 840 tacita
379 812 501 845 qualibet
526 811 578 839 alia
610 811 794 846 promotioue,
811 816 884 840 totus
910 817 952 840 est

164 865 284 892 praesens
301 861 390 892 typus.

201 902 272 930 Ibid.
291 901 385 939 [Κατὰ
420 902 494 937 τὴν,
511 902 568 936 πρὸ
596 901 653 937 τῆς
685 900 798 937 ἡμέρας
831 902 950 935 ἐκείνης

163 947 308 981 ἑσπέρα-ν.
327 946 434 981 Imperii
452 953 638 978 successores,
654 946 698 974 vel
714 947 747 973 ad
765 946 830 973 illud
856 947 948 981 populi

164 994 317 1021 militumve
331 993 465 1021 electione
477 992 802 1026 obtinendum’vocatos,
817 994 948 1029 palatium

164 1046 212 1065 «eu
227 1039 363 1073 propriam
377 1039 469 1066 sedem
487 1038 629 1073 possidere
648 1043 752 1066 eertum
771 1047 779 1068 :
796 1039 898 1066 ascitos
916 1040 948 1066 ad

165 1086 311 1123 imperium
325 1092 340 1111 a
355 1084 477 1120 principe
492 1085 601 1113 seniore
630 1085 697 1112 illud
721 1086 814 1114 statim
830 1086 952 1114 incolere

165 1132 270 1159 datum.
291 1130 411 1166 Vespere
426 1130 511 1165 igitur
525 1131 696 1158 coronationi
714 1132 815 1167 prmio
834 1133 866 1159 ad
883 1133 950 1160 illud

164 1184 193 1204 se
207 1175 365 1206 conferunt,
383 1180 411 1202 ut
436 1175 546 1208 comite,
567 1175 623 1202 imo
642 1175 712 1203 duce
732 1177 840 1204 seniore
854 1177 887 1204 ad
905 1185 951 1204 ec-

164 1222 275 1250 clesiam
304 1227 412 1256 postera
449 1221 512 1249 luce
538 1226 663 1257 pergant.
691 1221 760 1250 Vide
791 1221 950 1251 Michaelem

164 1267 309 1302 Theophili
325 1266 356 1294 F.
367 1266 438 1301 apud
452 1265 570 1294 Leonem
585 1266 800 1295 Grammaticum
811 1268 950 1303 quidpiam

165 1313 323 1347 huiusmodi
336 1313 394 1348 jam
408 1320 458 1340 suo
474 1318 596 1348 tempore
608 1313 802 1341 observantem
819 1324 827 1342 :
845 1314 910 1350 Ὀψὶ
922 1315 952 1341 δὲ

166 1358 309 1386 Σιϐϐάτου
332 1359 382 1393 τῆς
412 1359 607 1395 Πεντηκοστῆς
642 1361 762 1395 ὲμὴνυσε
788 1361 884 1398 Φωτίῳ
913 1362 952 1398 τῷ

166 1406 325 1441 πατριάρχῃ
353 1406 367 1432 ὁ
396 1405 524 1441 βασιλεὺς
550 1405 595 1432 διὰ
624 1406 782 1434 Ῥανδακίου
810 1408 952 1444 πρωτοσε-

165 1452 288 1486 σιίαρῖου
313 1451 364 1486 τὴν
384 1452 569 1487 ἀναγόρευσιν
595 1451 647 1487 τῆς
672 1452 814 1488 βασιλείας
837 1454 951 1489 ποιῆσαι

165 1496 322 1524 Βισιλείου.
337 1496 393 1523 Καὶ
404 1497 436 1532 τῇ
454 1497 587 1532 ἐπαύριον
601 1497 713 1532 ἐξῆλθον
733 1497 782 1525 δύο
798 1498 900 1526 σελλία.
918 1500 951 1526 Ol

165 1542 193 1569 δὲ
209 1542 270 1569 λαοὶ
286 1542 479 1578 ἐταράχθησαν
504 1542 563 1574 πῶς
583 1543 643 1575 Mc
661 1542 796 1578 βασιλέως
814 1544 890 1576 ὄντος
905 1544 952 1572 δύο

168 1589 258 1615 eam:
273 1588 397 1623 ἐξῆλθον.
411 1588 531 1617 Observa
550 1597 646 1617 rursus
663 1589 698 1616 ab
724 1590 911 1618 adulatoribus
924 1596 952 1618 et

168 1634 357 1670 perduellibus
373 1639 530 1669 promotum
547 1635 580 1662 ad
597 1635 748 1662 invadenda
771 1642 878 1670 sceptra
895 1638 953 1671 pri-

169 1688 242 1707 mum
258 1681 339 1714 hujus
359 1679 478 1708 nominis
494 1680 680 1708 Andronicum
704 1681 793 1716 primo
806 1681 850 1717 pie
874 1687 952 1716 pole-

168 1727 247 1754 statis
263 1726 420 1761 insignibus
437 1726 617 1754 tumultuario
626 1727 743 1762 arreptis
757 1727 862 1760 ornari,
874 1728 913 1763 Τῇ
930 1727 953 1754 δ’

169 1772 301 1807 ὑστεραίᾳ
315 1773 362 1799 ἐπὶ
380 1771 429 1806 τῆς
450 1772 572 1807 μεγάλης
587 1772 764 1808 Ἐκκλησίας,
781 1781 813 1801 ac
824 1773 952 1806 inferius,

169 1818 208 1845 Τὰ
223 1819 285 1854 ιερὰ
298 1818 448 1852 ὲσαφίκετσ
468 1818 594 1854 μέλαθρα
610 1819 844 1854 στεφθησόμενος,
859 1827 890 1846 ac
907 1827 954 1854 po-

170 1870 273 1892 stremo
287 1865 320 1892 ad
334 1865 422 1899 ipsam
439 1865 562 1900 Magnam
583 1864 732 1893 Ecclesiam
749 1867 806 1894 sive
824 1866 857 1893 ad
875 1874 954 1894 sacra

172 1911 319 1945 penetralia
335 1911 524 1939 coronandum
550 1912 671 1945 tendere,
691 1913 772 1939 ritum
797 1913 853 1949 jam
879 1921 954 1941 rece-

173 1961 246 1990 ptum
263 1957 301 1983 ita
316 1956 451 1985 referente
465 1957 560 1985 Niceta
581 1958 606 1985 in
624 1958 719 1985 Alexio
739 1957 771 1986 ll.

205 1995 280 2030 Ibid.
296 2002 564 2039 [Συναθροίζονται.
594 2003 653 2032 Non
679 2004 815 2032 curiosius
838 2005 957 2032 cireum-

172 2049 326 2082 spiciendaa,
354 2050 419 2084 quin
448 2050 540 2085 potius
565 2050 751 2078 coronationis
775 2052 957 2086 approbandze

174 2094 225 2121 fine
239 2102 272 2121 ex
293 2095 402 2123 cunctis
422 2095 567 2123 ordinibus
595 2096 723 2130 praecipui
750 2097 832 2123 simul
857 2104 957 2124 conve-

173 2140 261 2168 niunt.
276 2140 405 2169 Tiberius
429 2142 501 2176 apud
531 2142 708 2170 Simocattam
733 2142 892 2170 Mauricinm
908 2143 957 2170 dc-

173 2186 346 2215 nuntiaturus
375 2186 569 2221 imperatorem
597 2196 604 2214 :
635 2188 688 2215 Τὸν
713 2187 763 2223 τῆς
793 2188 957 2224 ιεραρχικῆς

997 256 1153 291 suscepisse
1175 257 1245 291 apud
1266 264 1307 284 mc
1322 261 1364 284 est
1377 257 1531 285 induhlum.
1550 259 1582 285 At
1608 260 1733 294 quamvis
1748 261 1783 286 d.-.

997 301 1146 334 Marciano,
1163 302 1208 336 qui
1224 303 1342 329 Anatolii
1371 303 1532 337 patriarchae
1560 309 1610 338 ope
1628 305 1783 332 declaratus

997 351 1039 373 est
1055 346 1203 380 imperator
1229 353 1244 373 a
1267 346 1423 375 Pulchcria.
1440 348 1569 374 nonnulla
1591 349 1626 375 sit
1650 349 1782 382 suspicio,

998 400 1078 427 quem
1103 393 1283 428 Theophanes
1311 393 1372 428 θείᾳ
1397 393 1481 428 ψήφῳ
1504 395 1694 430 αὐτοκράτορα
1718 396 1784 421 ἀνα-

998 438 1139 473 δειχθέντα
1154 439 1260 470 scribit,
1279 446 1312 466 en
1339 444 1428 466 tamen
1447 444 1476 466 ιιι
1495 439 1549 467 Leo
1561 440 1652 474 junior
1666 441 1784 468 senioris

999 492 1083 519 nepos
1107 490 1210 519 patrem
1233 485 1371 512 Zenonem
1399 487 1508 521 propria
1535 494 1615 513 manu
1629 487 1785 515 diademate

999 535 1089 564 ornat,
1107 531 1135 557 ὲν
1151 531 1190 566 τῷ
1207 531 1359 566 καϐίσματι
1373 532 1421 558 τοῦ
1440 532 1643 567 Ἱπποδρομίου,
1658 534 1695 560 ait
1712 533 1784 560 idem

1000 575 1194 611 Theophanes.
1216 577 1378 605 Anastasius
1402 577 1502 605 ibidem
1523 583 1682 606 coronatus.
1700 578 1786 606 Justi-

1000 629 1054 649 nus
1082 622 1108 649 in
1143 622 1260 656 palatio,
1288 621 1462 648 Justinianns
1496 622 1609 649 itidem.
1639 622 1786 650 Mauricius

1001 675 1111 702 quoque
1126 672 1258 702 prmsente
1266 668 1374 701 quidem
1391 668 1545 702 patriarcha
1567 673 1718 703 senatuque
1735 669 1786 700 imo

1005 716 1114 746 pcrator
1130 712 1264 751 salutatus
1277 717 1328 744 est,
1342 720 1436 739 verum
1454 713 1479 739 in
1495 713 1587 748 palatii
1601 714 1741 746 tribunali,
1753 714 1785 739 all

1003 757 1105 785 Tiberii
1130 758 1242 793 jamjam
1264 758 1385 785 morituri
1409 758 1522 791 lectum,
1539 759 1565 785 in
1591 767 1671 794 quem
1696 760 1785 787 locum

1004 804 1063 839 ipse
1089 804 1210 840 φοράδην
1238 804 1403 840 ἐξεκομίσθη
1419 805 1517 832 scribit
1538 804 1702 836 Simoeatta.
1718 813 1738 836 ι,
1759 807 1794 832 Ι.-

1004 849 1196 885 Copronymns
1212 850 1329 884 denique
1341 850 1368 877 in
1389 851 1577 878 novemdecim
1595 851 1785 879 accubitiirtxitt

967 889 987 917 Β
1003 895 1133 922 tribunali
1148 895 1221 930 regia
1239 902 1340 922 corona
1361 895 1412 923 fuit
1437 897 1512 923 rediu
1525 897 1590 928 itus,
1602 902 1631 924 ut
1648 905 1679 924 cx
1696 898 1786 925 Theu-

1004 941 1092 976 phane
1107 939 1222 968 inferius
1240 940 1401 968 referemus.
1421 941 1527 969 Phocas
1541 943 1663 970 omnittm
1682 944 1786 978 primus

1004 986 1198 1022 περιϐάλλεται
1226 987 1273 1014 τὸν
1303 986 1440 1021 βασίλειον
1465 987 1598 1022 στέφανον
1624 989 1652 1014 ἐν
1675 989 1714 1024 τῷ
1733 989 1787 1024 νεῲ

1003 1033 1051 1060 τοῦ
1068 1034 1209 1069 προφήτου
1225 1034 1274 1060 καὶ
1291 1030 1447 1061 Βαπτιστοῦ
1469 1034 1603 1064 Ἰωάννου,
1621 1042 1676 1070 quo
1695 1035 1785 1062 forsan

1005 1079 1175 1115 tyrannidem
1198 1079 1298 1114 pietate
1313 1079 1449 1106 coloraret
1463 1084 1490 1106 et
1506 1079 1566 1106 loco
1581 1087 1660 1107 sacro
1673 1080 1786 1107 sacrile-

1004 1126 1078 1160 gium
1095 1129 1206 1160 tegeret.
1222 1125 1366 1152 lleraclius
1379 1125 1477 1153 deinde
1490 1127 1519 1153 ὲν
1533 1125 1572 1160 τῷ
1587 1125 1724 1160 εὐκτηρίῳ
1739 1126 1786 1152 τοῦ

1004 1173 1083 1207 ἁγίου
1096 1172 1233 1206 Στεφάνου
1251 1173 1280 1199 ἐν
1296 1173 1335 1208 τῷ
1352 1172 1476 1200 παλατίω
1491 1173 1619 1208 ἑστέφθη,
1629 1173 1656 1200 in
1671 1173 1786 1200 ecrlcsia

1004 1219 1113 1253 reliqui.
1134 1218 1242 1254 Go.\n.]~

1040 1265 1112 1292 Ibid.
1137 1265 1202 1292 Nota
1219 1263 1419 1299 professionem
1447 1263 1521 1296 fidei.
1542 1269 1568 1290 et
1586 1264 1786 1300 ini-amentum,

1004 1318 1061 1346 quo
1075 1319 1104 1339 se
1118 1310 1256 1345 ohligabat
1274 1315 1327 1347 tam
1346 1309 1493 1345 imperator
1506 1318 1589 1345 quam
1610 1309 1718 1338 futurus
1735 1310 1787 1338 im-

1004 1362 1127 1393 perator.
1137 1357 1239 1385 Gnlrs.

1039 1403 1108 1430 Ibid.
1123 1402 1310 1439 [Fidei,qnam
1326 1406 1418 1430 mente
1433 1398 1696 1436 teneret.'publicum
1712 1402 1788 1429 testi-

1004 1449 1128 1476 moniutn
1160 1447 1186 1475 in
1202 1448 1331 1476 Ecclesia:
1347 1452 1483 1475 conventu
1502 1447 1688 1482 primnsinter
1703 1447 1789 1482 impe-

1004 1499 1111 1522 ratores
1141 1494 1216 1521 dedit.
1251 1494 1425 1522 Anastasius.
1454 1493 1602 1521 Historiam
1630 1493 1714 1521 relert.
1738 1493 1789 1520 huc

975 1566 988 1576 ,
1004 1546 1083 1577 pacto
1103 1541 1284 1575 Theophanes
1300 1549 1307 1568 :
1322 1540 1489 1572 Βασιλεύσας
1515 1541 1529 1567 ὁ
1547 1541 1722 1572 ’Δναστάπιος
1745 1541 1789 1574 ἔγ-

1004 1595 1109 1622 γραφον
1132 1586 1261 1622 ἁπῃτήθη
1288 1586 1436 1621 ὁμολογίαν
1467 1587 1536 1622 πρὸς
1563 1587 1706 1621 Εὐφημίου
1735 1594 1789 1613 πα·

1002 1634 1145 1669 τριάρχου,
1159 1633 1228 1668 πρὸς
1246 1633 1275 1660 τὸ
1296 1633 1333 1668 μὴ
1351 1633 1483 1660 σαλεῦσαι
1511 1642 1538 1660 τι
1555 1633 1605 1668 τῆς
1626 1632 1790 1668 Ἐκκληοίας

1002 1681 1050 1707 καὶ
1073 1680 1204 1712 πίστεως.
1229 1680 1400 1715 Βιαζομένης
1424 1680 1453 1707 δι
1475 1680 1557 1707 αὑτὸν
1583 1681 1632 1715 τῆς
1655 1680 1790 1716 βασιλίδος

1008 1727 1152 1762 Ἀριάδνης
1167 1727 1214 1753 καὶ
1226 1727 1275 1761 τῆς
1290 1727 1455 1762 συγκλήτου,
1469 1726 1565 1754 ἐλαϐεν
1578 1727 1662 1755 αὑτοῦ
1677 1727 1708 1754 τὺ
1726 1728 1790 1754 ίδιό-

1004 1782 1106 1808 χειρον,
1121 1772 1159 1804 ὡς
1174 1773 1336 1808 ἀποδέχεται
1349 1773 1389 1804 είς
1406 1773 1470 1808 ὅρον
1484 1774 1604 1805 πίστεως
1617 1774 1652 1801 τὰ
1667 1773 1789 1808 δόγματι

1004 1821 1055 1855 τῆς
1071 1822 1098 1847 ἑν
1118 1820 1270 1855 Χαλκηδόνι
1285 1819 1406 1846 συνόδου.
1423 1819 1476 1846 Καὶ
1500 1819 1572 1846 οὕτω
1594 1820 1720 1853 στεφθιὶς
1743 1820 1790 1846 ὑπ’

1005 1866 1088 1894 αὑτοῦ
1112 1866 1254 1902 Ἀριάδνην
1268 1866 1364 1899 ἄγεται
1382 1867 1421 1895 εἰς
1438 1865 1537 1900 γάμον.
1555 1865 1691 1901 Seriptant
1708 1873 1791 1901 spon-

1006 1913 1110 1940 sionem
1127 1912 1199 1939 illam
1218 1919 1300 1946 penes
1315 1919 1344 1939 se
1360 1911 1531 1938 custodiebat
1545 1911 1701 1946 patriarcha
1719 1920 1727 1938 ι
1744 1911 1790 1947 Τῷ

1005 1958 1061 1993 γὰρ
1076 1957 1197 1993 δευτέρῳ
1220 1957 1276 1984 ἔτει
1299 1957 1394 1989 αὑτοῦ.
1409 1958 1447 1984 ait
1465 1957 1615 1991 Cudrenus,
1636 1958 1706 1993 μετὰ
1728 1957 1790 1992 βίας

1005 2004 1055 2039 τὴν
1080 2003 1226 2039 ὁμολογίαν
1242 2003 1325 2030 αὑτοῦ
1341 2004 1416 2037 παρὰ
1433 2003 1572 2038 Εὑθυμίου
1585 2003 1674 2030 ἔλασε.
1693 2001 1788 2031 Parent

1007 2050 1070 2078 fidei
1081 2049 1277 2085 professionem
1288 2049 1382 2077 emisit
1396 2049 1509 2082 Phocas,
1517 2048 1611 2076 eodem
1623 2047 1790 2084 Theophane

1006 2101 1076 2124 teste
1101 2105 1108 2124 :
1133 2096 1247 2123 Πάντων
1264 2095 1294 2121 ὲν
1320 2095 1360 2130 τῷ
1381 2095 1503 2129 Ἐσδόμῳ
1526 2094 1598 2130 (low
1619 2095 1661 2122 (ΣΡ
1686 2099 1789 2130 septem

1007 2143 1143 2178 lapidibus
1158 2141 1270 2176 dissito)
1280 2141 1456 2176 ἀφικομένων
1473 2140 1613 2174 Κυριακὸς
1626 2142 1640 2167 ὁ
1655 2141 1791 2175 πατριάρ-

1007 2198 1059 2225 χης
1085 2189 1209 2224 ἀπῄτησα
1233 2188 1280 2215 τὸν
1313 2188 1448 2222 τύραννον
1473 2186 1620 2221 ὁμολογίαν
1647 2186 1712 2221 περὶ
1739 2186 1790 2219 τῆς

172 2232 336 2265 προεστῶτα
359 2232 495 2268 καθέδρας
519 2233 767 2268 συγκαλεσάμινος,
784 2234 830 2261 τόν
851 2243 882 2261 τε
901 2234 957 2261 τῶν
973 2238 995 2266 D
1009 2235 1150 2271 δρθοδόξου
1167 2235 1285 2266 πίστεως
1309 2234 1358 2260 καὶ
1374 2233 1422 2260 τοῦ
1445 2232 1584 2267 ἀτάραχον
1609 2232 1725 2266 φυλάξαι
1741 2234 1791 2266 τὴν

175 2277 255 2311 ἱερῶν
279 2278 446 2312 ἀξιωμάτων
467 2279 718 2314 συναθροισάμενος
735 2279 876 2314 σύλλογον,
892 2280 957 2312 τούς

173 2332 202 2350 τι
219 2324 388 2360 ὁορυῳόρους
405 2325 453 2352 καὶ
468 2325 591 2359 φύλακας
606 2326 654 2352 καὶ
669 2326 774 2357 πάντας
786 2325 848 2358 τοὺς
863 2327 892 2357 ὲς
907 2327 957 2362 βα-

174 2370 270 2401 σιλέως
296 2370 380 2405 τιμὴν
408 2371 653 2406 συντεταγμένους,
671 2372 716 2398 ναὶ
741 2371 795 2407 μὴν
820 2372 868 2399 καὶ
893 2372 957 2404 τοὺς

174 2416 394 2450 ἐπισημοτέρῡυς
408 2416 456 2442 τοῦ
472 2416 572 2451 δήμου.
589 2415 710 2444 Joannes
731 2417 813 2443 etiam
839 2417 957 2444 nominis

171 2461 254 2488 istius
270 2462 407 2489 secundus
422 2462 493 2497 apud
505 2461 628 2489 Nicetam
650 2461 828 2497 ἐκκλησιάζει
846 2462 876 2489 τὸ
891 2471 958 2498 συγ-

174 2507 253 2539 γενὲς
270 2507 318 2533 καὶ
341 2507 430 2541 φίλιον
454 2508 500 2534 καὶ
514 2508 612 2534 ὁπόσον
629 2508 658 2534 ὲν
680 2507 831 2543 ὑπεροχαῖς
852 2517 882 2535 τε
911 2510 958 2536 καὶ

173 2552 331 2588 ἀξιώμασιν
343 2552 389 2588 ἦν,
406 2559 436 2580 ut
451 2553 507 2580 filio
521 2553 637 2581 Manueli
652 2559 715 2581 natu
730 2555 840 2587 minori,
858 2556 957 2591 rt-jecto

172 2601 276 2636 priore.
292 2602 445 2629 moriturus
462 2602 606 2635 imperium
622 2602 769 2636 relinquat.
785 2601 886 2638 Genu]

212 2647 281 2675 Ibid.
300 2648 461 2682 Ἀξιὼματα
475 2648 546 2683 ἔχειν
562 2648 604 2675 vel
624 2649 652 2674 ιν
671 2647 807 2683 ἀξιώματι
825 2646 895 2675 εἶναι
915 2650 957 2676 vel

171 2700 237 2719 esse
255 2693 445 2727 ἀξιωματικόν
461 2693 528 2721 solis
542 2694 662 2722 desnota:
675 2693 776 2721 Caesari
792 2698 818 2721 ct
833 2694 957 2721 sebasto-

170 2738 273 2765 cratori
290 2739 428 2773 contpetit.

209 2782 287 2818 351
310 2783 382 2810 Ibid.
401 2784 437 2810 τὸ
461 2783 597 2818 φοσσάτον
620 2792 675 2811 non
706 2792 756 2819 pro
780 2786 887 2818 castris,
909 2785 955 2813 scd

169 2836 225 2864 pro
239 2830 303 2864 ipsis
319 2830 446 2857 militibus
463 2831 606 2865 accipitur.
624 2830 726 2859 Gens.

211 2874 282 2904 Ibid.
303 2875 367 2913 [εις
382 2877 439 2912 τὴν
453 2878 541 2912 ἁγίαν
555 2878 678 2912 Σοφίαν.
694 2877 801 2912 Imperii
824 2885 953 2905 coronam

1013 2281 1190 2316 Ἐκκλησίαν,
1206 2279 1329 2307 Tertium
1356 2278 1512 2306 exhibuisse
1528 2277 1645 2305 Leonem
1666 2277 1790 2306 lsaurmu

1008 2327 1114 2362 reperio
1129 2326 1200 2361 apud
1215 2325 1376 2360 scriptorem
1396 2323 1534 2351 eumdem.
1550 2323 1626 2349 Λέων
1642 2322 1688 2350 οὖν
1700 2323 1790 2357 εἰσῆλ·

1008 2372 1053 2399 Θεν
1069 2373 1108 2404 είς
1124 2373 1155 2399 τὸ
1180 2371 1322 2402 πσλάτιον,
1340 2370 1388 2397 καὶ
1403 2369 1570 2405 παραλαϐὼν
1594 2368 1696 2401 πάντα,
1712 2370 1791 2404 ποιή-

1009 2427 1057 2448 σας
1083 2418 1255 2454 προέλευσιν,
1285 2416 1410 2451 εἰσῆλθεν
1438 2416 1468 2442 ὲν
1495 2417 1528 2451 τῇ
1561 2415 1710 2451 ἐκκλησίᾳ,
1744 2417 1791 2442 καὶ

1007 2464 1127 2490 ἀνελθὼν
1152 2464 1192 2496 είς
1215 2464 1260 2490 τὸν
1288 2463 1404 2498 ἄμϐωνα
1427 2461 1546 2497 ἐστέφθη
1562 2461 1614 2488 ὑπὸ
1629 2462 1790 2497 Νικηφόρου

1008 2511 1054 2537 τοῦ
1069 2511 1219 2546 τηνικαῦτα
1236 2510 1404 2545 πατριάρχου
1420 2508 1509 2542 ὄντος,
1523 2509 1658 2543 πρότερον
1674 2508 1790 2543 ποιήσας

1009 2558 1152 2592 ἰδιόχειρον
1181 2557 1250 2591 μετά
1270 2557 1325 2582 τῶν
1343 2556 1392 2582 σὺν
1408 2555 1484 2590 αὐτῷ
1504 2555 1640 2589 μηδέποτε
1657 2554 1728 2580 κατὰ
1741 2554 1791 2587 τῆς

1014 2603 1178 2640 Ἑκκλησίας
1196 2601 1354 2638 γενέσθαιῆ
1380 2601 1510 2628 σαλεῦσαί
1524 2610 1550 2627 τι
1566 2600 1619 2626 τῶν
1641 2599 1733 2629 καλῶς
1750 2600 1790 2629 εἰς

1007 2649 1092 2684 αὑτὴν
1116 2648 1280 2684 ὀρισθέντων
1306 2648 1359 2675 ὑπὸ
1380 2647 1436 2674 τῶν
1452 2647 1538 2680 ἁγίων
1555 2645 1686 2677 Πειτέρων
1707 2643 1789 2678 ἱερῶν

1007 2695 1160 2730 δογμάτων.
1178 2694 1235 2722 Hac
1250 2702 1280 2722 se
1296 2693 1412 2726 cautela.
1433 2693 1497 2720 dato
1518 2697 1614 2724 nempe
1632 2689 1789 2723 jurantetttn

1008 2743 1126 2777 ﬁdeique
1151 2742 1326 2772 testimonio.
1350 2739 1482 2767 adversus
1505 2737 1682 2770 imperatores
1712 2734 1788 2768 pra.i

1007 2796 1105 2816 sensus
1138 2787 1296 2823 suspicione
1333 2790 1442 2813 notatos
1476 2782 1633 2820 munierunt
1662 2780 1789 2814 primitus

1008 2833 1178 2868 patriarchae,
1198 2832 1270 2860 nttdc
1283 2831 1382 2859 sensim
1404 2829 1517 2856 invalut
1531 2834 1590 2853 mos
1603 2829 1632 2852 ut
1642 2825 1788 2853 orthoduxi

1008 2886 1116 2914 quoque
1135 2879 1213 2906 fidem
1238 2884 1301 2911 erga
1320 2875 1402 2902 Deum
1426 2877 1452 2900 et
1469 2873 1496 2899 in
1522 2871 1652 2907 populum
1671 2871 1789 2899 clemen-
