2026 3147
261 231 316 262 403

818 233 858 263 IN
880 234 1030 264 LIBRUM
1053 235 1099 264 DE
1121 235 1279 266 OFFICIIS
1297 237 1352 266 (ΣΡ.

1826 235 1879 266 (Oi

263 287 338 314 omni
356 294 389 314 ex
404 292 483 322 parte
494 288 608 322 aequale,
622 289 668 315 sed
693 289 770 316 nodis
787 290 930 324 globisque
943 290 1044 324 produ-
1061 298 1082 325 Α
1098 290 1237 319 Michaelis
1264 300 1345 319 manu
1370 291 1482 326 jamjam
1505 291 1612 326 imperii
1640 299 1769 319 coronam
1787 300 1883 319 susce-

263 333 398 362 ctioribus
428 334 642 365 interstinctum.
673 336 838 368 rotundum,
862 337 939 370 quasi
970 341 1047 363 torno

263 379 376 413 factum,
395 381 421 407 in
448 381 525 415 cuius
544 389 671 415 suprema
687 387 765 416 parte
782 382 869 409 nodus
892 387 934 410 est
960 382 1047 417 major

263 426 320 453 sive
337 425 467 453 ﬂosculus
482 428 597 461 gemmis
620 427 836 463 circumquaque
856 436 904 463 per
920 428 962 454 fila
984 436 1047 463 ger-

264 471 432 499 minantibus
450 473 583 500 emicans.
607 473 766 500 Rotundum
783 482 855 506 csse,
873 482 925 501 non
942 475 974 501 ad
991 475 1048 508 pal-

264 517 350 544 maris
364 518 432 544 rami
459 519 569 546 modum
583 519 680 551 latum,
699 521 866 548 demonstrat
882 527 931 547 vox
952 520 1049 546 κυκλό-

264 561 310 587 οεν
339 562 382 590 hic
405 563 504 598 posita,
531 573 584 599 qua
609 573 730 599 gemmas
761 574 809 600 per
832 575 928 601 gyrum
955 566 1048 594 aﬂixas

265 612 404 635 ostentare
433 610 598 637 declaratur.
631 611 755 646 Reliqua,
787 613 815 639 ni
847 612 944 640 fuerim
975 614 1049 647 prior

265 652 406 687 deceptus,
424 654 451 680 in
470 655 557 690 efﬁgie
574 655 690 684 Helenes
712 657 844 685 Manuelis
870 658 1004 692 conjugis,
1021 659 1046 685 in

264 695 443 731 imperatorio
458 700 543 733 prius.
562 709 632 728 nunc
652 702 726 736 regio
752 702 781 729 S.
799 703 919 738 Dionysii
935 710 1046 737 operum

266 749 317 769 ms.
332 742 358 768 in
375 744 449 778 regia
464 745 586 779 ejusdem
613 747 734 775 nominis
749 747 858 775 abbatia
876 748 1046 783 reperiundo,

266 787 341 815 visus
359 791 557 824 comprobabit.

301 833 375 861 Ibid.
392 835 486 870 [Ὑπὸ
504 838 669 872 εὐνούχων.
685 839 705 866 Α
724 840 870 874 ιιι-προςήιο
883 840 953 875 ipso,
970 841 994 868 id
1007 844 1049 868 est

266 879 300 905 ab
319 880 509 908 cunuchorum
525 883 656 917 principe,
669 883 854 910 deducendam
871 884 948 919 jubet
971 888 1048 919 typus

266 924 466 961 Euchologicus
483 948 491 954 .
512 929 659 963 Είσάγεται
690 930 705 964 ἡ
737 930 880 965 βασίλισσα
905 930 981 964 παρὰ
999 930 1046 956 τοῦ

266 973 459 1005 πραιποσίτου.
477 974 634 1008 Simocatla,
651 983 688 1007 tv,
706 976 739 1003 15
756 985 763 1003 :
782 977 914 1011 Εὐνοῦχος
934 977 973 1008 εἰς
998 976 1047 1010 τὴν

266 1015 408 1052 βασιλικὴν
445 1019 609 1056 δορυφορίαν
641 1023 861 1055 συντεταγμένος
901 1023 1047 1057 κορυφαιό-

264 1070 356 1094 -ατος,
380 1063 410 1090 ὃν
441 1066 626 1100 πραιπόσιτον
641 1066 744 1094 εἴθιστο
763 1066 915 1101 Ῥωμαίους
942 1068 1047 1093 ἀποκα-

265 1107 333 1135 λεϊν.

299 1154 331 1182 Ρ.
347 1155 391 1182 92.
420 1156 540 1192 [Σωλέαν
557 1159 645 1193 prius,
675 1160 788 1187 σωλεῖον
805 1161 848 1188 hic
863 1161 958 1188 scribit
975 1171 981 1188 :
1000 1161 1045 1188 alii

264 1201 384 1234 συλείαν.
399 1203 507 1237 σολέαν,
522 1210 575 1234 etc.

299 1247 374 1276 Ibid.
387 1249 396 1285 [
407 1250 573 1285 Ἐπιτίθησι
587 1252 623 1286 τῇ
637 1253 766 1288 κεφαλῇ.
787 1253 863 1282 [laud
879 1256 1045 1289 patriarcha,

263 1303 359 1323 verum
381 1297 544 1332 imperator,
559 1299 758 1334 imperatricem
777 1306 901 1328 coronat.
920 1300 1045 1328 Justinus

263 1342 285 1374 I,
299 1343 450 1370 Λουπικίάν
466 1344 578 1379 ἔστεψεν
598 1346 766 1383 Αὑγοῦσταν.
789 1345 914 1373 Justinus
937 1346 959 1373 ll
982 1344 1041 1381 εἶχε

263 1391 380 1421 γυναῖκα
391 1391 490 1424 Σοφίαν
506 1391 629 1425 ὀνόματι,
642 1392 736 1427 ἥντινα
749 1392 861 1424 ἔστεψεν
876 1392 1042 1426 Αὐγοῠσταν.

265 1433 392 1461 Tiberius
406 1434 519 1469 ἔστεψεν
535 1435 722 1462 Ἀναστασίαν.
733 1436 838 1464 Phocas
849 1436 978 1463 Δεοντίαν
994 1436 1042 1472 τὴν

263 1477 361 1503 ἑαυτοῦ
379 1480 496 1512 γυναῖκα
519 1479 632 1515 ἔστεψεν
647 1481 815 1515 Αὑγοῦσταν.
847 1483 884 1509 Ita
903 1482 1044 1516 Theopha-

263 1531 324 1550 nes.
340 1523 398 1550 Non
410 1524 518 1552 iniicior
534 1526 758 1560 imperatricibns
770 1528 941 1562 patriarchas
955 1528 1043 1562 impo-

263 1570 355 1597 suisse
372 1578 513 1604 coronam,
528 1572 565 1599 ita
583 1574 701 1601 monitus
714 1582 728 1600 a
741 1573 907 1608 Theophane
924 1583 931 1601 ι
953 1574 1044 1600 Ἑστέ-

263 1616 318 1652 (per;
335 1617 352 1652 ἡ
372 1617 534 1651 Ἐπιφάνεια
545 1619 624 1654 362
639 1620 656 1654 ή
669 1619 791 1655 Θυγάτηρ
815 1620 977 1656 Ἡρακλείου
993 1620 1044 1646 ὑπὸ

264 1662 378 1697 Σεργίου
413 1665 780 1699 πατριάρχουΙΛὺγοῦστα.
814 1666 843 1692 'O
885 1666 1047 1701 Ἡράκλειος

264 1707 368 1743 ἔγημεν
382 1709 521 1744 Μαρτῖναν
531 1711 577 1736 καὶ
587 1711 772 1745 ἀνηγόρευσεν
783 1712 866 1746 αὐτὴν
876 1713 1045 1745 Αὑγοῦσταν,

265 1755 428 1788 στεφθεῖσαν
443 1756 494 1782 ὑπὸ
505 1757 618 1790 Σεργίου
632 1758 812 1792 πατριάρχου.
824 1758 951 1791 Λιιιζιιδιςυ
968 1764 1047 1790 porro

267 1807 320 1826 non
339 1808 535 1835 usquequaque
550 1809 677 1829 coronam
694 1803 720 1829 in
734 1802 848 1830 ecclesia
861 1802 1048 1836 suscipiebant

266 1845 411 1880 coniugum
428 1847 468 1873 vel
485 1847 700 1881 patriarcharum
718 1856 811 1882 opera.
831 1848 950 1882 ἐστέφοη
963 1848 1048 1882 siqui-

266 1891 327 1918 drm
340 1893 479 1926 Προκοπία
492 1894 632 1927 Αὐγοῦστα
651 1894 680 1920 ἑν
694 1894 730 1929 τῷ
742 1894 871 1929 τρικλίνῳ
881 1894 927 1920 τοῦ
941 1894 1047 1928 Αὐγου-

266 1938 362 1969 στέως.
387 1938 490 1965 “)iaiutll
510 1939 593 1965 Maria
621 1939 720 1966 Leonis
744 1940 830 1967 lsauri
860 1940 960 1974 coniux
987 1940 1046 1974 pari

266 1984 372 2010 honore
407 1984 573 2018 iu~ignitur,
597 1992 630 2012 ex
657 1985 833 2020 Theophane,
865 1993 879 2012 a
907 1993 962 2020 quo
990 1985 1048 2011 haec

264 2034 374 2056 cuncta.
388 2029 518 2056 Caeterum
532 2030 650 2057 thtnbia
663 2030 783 2058 Basilisci
801 2038 870 2057 uxor
885 2031 969 2063 prima
987 2038 1047 2056 στε-

264 2075 363 2107 φθεῖσα
401 2075 543 2108 Λύγοῦστα
573 2076 644 2110 apud
677 2076 831 2103 Ccdrenum
864 2077 984 2103 occurrit
1018 2076 1045 2102 in

264 2120 384 2147 Zenone.
411 2122 539 2156 Augusta:
567 2122 679 2149 nomine
711 2122 853 2157 conjugem
886 2122 1048 2148 honestanc

264 2167 449 2193 Domitianum
468 2168 629 2202 principem,
640 2172 764 2195 senatum
774 2167 900 2194 cuiudem
914 2168 1046 2194 honorem

262 2214 376 2240 Adriani
392 2214 501 2248 coniugi
519 2214 662 2246 detulisse,
681 2215 751 2249 apud
770 2214 918 2248 Georgium
932 2213 1046 2248 Syncel-

262 2260 318 2286 lunt
337 2260 406 2293 lego.

297 2304 367 2330 Ibid.
387 2305 464 2340 [Οὐχ
491 2305 595 2339 ὅμοιον
632 2305 670 2339 τῷ
698 2306 751 2334 τοῦ
786 2305 951 2339 βασιλέως.

262 2349 376 2376 adversa
392 2359 460 2385 pene
482 2351 567 2378 forma
580 2358 764 2387 compartum.
780 2353 839 2380 Νυιί
856 2352 927 2379 enim
953 2351 1046 2386 globo-

262 2402 322 2421 sum
347 2402 369 2422 et
388 2401 499 2428 tectum,
517 2398 564 2424 sed
582 2398 690 2432 planum
717 2403 745 2425 ct
763 2403 900 2432 apertum,
915 2406 946 2424 ac
964 2398 1046 2424 latius

263 2440 516 2474 nonuilrlsuperue
529 2439 710 2475 iinpiiratricis
723 2447 839 2469 stemma
864 2444 889 2469 in
906 2442 979 2478 regio
994 2450 1044 2469 ms.

264 2484 473 2519 Sandionysiaci
501 2486 637 2519 dcpiclntn
674 2493 725 2517 est.
762 2495 849 2522 eoque
892 2493 1045 2516 memorata

260 2530 376 2561 Helene,
405 2531 545 2558 coloribus
568 2532 720 2565 delineata,
738 2533 813 2560 vellit
830 2534 930 2569 Cybele
948 2535 1045 2560 turrita

261 2584 363 2603 corona
377 2576 532 2603 redimitur.
547 2577 718 2611 Τυμπάνιον,
734 2586 808 2609 reor.
827 2586 841 2604 a
855 2578 942 2604 forma
961 2587 1044 2613 quam

263 2620 360 2652 refert,
377 2627 458 2648 vocat
473 2621 580 2649 Nicctas
596 2621 683 2649 Alexii
701 2624 772 2650 tertii
790 2624 807 2650 Ι.
824 2632 832 2651 ι
848 2632 854 2650 :
869 2624 1046 2660 Προεκάοητο

261 2667 394 2702 λαμπρῶς
413 2668 643 2702 διεσκευασμένη,
667 2668 750 2700 λίθοις
775 2678 804 2695 τε
822 2670 870 2696 καὶ
889 2671 1044 2705 μαργάροις

262 2713 407 2746 διαφανέσι
424 2715 454 2741 τὸ
468 2715 622 2749 τυμπάνιον
637 2714 797 2748 ἀναδέουσα,
815 2717 862 2742 καὶ
878 2715 924 2742 τὸν
940 2717 1044 2751 τράχη·

261 2760 306 2785 λον
321 2760 464 2794 ὁρμίσκοις
481 2761 639 2795 πολυτίμοις
651 2761 883 2794 διαλαμϐάνουσα.

296 2804 327 2831 Ρ.
346 2804 391 2831 92.
409 2805 635 2841 [Ὀμολογοῦσα
651 2805 698 2832 διὰ
717 2806 771 2840 τῆς
792 2808 1044 2842 προσκυνήσεως.

261 2850 299 2876 lla
313 2849 464 2878 Mauricius
482 2859 495 2877 a
509 2851 618 2878 Tiberio
634 2859 725 2879 coram
741 2854 895 2887 patriarcha
909 2859 934 2881 (ιι
946 2861 1043 2883 srnatu

262 2899 411 2922 coronatus
429 2897 575 2923 confestim
592 2897 625 2924 ad
647 2899 728 2931 pedes
744 2899 802 2933 cjns
818 2889 936 2934 procidit
956 2906 981 2928 ct
996 2911 1043 2929 cos

262 2940 449 2974 exosculatur,
480 2943 551 2977 apud
579 2945 768 2972 Simocattatn.
797 2946 911 2973 Basilius
936 2955 1043 2983 quoque

1101 343 1197 371 pturus
1223 338 1311 372 βαλὼν
1336 339 1385 373 τὴν
1398 338 1522 373 χλαμύδα
1542 339 1641 365 ἔπεσεν
1663 339 1704 370 εἰς
1720 339 1782 369 τοὺς
1796 339 1882 369 πόδα-τ

1098 383 1144 409 τοῦ
1162 382 1303 417 βασιλέως,
1319 388 1347 410 ιιι
1362 383 1444 410 refert
1460 382 1513 410 Leo
1529 382 1739 410 Grammaticus.
1755 382 1851 418 Cone]

1137 428 1208 456 Ibid.
1232 430 1265 455 Ei
1280 429 1314 455 δὲ
1333 428 1446 463 συμϐῇ.
1470 428 1498 456 Si
1522 429 1670 464 contigerit
1689 429 1881 464 imperatorem

1099 480 1180 503 antea
1210 482 1272 502 esse
1303 478 1475 505 coronatum.
1501 479 1652 501 coronatur
1675 475 1836 508 imperatrix
1865 482 1882 501 a

1100 522 1213 556 proprio
1230 520 1330 548 marito
1353 524 1380 547 et
1403 520 1586 554 imperatore;
1603 518 1700 547 eodem
1721 519 1802 546 modo
1817 524 1882 548 tunc

1100 567 1211 602 quando
1227 567 1272 594 illa
1288 567 1314 594 in
1332 573 1457 593 uxorem.
1469 565 1548 593 ducta
1569 565 1725 601 nuptiarum
1748 565 1881 593 solemnia

1100 613 1229 641 cclehrat.
1257 613 1293 640 At
1323 613 1345 640 si
1366 619 1399 639 eo
1425 620 1481 647 quo
1507 611 1628 639 diximus
1653 617 1731 647 pacto
1760 612 1880 644 eveniat,

1102 663 1165 686 tunc
1176 679 1183 691 ,
1199 663 1343 693 postquam
1371 659 1521 693 imperator
1539 665 1626 686 novus
1642 666 1719 685 suam
1738 659 1881 693 eonjugem

1100 711 1127 732 et
1156 705 1356 740 imperatricem
1374 704 1528 738 coronavit,
1557 704 1603 731 illa
1629 711 1703 735 vero,
1726 708 1756 731 ut
1779 704 1881 730 dictum

1099 756 1151 784 esl,
1177 740 1310 779 honorem
1341 755 1368 777 et
1389 751 1571 778 reverentiam
1598 750 1702 781 halntit,
1730 749 1882 776 ascendunt

1100 797 1182 825 simul
1212 798 1238 823 in
1266 797 1446 823 anabathram
1471 803 1518 823 seu
1537 795 1701 824 tabulatum.
1730 801 1881 828 rursusque

1101 843 1243 870 consident
1259 842 1284 869 in
1302 850 1352 869 suo
1368 842 1475 868 throno.
1495 840 1526 867 Et
1542 842 1599 868 haec
1611 839 1799 874 interpretatio
1814 846 1883 865 con-

1102 889 1226 916 firmatur
1242 896 1274 914 ex
1295 888 1314 914 Ι.
1333 896 1340 914 ι
1357 886 1469 914 Joannis
1484 886 1683 917 Cantacnzeni,
1702 886 1727 912 in
1745 892 1799 919 quo
1812 885 1882 910 hanc

1101 933 1275 967 imperatoris
1288 931 1468 966 inaugurandi
1481 936 1507 958 et
1521 930 1703 965 imperatrieis
1720 930 1883 957 coronandus

1102 978 1294 1004 caeremoniam
1317 977 1410 1004 iisdem
1429 976 1516 1003 ferme
1530 976 1620 1003 verbis
1637 976 1734 1010 quibus
1759 975 1881 1010 Curopa-

1101 1024 1154 1050 lata
1170 1024 1317 1056 describit;
1341 1024 1380 1049 ait
1399 1023 1471 1049 enim
1487 1031 1494 1050 :
1513 1021 1543 1048 Ei
1565 1022 1593 1048 δὲ
1614 1021 1703 1056 συμϐῇ
1728 1030 1882 1056 προεστεμ-

1103 1070 1182 1105 μένον
1198 1067 1268 1096 εἶναι
1281 1069 1326 1096 τὸν
1339 1068 1450 1101 βασιλέα
1462 1069 1506 1094 ἐπὶ
1521 1068 1570 1103 τῆς
1579 1067 1633 1093 τῶν
1649 1068 1745 1101 γάμων
1757 1067 1878 1101 τελετῆς,

1101 1118 1113 1142 ὑ
1127 1115 1253 1150 βασιλεὺς
1264 1115 1314 1148 τὴν
1326 1115 1394 1141 ἰδίαν
1405 1114 1538 1145 ὡσαύτως
1554 1114 1648 1148 στέφει
1661 1114 1788 1146 γυναῖκα,
1802 1111 1881 1144 αὖθις

1101 1161 1129 1187 δὲ
1146 1162 1297 1195 ἀμφότεροι
1321 1161 1369 1187 ἐπὶ
1388 1160 1437 1196 τὴν
1452 1160 1622 1195 ἀναὸάθραν,
1649 1165 1703 1187 etc.
1731 1158 1785 1186 Nec
1814 1159 1880 1185 illud

1101 1208 1294 1238 omittendum.
1323 1207 1370 1233 ubi
1392 1206 1558 1241 Curopolata
1590 1207 1672 1234 habet
1699 1205 1811 1237 σάκκον,
1843 1205 1880 1232 ibi

1100 1254 1171 1288 apud
1200 1253 1421 1281 Cantacuzenum
1448 1253 1501 1287 legi
1529 1252 1692 1288 πορφύραν,
1725 1257 1753 1278 ιιι
1781 1259 1806 1278 c.
1835 1251 1880 1285 l7,

1100 1300 1222 1326 ἐνδύεται
1240 1299 1335 1326 ἐπάνω
1349 1299 1397 1325 τοῦ
1412 1298 1528 1331 σάκκου,
1547 1297 1757 1325 Cantacuzcnus
1776 1305 1783 1324 :
1800 1298 1883 1333 Περιο

1101 1347 1230 1373 ϐάλλεται
1254 1344 1375 1380 μανδύαν
1392 1343 1512 1380 χρυσοῦν
1528 1344 1574 1369 ἐπὶ
1590 1344 1619 1370 τὸ
1632 1343 1751 1378 διάδημα
1769 1343 1815 1369 καὶ
1832 1343 1881 1377 τὴν

1099 1392 1253 1427 πορφύραν.
1270 1390 1369 1418 GnETs.

1134 1438 1164 1464 P.
1182 1438 1225 1464 95.
1237 1436 1297 1472 [Ψά
1306 1438 1430 1463 Moverer
1447 1434 1566 1469 ᾄσματά
1583 1443 1660 1461 τινα.
1674 1433 1879 1469 Tltcophylaclo

1099 1484 1239 1512 Michaelis
1252 1482 1427 1517 (Iuropalatis
1439 1482 1494 1508 ﬁlio
1505 1486 1636 1508 coronato
1649 1487 1739 1507 coram
1757 1479 1877 1513 parenti-

1098 1531 1151 1558 bus
1178 1530 1202 1556 οι
1218 1530 1311 1564 δῆμοι,
1329 1528 1425 1555 scribit
1448 1527 1503 1554 Leo
1521 1534 1607 1560 nuper
1623 1525 1725 1553 relatus
1739 1525 1780 1552 vel
1810 1525 1880 1551 alius

1097 1575 1197 1610 quivis,
1214 1574 1364 1608 Ἐμέλισαν
1379 1573 1522 1607 ποιήματα
1532 1572 1593 1598 καθ’
1603 1571 1719 1598 ἕκαστον
1732 1568 1799 1606 ἦχον
1809 1571 1877 1603 πρλς

1058 1628 1081 1658 C
1099 1620 1238 1655 εὐφημίαν
1261 1619 1362 1651 αὐτῶν,
1391 1619 1482 1645 πᾶσαν
1502 1617 1598 1653 ἡδονὴν
1622 1617 1765 1648 κολακείας
1793 1616 1880 1650 παρέ-

1100 1675 1194 1702 χοντα.
1220 1665 1316 1700 Cone]

1135 1712 1206 1740 Ibid.
1225 1712 1344 1739 Metam.
1369 1708 1468 1738 Sttidas
1486 1719 1493 1737 :
1509 1710 1616 1745 Σηρικὴ
1639 1710 1656 1743 ἡ
1677 1707 1781 1743 μέταξά
1797 1708 1880 1739 ἐστιν,

1099 1759 1129 1790 ἐξ
1144 1756 1177 1794 ἧς
1198 1757 1342 1784 εἱώθεισαν
1360 1757 1410 1791 τὴν
1427 1756 1528 1790 ἐσθῆτα
1543 1755 1723 1791 ἐργάζεσθαι,
1737 1754 1770 1788 ἣν
1795 1753 1880 1779 πάλαι

1101 1804 1150 1838 μὲν
1167 1803 1300 1838 ’Έλληνες
1321 1802 1451 1836 Μηδικὴν
1468 1801 1595 1833 ἐκάλουν,
1610 1801 1640 1827 τὸ
1656 1801 1685 1827 δὲ
1703 1800 1750 1826 νῦν
1764 1800 1880 1834 σηριχὴν

1099 1850 1273 1885 ὀνομάζουσι.
1304 1849 1371 1876 Hinc
1392 1849 1569 1876 melaxarirus
1583 1848 1739 1882 negotiator
1757 1850 1880 1872 metaxae.

1100 1897 1204 1924 Scribit
1235 1896 1417 1930 Nicephorus,
1444 1903 1509 1926 xvn,
1536 1894 1581 1924 32.
1611 1897 1746 1920 metaxam
1772 1893 1879 1919 demum

1099 1943 1151 1970 sub
1178 1942 1332 1970 Justlniano
1362 1941 1526 1975 imperatore
1543 1939 1647 1974 Cpolim
1675 1939 1783 1965 allatam
1810 1944 1878 1964 esse.

1099 1990 1158 2015 lluc
1185 1988 1254 2015 adde
1281 1987 1410 2021 ἑξᾶμιτον
1432 1986 1471 2013 vel
1499 1985 1625 2020 ζάμιτον,
1647 1989 1770 2011 summat.
1791 1983 1877 2010 Etiam

1098 2035 1185 2062 Latini
1206 2038 1381 2068 usurparunt.
1408 2033 1442 2060 -ln
1473 2032 1610 2060 Chronico
1624 2031 1782 2058 Sclavorum
1799 2029 1877 2065 363

1099 2089 1125 2109 c.
1142 2081 1158 2108 5
1172 2089 1178 2107 :
1194 2080 1291 2114 Regina
1306 2080 1414 2106 donavit
1429 2079 1490 2105 duci
1505 2079 1627 2105 samiuos
1642 2078 1780 2111 plurimos,
1799 2077 1836 2103 ita
1852 2081 1879 2102 ιιι

1099 2135 1187 2153 omnes
1203 2126 1300 2152 milites
1316 2133 1376 2152 suos
1400 2125 1505 2151 vestiret
1523 2124 1649 2151 suminis.
1678 2123 1745 2149 Vide
1773 2123 1880 2149 Glossa-

1098 2173 1168 2200 rium
1186 2171 1455 2199 Grzeco-Barbarum.
1471 2170 1578 2205 Tyrius,
1597 2177 1657 2202 xtn,
1673 2169 1708 2195 ΞΠ
1726 2177 1733 2195 :
1752 2167 1877 2195 Exameto

1098 2221 1246 2250 coopertum
1258 2216 1398 2243 altissimo.
1416 2215 1519 2243 GnE'rs.

1135 2263 1163 2289 P.
1179 2263 1222 2289 93.
1233 2261 1240 2297 [
1250 2262 1283 2288 Ὀ
1298 2263 1390 2296 ,λόγος
1403 2261 1540 2295 ζητεῖται.
1556 2261 1666 2288 Audeho
1676 2260 1786 2292 dubius,
1798 2259 1820 2287 si
1830 2266 1880 2286 non

988 2305 1044 2332 lmo
1063 2308 1082 2335 ί)
1098 2312 1198 2339 certus,
1217 2306 1348 2333 rationem
1366 2305 1497 2340 proferre.
1517 2305 1597 2332 Forte
1615 2311 1643 2332 ut
1656 2305 1794 2340 quondam
1807 2305 1879 2338 prin-

1097 2353 1202 2387 cipibus
1218 2353 1384 2386 triumphum
1399 2352 1541 2387 agentibus
1553 2351 1636 2386 (quod
1652 2359 1714 2385 erga
1729 2351 1879 2377 lleraclium

1097 2399 1245 2426 factitatum
1261 2404 1353 2425 narrat
1381 2398 1571 2432 Theophanes)
1600 2398 1713 2432 populus
1741 2397 1880 2432 βαστάζων

1096 2446 1208 2477 κλάδους
1223 2445 1320 2471 ἐλαιῶν
1330 2445 1375 2471 καὶ
1388 2445 1543 2478 λαμπάδας,
1561 2443 1691 2478 εὐφημῶν
1704 2444 1832 2478 ἐξήρχετο
1843 2443 1880 2473 εἰς

1097 2491 1256 2524 ὑπάντησιν,
1271 2491 1306 2517 ita
1321 2490 1429 2517 domum
1452 2490 1547 2516 sericis
1557 2490 1610 2516 illis
1633 2489 1787 2524 panniculis
1805 2489 1880 2515 elatis

1098 2537 1123 2563 in
1133 2536 1357 2563 sublimemorem
1375 2537 1516 2571 antiquum
1528 2537 1672 2563 novusistc
1693 2536 1793 2563 referre
1807 2536 1875 2562 vide-

1097 2587 1183 2609 retur.
1203 2581 1258 2608 Nec
1272 2581 1321 2608 abs
1351 2589 1379 2607 re
1394 2581 1446 2608 dici
1473 2586 1561 2614 potest
1590 2586 1730 2608 cantorum
1752 2580 1879 2608 domesti-

1097 2635 1191 2655 corum
1207 2632 1235 2653 et
1248 2627 1377 2654 lectorum
1398 2627 1496 2654 choros
1530 2627 1594 2653 visis
1615 2627 1641 2653 in
1658 2628 1726 2654 alrio
1749 2628 1878 2654 militibus

1098 2680 1145 2708 per
1159 2673 1285 2699 cohortes
1310 2672 1404 2699 divisis
1426 2680 1474 2699 sua
1490 2673 1566 2708 signa
1583 2673 1790 2707 praeferentibus
1807 2674 1880 2704 (ἑκα-

1097 2727 1157 2750 cto;
1171 2719 1224 2753 γὰρ
1241 2719 1293 2745 τῶν
1306 2718 1477 2752 μεγιστάνων
1494 2719 1562 2753 μετὰ
1577 2719 1626 2753 τῆς
1650 2719 1754 2750 οἰκείας
1779 2719 1877 2751 τάξεως

1095 2765 1230 2799 διακριδὸν
1248 2765 1438 2799 ἐφιστάμενος,
1457 2770 1485 2791 ιιι
1498 2764 1560 2791 alibi
1575 2773 1606 2791 ex
1618 2764 1711 2792 Nic-cla
1726 2767 1751 2792 in
1777 2765 1878 2793 Joanne

1097 2811 1264 2844 retulimus),
1289 2811 1362 2844 ipsos
1387 2818 1494 2845 quoque
1517 2815 1572 2838 tres
1597 2817 1759 2839 memoratas
1777 2814 1877 2843 hastas,

1096 2864 1144 2891 pro
1157 2859 1241 2883 ternis
1250 2856 1476 2891 protopsaltarum
1489 2856 1702 2884 domesﬁcorum
1712 2863 1738 2884 et
1751 2859 1878 2885 lectorum

1096 2903 1201 2935 turmis,
1219 2910 1250 2929 cx
1264 2907 1378 2936 utraque
1388 2902 1441 2929 τῶν
1450 2902 1575 2936 κρακτῶν
1586 2902 1652 2934 acie,
1670 2908 1697 2929 ut
1713 2905 1746 2930 ad
1761 2903 1878 2938 singulas

1096 2949 1168 2976 velut
1181 2949 1212 2975 ad
1228 2950 1364 2984 proprium
1377 2950 1481 2983 signum
1496 2956 1525 2976 se
1534 2947 1632 2984 singuli
1648 2948 1809 2985 reciperent,
1835 2949 1880 2976 Vel
