2026 3147
182 190 239 222 £05

733 193 925 223 GRETSEBI
946 193 992 223 ΕΤ
1004 192 1123 223 GOARI
1142 194 1259 225 NOT.E.

1756 201 1817 233 406

183 255 257 276 certe
266 249 298 276 ad
320 249 407 277 solam
434 250 659 282 ostentationem,
691 257 816 285 promere
845 250 977 277 voluisse.
999 254 1018 281 Α
1037 249 1140 278 Sensus
1149 256 1189 278 est
1207 258 1213 275 :
1233 252 1382 286 imperator
1396 256 1468 280 tenet
1487 257 1550 281 tunc
1565 254 1707 290 (nimirum
1722 259 1749 285 in
1767 260 1817 286 illa-

183 293 339 320 Candidum
353 301 417 321 vero
432 294 601 329 rubrumque
617 294 722 321 colores
733 293 883 321 Ecclesium
899 293 972 320 velut

183 340 215 366 ad
233 347 263 366 se
277 345 431 374 spectantes
447 340 662 367 sibiviudicasse
689 340 809 367 diximus
836 340 862 366 in
891 347 971 374 supe-

183 385 313 412 rioribus.
329 384 427 420 Cosa]

218 430 291 458 Ibid.
303 431 394 458 Codex
413 431 511 459 Lanth.
547 439 595 466 pro
621 433 718 466 σεμνοῦ
745 431 841 466 ὕμνου.
868 431 972 458 Recte:

183 476 248 503 Cum
261 479 373 513 hymnus
385 478 535 510 inchoatur,
551 478 677 505 videlicet
692 485 706 504 a
730 478 898 509 cantoribus,
927 478 972 511 qui

183 526 323 553 decantari
343 527 413 553 solet
426 527 452 553 in
467 535 566 561 magno
581 527 717 560 ingressu,
741 527 790 553 hoc
808 525 888 552 estin
907 533 974 560 sup-

183 572 331 606 plicatione
347 580 394 598 seu
413 572 527 600 solemni
550 573 737 606 processione,
752 572 779 598 in
812 579 876 605 qua,
907 571 974 597 lecto

182 618 237 649 iam
257 607 414 652 Evangelio,
431 618 622 644 circumfertur
638 625 686 652 per
700 617 828 651 templum
861 616 974 642 materia

183 664 267 692 tuturi
285 664 424 696 sacriﬁcii,
438 664 520 690 ducto
538 663 617 691 initio
631 671 644 689 a
666 663 801 698 prothesi,
823 662 855 689 ad
888 663 975 689 altare

183 712 210 738 in
226 719 281 746 quo
297 717 350 738 saci
360 709 460 737 ilicium
474 710 675 736 immolabatur.
689 709 725 736 De
733 717 786 743 qua
800 709 976 742 proccssione

183 757 288 791 legatur
299 756 428 783 Cabasila
445 756 471 782 in
484 755 606 789 Exposit.
618 754 715 784 Μίδεω,
732 762 757 781 c.
776 754 819 781 54.
836 753 938 781 ϐηετς.

218 801 291 829 Ibid.
308 801 428 837 [Duplex
443 801 542 832 eisab);
559 801 682 827 introitus
695 801 721 827 in
740 801 860 834 liturgia,
875 808 975 834 parvus

184 852 211 874 et
224 855 350 882 magnus.
367 846 473 874 Primus
490 846 643 873 inducendo
657 847 689 873 ad
710 846 796 873 altare
811 846 975 881 Evangelio-

184 901 257 925 rum,
272 898 336 920 ante
348 892 492 919 lectionem
508 899 615 924 eorum,
628 891 709 924 libro,
726 893 864 919 secundus
877 891 976 925 depor-

185 939 274 966 tandis
291 939 324 966 ad
346 939 417 965 idem
434 939 520 965 altare
531 939 616 966 sacris
634 938 725 971 donis,
747 945 817 973 pane
845 938 974 964 nimirum

183 989 209 1010 et
225 984 302 1016 vino,
319 983 472 1010 destinatus
484 987 545 1015 est;
564 983 649 1018 ﬁtque
663 991 695 1010 ea
717 984 808 1010 missa:
818 987 904 1018 parte,
914 991 975 1018 qua:

183 1030 263 1057 nobis
278 1030 425 1063 Erangelio
439 1029 508 1057 lecto
525 1029 627 1056 dicitur
647 1029 822 1063 o/Tertorium.

219 1075 291 1102 Ibid.
310 1074 320 1110 [
339 1076 446 1110 ηινου.
457 1075 578 1109 Hymnus
592 1075 636 1103 ille
650 1076 819 1103 Cherubicus
832 1080 885 1108 est,
902 1076 976 1110 σπεν-

185 1122 280 1148 torium
299 1130 396 1149 rursus
411 1121 515 1149 Latinis
529 1122 693 1153 vocandum,
712 1122 783 1156 quod
795 1121 859 1148 dum
874 1122 973 1148 oblulzc

183 1167 347 1194 deferuntur
359 1168 392 1195 ad
405 1168 501 1200 altare,
517 1172 652 1199 cantetur,
671 1167 704 1194 de
717 1175 771 1202 quo
784 1167 911 1198 Allatius,
927 1167 976 1193 Ar-

182 1215 291 1245 cudius,
310 1214 615 1250 litnrgiaChrysostomi
633 1219 659 1241 et
676 1214 883 1248 Euehologium.

219 1261 291 1287 Ibid.
311 1260 481 1296 [Πρόθεσιν.
505 1261 599 1287 Altare
624 1261 781 1288 Graecorum
796 1261 873 1295 ἅγιον
900 1262 975 1296 βῆμι

182 1307 263 1341 vulgo
279 1307 395 1339 dictum,
413 1314 426 1332 a
443 1306 547 1340 reliquo
560 1306 662 1341 templo
678 1312 805 1341 separant
823 1307 972 1341 κιγκὶλδες,

182 1353 308 1385 cancelli,
319 1352 359 1378 vel
372 1353 453 1379 etiam
464 1351 549 1378 solida
565 1352 695 1383 tabulata,
714 1350 794 1386 prout
810 1353 835 1379 in
851 1353 975 1380 ecclesiis

182 1399 288 1425 nostris
302 1398 353 1425 alia
372 1403 448 1432 septa
464 1405 607 1425 sacrorum
625 1398 744 1424 virorum
759 1398 873 1424 chorum
893 1406 907 1425 a
925 1407 973 1432 po-

182 1445 248 1479 pulo
262 1445 390 1472 dividunt
409 1445 566 1479 augustiora
586 1449 673 1478 septa.
692 1444 719 1471 lu
746 1449 903 1472 transverso
930 1445 975 1472 illo

181 1491 307 1518 tabulato
323 1497 378 1517 tres
396 1497 479 1525 porta:
490 1495 564 1521 sunt,
578 1491 665 1517 media
684 1491 782 1525 major,
797 1492 856 1518 alia:
872 1499 887 1518 a
909 1492 975 1518 late-

181 1538 261 1564 ribus
277 1538 409 1563 minores.
429 1536 542 1563 Mediam
565 1537 629 1571 ἅγια
652 1536 732 1571 ούριιι
760 1537 854 1564 dicunt
876 1537 973 1570 Graeci,

1025 296 1210 332 processione)
1231 297 1320 324 locum
1335 297 1465 331 deputati.
1484 298 1646 327 Numeratur
1664 306 1754 330 autem
1770 304 1812 331 οἷν

1024 341 1114 368 ﬁcium
1145 342 1262 376 deputati
1280 351 1293 369 a
1323 342 1485 377 Curopalata
1519 345 1683 374 interoﬁlcia
1711 356 1816 383 magna:

1025 386 1151 414 Ecclesia:
1178 388 1204 415 in
1234 389 1357 423 catalogo
1387 389 1543 418 olIieialium
1571 392 1693 426 ejusdem
1729 396 1813 429 aulai,

1024 440 1049 459 c.
1066 433 1092 459 t.
1107 434 1210 461 Gners.
1236 466 1240 467 ν

1062 479 1136 508 Ibid.
1153 479 1252 516 [Simul
1270 486 1352 516 atque
1365 490 1499 511 summum
1514 485 1658 521 imperium
1670 488 1813 522 quivisac-

1025 523 1142 557 cipieliat
1158 525 1319 559 imperator,
1333 527 1370 554 ait
1389 527 1528 562 Zosimns,
1542 531 1661 559 amictus
1673 533 1698 559 ei
1722 541 1813 561 sacer-

1025 570 1123 597 dotalis
1148 578 1163 597 a
1194 572 1369 605 pontiﬁcibus
1418 575 1597 608 oﬁ‘erebatur,
1625 581 1654 604 et
1686 579 1813 606 conlinuc

1025 617 1162 649 pontiﬁcis
1183 617 1293 645 maximi
1307 619 1417 646 titulum
1432 622 1599 656 usurpabat;
1613 628 1740 658 tantaque
1757 629 1816 652 erat

1026 661 1095 688 inter
1115 662 1319 696 imperatoriam
1330 669 1357 692 et
1370 666 1537 700 pontiﬁcium
1558 667 1719 702 dignitatem
1749 677 1816 698 con-

1026 708 1119 739 nexio,
1129 712 1158 734 ut
1170 708 1229 736 sine
1239 709 1290 736 hac
1302 709 1347 737 illa
1359 711 1512 738 consistere
1525 713 1658 746 nequiret,
1673 721 1704 741 ac
1715 715 1741 741 in
1754 722 1816 742 eum

1026 754 1304 800 subditi'conspirare
1333 756 1539 791 impellerentur
1564 760 1707 792 audacius,
1734 769 1815 796 quem

1026 799 1114 833 patria
1127 800 1256 834 religione
1270 807 1461 829 consecratum
1477 811 1530 830 non
1544 806 1815 840 contemplarentur;

1027 853 1106 880 quem
1125 853 1190 873 vero
1204 846 1248 873 illa
1270 848 1406 875 sublatum
1423 849 1606 884 suspicerent,
1637 856 1710 878 tanta
1734 852 1818 880 simul

1027 892 1190 919 auctoritate
1203 893 1350 928 pollentem
1378 896 1590 930 venerabantur,
1607 901 1638 924 ut
1660 905 1692 924 eo
1705 898 1817 932 quasvis

1028 938 1206 973 magistratus
1219 945 1376 967 assererent
1394 941 1548 974 inferiores,
1575 947 1603 970 et
1615 950 1648 969 ex
1665 944 1724 978 ejus
1750 949 1817 971 nutu

1027 983 1221 1018 voluntathue
1236 992 1279 1012 res
1293 986 1420 1020 publicae,
1439 987 1563 1021 privatae,
1575 988 1650 1020 belli,
1669 989 1754 1023 pacis,
1772 997 1818 1016 cx-

1027 1032 1122 1060 ternaz,
1141 1029 1310 1062 domestice,
1328 1036 1435 1058 cunctae
1453 1032 1625 1066 penderent;
1642 1040 1703 1067 quae
1734 1041 1817 1062 causa

1026 1073 1079 1102 fuit
1094 1079 1123 1102 ut
1136 1075 1208 1102 inter
1220 1076 1395 1103 Christianos
1412 1077 1593 1111 imperatores
1621 1079 1714 1113 primi,
1740 1079 1815 1106 Coa-

1026 1121 1174 1155 stantinus,
1183 1122 1371 1157 Constantius,
1384 1122 1604 1156 Valentinianus,
1615 1124 1716 1152 Valens
1726 1130 1753 1152 et
1769 1125 1816 1152 alii

1026 1167 1059 1193 ad
1076 1166 1238 1195 Gratianum
1258 1175 1354 1202 usque,
1392 1168 1530 1202 pontiﬁcis
1557 1169 1670 1197 maximi
1704 1171 1812 1198 titulum

1027 1213 1178 1248 stolamque
1194 1221 1248 1240 non
1260 1213 1358 1241 fuerint
1374 1214 1583 1243 aversatiJiinc
1600 1216 1664 1243 illud
1680 1217 1817 1244 Ambrosii

1026 1259 1233 1287 chhristianis
1245 1260 1418 1294 principibus
1440 1262 1521 1288 etiam
1553 1262 1623 1289 intra
1657 1262 1817 1290 Christiana!

1027 1304 1165 1339 religionis
1181 1305 1313 1331 terminos
1325 1305 1474 1332 ambitione
1489 1306 1571 1333 molis
1585 1307 1688 1334 dictum
1704 1316 1710 1334 :
1733 1307 1818 1342 Vulgo

1026 1350 1078 1376 dici
1095 1350 1164 1385 quod
1175 1352 1345 1384 imperatores
1359 1351 1539 1378 sacerdotium
1554 1353 1640 1388 magis
1670 1354 1819 1388 optaverint

1026 1404 1106 1431 quam
1120 1397 1260 1430 imperium
1277 1397 1438 1424 sacerdotes.
1462 1396 1513 1424 Ubi
1539 1402 1629 1424 tamen
1644 1403 1724 1425 aucta
1755 1399 1820 1426 reli-

1026 1442 1070 1477 gio
1090 1442 1250 1469 umbratiles
1261 1443 1344 1470 etiam
1355 1443 1563 1478 superstitionis
1583 1443 1679 1471 titulos
1693 1445 1822 1471 elimina-

1025 1489 1063 1516 vit
1079 1496 1094 1515 e
1106 1489 1216 1523 palatio.
1235 1496 1267 1516 ac
1283 1489 1390 1516 sincera
1404 1490 1506 1517 mentis
1522 1490 1639 1524 dejectio
1670 1490 1754 1518 falsas
1771 1496 1820 1518 aut

1026 1542 1110 1561 vanas
1124 1534 1277 1569 repudiavit
1288 1535 1495 1569 appellationes,
1505 1536 1576 1563 inter
1591 1536 1703 1564 ultimos
1721 1536 1818 1564 Eccle-

180 1584 264 1617 ἁγίας
276 1583 376 1615 πύλας,
389 1583 467 1616 ἁγίας
479 1582 574 1617 θύρας,
587 1587 638 1609 etc.
650 1582 670 1608 Ε
680 1583 811 1610 lateribus
823 1583 976 1615 dexteram,

1030 1581 1077 1607 siae
1106 1580 1248 1608 ministros
1275 1580 1366 1608 locum
1388 1581 1508 1616 reperire
1536 1589 1568 1608 ac
1596 1589 1691 1609 eorum
1719 1590 1822 1610 munus

180 1630 229 1656 ubi
253 1628 411 1655 διακονικόν
427 1633 479 1660 est,
492 1629 578 1654 νότιον
597 1629 689 1663 μέρος,
706 1628 844 1655 sinistram
866 1629 972 1664 βόρειον

178 1675 277 1710 μέρος,
295 1682 345 1701 nec
361 1681 415 1700 non
442 1673 571 1708 πρόθεσιν
594 1677 700 1699 vocant.
721 1673 851 1707 ΙΙρόθεσις
867 1674 975 1700 demum

177 1729 277 1748 mensa
300 1725 343 1747 est
362 1720 406 1746 ubi
430 1727 508 1746 sacra
523 1719 595 1746 dona
614 1720 639 1745 in
669 1720 753 1746 missa
788 1720 976 1746 consecranda

175 1768 370 1802 προτίθενται,
387 1767 471 1800 primo
496 1770 688 1800 proponuntur,
718 1771 746 1793 et
788 1771 851 1792 ante
886 1765 977 1792 missa:

175 1813 353 1847 principium
374 1820 388 1839 a
404 1812 546 1838 sacerdote
574 1816 601 1838 et
630 1813 746 1839 diacono
771 1817 922 1846 praeparata
942 1812 976 1838 ad

173 1859 360 1887 utier-torium
376 1866 462 1892 usque
480 1861 658 1892 reponuntur.
672 1857 741 1884 lliuc
752 1858 775 1884 ei
788 1865 899 1893 quoque
910 1867 978 1892 προ-

174 1907 280 1937 θέσεως
304 1913 418 1932 nomen.

210 1950 288 1977 Ibid.
312 1949 368 1985 [Τὰ
378 1949 457 1983 ἅγια.
477 1948 601 1983 lntellige
615 1948 701 1983 δῶρα,
714 1955 813 1983 panem
830 1953 858 1975 et
870 1948 976 1976 vinum.

208 1994 290 2022 Ibid.
320 1993 460 2029 [Μανδύας
487 1994 586 2028 regium
612 1993 726 2027 pallium
742 1999 797 2024 est.
817 1999 843 2021 et
856 1994 880 2021 si
893 1994 978 2022 mavis

168 2042 324 2075 chlamys;
355 2039 406 2066 nisi
432 2040 504 2074 quod
532 2039 655 2074 chlamys
679 2039 796 2071 brevior,
822 2043 849 2066 et
865 2040 979 2066 humero

167 2089 275 2116 dextro
294 2087 384 2114 ﬁbula
400 2086 441 2114 vel
454 2086 526 2113 nodo
539 2091 703 2119 necteretur,
718 2087 849 2122 mandyas
860 2087 978 2120 longior,

167 2135 203 2160 ad
218 2132 459 2168 pectusjcollique
474 2132 590 2159 radicem
604 2132 780 2159 anteri0rem.
795 2132 881 2160 Totus
893 2132 979 2167 Phry-

167 2179 269 2213 gionis
283 2185 380 2212 opera
393 2177 475 2204 ramis
498 2177 663 2212 circulisque
691 2179 792 2210 aureis,
822 2179 849 2204 in
879 2179 979 2212 quibus

168 2225 275 2258 aquilae
295 2222 431 2257 bicipites
444 2223 538 2250 eodem
554 2231 621 2250 auro
634 2223 838 2254 exluberantes.
852 2223 979 2258 depictus

164 2277 220 2299 CSl.

202 2318 282 2346 Ibid.
302 2317 388 2353 [Τὸν
397 2317 539 2351 σταυρόν.
553 2315 660 2351 Virgam
673 2316 800 2343 nimirum
815 2323 937 2349 auream,
956 2317 983 2343 in

163 2365 249 2398 cujus
258 2364 436 2392 summitate
445 2370 510 2389 crux
520 2370 602 2389 aurea
613 2362 728 2396 gemmis
740 2367 845 2393 ornata,
855 2363 934 2397 vulgo
943 2362 982 2389 6'.-

163 2412 301 2437 xavixwv
322 2419 331 2442 ;
350 2409 391 2435 de
406 2416 458 2442 quo
473 2408 609 2442 superius.

203 2457 283 2483 Ibid.
301 2455 481 2491 [.W'dponxa,
492 2454 615 2488 ferulam.
627 2454 729 2489 virgam
747 2454 884 2486 leviorem,
899 2461 980 2488 quam

163 2508 311 2530 memorat
331 2501 453 2528 Simcon
470 2499 723 2527 Thessalonicensrs
734 2508 760 2527 c.
770 2500 786 2526 ﬁ
801 2505 864 2526 nota
889 2499 923 2527 44
934 2507 980 2526 re-

163 2550 250 2576 latus.
265 2544 382 2581 Cium]

199 2594 291 2631 334
303 2596 337 2620 P.
349 2591 404 2619 95.
418 2589 509 2622 Τάξιν
518 2590 789 2624 ὲκκλησιαστικὴν,
799 2590 839 2624 ἦν
851 2591 982 2617 καλοῦσι

161 2641 215 2667 τοῦ
227 2641 264 2668 δέ
286 2646 385 2666 ποτε.
410 2635 538 2663 Ordinem
556 2638 772 2668 ecclesiasticum,
799 2646 874 2672 quem
898 2638 982 2672 ipsius

161 2693 270 2716 rurant.
293 2686 476 2719 Perperam,
492 2682 538 2709 sed
554 2683 673 2710 correxit
697 2682 796 2710 Junius
812 2691 933 2710 errorem
946 2691 978 2710 ex

158 2737 213 2762 alio
229 2733 345 2761 codice.
366 2728 538 2762 Legendum
555 2729 627 2755 enim
641 2728 688 2754 τοῦ
717 2729 873 2761 δεποτάτου,
891 2733 921 2756 ut
933 2729 981 2755 ha-

159 2783 205 2808 bet
222 2781 359 2808 Joannes
380 2775 601 2802 Cantacuzcnus
619 2775 646 2802 in
661 2782 710 2802 sua
728 2775 860 2806 Historia,
874 2775 891 2802 l.
908 2783 916 2802 ι
949 2775 983 2802 de

163 2828 246 2855 bellis
264 2827 346 2853 inter
377 2819 573 2849 Andronicum
596 2828 677 2848 avum
700 2826 727 2848 ct
756 2827 904 2856 nepotem,
934 2821 981 2849 ubi

166 2879 249 2901 r.tnm
263 2863 474 2904 inaugurandi
488 2864 657 2898 imperatoris
670 2865 814 2894 describit.
842 2867 909 2894 Cod.
932 2866 982 2893 Ba-

166 2927 225 2948 νπ,
251 2914 457 2946 δεσποτάτιιυ,
479 2914 555 2942 recte,
585 2911 606 2938 si
626 2912 734 2940 unicum
767 2912 851 2947 sigma
877 2911 982 2939 demas.

1026 1627 1174 1661 quodpiam
1190 1627 1216 1654 in
1231 1626 1353 1655 Ecclesia
1367 1628 1444 1656 obire
1453 1627 1567 1656 luitillis
1581 1628 1607 1655 in
1625 1628 1731 1663 pretio;
1746 1631 1831 1656 unde»

1026 1678 1116 1700 ortum
1131 1678 1196 1708 puto
1213 1678 1243 1700 ut
1261 1673 1389 1708 antiquas
1403 1673 1560 1709 chlamydes
1576 1674 1742 1708 posteriores
1762 1676 1827 1701 im-.

1026 1720 1095 1754 perii
1110 1726 1284 1747 successores
1299 1719 1325 1746 in
1335 1715 1477 1754 mandyas,
1495 1719 1629 1746 lectorum
1647 1720 1741 1754 pallia,
1752 1728 1818 1747 con-

1027 1770 1172 1797 verterent;
1185 1765 1375 1799 deputatorum
1388 1765 1414 1792 in
1425 1765 1546 1792 Ecclesia
1557 1770 1681 1800 gererent
1690 1766 1827 1793 ofﬁcium»
1835 1780 1841 1783 —

1027 1816 1053 1837 et
1067 1811 1137 1837 viam
1157 1811 1185 1838 in
1202 1811 1318 1839 solemni
1341 1818 1485 1839 sacrorum
1504 1811 1641 1838 donorum
1673 1812 1707 1838 ad
1733 1813 1820 1840 altare

1027 1857 1218 1892 deportatione
1233 1857 1341 1884 clericis
1367 1861 1395 1884 et
1420 1857 1613 1884 sacerdotibus
1638 1862 1794 1885 sternerent
1810 1866 1828 1891 p

1028 1911 1060 1931 ac
1072 1904 1183 1930 demum
1198 1903 1320 1930 Ecclesia
1331 1903 1487 1938 religiosam
1499 1903 1657 1937 hujusmodi
1674 1903 1831 1930 demissio--

1028 1957 1089 1976 nem
1118 1953 1338 1983 compensatura.
1377 1950 1441 1976 thus
1475 1957 1671 1984 nonnunquam
1697 1950 1724 1976 in
1752 1949 1832 1977 altam

1029 1995 1105 2022 ribus
1117 1995 1293 2027 accendendi,
1303 1995 1416 2023 trisulco
1425 2003 1504 2023 cerea
1515 1996 1734 2023 benedictionem
1748 1996 1817 2023 sub-

1029 2041 1093 2068 ditis
1115 2041 1288 2075 impcrtiendi
1315 2037 1463 2076 sacrosque
1485 2041 1672 2068 sermonesad
1688 2048 1832 2076 proceres»

1031 2092 1058 2114 ct
1078 2087 1207 2122 populum
1235 2087 1353 2114 habendi
1382 2087 1531 2114 contulerit
1557 2094 1617 2115 eam
1646 2091 1833 2121 potestatenu.

1030 2139 1112 2167 quam
1123 2131 1157 2158 ab
1173 2131 1281 2165 iniusta:
1294 2133 1335 2159 vel
1349 2132 1490 2167 sacrilega:
1500 2133 1689 2167 usurpationis
1705 2132 1830 2159 crimina

1031 2186 1093 2205 reor
1110 2177 1273 2205 vindicatum
1289 2183 1355 2205 nota
1383 2179 1410 2205 in
1436 2179 1551 2213 hujusce
1584 2178 1706 2205 auctoris
1731 2179 1817 2205 nostri

1031 2229 1112 2258 caput
1129 2224 1172 2255 Ui,
1187 2224 1221 2251 ad
1247 2231 1273 2259 p.
1296 2224 1340 2251 76.
1359 2223 1447 2257 Quam
1464 2224 1487 2251 si
1502 2224 1564 2258 quis
1584 2223 1820 2251 condemnandam

996 2259 1017 2287 υ
1036 2270 1204 2304 pervicacius
1219 2274 1336 2304 expetat,
1350 2277 1411 2297 reos
1440 2270 1521 2297 simul
1548 2273 1611 2308 agat
1639 2276 1752 2296 necesse
1777 2273 1821 2296 est

1036 2315 1284 2342 Christianissimos
1310 2323 1386 2349 reges
1415 2315 1442 2342 in
1467 2315 1600 2350 primores
1632 2314 1781 2342 canonicos
1806 2322 1822 2340 a

1039 2361 1165 2396 pluribus
1179 2359 1374 2387 ecclesiasticis
1386 2360 1508 2394 collegiis
1526 2359 1823 2394 allectos,eosderiiqne

1038 2415 1069 2434 ac
1084 2414 1224 2441 supremos
1236 2407 1302 2433 alios
1325 2406 1416 2433 smculi
1446 2406 1592 2441 principes.
1620 2408 1666 2440 qui
1698 2405 1844 2432 muniunt.

1036 2453 1140 2487 aliquid
1155 2453 1404 2479 ecclesiasticarum
1427 2456 1596 2486 praesumant
1611 2460 1643 2479 ac
1661 2453 1688 2479 in
1708 2452 1824 2486 privile-
1839 2470 1844 2471 γ

1037 2499 1142 2534 giorum
1156 2504 1258 2532 partem
1273 2506 1327 2525 rem
1341 2498 1482 2532 deputent.
1504 2497 1606 2534 GOAR.]

1071 2544 1102 2571 P.
1117 2544 1160 2571 9|.
1171 2545 1346 2578 Προηγεῑται
1360 2544 1414 2578 τῆς
1429 2543 1550 2570 εἰσόδου
1563 2544 1676 2577 πάσης.
1693 2542 1825 2569 Ρηετεάῐε

1038 2599 1084 2625 per
1099 2593 1243 2626 ingressum
1262 2595 1357 2618 totum.
1371 2591 1482 2619 Inscite.
1495 2590 1589 2617 Potius
1599 2589 1722 2623 prcecedit
1737 2593 1822 2615 totam

1036 2637 1262 2671 supplicationem,
1276 2637 1375 2670 primus
1395 2644 1433 2663 eu
1450 2636 1477 2662 in
1491 2636 1668 2670 processione.
1685 2634 1821 2660 (iantacu-

1041 2691 1124 2710 zenus
1139 2683 1259 2717 ἡγεῖται.

1076 2730 1147 2757 Ibid.
1179 2729 1283 2756 Forsan
1314 2728 1443 2763 ιποᾶλλα
1471 2726 1613 2761 legendum
1640 2724 1752 2751 ἔπιπλα.
1778 2723 1824 2750 Sic

1038 2775 1110 2802 enim
1126 2775 1332 2802 Cantacuzenus
1349 2773 1451 2800 ἔπιπλά
1465 2781 1493 2799 τε
1509 2772 1555 2798 καὶ
1575 2770 1658 2805 σκεύη
1671 2769 1726 2795 τῶν
1743 2769 1823 2805 ιερῶν

1039 2823 1085 2848 καὶ
1099 2820 1167 2847 αὐτὰ
1182 2820 1320 2854 ἁγιώτατα
1353 2817 1556 2852 ἐπιφερόμενοι.
1574 2815 1667 2842 Gnm‘s

1062 2866 1131 2894 Ibid.
1151 2865 1257 2901 [Σκεύη
1269 2864 1340 2891 om
1353 2863 1442 2890 ἄλλα.
1455 2862 1484 2888 In
1501 2860 1612 2895 liturgiaa
1630 2861 1752 2895 ingressu
1766 2867 1824 2887 ma-
1839 2878 1841 2880 -

1036 2912 1109 2947 jure,
1118 2918 1196 2939 sacro
1207 2909 1372 2946 procedendi
1382 2908 1445 2941 ritu,
1456 2906 1579 2939 lectores,
1589 2905 1833 2939 subdiamniﬁias
