2026 3147
226 169 278 201 421

782 168 823 197 IN
843 167 988 197 LIBRUM
1011 166 1057 195 DE
1078 164 1242 195 OFFlCllS
1259 164 1310 194 Cl‘.

1795 156 1847 189 4⁸2

226 227 324 258 induit,
340 226 432 253 deinde
447 226 472 253 in
493 230 629 258 conspectu
646 225 762 251 omnium
791 231 866 257 peacs
897 224 1008 256 crepidis
1023 231 1048 258 Α
1060 222 1128 247 diem
1139 228 1194 246 sua:
1208 219 1352 246 vocationis
1374 223 1500 253 tanquam
1515 215 1649 250 speculum
1665 214 1719 241 suis
1747 213 1848 240 obtuti-

225 274 363 307 purpureis
379 276 507 305 exornat;
523 279 636 306 quarum
665 271 799 296 dexteram
830 269 854 296 ei
879 268 1008 302 sanguine

226 319 350 350 proximi,
367 318 498 344 sinistrant
515 325 547 344 es:
564 317 733 343 conductitiis
757 315 859 342 Latinis
875 315 1007 341 nobilitate

225 368 250 389 et
266 363 401 397 splendore
410 363 510 397 generis
534 363 611 396 primi
628 362 766 388 indurunt.
780 360 943 394 Imperia/em
960 368 1009 386 au-

227 412 276 434 tem
293 408 389 434 (iurant
408 413 468 434 ante
481 407 658 434 immaculata'
696 406 810 441 Virginis
837 405 886 432 Dei
914 404 1008 431 Matris

225 453 364 486 imaginem
377 453 447 478 humi
462 453 574 486 positam
588 461 665 479 manu
683 461 731 479 sua
750 451 844 478 tollens
862 452 916 485 ipse
929 450 1010 482 capiti

225 501 273 522 suo
285 496 404 530 impertit.
417 496 562 524 Cantacuz.
581 505 623 529 lit,
635 498 680 524 27.
700 497 751 523 Ubi
765 497 879 523 observa
905 502 1012 522 morem

225 543 341 575 ponendi
356 542 586 574 humicoronam,
615 549 643 570 ιιι
671 541 1008 573 insinueturbumililas,

225 591 251 612 (ιι
269 593 330 612 ante
346 587 492 622 imaginem
504 587 533 615 Β.
549 585 681 622 Virginis,
707 594 736 614 ut
747 587 910 615 ostendatur
926 586 1011 621 impe-

228 631 327 656 ratoris
341 631 367 657 in
384 637 491 659 sanctos
512 633 608 666 pietas.

262 674 362 702 lterum
372 682 518 705 coronatus
530 682 572 704 est
585 678 654 705 idem
681 677 890 705 Cantacuzenus
911 676 1010 703 Adria-

228 722 330 755 nopoli,
347 728 426 756 prout
443 723 556 757 ipsemet
570 724 612 751 his
641 725 730 751 verbis
750 724 925 758 exponit,|tl,
952 723 986 750 92
1002 732 1008 750 :

225 765 286 791 lam
299 775 357 793 vero
369 768 469 801 placuit
486 769 568 795 etiam
585 769 771 803 imperatorum
788 777 859 795 more
874 768 1008 800 coronari,

226 812 438 845 quandoquidem
478 818 502 839 et
531 814 685 847 patriarcha
726 813 967 848 Hierosolymorum
986 817 1010 839 et

227 857 341 890 episcopi
352 858 499 892 complures
517 867 605 885 coram
618 859 747 886 adessent.
759 859 873 894 Cumque
887 860 1010 886 mandas-

226 906 266 927 set
283 903 431 936 artiﬁcibus
443 908 470 930 ut
487 911 611 930 coronam
626 909 650 930 ct
662 905 723 931 aliis
739 910 765 931 ut
780 905 836 931 alia
853 905 887 931 ad
899 913 956 931 eam
971 913 1012 931 ce-
1029 895 1049 923 Β

227 948 376 975 lcbrilatem
388 950 621 984 cterentoniamque
637 951 834 977 accommodata
844 951 1010 984 conﬁcerent,

227 994 328 1026 paratis
345 995 464 1021 omnibus
485 994 613 1021 aLazaro
639 996 791 1029 patriarcha
821 995 1012 1030 Hierosolymi-

226 1044 299 1071 tano,
316 1048 402 1066 mense
430 1039 513 1073 Maio.
542 1042 647 1076 quando
674 1042 840 1068 Constantini
867 1041 960 1076 Magni
986 1046 1011 1068 ct

228 1084 334 1112 Iielente
348 1086 440 1112 matris
452 1087 519 1120 ejus,
536 1088 664 1121 apostolis
679 1089 931 1119 cotnparandorum.
957 1096 1010 1115 me-

229 1131 312 1156 moria
325 1132 431 1165 colitur,
453 1140 549 1159 corona
565 1134 696 1159 induitur.
731 1132 847 1160 Coronat
876 1139 965 1160 autem
987 1140 1011 1161 et

229 1177 293 1210 ipse,
307 1181 334 1202 ut
349 1186 403 1203 mos
419 1179 534 1209 tenebat,
545 1178 638 1206 Irenen
651 1179 786 1214 conjugem
798 1188 874 1206 suam
889 1188 899 1212 ;
911 1181 1012 1206 omnia-

229 1232 278 1257 que
290 1225 376 1251 solitis
386 1226 489 1258 ritibus,
503 1234 580 1261 quant
597 1228 711 1253 maxime
725 1227 783 1261 ﬁeri
796 1228 892 1261 potuit,
902 1233 1009 1262 peracta

228 1274 300 1295 sunt.
319 1269 389 1296 Nam
399 1276 424 1297 et
439 1276 561 1305 argentea
575 1276 652 1306 atque
667 1279 745 1298 aurea
757 1272 917 1298 numismata
935 1281 1011 1306 spar-

228 1313 366 1347 grbnntur,
394 1316 512 1342 conrivia
544 1316 748 1350 poculorumque
775 1316 945 1343 incitationes
976 1317 1010 1343 ad

228 1359 283 1385 dies
294 1360 423 1393 plurimos
437 1360 681 1395 frequentabantur.
711 1360 801 1387 Tertio
811 1361 919 1388 demum
931 1370 1011 1389 coro-

229 1410 310 1432 natus
326 1411 366 1432 est
382 1406 456 1441 Cpoli
469 1407 494 1433 in
507 1406 665 1433 Blachernis
676 1406 797 1441 Dciparaa
815 1407 927 1442 virginis
942 1414 1011 1435 tein-

191 1478 193 1481 ,
230 1450 286 1484 plu,
298 1455 379 1484 prout
391 1451 449 1484 ipse
465 1451 525 1478 fuse
541 1451 654 1485 exponit
670 1459 708 1485 Iv,
725 1452 752 1478 ι.

265 1494 306 1521 Ad
322 1494 402 1521 linem
414 1495 495 1530 hujus
509 1496 606 1530 capitis
620 1496 652 1524 de
665 1497 843 1525 coronatione
862 1497 1011 1532 imperato-

1060 266 1106 292 bus
1125 270 1280 299 anteponat,
1294 264 1444 290 districtum
1462 262 1562 289 ultima:
1581 260 1752 287 discussionis
1773 259 1849 293 judi-

1059 313 1130 339 cium
1145 312 1342 342 contremiscat,
1361 314 1503 345 quatenus,
1533 308 1596 333 dum
1623 315 1691 333 nunc
1714 305 1848 332 Creatoris

1059 359 1100 385 sui
1115 358 1212 392 legibus
1231 357 1364 387 subditur,
1381 356 1426 391 qui
1438 355 1506 382 inter
1520 357 1668 384 creaturas,
1681 359 1739 382 aure
1766 355 1848 377 terre-

1060 412 1101 430 no!
1117 408 1188 434 sunt,
1202 403 1304 429 videtur
1320 401 1445 436 insignis,
1471 401 1499 426 in
1518 398 1617 425 caelesti
1637 405 1736 432 quoque
1763 396 1849 430 gloria

1060 451 1183 476 veraciter
1191 449 1225 476 sit
1238 448 1369 476 sublimis.
1386 448 1418 474 Et
1431 447 1484 474 huc
1500 445 1628 472 tendebat
1657 450 1767 478 quoque
1784 450 1847 468 aca-

1060 497 1112 528 cia,
1133 504 1213 530 quam
1227 496 1377 530 imperator
1388 494 1474 520 altera
1491 500 1572 519 manu
1586 491 1657 518 ferre
1667 489 1783 519 solebat.
1814 488 1849 514 de

1061 549 1113 576 qua
1129 541 1184 575 jam
1197 542 1296 575 saepius
1310 540 1427 567 dictum.
1439 539 1488 566 Est
1500 542 1590 565 autem
1621 536 1714 563 akacia
1727 535 1759 561 ad
1790 542 1851 560 ver-

1060 587 1123 614 bum
1137 587 1298 618 innocentia,
1314 591 1342 613 et
1354 585 1470 613 Aeacius
1482 584 1667 615 Innocentius.
1683 585 1713 609 ut
1727 580 1850 608 suoloco

1061 633 1226 660 notavimus.
1242 632 1345 660 Caus.

1342 677 1456 705 CAPUT
1486 676 1558 704 XIII.

1063 734 1264 762 Observationes
1287 739 1312 761 et
1336 734 1525 768 explicationes
1551 734 1579 760 in
1610 741 1634 761 c.
1659 732 1735 768 l8iet
1757 732 1800 765 l9,
1817 732 1850 760 de

1096 771 1264 796 coronatione
1277 771 1403 804 despotic,
1418 768 1635 795 sebastocratoris
1648 774 1672 794 et
1686 767 1812 795 Cmaris.

1097 815 1128 844 P.
1144 816 1205 842 l00.
1223 815 1277 850 [Τά
1291 815 1394 843 οἰκεῖα.
1409 815 1609 850 Dignoscunlur
1619 821 1642 841 c.
1657 814 1674 840 4
1689 813 1770 848 hujus
1781 821 1850 848 ope-

1062 862 1111 889 ris.
1123 861 1223 897 Cornu]

1097 907 1169 934 Ibid.
1191 905 1314 933 Διόολέα
1340 906 1459 938 πέδιλα,
1482 905 1597 940 duplicis
1620 905 1716 932 coloris
1742 906 1849 932 calcea-

1062 957 1160 980 menta.
1173 952 1221 980 Vel
1233 953 1295 980 hinc
1308 957 1420 987 apparet
1429 952 1590 979 vocabulum
1605 951 1710 978 διϐολέα
1723 956 1850 985 spectare

1061 998 1242 1033 adduplicem
1272 999 1399 1025 colorem.
1422 997 1496 1033 (llmc
1507 1005 1531 1024 c.
1558 997 1583 1024 5.
1604 996 1702 1029 Gosn.)
1731 997 1767 1024 Ex
1784 1002 1850 1024 voce

1064 1044 1160 1071 πέδιλα
1187 1050 1279 1071 natum
1307 1049 1349 1072 est
1375 1043 1525 1076 πεδῡὺλιον,
1557 1048 1584 1070 et
1610 1043 1714 1070 Latinis
1740 1049 1850 1077 qunque

1061 1089 1174 1124 pedalis.
1205 1091 1338 1124 lnterpres
1349 1089 1488 1116 Iuvenalis
1503 1089 1561 1116 Sat.
1581 1097 1589 1115 ι
1606 1097 1613 1115 :
1631 1087 1743 1115 Pedules
1769 1095 1849 1114 novos

1062 1135 1088 1162 in
1101 1135 1213 1167 braccis,
1230 1143 1294 1170 quos
1311 1134 1438 1168 pedornes
1451 1134 1554 1160 dicunt.
1570 1133 1670 1162 Gnsrs.

1096 1180 1164 1207 Ibid.
1180 1179 1386 1216 [Ὑπόψηφον.
1405 1180 1515 1215 Proprie
1526 1180 1571 1214 qui
1582 1180 1615 1207 ad
1629 1179 1737 1213 aliquod
1751 1186 1850 1205 munus

1061 1227 1157 1254 electus
1174 1231 1216 1254 est
1231 1231 1257 1254 et
1271 1228 1423 1262 deputatus,
1443 1226 1563 1254 nondum
1580 1231 1672 1253 tamen
1691 1226 1849 1260 impositura:

1062 1273 1147 1300 habet
1168 1272 1208 1299 vel
1226 1281 1241 1300 a
1259 1273 1400 1307 superiore
1425 1272 1617 1300 commissum.
1631 1271 1678 1299 Sic
1696 1271 1800 1299 electus
1815 1272 1849 1298 all

1063 1318 1263 1353 episcopatum,
1289 1318 1410 1345 nomium
1422 1323 1510 1345 tamen
1528 1318 1681 1348 ordinatus,
1698 1317 1852 1352 ὐπὸψηφθς

1061 1369 1112 1392 est.
1147 1365 1348 1400 Euehologiunr.
1373 1374 1380 1392 ε
1399 1365 1591 1400 Πρςσφὲρεται
1608 1365 1622 1390 ὁ
1637 1364 1791 1398 ὑποψήφιος
1804 1364 1851 1399 (ita

1062 1410 1136 1445 legit)
1155 1411 1208 1436 ὑπὸ
1224 1410 1277 1437 τῶν
1292 1411 1431 1445 κληρικῶν
1445 1411 1539 1441 αὑτοῦ,
1559 1415 1588 1437 ut
1603 1415 1792 1437 consecretur.

1091 1455 1156 1484 Ibid.
1169 1455 1359 1493 [Ἀσπάζεται
1367 1457 1455 1483 πόδα.
1464 1457 1529 1484 Vide
1538 1457 1609 1484 dicta
1621 1457 1646 1484 in
1654 1461 1718 1483 nota
1728 1456 1760 1483 ad
1771 1463 1797 1490 p.
1805 1456 1850 1483 92.

1089 1502 1156 1529 Ibid.
1173 1501 1324 1538 [Καμάρας
1335 1495 1444 1537 μικρὰξ
1459 1502 1620 1537 τέσσαρας.
1637 1503 1760 1537 Despotaa
1772 1509 1852 1529 coro-

228 1540 267 1567 ris
285 1541 377 1588 accipe
388 1549 419 1568 ex
435 1541 513 1569 Petro
532 1542 662 1570 Damiano
679 1543 696 1570 l.
716 1551 735 1576 ι,
750 1551 792 1578 ep.
807 1545 849 1576 17,
863 1544 936 1572 hunc
959 1553 1012 1572 m0<
1027 1560 1047 1588 η
1064 1555 1097 1574 na
1117 1548 1191 1575 solus
1210 1549 1328 1576 circulus
1345 1553 1387 1576 est
1404 1548 1520 1575 frontem
1546 1548 1686 1581 ambiens,
1703 1556 1783 1583 quem
1804 1555 1851 1581 ge-

228 1594 286 1613 rt-m
302 1587 328 1614 in
344 1588 524 1615 coronatione
543 1588 683 1616 observari
702 1594 875 1623 consuetum,
888 1597 968 1624 quem
996 1598 1011 1617 a

228 1633 334 1661 (lollino
347 1634 479 1661 omissum
497 1634 621 1665 mirarer,
639 1635 691 1662 nisi
715 1635 815 1663 scirem
831 1637 855 1663 ei
874 1644 926 1663 non
945 1636 1013 1664 luis-

229 1688 260 1707 so
276 1681 444 1715 propositum
462 1680 587 1706 omniain
610 1679 716 1708 litteras
742 1681 856 1709 referre.
878 1681 916 1708 Ita
946 1690 1012 1718 ergo

231 1727 377 1754 Itam'ianus
398 1735 405 1754 :
418 1726 494 1761 Apud
503 1725 608 1754 Graecos
619 1727 673 1754 haec
689 1729 770 1754 teneri
781 1728 940 1754 consuetudo
953 1736 1014 1762 per-

229 1773 342 1804 hibetur,
357 1779 383 1800 ut
395 1781 453 1800 cum
469 1773 614 1807 imperator
629 1774 687 1808 quis
707 1774 735 1800 in
745 1774 876 1809 dignitate
896 1780 1013 1809 creatur,

230 1828 291 1847 mea;
304 1825 332 1846 ut
351 1819 534 1854 imperialibus
546 1820 627 1854 fuerit
641 1820 735 1854 infulis
748 1821 896 1853 redimitus,
912 1830 1015 1849 coronw

229 1867 309 1893 simul
322 1874 353 1893 ac
368 1866 463 1900 sceptri
481 1865 567 1900 gloria
582 1865 730 1899 decoratus,
747 1874 805 1892 cum
821 1867 932 1902 denique
954 1875 1016 1902 pro.

231 1921 319 1940 terum
335 1912 598 1947 uallatur-obsequiis,
615 1920 674 1939 cum
690 1913 821 1947 excipitur
853 1914 1015 1941 modulanti-

231 1960 278 1987 bus
288 1959 456 1994 psallentium
469 1959 566 1990 choris,
577 1959 683 1994 quidam
693 1959 743 1985 sibi
760 1965 857 1994 prtt'sto
874 1960 904 1994 fit
916 1961 1015 1994 obvius,

230 2007 276 2042 qui
292 2005 410 2033 uidelicet
430 2013 482 2032 una
492 2013 571 2031 manu
588 2005 719 2031 vasculum
733 2005 838 2039 plenum
853 2011 1017 2034 mortuorum

231 2053 314 2088 369
326 2053 426 2079 ossibus
437 2060 467 2078 ac
481 2053 631 2086 pulveribus
643 2051 750 2086 offerat,
764 2053 791 2079 in
801 2053 857 2079 alia
872 2061 929 2080 vero
947 2059 1018 2087 stup-

232 2107 293 2132 pam
306 2098 354 2125 lini
367 2097 499 2124 subtiliter
510 2105 604 2131 peram
620 2105 650 2123 ac
665 2097 727 2132 pilis
742 2098 886 2132 pensilibus
903 2099 1019 2126 molliter

233 2145 395 2176 demolitam,
415 2145 457 2170 cui
469 2145 594 2178 protinus
609 2144 677 2178 ignis
697 2144 846 2177 adhibetur,
862 2149 886 2172 et
916 2150 1020 2178 repente

234 2191 262 2218 in
275 2192 328 2218 ictu
344 2190 414 2217 oculi
432 2190 543 2224 ﬂamma
561 2191 647 2216 subito
666 2194 775 2217 rorante
796 2192 971 2222 consumitur,
991 2195 1019 2217 ut

233 2237 262 2264 in
283 2238 366 2264 altero
389 2237 479 2264 debeat
505 2236 673 2264 considerare
694 2236 764 2271 quod
791 2242 840 2268 est,
877 2237 904 2263 in
937 2237 1020 2263 altero

234 2283 319 2310 valeat
366 2283 452 2310 videre
496 2283 566 2318 quod
593 2281 680 2314 habet,
715 2282 742 2309 in
772 2283 902 2309 cineribus
932 2283 1016 2317 siqui-

114 2329 293 2357 ~/‘"¢£em
322 2337 348 2356 se
372 2329 483 2355 cinerem
511 2329 688 2363 recognoscit;
715 2329 846 2362 instuppa
875 2329 932 2363 jam
963 2330 1019 2355 col-

235 2376 291 2409 ligit
304 2375 330 2401 in
346 2374 388 2400 die
397 2374 494 2407 judieii
505 2382 584 2408 quam
595 2374 680 2400 subito
692 2374 805 2400 mundus
815 2375 937 2406 ardebit;
953 2383 1021 2410 qua-

238 2428 323 2452 tenus.
333 2422 393 2447 dum
403 2420 518 2447 sesimul
534 2429 564 2447 ac
579 2428 628 2446 sua
648 2425 701 2446 tant
716 2429 794 2453 vana,
809 2425 862 2447 tam
877 2422 1020 2456 ﬂoccipen-

235 2467 322 2494 dendo
336 2466 495 2497 considerat,
521 2466 553 2492 de
584 2466 730 2499 imperialis
757 2466 879 2493 culminis
913 2476 1021 2494 ascenso

236 2512 343 2548 fastigio
361 2511 512 2538 nullatenus
542 2510 711 2544 insolescat;
746 2515 771 2537 et
799 2512 859 2538 dum
888 2521 1022 2546 possessor

236 2563 312 2592 atque
329 2556 458 2592 possessio
481 2556 615 2591 subjacerc
639 2556 771 2583 communi
796 2557 915 2583 onmium
949 2560 1022 2586 casui

237 2612 289 2631 non
314 2602 467 2636 ambigitur,
490 2602 549 2637 jam
575 2602 652 2638 quasi
671 2602 703 2629 de
729 2603 858 2637 singulari
884 2604 1022 2638 dignitatis

238 2651 320 2685 apice.
336 2649 380 2684 qui
405 2650 440 2675 ad
464 2657 568 2676 summa
590 2654 727 2683 provectus
740 2653 788 2680 est,
819 2657 870 2675 non
905 2650 1021 2684 inﬂelur.

241 2697 384 2723 Pulchrum
397 2704 458 2730 ergo
476 2696 618 2722 mandante
629 2695 791 2722 conditionis
815 2695 933 2722 ordinem
946 2695 1023 2721 homo

238 2745 395 2773 consideret.
413 2748 436 2769 et
447 2743 510 2769 dum
526 2743 581 2769 suis
597 2742 687 2768 usibus
704 2742 792 2768 omnia
806 2742 887 2768 cernit
899 2743 1023 2773 attribui,

240 2797 292 2816 non
312 2788 360 2814 sibi
375 2789 419 2814 sed
432 2795 478 2814 suo
494 2787 589 2821 referat
613 2789 715 2821 gratias
743 2787 897 2820 conditori;
925 2788 1025 2814 lenoci-

241 2838 347 2862 nantem
361 2834 451 2860 mundi
462 2833 574 2867 gloriam
602 2833 648 2860 sub
661 2833 760 2866 jadicii
774 2834 814 2859 sui
828 2833 945 2860 calcibus
980 2835 1024 2860 t/(!~

238 2877 350 2912 primat,
364 2878 474 2904 virorem
489 2878 577 2905 carnis
592 2877 695 2917 aridum
707 2877 764 2911 jam
779 2878 908 2911 pulverem
922 2878 1023 2912 credat,

1065 1594 1132 1620 mini
1162 1593 1305 1628 hemicycli
1330 1601 1447 1628 superne
1460 1594 1486 1620 in
1502 1601 1612 1621 erucem
1642 1594 1694 1621 acti
1707 1598 1851 1621 exornant.

1065 1638 1152 1666 Radix
1180 1640 1261 1667 unius
1289 1640 1316 1667 in
1345 1640 1434 1667 fronte
1461 1644 1504 1667 est
1526 1640 1591 1667 etin
1612 1640 1738 1675 occipito,
1769 1647 1850 1674 supra

1064 1689 1209 1719 utramque
1245 1692 1338 1712 aurem
1366 1685 1504 1711 alterius:
1525 1685 1560 1711 ita
1594 1690 1714 1718 quatuor
1730 1683 1848 1710 fornices

1063 1733 1232 1764 exsurgunt:
1246 1729 1359 1764 καμάρα
1372 1729 1443 1756 enim
1456 1728 1603 1763 hemicycli
1617 1736 1680 1763 pars
1694 1733 1735 1756 est
1753 1729 1850 1755 media.

1066 1775 1173 1809 Imperii
1199 1775 1372 1802 Francorum
1393 1781 1538 1802 successor
1562 1775 1709 1809 delphinus
1723 1782 1851 1802 coronam

1066 1825 1152 1856 gestat
1179 1821 1283 1848 duobus
1306 1820 1460 1848 istiusmodi
1488 1820 1652 1855 hemicyclis
1687 1820 1714 1847 in
1742 1828 1849 1847 crucem

1067 1867 1230 1895 transversis
1250 1867 1384 1902 insignem
1413 1872 1440 1894 et
1450 1867 1580 1901 καμάρας
1597 1865 1702 1901 μικρὰς
1717 1866 1852 1900 «suum;

1067 1914 1191 1949 ἔχουσαν.
1219 1912 1341 1941 Consule
1370 1912 1490 1940 Marcum
1510 1912 1669 1939 Vulsonium
1687 1913 1714 1938 in
1733 1911 1851 1938 Scienti:

1067 1960 1187 1988 heroica.

1103 2006 1184 2041 370
1198 2005 1266 2032 Ibid.
1277 2004 1478 2041 [Ἒμπροσθεν
1491 2004 1594 2037 μόνον.
1605 2004 1751 2040 Hetnicycli
1769 2005 1854 2031 nimi-

1069 2059 1130 2079 rum
1149 2057 1250 2086 partem
1274 2051 1390 2078 mediam
1408 2051 1510 2078 circulo
1547 2051 1573 2077 in
1593 2051 1682 2078 fronte
1698 2052 1854 2086 prominen-

1070 2103 1138 2125 tem.
1156 2097 1255 2133 Genu]

1107 2141 1177 2168 Ibid.
1206 2141 1476 2177 Stemmatogyrium,
1498 2149 1513 2169 a
1531 2146 1676 2170 stemmate
1700 2142 1806 2170 scilicet
1830 2146 1856 2169 et

1072 2186 1159 2222 gyris,
1186 2187 1287 2220 quibus
1299 2186 1574 2215 eonSIabat..Junius
1592 2192 1715 2223 gyratam
1732 2195 1854 2215 coronam

1037 2224 1058 2252 Ῑ)
1071 2237 1156 2260 vocat.
1175 2232 1278 2260 Gut-31‘s.

1107 2277 1175 2305 Ibid.
1195 2277 1361 2313 [Coronarice
1379 2278 1499 2314 cujusvis
1517 2279 1650 2307 machina:
1664 2279 1785 2307 circulus
1801 2280 1856 2315 pla-

1069 2331 1121 2351 nus
1135 2325 1204 2352 solet
1224 2332 1285 2352 esse
1299 2325 1384 2358 basis,
1399 2333 1459 2360 qum
1474 2326 1574 2358 κύκλος
1588 2327 1630 2353 vel
1645 2327 1731 2361 γῦρος
1751 2334 1858 2353 nuncu-

1070 2372 1169 2405 panda.
1183 2371 1309 2399 Circulus
1323 2372 1369 2400 ille
1385 2374 1480 2400 eodem
1499 2380 1580 2407 opere
1598 2374 1745 2407 conﬂatus,
1753 2382 1854 2408 parque

1071 2417 1268 2451 conspit-iendo
1286 2418 1312 2444 in
1327 2417 1499 2452 imperatoris
1515 2419 1682 2453 prasclariori
1702 2425 1855 2450 stemmate,

1072 2462 1311 2497 στεμματογύριον
1329 2467 1379 2496 est,
1394 2463 1472 2498 quasi
1486 2464 1588 2495 nudus,
1607 2464 1668 2491 solo
1684 2464 1858 2490 semilornicc

1072 2507 1212 2542 adjuncto,
1240 2509 1391 2535 stemmatis
1407 2509 1527 2536 circulus
1544 2519 1551 2536 :
1566 2509 1676 2543 στέμμα
1688 2517 1752 2536 vero
1766 2510 1857 2544 praeri-

1073 2561 1154 2588 puum
1167 2559 1210 2580 est
1224 2554 1397 2588 imperatoris
1410 2555 1526 2588 insigne.
1544 2554 1631 2581 [Iniere
1644 2555 1703 2589 ejus
1716 2562 1763 2581 ora
1781 2562 1858 2588 στεμ-

1074 2600 1233 2635 ματογυριῳ
1249 2601 1374 2626 rallalur.
1393 2600 1473 2627 Parte
1505 2600 1585 2627 fronti
1609 2601 1781 2635 superposita
1799 2608 1857 2635 εει--

1073 2645 1179 2671 mittant
1208 2645 1372 2672 semicirculi
1392 2645 1456 2676 duo,
1479 2647 1505 2672 in
1533 2646 1586 2672 ima
1613 2654 1694 2680 quam
1710 2646 1736 2673 in
1762 2653 1857 2679 supera

1075 2695 1161 2724 parte,
1175 2698 1227 2724 qua
1244 2690 1383 2718 declinant
1398 2691 1431 2718 ad
1448 2691 1529 2723 latus,
1543 2691 1760 2726 conjunctiores.
1772 2693 1857 2726 Στεμ-

1076 2737 1245 2772 ματογύριον
1273 2745 1350 2772 mque
1380 2745 1412 2764 ac
1436 2738 1622 2771 prominentes
1649 2739 1813 2766 semicirculi
1824 2744 1858 2763 ex

1075 2783 1183 2810 metallo
1198 2783 1344 2818 fabrilique
1360 2791 1449 2823 opere,
1460 2784 1588 2811 videntur
1602 2784 1739 2818 confecti;
1756 2787 1859 2812 velant-

1075 2837 1128 2864 que
1152 2830 1264 2864 pilcum,
1287 2835 1314 2857 at
1339 2838 1393 2856 non
1414 2837 1499 2865 supra
1528 2838 1620 2862 aures,
1648 2831 1691 2858 vel
1703 2831 1790 2866 spatio
1803 2836 1858 2864 quo

1077 2878 1211 2906 dissident
1238 2878 1272 2906 ab
1287 2878 1414 2913 invicem,
1431 2879 1477 2907 ubi
1497 2878 1594 2914 pileus,
1609 2879 1678 2907 sicut
1691 2883 1717 2908 cl
1733 2878 1782 2914 ipsi
1795 2884 1860 2906 cum
