2026 3147
218 148 273 180 έῖ5

764 149 805 179 ΙΝ
827 148 972 179 LIBRUM
996 147 1044 176 DE
1064 147 1227 178 OFFICllS
1245 148 1287 178 (ΣΡ

1778 145 1831 176 Α’ξῑ

220 207 437 241 κεχειροτὸνητο.
452 206 502 234 Ubi
520 207 589 234 male
604 207 739 239 interpres
754 205 869 233 Wollius
883 213 889 231 ι
905 206 924 232 Α
943 204 1001 231 Cw-
1017 205 1036 233 A
1055 206 1165 240 accepit,
1179 211 1202 232 et
1215 204 1421 240 patriarchicam
1437 203 1474 229 ibi
1482 201 1569 230 sedem
1581 201 1731 233 collocavit,
1751 207 1781 228 ut
1794 207 1839 229 est

219 259 259 277 sal
267 251 333 277 icnsi
341 251 460 285 episcopo
469 251 574 278 clcctus.
586 251 644 278 Non
658 250 765 282 electus,
776 250 824 278 sed
835 254 1002 276 consecratus

220 302 276 328 est;
288 297 342 330 jam
355 302 433 324 antea
448 298 519 324 enim
533 297 739 328 fueratclcctus,
749 296 797 323 καὶ
810 295 1001 331 προεχειρίσθη

221 343 394 378 πατριάρχης
417 343 584 374 Πολύευκτος
602 344 726 378 μοναχός.
744 342 811 369 Male
828 343 910 369 etiam
934 341 1004 368 Cru-

221 390 278 415 sius
296 389 322 415 in
345 389 456 416 historia
482 389 662 423 patriarrhica
687 388 795 422 Malaxi,
821 388 840 415 Ι.
860 396 878 415 ιι
899 387 1005 414 Turco-

221 435 341 465 Grzecire,
355 442 381 468 p.
394 434 439 461 151
454 443 460 461 :
479 435 700 468 Ἐχειροτόνηεεν
712 434 794 460 αὑτὸν
807 435 820 460 ὁ
837 432 1003 467 Ἡρακλείας

221 480 403 514 πατριάρχην.
423 479 573 507 Declaravit
588 481 675 514 ipsum
691 479 873 507 Heracleensis
886 479 1002 513 patriar-

221 525 307 557 rlmm;
323 526 377 552 imo
395 527 568 557 consecrarit,
582 526 727 556 ordinavit,
739 525 867 552 initiavit.
889 524 1004 551 Pulchre

220 569 340 597 Zonaras
353 571 385 596 ad
398 579 458 597 can.
477 572 488 597 ί
504 571 598 605 Apost.
614 574 631 597 ἐ
648 571 703 597 Νῦν
719 571 767 605 μὲν
783 570 934 605 χειροτονία
953 578 1003 595 κα-

220 617 307 643 ).εῗται
328 618 408 651 ἡτῆς
439 617 630 652 καθιερώσεως
646 617 692 643 τοῦ
725 617 850 651 ίερᾶσοαι
875 616 1003 650 λαχόντος

220 663 410 698 τελεσιουργία
425 663 479 688 τῶν
504 663 592 697 εὐχῶν
610 664 658 689 καὶ
674 663 720 689 τοῦ
740 663 819 696 ἀξίου
843 661 1003 695 [tuom-.0;

221 707 366 742 ἐπίκλησις
379 709 432 733 ἀπὺ
446 708 492 734 τοῦ
510 709 554 734 τὸν
570 708 699 744 ἀρχιερέα
723 708 821 734 τείνειν
847 707 896 742 τὴν
924 708 1003 741 χεῖρα

220 753 386 785 εὐλογοῦντα
398 754 444 780 τὸν
462 754 710 789 χειροτονούμενονο
731 754 814 780 πάλαι
830 754 857 780 δὲ
871 755 918 780 καὶ
935 753 1003 789 αὑτὴ

222 799 239 832 ἡ
250 797 338 832 ψῆφος
349 799 503 833 χειροτονία
522 799 674 833 ὼνόμαστο.

257 843 337 870 Errat
353 844 450 870 iterum
464 844 560 872 Junius
572 853 633 872 cttm
649 845 727 872 verba
744 846 806 877 ista,
820 846 849 872 ὲν
861 845 889 872 δὲ
904 845 942 880 τῷ
954 846 1003 880 τῆς

220 888 304 914 αὑτοῦ
320 889 486 924 χειροτονίας
497 890 585 924 καιρῷ
598 890 706 925 ἔρχεται
723 891 772 926 μὲν
787 892 801 917 ὁ
819 891 948 926 βασιλεὺς
964 892 1004 923 είς

169 969 172 972 ἢ
220 935 271 968 τὴν
283 935 364 968 ἁγίαν
375 936 484 969 Σοφίαν,
500 944 575 963 more
583 936 743 964 Calviniano
759 937 902 972 detorquet
916 938 945 964 in
957 945 1004 964 so-

221 979 381 1015 lamlvcluti
410 981 529 1008 ministri
556 982 683 1017 alicujus)
711 983 939 1018 designationem,
967 984 1019 1011 ita.

221 1032 345 1055 vertens:
365 1028 423 1060 Quo
436 1033 523 1055 autem
537 1029 671 1063 eligendus
691 1034 729 1056 est
746 1035 869 1064 tempore.
895 1029 1005 1056 Minime

221 1080 298 1104 vero,
315 1073 361 1100 sed
376 1081 431 1108 quo
443 1079 566 1107 tempore
592 1074 756 1102 ordinandus
769 1079 793 1102 et
812 1076 1004 1102 consecrandus

222 1121 264 1144 cst
280 1119 433 1151 patriarcha
446 1128 453 1150 ς
465 1127 514 1146 seu
545 1124 659 1154 tempore
684 1120 861 1147 ordinationis
876 1125 900 1148 et
916 1129 1006 1147 conse-

222 1164 348 1191 crationis
364 1170 508 1199 appetente,
526 1167 594 1192 venit
609 1167 752 1201 imperator
768 1168 802 1193 ad
814 1166 941 1195 Sanctam
956 1167 1005 1195 So—

222 1209 322 1243 phiam.
334 1209 434 1237 Gners.

259 1254 289 1282 P.
307 1255 368 1283 102.
385 1256 603 1290 Cantacuzenus,
617 1266 655 1292 tv,
669 1258 714 1285 57.
732 1258 827 1286 Divina
842 1258 872 1286 S.
888 1258 1007 1294 Spiritus

223 1302 311 1335 gratia
324 1304 458 1335 invocata,
475 1308 526 1330 tres
541 1305 567 1330 in
581 1305 766 1338 patriai-chum
789 1305 899 1340 eligunt,
916 1306 1008 1332 Phila-

223 1347 309 1372 tlteum
321 1347 469 1379 Heracleae.
485 1347 634 1375 Macarium
651 1348 844 1383 Philadelphia:
862 1350 1006 1384 episcopos,

221 1395 247 1417 et
263 1393 395 1425 priuatum
409 1393 495 1420 adhuc
509 1394 648 1421 Nicolaum
665 1394 834 1428 Cabasilam;
850 1395 1006 1422 electorum-

221 1446 272 1472 que
289 1439 395 1465 nomina
411 1439 673 1475 imperatoriscripta
708 1442 825 1474 mittunt,
855 1442 900 1476 qui
919 1441 1008 1468 Philo-

223 1485 312 1510 tlteum
329 1485 440 1517 maluit;
455 1486 511 1512 etis
522 1494 573 1513 non
588 1486 635 1513 diu
660 1492 728 1520 post,
745 1487 867 1521 legitimis
886 1487 1006 1513 omnibus

1055 248 1211 279 in'hist0ria
1227 250 1365 284 political.
1385 258 1393 277 ι
1410 249 1602 276 Turco-Grtec.
1622 256 1649 283 p.
1664 248 1706 274 l5.
1736 248 1837 275 Verum

1055 297 1111 324 haec
1121 298 1310 325 benevolentia
1327 298 1496 323 sultanorum
1511 295 1536 321 in
1547 293 1716 327 patriarchas
1726 301 1779 320 non
1790 294 1837 320 diu

1054 343 1170 370 duravit.
1187 342 1253 369 Nam
1269 342 1320 369 sub
1332 341 1384 369 isto
1411 341 1470 375 ipso
1495 340 1649 367 Mahomcte
1675 338 1839 373 patriarcha:

1054 396 1150 416 nmem
1165 389 1338 420 exstiterunt,
1351 391 1377 413 et
1387 389 1484 420 prieter
1495 385 1679 416 Gennadium,
1697 384 1743 418 qui
1754 391 1838 418 spon-

1054 441 1079 462 te
1092 435 1184 467 cessit,
1202 435 1246 461 vix
1260 434 1331 461 ullus
1346 433 1397 459 luit
1409 439 1490 466 quem
1512 431 1724 458 calumniatores
1742 430 1775 457 de
1790 437 1837 457 so-

1054 478 1091 505 lio
1104 486 1155 504 non
1168 475 1316 513 dejeccrint
1332 477 1373 503 vel
1390 475 1572 511 dejiciendum
1597 483 1644 510 per
1656 475 1755 502 Bassas
1767 475 1838 501 'I‘ur-

1054 525 1127 552 cicos
1150 524 1283 554 curarint.
1309 523 1465 550 introducto
1487 522 1567 549 etiam
1581 521 1699 548 duorum
1719 521 1837 547 millium

1053 570 1219 598 llorcnorum
1247 570 1369 600 bescesio,
1399 568 1471 603 quod
1496 567 1649 602 patriarcha
1669 574 1764 594 recens
1784 566 1839 592 elc-

1054 621 1115 643 ctus
1132 616 1278 650 pendebat,
1298 619 1326 642 et
1339 622 1429 642 annuo
1452 613 1555 641 tributo
1577 613 1687 640 totidem
1708 613 1839 645 millium,

1054 663 1096 689 cui
1108 662 1231 688 charazio
1243 669 1340 688 nomen
1354 665 1423 688 erat.

1091 708 1187 735 Postea
1203 708 1284 734 ctiam
1313 713 1399 740 usque
1412 706 1446 732 ad
1469 705 1525 732 haec
1542 708 1636 732 nostra
1654 709 1774 739 tempora
1791 704 1838 730 vix

1056 763 1175 790 unquam
1187 762 1241 789 pax
1261 753 1444 781 schismaticis
1455 760 1517 780 cum
1533 751 1708 779 schismatico
1721 750 1840 786 patriar-

1055 802 1107 828 cha
1121 800 1181 827 fuit.
1198 799 1311 834 Semper
1324 798 1546 833 suppullularunt
1557 797 1746 824 muttulationes
1769 795 1840 823 invi-

1056 847 1106 873 diae
1121 851 1147 872 et
1159 846 1272 874 occulta:
1289 845 1422 872 machinae
1431 844 1463 871 ad
1476 844 1558 878 hujus
1573 843 1614 870 vel
1628 843 1700 870 illius
1710 841 1840 874 exitium;

1056 897 1086 919 ut
1101 891 1170 919 mihi
1183 891 1308 918 videatur
1323 898 1377 918 non
1389 890 1447 918 sine
1461 889 1576 917 consilio
1586 889 1680 916 divino
1695 888 1766 915 edita
1779 895 1842 915 esse

1055 937 1083 964 in
1098 935 1312 963 Turco-Grzecia
1331 934 1447 962 historia
1462 933 1575 969 politica
1603 938 1631 960 et
1656 933 1842 960 ecclesiastica

1055 991 1103 1010 seu
1121 982 1300 1017 patriarchica
1316 989 1407 1008 rerum
1424 980 1640 1016 Cpolitanarum,
1663 987 1696 1007 ex
1711 987 1765 1014 qua
1781 986 1843 1013 per-

1055 1028 1149 1062 spicue
1166 1027 1254 1055 elucet
1269 1026 1459 1054 schismaticos
1475 1033 1530 1053 non
1542 1026 1624 1053 modo
1637 1033 1698 1052 cum
1712 1031 1842 1059 supremo

1056 1074 1196 1101 catholica:
1209 1073 1336 1101 Ecclesiae
1345 1072 1433 1108 capite
1447 1079 1495 1107 per
1503 1071 1664 1099 charitatcm
1682 1071 1843 1105 coniunctos

1056 1127 1109 1146 non
1122 1127 1194 1151 esse,
1209 1119 1280 1154 quod
1293 1126 1340 1154 per
1357 1126 1386 1146 se
1401 1119 1496 1152 liquet,
1518 1117 1565 1145 sed
1576 1125 1628 1144 nec
1643 1117 1714 1143 inter
1725 1124 1765 1149 sc,
1777 1123 1840 1143 cum

1056 1165 1106 1193 sub
1117 1165 1277 1200 gravissima
1293 1164 1441 1192 inﬁdelium
1453 1164 1582 1191 servitute
1599 1168 1695 1190 mutuo
1715 1170 1775 1190 sese
1793 1162 1847 1189 mi-

1057 1211 1094 1237 ris
1107 1210 1242 1237 cuniculis
1259 1210 1394 1243 infestent,
1415 1214 1442 1237 et
1462 1208 1545 1236 modo
1565 1209 1638 1235 hunc
1667 1208 1747 1235 modo
1764 1207 1842 1234 illum

1057 1256 1084 1283 in
1098 1256 1306 1290 patriarchalem
1315 1256 1444 1283 thronum
1454 1255 1607 1282 Turcarum
1621 1262 1671 1289 ope
1687 1254 1840 1282 sublevent.

1057 1302 1135 1329 Valet
1150 1303 1276 1330 nimirum
1294 1303 1338 1329 hic
1352 1302 1435 1329 illud:
1454 1301 1506 1334 Qui
1519 1305 1592 1335 pote,
1608 1301 1669 1335 plus
1685 1304 1772 1335 urget.

1092 1347 1241 1381 Phranzes,
1255 1347 1396 1380 Chronici,
1407 1355 1449 1379 In,
1462 1347 1504 1379 l9,
1516 1346 1603 1373 ferme
1618 1346 1775 1373 accuratius
1786 1352 1844 1371 mo-

1058 1402 1114 1422 rem
1132 1394 1287 1422 declarandi
1308 1393 1491 1428 patriarcham
1509 1393 1542 1420 ab
1559 1393 1722 1427 imperatore
1740 1392 1844 1418 descri-

1059 1441 1096 1468 bit
1107 1447 1188 1475 quam
1201 1439 1333 1467 Codinus.
1351 1439 1454 1466 Gens.

1093 1487 1124 1514 Ρ.
1142 1486 1203 1514 102.
1218 1485 1265 1522 ['0
1275 1485 1426 1518 βασιλεὺς
1446 1484 1506 1512 ἀπὸ
1535 1486 1659 1512 τούτων.
1690 1483 1730 1511 Ad
1759 1484 1838 1512 trium

222 1529 342 1559 servatis.
355 1530 509 1562 patriarcha
522 1535 686 1558 consecratus
698 1531 834 1558 ecclesiam
849 1531 1004 1567 aliquandiu
1020 1530 1042 1561 (ἒ
1058 1533 1204 1560 electorum
1222 1533 1328 1560 tertium
1339 1533 1365 1559 in
1381 1531 1560 1566 patriarcham
1577 1531 1771 1558 norninandnm
1788 1539 1840 1558 non

222 1573 430 1602 administravit.
444 1575 514 1602 Olim
531 1575 677 1609 imperator
696 1577 825 1602 arbitratu
843 1584 903 1608 suo,
919 1576 1006 1607 solus,

222 1621 282 1648 sine
293 1621 483 1656 episcoporum
508 1621 655 1655 suliragiis,
684 1622 867 1656 patriarcham
882 1622 1008 1656 designa-

223 1667 283 1699 bat;
299 1667 369 1701 quod
390 1671 486 1693 contra
502 1675 620 1694 canones
636 1667 737 1694 factum
748 1675 810 1695 esse
822 1668 922 1695 fatetur
937 1667 1010 1695 Can~

224 1717 384 1744 lal'llZCIlllS,
397 1720 434 1744 ιν,
453 1712 498 1744 37.
512 1712 557 1740 ubi
574 1713 709 1748 episcopis
729 1717 891 1748 potestatem
905 1713 968 1740 facit
981 1717 1009 1748 ut

224 1767 299 1786 more
312 1758 394 1786 veteri
405 1763 462 1786 tres
472 1758 623 1791 nominent,
654 1767 687 1786 ex
716 1759 817 1794 quibus
834 1759 891 1794 ipse
916 1746 1009 1794 postea

223 1811 284 1831 cum
296 1805 342 1838 qui
357 1804 443 1839 magis
458 1804 581 1832 arriserit
597 1804 702 1832 caeteris
715 1805 867 1839 praaltarat.5

260 1850 404 1884 Postquam
420 1849 505 1877 Graeci
523 1858 538 1877 a
557 1851 749 1878 communione
765 1851 837 1878 sedis
851 1851 1010 1886 apostolica:

223 1895 340 1930 sejuncti
361 1903 469 1923 onmem
488 1900 661 1931 potestatem,
680 1896 763 1924 etiam
783 1897 1008 1929 ecclesiasticam,

223 1941 250 1968 in
266 1949 332 1968 suos
349 1942 532 1975 imperatores
558 1943 768 1973 transtulerunt,
787 1950 841 1969 non
865 1942 1012 1970 defuerunt

223 1992 297 2014 certe
311 1988 490 2021 imperatores
501 1988 625 2022 partibus
639 1989 691 2016 sibi
705 1988 814 2021 delatis,
834 1988 881 2016 sed
895 1996 949 2023 qua
963 1996 1012 2023 po-

225 2036 321 2059 testate
332 2033 502 2067 patriarchas
517 2035 665 2068 ponebant,
674 2033 769 2062 eadem
785 2034 897 2066 eosdem
912 2035 1011 2061 iterum

223 2077 406 2112 deponebattt.
420 2083 447 2106 et
479 2079 501 2107 si
530 2079 638 2112 liberet,
668 2080 808 2115 depositas
830 2081 1011 2114 reponebam.

223 2125 321 2151 Omnia
335 2124 529 2153 historicorum
546 2126 685 2153 volumina
699 2127 778 2160 plena
788 2130 853 2154 sunt
869 2127 1011 2161 exemplis,

1061 1580 1097 1606 ita
1113 1583 1234 1606 coartata
1252 1577 1422 1613 itnpcratoris
1438 1577 1559 1609 libertas,
1573 1577 1639 1611 quin
1664 1576 1774 1604 omissis
1784 1577 1845 1610 epi-

1060 1633 1202 1660 scoporum
1216 1624 1352 1659 sullragiis
1366 1631 1428 1651 eum
1445 1631 1525 1658 quem
1544 1623 1633 1654 vellet,
1649 1622 1845 1650 consuetudine

1060 1671 1241 1705 permittente.
1266 1669 1406 1704 designare
1435 1667 1563 1703 potuerit.
1591 1667 1729 1694 Blastares
1753 1667 1799 1693 τοῦ
1819 1667 1843 1692 K

1061 1717 1204 1750 στοιχείου,
1221 1723 1245 1743 c.
1262 1715 1297 1742 32
1312 1724 1318 1742 :
1333 1714 1394 1741 Τῶν
1406 1714 1461 1749 γὰρ
1473 1713 1592 1740 κανόνων
1603 1713 1656 1739 τῶν
1676 1713 1723 1744 τὰς
1735 1713 1845 1739 ἐπισκό-

1061 1771 1120 1789 πων
1128 1763 1236 1797 ψήφους
1248 1762 1304 1792 τοῖς
1316 1761 1476 1792 ἐπισκόποις
1489 1761 1547 1791 τοῖς
1559 1760 1694 1794 ἐπαρχίας
1707 1759 1846 1786 ἀνατιθέν-

1060 1817 1126 1842 των,
1143 1808 1254 1844 ἄρχοντι
1277 1807 1305 1834 δὲ
1330 1807 1424 1842 μηδενὶ
1453 1806 1555 1833 τούτων
1583 1806 1683 1838 ἐξεῖναι
1706 1806 1845 1832 κοινωνεῖν

1061 1855 1238 1887 κελευόντων,
1255 1855 1278 1880 οἱ
1300 1854 1420 1888 βασιλεῖς
1435 1853 1482 1880 καὶ
1496 1853 1546 1887 τῆς
1557 1852 1648 1887 ψήφου
1662 1851 1717 1878 τῶν
1735 1851 1844 1877 ἐπισκό-

1062 1910 1122 1928 πων
1136 1901 1219 1936 χωρὶς
1236 1900 1284 1927 καὶ
1298 1900 1472 1934 πατριάρχας
1488 1901 1534 1925 καὶ
1547 1898 1714 1929 ἐπισκόπους
1728 1897 1845 1933 προϐάλ-

1061 1947 1163 1974 λονται.
1185 1946 1235 1972 Διὰ
1257 1945 1322 1979 γοῦν
1343 1945 1432 1978 τοῦτο,
1453 1945 1491 1976 ὡς
1516 1945 1599 1977 ἔοικε,
1622 1944 1670 1971 ἐπὶ
1686 1944 1725 1978 τῷ
1742 1944 1847 1978 βασιλεῖ

1061 1993 1171 2028 Μιχαὴλ
1184 1993 1231 2019 τοῦ
1247 1991 1336 2020 Δοῦκσ.
1347 1993 1361 2018 ὁ
1377 1991 1579 2027 μητροπολίτης
1598 1991 1704 2021 ἐκεῖνος
1716 1990 1798 2024 Σίδης
1812 1989 1846 2016 τὰ

1062 2041 1112 2074 τῆς
1130 2039 1269 2075 βασιλείας
1280 2038 1414 2074 ᾠκονόμει
1429 2037 1476 2064 καὶ
1492 2038 1505 2063 ὁ
1522 2036 1740 2071 Νεοκαισαρείας
1752 2036 1786 2063 τὰ
1799 2039 1848 2070 τῆς

1063 2086 1168 2117 πόλεως
1180 2085 1364 2119 ἀνεγράψατο,
1381 2083 1429 2110 καὶ
1441 2083 1483 2117 ἐφ’
1496 2083 1575 2118 ἡμῶν
1589 2082 1603 2108 ὀ
1621 2081 1742 2113 Κυζίκου
1754 2081 1848 2115 Νίφων

1062 2130 1113 2166 τήν
1122 2139 1150 2157 τε
1163 2129 1328 2164 ἀπογραφὴν
1339 2129 1386 2155 καὶ
1394 2128 1444 2159 τὰς
1453 2127 1500 2154 τοῦ
1509 2127 1639 2162 δημοσίου
1652 2127 1763 2157 ἁπάσας
1774 2127 1850 2161 ἐνέρο

224 2170 760 2220 praecipit—e-ACedlreniLZouarar,fllycse,
774 2171 947 2220 Constantini
959 2172 1014 2199 Ma—
1030 2192 1052 2220 Β
1065 2185 1134 2211 mea
1147 2175 1278 2206 δουλείας.
1299 2174 1370 2202 Sane
1394 2181 1490 2209 operas
1510 2173 1701 2207 episcoporum
1725 2180 1802 2207 aeque
1817 2179 1849 2199 ac

226 2223 323 2249 nasse,
337 2217 484 2250 Nirephori
496 2217 631 2251 Gregorae,
648 2217 846 2249 Cautacuzeni;
858 2217 1014 2253 Turcasque

225 2270 291 2289 suos
307 2270 481 2291 successores
496 2263 562 2297 ipsis
583 2263 664 2290 lactis
681 2264 738 2291 suis
767 2264 935 2291 edocuerunt
946 2272 1013 2297 quo-

177 2309 307 2346 ”.meelo
322 2309 372 2343 ipsi
393 2308 487 2336 itidem
503 2315 566 2335 cum
588 2309 750 2343 patriarchis
771 2317 851 2344 agere
871 2310 1012 2338 deberent.

224 2356 306 2383 Certe
323 2355 491 2382 llahomeles
512 2356 651 2386 sultanus,
671 2355 717 2389 qui
734 2355 839 2390 Cpolim
863 2355 914 2383 sub
932 2363 1013 2383 suum

225 2402 322 2436 iugum
342 2401 428 2432 misit,
445 2401 490 2427 vix
505 2402 560 2428 alio
578 2402 629 2428 ritu
650 2402 820 2430 Gennadium
843 2403 1014 2430 Scholarium

227 2447 330 2474 creavit
349 2454 427 2481 quam
451 2447 496 2473 hic
514 2455 528 2474 a
543 2447 648 2475 Codino
663 2448 853 2475 describatur:
869 2449 939 2475 Nam
957 2450 1012 2475 suis

232 2495 354 2521 matribus
371 2494 524 2521 δεκανῐκιον
537 2503 584 2522 seu
595 2495 755 2527 δικανίκιον,
768 2495 902 2528 pastorale
910 2495 1016 2529 pedum,

231 2542 322 2575 magni
338 2541 416 2575 pretii
430 2541 512 2572 dedit.
531 2540 655 2568 baculum
669 2549 758 2575 nempe
773 2545 927 2575 argenteum
941 2541 1017 2567 inau-

231 2592 339 2619 ratum,
354 2587 500 2622 artiﬁciose
515 2588 627 2622 factum.
660 2586 737 2614 Dedit
763 2591 787 2613 et
812 2595 904 2621 equum
923 2587 1016 2614 bonum

228 2637 255 2659 et
284 2638 381 2660 certam
418 2640 557 2660 aureorum
586 2639 728 2663 summam,
752 2632 792 2658 his
818 2631 899 2659 verbis
922 2632 1018 2659 rdaitis

229 2681 299 2713 quod
327 2679 446 2714 faustum
472 2686 504 2705 ac
534 2680 599 2715 felix
625 2679 679 2710 sit,
713 2683 768 2705 esto
795 2679 962 2712 patriarcha,
994 2684 1019 2706 et

230 2727 302 2750 utere
320 2729 410 2750 nostra
431 2723 552 2751 amicitia
573 2725 599 2750 in
616 2723 711 2758 quibus
737 2723 814 2750 rebus
831 2723 910 2756 voles,
923 2724 1018 2751 habent

231 2769 320 2795 omnia
333 2769 398 2803 jura
414 2768 609 2804 pririlegiaque,
633 2769 712 2796 sicuti
740 2770 885 2804 superiores
912 2775 973 2796 ante
996 2775 1020 2797 te

232 2815 391 2847 patriarchae
406 2815 562 2842 habuerunt.
594 2815 668 2842 Habe
684 2824 784 2851 quoque
814 2816 939 2851 templum
952 2816 1020 2844 San-

236 2862 338 2887 ctorum
352 2858 625 2896 Apostolorum373
638 2861 764 2888 domicilii
777 2861 842 2890 loco.
858 2862 900 2890 Ila
915 2862 942 2889 id
956 2868 1019 2890 tunc

1065 2221 1223 2249 electionem
1244 2219 1416 2254 imperatoris
1431 2218 1603 2253 dispositioni
1618 2217 1757 2252 subjectus
1783 2217 1849 2244 adn-

1065 2266 1138 2294 !antc
1149 2273 1230 2300 supra
1243 2265 1352 2292 modum
1367 2264 1472 2291 calamo
1484 2264 1580 2291 scribit
1591 2263 1738 2290 Blastares.
1748 2262 1785 2290 De
1795 2262 1846 2290 (ΞΡ.

1066 2311 1279 2348 patriarcharum
1290 2310 1423 2337 electione
1434 2315 1460 2337 et
1473 2309 1680 2341 inaugurationis
1692 2309 1772 2336 docte
1782 2316 1849 2344 prte-

1067 2358 1193 2392 elareque
1207 2356 1409 2384 illustrissimus
1419 2355 1562 2390 episcopus
1577 2355 1723 2382 Vahrensis
1739 2362 1770 2382 eo
1784 2362 1850 2389 prae-

1068 2404 1125 2432 sltle
1135 2403 1217 2438 digno
1225 2401 1434 2438 Ἀρχιερατικῷ.
1445 2401 1574 2431 Detrium
1586 2401 1718 2428 electione
1730 2400 1849 2428 facienda

1067 2450 1267 2477 accuratiorem
1283 2450 1363 2476 habet
1379 2449 1572 2479 narrationem,
1586 2455 1612 2481 p.
1629 2447 1678 2474 481
1697 2452 1724 2475 et
1741 2455 1802 2482 sqq.

1103 2495 1175 2523 Ibid.
1193 2494 1327 2531 [Μὴνυμα
1343 2501 1536 2528 nonnunquam
1552 2493 1728 2521 vadimonium
1740 2494 1849 2524 dictum,

1069 2542 1213 2577 aliquando
1232 2541 1361 2576 principis
1378 2540 1533 2567 mandatum
1547 2540 1604 2567 sive
1621 2540 1791 2574 rescriptum,
1807 2540 1847 2566 hic

1069 2589 1190 2623 ejusdem
1220 2587 1366 2619 codicillos,
1385 2587 1470 2619 breve,
1492 2586 1571 2613 nobis
1593 2586 1680 2612 brecet
1709 2586 1849 2613 πιττάκιον

1070 2635 1178 2668 proprie
1190 2634 1231 2660 vel
1248 2633 1379 2668 ψήφισμα
1403 2632 1548 2666 signiﬁcat.
1577 2631 1653 2658 Datis
1674 2632 1747 2658 enim
1773 2631 1849 2666 regiis

1071 2680 1264 2715 diplomatibus
1280 2680 1393 2708 collatas
1421 2679 1566 2714 dignitates
1579 2677 1724 2704 ﬁrmabant
1737 2678 1850 2712 impera-

1072 2731 1155 2753 tores.
1177 2727 1266 2759 Anna,
1285 2725 1440 2756 Alexiados.
1456 2732 1475 2753 ιι
1494 2733 1500 2751 :
1517 2721 1628 2750 Ἐδεδίει
1656 2723 1710 2758 γὰρ
1742 2723 1780 2758 μὴ
1805 2722 1850 2748 τοῦ

1072 2772 1273 2806 χρυσςϐοὑλλου
1297 2772 1390 2807 τάχιον
1413 2771 1430 2806 ἢ
1457 2770 1583 2805 προσήκῃ
1613 2769 1849 2803 κειται-πεμφθέντος

1072 2818 1157 2853 αὐτῷ,
1175 2817 1189 2844 ὅ
1206 2817 1255 2853 τὴν
1278 2817 1326 2844 τοῦ
1341 2817 1479 2852 Καίσαρος
1495 2815 1572 2846 ἀξίαν
1587 2814 1674 2849 τούτῳ
1699 2814 1850 2849 ἐχαρῐζετο,

1073 2869 1125 2891 etc.
