2026 3147
171 155 206 187 lll
693 148 886 180 GRETSERI
906 147 953 178 ET
976 146 1097 177 GOARI
1120 145 1237 177 NOTAE.

1709 142 1762 174 422

171 211 312 243 lnilre,liuis:
328 214 358 238 ut
369 209 458 246 placet
477 209 524 237 tibi
536 209 581 235 illo
592 208 617 235 in
632 207 694 242 jure
705 207 927 234 Greco-Itoma-

986 205 1075 231 κελλον
1093 202 1413 233 Κωνσταντινουπόλεως
1437 200 1587 228 ἐπίσκοπον
1603 200 1762 235 προεχειρί-

170 259 214 287 nol.
226 266 245 285 Iv
256 257 377 292 Νικήτας
389 252 828 291 πρωτονωὸελισσιμοῡπέρτατοςῖ
841 251 930 284 Quale

170 308 290 331 monstrum
303 303 389 330 tituli!
404 306 482 329 erant
493 301 594 328 Grazcis
604 299 728 334 πρόεδροι
743 308 749 325 :
766 298 860 325 titulus
879 297 931 324 iste

169 350 278 384 augendus
293 349 341 375 fuit
359 347 516 382 praescripto
529 346 660 372 vocabulo
683 344 802 379 πρώτου,
824 351 932 378 πρωτο‹

169 396 289 432 πρόεδροιῐ
312 394 384 428 quod
414 393 440 419 in
460 392 525 420 Jure
546 392 641 419 Graeco
672 389 796 417 Romano
829 389 928 424 passim

168 441 247 468 obvium
284 445 337 468 est.
377 439 433 466 Etsi
460 440 558 473 [autem
603 437 738 471 scriptura
779 436 823 462 illa
867 435 931 468 σύγ-

167 486 224 519 γελος
245 489 271 511 et
307 483 534 519 πρωτοσύγγελος
572 481 642 516 aprrd
680 481 825 507 nonnullos
861 480 931 507 scri-

167 537 238 566 ptores
252 532 416 565 reperiatur,
431 538 485 555 non
501 529 596 556 dubito
614 533 703 554 tamen
718 527 841 554 vitiosam
859 535 930 558 esse,

165 583 355 612 germanamque
381 575 456 602 illam
473 574 621 608 σύγκε).λος
638 579 664 600 et
679 572 930 607 πρωτοσύγκελ).ος,

164 623 212 658 quia
220 622 316 648 clarum
329 625 387 647 esta
399 619 526 652 correctio,
539 619 590 645 hoc
603 623 644 645 est
653 619 686 644 ab
695 618 788 644 eadem
798 616 864 643 cella
883 623 933 643 no-

164 667 389 695 mendescendere.
403 666 470 692 lliuc
493 665 655 691 Wilhelmus
675 663 783 698 Tyrius,
809 670 865 694 xiv,
887 662 930 695 12,

164 714 268 741 cancellos
290 714 423 740 nominat.
441 711 591 742 Ennodrus,
610 711 628 737 l.
647 717 668 742 ι,
694 711 772 743 rpist.
807 708 931 742 ὅμοροι

164 761 283 787 tellulanos
307 767 334 786 et
350 759 424 794 quod
436 759 559 786 Graecum
573 757 659 792 magis
668 756 805 790 exprimit,
827 754 931 781 concal-

164 806 244 833 ιιιιιεοε.
266 805 408 831 lleraclius
425 804 581 838 imperator,
599 809 628 830 ut
642 810 684 829 est
699 804 724 829 in
738 801 856 836 quadam
871 801 931 836 ejus

164 848 344 878 constitutione.
363 857 424 884 quae
437 853 526 877 exstat
548 850 567 876 ι.
582 857 600 876 ιι
613 849 684 884 juris
694 847 929 879 Graeco—lternaui,

982 259 1074 277 σαντο.
1086 251 1119 277 Et
1135 250 1185 276 sub
1200 248 1307 276 JuStiuo
1318 248 1420 283 pariter
1437 248 1545 275 seniore
1561 246 1687 272 Ἰωάννου
1701 247 1763 271 ἐπι-

982 297 1083 323 σκόπου
1104 295 1418 325 Κωνσταντινουιτόλεως
1444 293 1658 328 τελευτήσαντος
1685 291 1762 318 Ἐπι-

981 342 1073 376 φάνιος
1087 341 1272 376 πρεσϐύτερος
1290 341 1341 375 τῆς
1361 340 1445 374 αὐτῆς
1469 339 1616 374 ἐκκλησίας
1631 339 1678 365 καὶ
1695 337 1762 370 σύγ-

985 387 1081 418 κε).).ος
1117 386 1318 421 ἐχειροτονήθη.
1344 385 1444 420 lllajora
1467 392 1574 418 semper
1598 385 1763 410 incrementa

982 441 1059 460 more
1074 434 1211 467 capiente,
1228 432 1383 466 Stephanus
1399 431 1497 459 Leonis
1513 431 1651 465 Sapientis
1667 429 1763 460 frater,

981 487 1060 514 quem
1076 478 1193 505 Basilirrs
1210 483 1285 512 pater
1297 479 1368 505 clero
1381 477 1433 505 ΟΡ.
1446 477 1564 504 sociarat
1579 476 1765 503 educandum-

981 532 1033 558 que
1045 533 1076 551 ac
1093 524 1202 559 syucrlli
1218 524 1349 558 dignitate
1360 523 1512 550 ornanduru
1528 522 1625 549 Photio
1642 521 1764 552 dederat,

982 571 1020 596 ait
1039 570 1092 596 Leo
1109 569 1318 601 Grammaticus,
1337 570 1433 596 eodem
1448 568 1546 595 Photio
1568 561 1688 595 secundo
1700 569 1766 595 sub-

983 620 1057 643 moto
1073 616 1214 642 confestim
1233 616 1258 641 in
1272 616 1331 650 ejus
1345 615 1433 642 locum
1450 616 1582 642 suffectus
1599 620 1639 642 est
1651 614 1766 648 patriar-

985 662 1046 689 cha.
1064 662 1202 689 Cedrenus
1220 662 1283 688 vita:
1308 661 1405 688 Leonis
1433 661 1534 688 initio:
1557 651 1726 694 Προσέταξέν
1751 662 1765 686 ὁ

982 707 1057 734 Λέων
1071 706 1119 732 τοῦ
1142 706 1237 740 θρόνου
1259 706 1361 732 Φώτιυν
1383 706 1561 738 καταγαγεῖν,
1591 704 1662 730 κατὰ
1683 704 1767 734 πόδας

982 753 1011 779 δὲ
1039 753 1174 785 Στέφανον
1196 751 1342 786 adfusum:
1361 751 1406 777 τὸν
1419 751 1515 777 ἑαυτοῦ
1531 751 1645 784 ἀδελφὸν
1662 751 1675 775 ὁ
1688 749 1766 784 βασι-

983 800 1046 831 λεὺς
1065 799 1236 834 πατριάρχην
1249 799 1439 833 προϐάλλεται.
1456 798 1487 824 Et
1506 798 1532 824 in
1549 798 1642 824 eodem
1657 797 1765 823 Leone:

982 845 1185 879 Χειροτονεῖται
1210 844 1384 879 πατριὰρχης
1404 845 1418 870 ὁ
1444 843 1589 877 σύγκελλος
1619 842 1767 877 Εὐθύμιος.

165 903 286 923 numerum
304 895 484 930 syncellorum
510 897 542 922 ad
559 881 626 922 duos
641 895 752 929 redegit.
769 894 867 921 Mirum
886 900 931 920 ve-
947 881 967 909 Β
981 890 1215 917 Consuetudinem
1232 889 1302 916 hanc
1325 889 1399 924 quasi
1424 889 1507 922 legem
1530 887 1648 914 habitam
1675 891 1768 913 narrat

166 948 188 967 ru
206 941 335 968 Codinum
356 940 467 975 syncelli
482 948 528 968 seu
559 941 735 975 syucellorum
763 940 928 967 mentionem

166 988 244 1014 nullam
264 987 371 1020 fecisse,
385 989 449 1014 dum
476 987 627 1021 eatalogum
646 987 807 1014 oflieralium
824 994 929 1021 magna

165 1033 264 1059 ecclesiae
286 1037 397 1065 texeret,
424 1032 476 1059 nisr
495 1033 555 1067 quis
571 1033 644 1059 dicat
671 1033 854 1067 syncellorum
884 1039 931 1066 ap-

166 1080 318 1110 pcllationem
336 1087 388 1106 non
405 1079 499 1111 ofﬁcii,
517 1079 564 1106 sed
580 1079 717 1114 dignitatis
731 1079 824 1113 fuisse.

193 1124 252 1151 lbid.
265 1124 330 1161 [Qui
343 1125 449 1160 primus
459 1130 579 1151 omnium
593 1125 738 1158 σύγκελλος
750 1133 782 1152 ac
793 1125 851 1152 ideo
864 1130 931 1153 tern-

167 1177 222 1203 μοι-ις
234 1171 331 1198 ordine
351 1171 593 1205 πρωτοσύγκελλος
617 1171 727 1204 legitur,
738 1171 789 1198 fuit
816 1173 933 1199 Anasta-

168 1223 209 1243 sius
223 1217 267 1243 ille
277 1216 428 1252 presbyter,
445 1217 500 1249 cui,
517 1216 651 1244 referente
665 1217 840 1252 Theophane,
849 1226 931 1252 quam

167 1267 310 1297 conceperat
330 1265 363 1290 de
386 1263 439 1290 ﬁde
462 1270 614 1297 perversam
637 1265 813 1296 sententiam,
841 1265 932 1298 publi-

169 1316 192 1334 cc
201 1309 422 1342 pronuntiandam
436 1309 462 1335 in
473 1309 594 1336 ecclesiae
604 1315 739 1337 conventu
751 1310 824 1337 dedit
838 1310 934 1338 Nesto-

167 1354 227 1382 rius:
245 1354 371 1389 Ὀμιλίαν
388 1355 451 1389 περὶ
479 1355 596 1386 πίστεως
617 1355 765 1382 ἐκδέδωκεν
778 1356 817 1391 τῷ
837 1356 933 1383 ἑαυτοῦ

170 1401 299 1435 transitio).
314 1401 364 1427 llic
380 1402 469 1428 autem
485 1408 547 1428 cum
564 1401 673 1428 sublato
685 1409 700 1428 e
723 1401 792 1429 vivis
809 1402 935 1430 Nestorio

169 1445 311 1477 patriarchae
326 1446 484 1480 dignitatem
500 1454 554 1473 non
569 1447 718 1482 exceperit,
731 1448 798 1474 nihil
811 1448 885 1475 aliud
901 1456 934 1475 eo

171 1492 254 1519 vivente
281 1492 396 1527 adeptus
412 1500 492 1527 quam
509 1497 537 1520 nt
550 1498 624 1521 esset
633 1493 773 1520 convictus
784 1494 843 1529 ejus
854 1495 936 1529 parti-

979 936 1119 964 Cedrenus
1133 936 1203 963 idem
1212 936 1239 963 in
1252 935 1432 962 Monomacbo
1443 943 1449 962 :
1459 935 1578 960 Ἐκείνου
1593 934 1644 968 γὰρ
1658 933 1768 967 (πατρι-

980 983 1073 1017 άρχου)
1085 982 1273 1014 ἀποθανόντος,
1285 982 1299 1007 ὁ
1313 980 1458 1015 σύγκελλος
1471 981 1551 1012 εὐθὺς
1563 980 1602 1012 είς
1614 975 1659 1005 τὸν
1669 980 1766 1005 τούτου

982 1030 1075 1065 θρόνον
1090 1029 1311 1064 ἐγκκαϐίδρυται.
1328 1029 1413 1055 Πάλαι
1426 1028 1532 1055 dixerat
1546 1025 1670 1053 nonnihil
1688 1033 1768 1063 supe-

981 1077 1060 1104 rius:
1080 1076 1248 1103 Monomachi
1270 1076 1344 1103 enim
1369 1080 1449 1102 suate
1469 1073 1636 1102 consuetudo
1660 1072 1701 1099 vel
1724 1072 1766 1098 lex

982 1131 1160 1157 quaecumque
1171 1123 1203 1150 de
1214 1123 1339 1157 syncellis
1351 1122 1383 1148 ad
1393 1121 1604 1156 patriarcbatum
1616 1128 1646 1147 su
1652 1119 1769 1146 bvelrcn-

982 1170 1024 1196 dis
1039 1170 1172 1196 exstiucta
1182 1176 1242 1196 erat
1256 1172 1282 1196 et
1294 1170 1400 1203 penitus
1416 1167 1555 1201 abrogata.
1578 1166 1616 1193 Eo
1636 1171 1726 1192 lalttcn
1736 1172 1767 1192 ac

983 1217 1158 1249 sequentibus
1180 1215 1347 1250 temporibus
1378 1222 1432 1241 non
1458 1222 1529 1241 unus
1556 1214 1637 1240 modo
1668 1212 1714 1239 sed
1739 1217 1767 1239 et

983 1262 1075 1297 plures
1088 1262 1198 1298 syncelli
1209 1271 1217 1295 -,
1229 1269 1260 1288 ac
1280 1262 1387 1288 tandem
1403 1261 1474 1288 inter
1486 1268 1534 1288 eos
1553 1261 1655 1294 primas
1673 1263 1768 1286 tenens

983 1309 1210 1343 protosynccllm,
1224 1309 1302 1343 cujus
1327 1315 1425 1335 nomen
1447 1306 1544 1335 deinde
1562 1307 1651 1342 plures
1667 1307 1769 1333 ambie—

986 1361 1057 1383 runt.
1081 1355 1181 1382 Verum
1206 1356 1338 1390 integram
1359 1354 1540 1390 syncellorum
1559 1354 1698 1380 cohortem
1720 1353 1769 1378 ali-

985 1402 1094 1437 quando
1114 1403 1238 1433 miratus.
1260 1409 1292 1428 ac
1307 1402 1340 1428 de
1361 1401 1393 1428 iis
1409 1409 1470 1427 cum
1485 1399 1587 1427 Graecis
1603 1400 1669 1434 ipsis
1684 1399 1770 1426 collo-

985 1453 1075 1481 cutus,
1096 1449 1203 1483 percepi
1224 1456 1257 1475 ex
1278 1455 1307 1475 ea
1326 1455 1385 1482 qua:
1402 1455 1508 1482 Semper
1533 1447 1601 1474 inter
1620 1454 1667 1473 eos
1685 1445 1771 1480 viguit

976 1492 1148 1531 'diguitatum
1165 1495 1312 1522 ambitione
1328 1495 1367 1522 vel
1389 1495 1527 1522 titulorum
1544 1494 1692 1528 cupiditate
1707 1501 1771 1528 pro-

170 1544 228 1570 ucps,
244 1539 340 1566 domus
355 1539 483 1573 cellaeque
493 1545 618 1572 consors,
635 1541 734 1567 animae
754 1541 834 1567 rebus
847 1540 874 1567 in
888 1541 937 1567 du-
951 1552 971 1582 α
989 1542 1112 1576 ﬂuxisse,
1129 1547 1158 1570 ut
1176 1543 1221 1577 qui
1238 1542 1451 1578 patriarchatum
1470 1545 1628 1576 expeterent
1646 1540 1687 1566 vol
1707 1547 1772 1574 syn-

170 1583 211 1609 biis
226 1584 349 1616 director,
361 1584 388 1611 in
402 1583 495 1611 arduis
506 1585 690 1618 consiliarius,
699 1586 727 1612 in
746 1586 858 1613 secretis
873 1593 937 1613 corr-

171 1628 241 1661 .~t~ius,
257 1637 284 1656 ac
298 1631 432 1658 iudivisus
453 1630 480 1657 in
497 1631 633 1665 prosperis
648 1635 674 1658 et
699 1632 820 1659 adversis
835 1634 936 1659 socius.

173 1672 219 1701 Hoc
231 1676 343 1709 primum
363 1677 444 1711 primi
460 1678 505 1711 qui
523 1677 623 1711 legitur
632 1678 743 1713 syncelli
754 1686 865 1710 munus;
882 1679 937 1706 haec

171 1724 195 1745 ut
218 1728 273 1748 rcta
297 1724 416 1750 nominis
429 1724 574 1757 expositio,
601 1724 637 1751 ita
664 1725 764 1758 pariter
774 1724 856 1752 officii
876 1725 938 1752 finis

168 1771 189 1791 ct
200 1769 308 1802 cognitio
332 1770 477 1797 sincerior.
501 1770 631 1805 Evagrius
656 1771 690 1798 de
713 1772 773 1806 ipso
806 1773 936 1807 ryncello,

169 1814 237 1844 Πᾶς
251 1816 298 1842 Τοῦ
314 1817 463 1851 Νεστορίου
479 1817 609 1852 διάπυρος
626 1819 754 1852 ἐραστὴς,
773 1819 801 1850 ὂς
815 1819 861 1845 καὶ
875 1827 937 1846 συν-

166 1859 266 1894 έκδημός
279 1864 302 1888 οἱ
320 1864 433 1897 γέγονεν
450 1865 521 1899 πρὸς
548 1865 598 1900 τὴν
611 1866 764 1900 ἐπισκοπὴν
781 1866 936 1901 ἀπαίροντι.

169 1904 292 1941 Socrates,
311 1917 361 1943 vtt,
376 1910 411 1937 32
428 1918 436 1940 :
462 1911 551 1945 Συνῆν
567 1911 642 1946 αὐτῷ
663 1911 840 1943 Ἀναστὰσιος
868 1921 937 1947 πρε-

164 1952 291 1988 σδὺτερος.
315 1955 375 1990 ἅμα
395 1955 469 1990 αὐτῷ
498 1957 530 1983 ἐκ
556 1957 605 1991 τῆς
631 1958 791 1992 Ἀντιοχείας
819 1959 935 1990 σταλείς.

167 1996 240 2033 378
256 2000 355 2028 Τοῦτον
372 2002 417 2028 διὰ
440 2003 521 2037 τιμῆς
546 2001 602 2038 εἶχε
626 2004 738 2038 πολλῆς,
762 2006 808 2030 καὶ
823 2006 853 2032 ὲν
881 2006 937 2036 τοῖς

162 2045 300 2079 πράγμασι
325 2048 472 2083 συμϐούλῳ
493 2050 603 2084 ἐχρῆτο,
629 2049 789 2086 Presbytero
807 2051 936 2086 deinceps

157 2088 304 2122 bujusmodi
323 2094 352 2120 in
377 2093 431 2121 cibi
456 2094 532 2121 cellae
557 2097 938 2132 secretorum,vittedenique

154 2138 237 2164 omnis
260 2141 423 2168 societatem
443 2142 561 2174 adscito,
575 2143 786 2176 procedentibus
801 2145 879 2171 annis
898 2145 937 2171 fa-

152 2187 217 2210 ctum
231 2191 274 2212 est
289 2192 320 2213 ut
333 2188 385 2222 qui
401 2189 426 2214 in
445 2189 567 2216 ecclesia:
582 2195 654 2217 coetu
669 2190 782 2223 amicos,
796 2192 936 2226 inpalatio

149 2236 250 2265 quoque
265 2230 348 2262 notos
363 2235 503 2270 allegerat,
525 2236 609 2270 nullo,
632 2237 655 2264 si
687 2244 747 2271 qua:
763 2238 861 2270 forent,
878 2239 937 2273 ejus

145 2278 237 2304 merita
258 2279 439 2315 virtutesque
457 2282 608 2316 ignorante,
633 2283 762 2310 defuncto
783 2285 936 2318 patriarcha

145 2321 169 2347 iu
179 2323 237 2357 ejus
255 2326 349 2353 locum
372 2335 520 2356 successor
541 2329 696 2364 eligeretur;
715 2331 815 2368 quique
830 2332 940 2359 nomine

140 2370 253 2401 syncelli
271 2372 314 2397 vel
337 2373 477 2407 dignitate
501 2382 584 2409 penes
602 2376 786 2410 parriarcham
808 2378 896 2404 adhuc
912 2378 940 2404 in

140 2414 206 2440 "Vl"
215 2422 363 2450 agentem.
381 2420 502 2453 ceueius
520 2421 650 2451 sincerior
666 2423 859 2455 concellaneus,
877 2424 942 2451 iusi-

134 2461 193 2493 gnis
203 2464 326 2495 vixerat,
339 2465 420 2492 idem
437 2471 495 2500 post
510 2467 623 2500 lethum,
640 2472 669 2495 ut
685 2469 711 2495 in
733 2466 848 2495 ec’clesia
865 2470 941 2496 thro-

131 2512 206 2540 num,
223 2508 263 2535 ira
276 2510 396 2538 χελλίον
422 2511 511 2545 ipsum
527 2518 552 2540 et
567 2514 698 2541 secretius
716 2515 874 2549 patriarchii
895 2524 942 2551 pe-

128 2555 232 2581 netrale
265 2561 444 2591 Occuparet.
476 2559 585 2587 Videtur
609 2569 668 2588 mos
691 2561 845 2596 hujusmodi
869 2562 942 2590 circa

989 1590 1072 1617 cellos
1088 1592 1113 1617 in
1137 1598 1248 1616 munere
1266 1589 1366 1616 vellent
1380 1589 1512 1620 aemulari,
1536 1595 1634 1615 nomen
1654 1587 1770 1622 primum

989 1641 1197 1671 aucuparentur.
1219 1636 1327 1662 Pristiui
1343 1643 1406 1662 vero
1420 1634 1549 1669 temporis
1564 1634 1712 1670 syncellus,
1725 1640 1774 1667 pa-

989 1681 1116 1710 triarchae
1136 1682 1199 1709 licet
1215 1689 1361 1709 successor
1387 1681 1557 1715 designatus,
1571 1688 1626 1716 quo
1647 1680 1773 1708 desiderii

988 1730 1173 1758 successionis
1191 1737 1205 1756 a
1229 1737 1259 1756 se
1285 1733 1421 1755 amoveret
1450 1727 1640 1762 suspicionem,
1661 1727 1705 1754 ubi
1727 1734 1774 1760 pa-

989 1777 1115 1803 triarcha:
1127 1774 1363 1805 consacrif‘rcabat,
1380 1774 1507 1807 populum
1525 1773 1556 1800 ad
1569 1781 1662 1808 preces
1683 1780 1729 1807 pro
1741 1780 1773 1799 eo

987 1827 1013 1849 et
1022 1823 1081 1855 ejus
1091 1821 1178 1848 salute
1191 1828 1301 1848 necnon
1315 1821 1339 1847 ei
1354 1820 1407 1846 vita
1420 1819 1539 1854 longaeva
1552 1820 1698 1846 obtinenda
1713 1819 1773 1846 fun-

987 1869 1089 1895 dendas
1106 1868 1272 1900 hortabatur,
1292 1867 1364 1902 quod
1387 1874 1448 1894 cum
1464 1867 1584 1893 facerent
1611 1867 1712 1901 pariter
1725 1873 1773 1900 per

988 1914 1041 1943 (ΖΡ.
1052 1914 1182 1942 ecclesias
1195 1914 1239 1941 alii
1255 1913 1416 1948 presbyteri,
1433 1913 1495 1939 exin
1509 1913 1585 1947 quasi
1598 1912 1708 1947 syncclli
1723 1920 1774 1938 no-

989 1969 1048 1987 men
1066 1961 1214 1995 promeriti,
1230 1967 1261 1987 ea
1282 1967 1311 1986 se
1325 1960 1457 1993 dignitate
1480 1959 1677 1993 promovendos
1694 1966 1774 1986 cura—

988 2012 1061 2037 runt;
1086 2013 1116 2033 ac
1140 2010 1170 2033 ut
1192 2007 1262 2040 viget
1285 2010 1312 2032 et
1334 2005 1394 2032 aliis
1410 2005 1530 2039 praeferri
1550 2004 1646 2040 qua-rit
1663 2005 1775 2032 honoris

987 2053 1123 2088 cupiditas
1147 2055 1194 2087 qui
1218 2060 1314 2087 magna
1336 2053 1363 2079 iu
1384 2052 1500 2079 ecclesia
1524 2053 1659 2087 syncr-llus
1681 2060 1776 2087 preces

989 2098 1146 2132 huju~m0di
1165 2098 1338 2124 denuntiaret
1365 2096 1517 2130 faciendas,
1547 2098 1775 2133 protosyncellus,

989 2151 1018 2172 ut
1037 2145 1147 2179 reliquis
1158 2145 1363 2179 anteponendos
1382 2151 1413 2171 ac
1429 2143 1545 2178 dignior,
1560 2149 1602 2170 eat
1616 2144 1774 2178 appelatus;

990 2199 1021 2218 ac
1031 2193 1074 2219 ubi
1087 2193 1244 2219 sacerdotes
1260 2190 1298 2218 vel
1312 2191 1489 2224 nietrOpotitae
1500 2190 1662 2224 patriarcha:
1677 2197 1774 2216 cuncc«

991 2239 1127 2266 lr-brantes
1143 2238 1170 2266 id
1187 2237 1311 2265 muneris
1322 2237 1432 2264 fuerunt
1446 2237 1576 2268 exsecuti.
1593 2237 1776 2272 syuccllorum

991 2293 1098 2320 quoque
1112 2293 1144 2312 ac
1162 2284 1422 2323 protosyncellerum
1437 2283 1568 2310 honorem
1597 2283 1647 2310 sibi
1664 2291 1777 2319 arroga—

993 2338 1065 2359 rnrrt.
1078 2332 1146 2359 Audi
1158 2331 1308 2358 Ceilrcnum
1319 2332 1344 2358 in
1354 2330 1476 2357 Romano
1487 2330 1601 2365 Argyro:
1610 2330 1739 2365 Ὲτῐμηοε
1748 2329 1776 2356 δὲ

992 2378 1154 2412 σιιγκέλλους
1172 2377 1370 2413 μητροπολίτας
1384 2378 1469 2412 τρεῖς.
1496 2376 1591 2404 Plures
1607 2377 1699 2412 itaque
1714 2385 1778 2412 syn-

993 2425 1064 2457 Crlll,
1082 2425 1149 2452 adeo
1164 2424 1288 2452 sublimis
1311 2425 1393 2450 ctiam
1409 2424 1519 2451 honoris
1538 2423 1734 2458 cupidinemoti
1749 2429 1778 2450 ut

993 2471 1019 2497 in
1033 2479 1164 2498 consessu
1182 2479 1195 2496 a
1213 2471 1399 2498 sacerdotibus
1413 2471 1438 2497 in
1451 2471 1533 2498 missa
1545 2470 1668 2497 habendo
1680 2474 1779 2496 metro-

994 2517 1083 2552 politis
1098 2525 1127 2543 se
1145 2516 1263 2551 praeferri
1280 2517 1484 2544 contenderent.
1498 2515 1570 2543 ldem
1586 2516 1724 2543 Cedrenns
1740 2515 1779 2541 in-

994 2564 1079 2591 ferius
1094 2572 1100 2589 :
1114 2563 1238 2597 Ἐγένετο
1248 2563 1275 2589 δὲ
1291 2563 1361 2589 κατὰ
1374 2562 1423 2598 τὴν
1442 2563 1548 2598 ἡμέραν
1559 2563 1607 2597 τῆς
1620 2562 1699 2596 ἁγίας
1711 2562 1777 2587 Πεν-

124 2596 221 2628 Lennis
234 2602 326 2630 lsauri
343 2608 481 2638 tempora
498 2605 652 2639 inraluisue,
666 2607 700 2634 de
713 2616 767 2643 quo
782 2608 920 2636 Cedrenus
934 2619 942 2637 :

122 2643 208 2680 Εὗρεν
232 2648 283 2674 οὖν
301 2650 333 2675 ὲν
355 2650 460 2685 τούτῳ
481 2651 619 2687 σύμμαχον
646 2653 819 2681 Ἀναστάσιον
833 2655 944 2688 σύγκξλ-

118 2690 162 2717 λον
187 2693 235 2719 τοῦ
259 2695 348 2729 ἁγίου
379 2696 557 2733 (Γερμανοῦ)
587 2700 787 2734 συνταξάμενος
811 2700 884 2736 αὑτῷ
896 2701 943 2727 τοῦ

117 2737 213 2773 θρόνου
228 2741 365 2778 διάδοχον
384 2742 536 2776 γενέσθαι.
561 2745 707 2774 Inv-aluisse
723 2747 790 2779 dixi,
811 2755 864 2774 non
891 2749 945 2783 pri-

114 2794 158 2814 mo
171 2796 282 2818 morem
303 2791 512 2820 institutum:
526 2794 579 2828 jam
594 2795 664 2822 enim
678 2795 729 2824 sub
742 2796 885 2823 Anastasio
900 2805 944 2824 sc-

110 2834 189 2863 niore
218 2837 373 2873 Τιμοθέου
403 2839 621 2874 ἀττοοανόντος,
646 2843 742 2870 scribit
766 2842 944 2877 Theophanes

114 2879 250 2919 Ἰωάννην
280 2885 334 2912 τὸν
356 2884 576 2921 Καππαδόκην
590 2888 778 2924 πρεσϐύτερον
808 2889 855 2916 καὶ
878 2890 943 2923 σύγ-

993 2610 1128 2644 τηκοστῆς
1140 2610 1247 2645 ταραχὴ
1257 2609 1300 2636 διὰ
1316 2609 1364 2644 τὴν
1381 2609 1515 2644 καθέδραν
1528 2611 1556 2635 ἐν
1566 2611 1598 2645 τῇ
1610 2609 1778 2643 λειτουργίᾳ,

996 2658 1033 2693 μὴ
1051 2656 1277 2691 καταδεξαμένων
1298 2656 1353 2682 τῶν
1376 2655 1583 2690 μητροπολιτῶν
1613 2654 1777 2688 προκαθίσαι

995 2704 1085 2730 αὐτῶν
1097 2705 1157 2734 τοὺς
1174 2701 1335 2736 συγκέλλους
1350 2703 1378 2728 ἐν
1392 2702 1430 2737 τῷ
1449 2703 1594 2735 συνθρόνῳ.
1613 2701 1663 2734 Ipsi
1682 2701 1781 2727 tribilo-

996 2752 1086 2778 minus
1108 2750 1286 2784 metropolita:
1308 2748 1454 2783 aliquando
1466 2748 1590 2782 syncellr,
1607 2752 1635 2773 ut
1649 2747 1757 2781 pnemis
1772 2765 1779 2773 ι

995 2797 1133 2824 Cedrcnus
1148 2796 1218 2823 idem
1240 2795 1266 2821 in
1291 2794 1392 2820 Basilio
1407 2798 1433 2819 et
1455 2793 1635 2820 Constantino
1665 2791 1781 2818 liunrani

996 2843 1050 2871 FF.
1065 2852 1071 2871 :
1088 2843 1117 2869 '0
1135 2841 1279 2876 σύγκε).λος
1307 2840 1439 2873 Στέφανος
1456 2839 1504 2865 καὶ
1524 2838 1571 2872 τῆς
1598 2838 1782 2873 Νικομηδείας

998 2891 1137 2922 πρόεδρος.
1150 2889 1221 2919 Pone
1231 2888 1414 2924 praeterieram
1425 2893 1478 2914 non
1489 2893 1548 2921 synr
1557 2886 1669 2913 ellarum
1686 2885 1781 2919 modo,
