2026 3147
179 209 231 242 ‘33
701 211 750 241 DE
766 210 997 241 ORlGlNIBUS
1013 210 1250 241 CPOLJTANIS.
1317 205 1320 208 ’
1734 208 1787 242 ιηι

180 267 224 298 Ad
258 266 325 307 tunc
353 273 420 307 quo
449 266 577 307 facilius
599 266 885 307 mihivignosceros,
913 267 1017 298 sicubi
1046 268 1095 298 vel
1127 268 1160 298 in
1191 267 1337 307 versione
1367 266 1411 295 ιιι-1
1439 266 1470 307 in
1494 264 1787 307 animadversioni-
1825 290 1828 295 .

181 307 237 336 bus
257 304 445 345 humanitus
465 306 572 345 lapsus
592 304 711 343 essem;
726 315 836 336 omnes
865 307 1206 345 omuiuoromasiones
1230 306 1310 344 fugi.
1325 314 1395 343 qua)
1416 306 1529 336 oblalze
1554 305 1641 345 mihi
1657 304 1791 345 fuerunt

179 345 213 384 tul
234 343 515 375 contradicendutn
534 345 576 375 iis
588 345 641 383 qui
658 349 730 376 ante
746 354 795 375 me
808 345 928 384 aliquid
940 344 1050 375 Codini
1065 343 1290 375 edideruntvel
1302 353 1395 374 secus
1411 353 1506 382 quam
1521 343 1686 384 oportebat
1700 344 1792 384 intel-

181 383 327 413 lexerunt
343 391 351 419 ;
367 387 398 413 et
413 384 572 422 siquando
580 382 766 415 necessitate
778 382 904 414 coactus
918 383 1084 414 fuieorum
1097 391 1222 414 errores
1236 384 1396 422 detegere,
1415 387 1530 414 tantam
1546 382 1583 413 ea
1607 382 1638 412 in
1655 391 1687 412 re
1697 383 1789 413 adhi-

181 421 235 465 l_tui_
248 421 548 465 moderationetnut
560 427 666 465 contra
682 431 762 465 quos
773 423 907 465 scribam
927 424 1098 453 obscurum
1115 422 1167 465 sit,
1181 421 1383 452 manifestum
1402 431 1488 465 ve_ro.
1508 431 1557 452 me
1575 429 1638 451 non
1659 431 1699 465 eo
1729 422 1789 452 hoc

180 460 290 491 fecisse
304 465 339 491 ut
357 469 396 491 ex
410 461 524 491 alienis
541 460 702 492 erroribus
718 462 851 500 gloriam
870 469 1059 500 quaererem,
1079 461 1134 500 sed
1151 465 1184 491 ut
1202 469 1409 499 praecaverent
1424 461 1577 500 duntaxat
1589 469 1627 490 ne
1643 460 1715 490 aliis
1728 469 1787 490 nc-

181 499 494 539 cessariiquidquam
510 500 686 539 ignorantia
696 498 891 538 pfwteriisse
906 500 1041 530 viderer.
1052 498 1224 539 Reliquum
1242 507 1318 538 ergo
1332 503 1378 539 est
1395 504 1427 530 ut
1444 499 1538 530 hosce
1561 500 1684 530 labores
1697 508 1788 528 meos

181 538 332 578 benevole
345 539 496 578 excipias,
509 538 539 569 et
557 539 584 568 si
597 547 658 578 qua
676 539 708 569 in
724 539 763 569 iis
780 539 1000 578 deprehendes
1015 547 1086 578 quin
1110 538 1216 578 minus
1249 538 1307 578 tibi
1333 538 1511 576 placebunt.
1549 539 1787 577 aliquantulum

182 576 511 620 indulgeasjuventuti
530 576 768 620 memetnimire
785 576 858 616 erga
877 582 906 608 te
919 576 1073 620 voluntati
1090 577 1328 620 etgravioribus
1345 576 1626 620 occupationibus,
1638 587 1693 620 per
1709 585 1789 615 quin

181 615 376 656 exactissime
392 616 503 656 omnia
515 617 663 654 perSequi
680 620 710 646 et
722 615 886 656 recensere
901 625 964 647 non
981 616 1082 656 potui.
1097 615 1146 647 Sic
1157 619 1188 648 et
1199 619 1363 655 gratumte
1377 617 1547 655 prwbebis,
1560 621 1589 647 et
1600 615 1788 647 alacrior-ctu

181 661 229 683 me
242 654 354 683 reddes
365 655 402 684 ad
418 656 589 692 praestanda
601 656 729 694 majora.
742 655 826 687 Vale.

217 716 326 746 Romae
342 717 428 753 1659,
445 716 585 748 calendis
608 717 712 748 Maiis.

810 916 1143 973 LAMBECII

359 1035 434 1081 DE
475 1035 725 1084 GEORGII
770 1036 979 1084 CODINI
1034 1039 1176 1085 VITA
1222 1041 1296 1086 ET
1340 1040 1603 1086 SCRIPTIS

715 1136 885 1168 BREVIS
916 1137 1241 1169 DISSERTATIO.

214 1293 358 1329 Georgium
367 1292 500 1322 Codicum
518 1301 572 1321 non
580 1295 631 1323 sub
645 1295 749 1323 ultimis
761 1299 866 1323 tantum
882 1294 1095 1329 imperatoribus
1114 1295 1265 1329 Cpolitauis
1278 1295 1389 1327 vixisse,
1406 1294 1452 1321 sel
1469 1293 1629 1328 aliquandiu
1648 1295 1730 1323 etiam
1742 1303 1789 1322 su-

187 1338 312 1373 perfuisse
327 1343 387 1372 post
401 1339 487 1372 ipsam
517 1338 634 1373 Cpoleos
665 1339 906 1374 expugnationem,
923 1346 955 1365 ex
985 1338 1073 1373 ipsius
1094 1339 1206 1372 scriptis
1241 1338 1344 1372 liquido
1372 1342 1494 1373 apparet.
1525 1337 1694 1373 Curopalatte
1723 1346 1792 1367 vero

187 1389 342 1414 cognomen.
358 1382 431 1416 quod
447 1381 471 1409 ei
483 1381 517 1409 ab
532 1382 588 1410 illis
599 1382 727 1410 tribuitur
739 1382 787 1417 qui
798 1382 897 1410 librum
914 1381 974 1417 eius
989 1382 1023 1410 de
1037 1381 1139 1410 Olliciis
1155 1382 1249 1417 palatii
1267 1382 1309 1410 (ΞΡ
1322 1383 1476 1416 ediderunt,
1497 1382 1524 1409 in
1555 1382 1610 1410 illis
1639 1390 1709 1417 quos
1740 1391 1791 1417 ego

188 1425 232 1452 villi
243 1425 385 1452 codicibus
415 1432 496 1452 manu
516 1425 627 1460 scriptis
654 1433 708 1453 non
729 1426 875 1461 reperi;et
888 1426 993 1453 facilius
1023 1427 1108 1454 multo
1131 1428 1240 1455 credam
1267 1426 1424 1462 impositum
1456 1427 1480 1454 ei
1510 1427 1596 1454 fuisse
1617 1428 1792 1462 Curopalata:

187 1477 339 1503 cognomen,
359 1469 421 1503 quia
439 1469 473 1496 de
486 1469 588 1497 Olliciis
604 1470 695 1505 palatii
713 1470 835 1504 scripsit,
852 1477 934 1505 quam
948 1470 1019 1504 quod
1033 1470 1092 1505 ipse
1106 1470 1275 1505 curopalatae
1301 1470 1458 1506 dignitatem
1474 1470 1634 1499 obtinuerit.
1657 1471 1791 1499 Caeterum

186 1513 245 1544 quod
261 1513 294 1541 ad
309 1512 407 1548 seripta
418 1512 476 1546 eius
487 1512 593 1546 attinet,
606 1521 658 1540 nou
678 1518 827 1549 propterea-
834 1514 968 1541 duntaxat
978 1521 1050 1541 vano
1064 1514 1181 1548 quodam
1194 1514 1352 1549 praeiudicio
1368 1514 1546 1548 improbanda
1566 1520 1640 1547 sunt.
1660 1515 1790 1550 quoniam

184 1555 297 1584 Cedimus
315 1556 440 1584 ducentis
457 1561 560 1584 tantum
576 1557 676 1585 abhinc
690 1558 771 1585 annis
791 1557 902 1591 ﬂoruit;
930 1557 1032 1593 quippe
1053 1559 1111 1593 qui,
1139 1566 1312 1593 quaecunque
1339 1559 1436 1590 edidit.
1467 1566 1500 1587 ex
1530 1559 1735 1594 antiquioribus
1763 1563 1791 1586 ct

186 1599 268 1634 magis
283 1600 409 1635 probatis
420 1600 578 1628 auctoribus
590 1601 726 1636 excerpsit
745 1605 773 1629 et
786 1601 906 1636 collegit.
918 1600 985 1628 Nam
999 1601 1071 1636 quod
1086 1602 1204 1636 primum
1221 1602 1291 1630 inter
1317 1602 1448 1637 opuscula
1481 1603 1540 1638 ejus
1570 1603 1659 1631 locum
1683 1603 1792 1631 obtinet

184 1648 210 1669 et
219 1642 374 1671 inscribitur
394 1644 456 1679 περὶ
470 1643 524 1671 τῶν
539 1644 662 1680 πατρίων
675 1645 735 1673 sive
751 1645 786 1673 de
801 1645 954 1680 originibus
973 1645 984 1672 (

991 1644 1028 1678 :P,
1055 1646 1116 1681 ejus
1139 1646 1227 1680 maior
1253 1653 1317 1681 pars
1339 1647 1505 1674 verbotenus
1533 1647 1669 1682 descripta
1700 1652 1740 1674 est
1759 1655 1791 1675 ex

186 1687 309 1724 llesychio
325 1689 445 1721 Milesio,
464 1689 569 1724 reliqua
583 1697 690 1718 veroex
705 1689 796 1726 Glycaa
807 1691 970 1724 Annalibus,
987 1689 1124 1719 Chronico
1136 1690 1319 1717 Alexandrino
1333 1695 1359 1717 et
1370 1690 1425 1717 alio
1439 1690 1557 1726 quodam
1585 1691 1715 1720 hactenus
1736 1699 1792 1718 non

183 1731 256 1765 edito,
271 1732 351 1768 cujus
363 1736 458 1760 auctor
471 1737 513 1760 est
530 1733 642 1767 quidam
659 1733 749 1762 Julius
764 1733 876 1766 Pollux,
890 1735 1004 1769 antiquo
1020 1734 1078 1765 illo,
1092 1734 1138 1768 qui
1151 1734 1302 1761 Commodo
1318 1734 1477 1768 imperatori
1490 1734 1698 1762 Onomasticuut
1710 1743 1792 1763 suum

182 1775 317 1808 dedicavit,
335 1775 437 1810 aliquot
452 1776 553 1804 seculis
569 1778 715 1805 recentior.
732 1777 808 1805 Libri
825 1785 890 1806 vero
904 1778 937 1805 de
949 1778 1047 1806 statuis
1060 1778 1147 1813 prima
1162 1784 1225 1812 pars
1237 1777 1270 1804 de
1285 1777 1442 1805 simulacris
1455 1778 1567 1805 deorum
1587 1778 1729 1813 gentilium
1758 1787 1792 1806 ex

183 1817 315 1846 Phurnuto
335 1819 481 1854 desutupta-
491 1825 533 1848 est
543 1824 571 1848 et
583 1828 616 1848 ex
633 1820 747 1850 Joannis
778 1821 844 1858 Lydi
867 1821 1111 1857 Philadelphiensis
1126 1821 1196 1849 libro
1228 1820 1351 1848 nondum
1381 1821 1454 1848 etlito
1469 1821 1502 1848 de
1522 1821 1661 1849 Mensibus
1673 1822 1705 1857 ‘),
1721 1823 1792 1850 unde

180 1862 254 1888 etiam
269 1863 371 1890 Suidas
385 1863 475 1891 hausit
488 1865 594 1893 eadem.
611 1865 702 1893 Altera
718 1869 808 1892 autem
828 1873 902 1900 pars,
917 1873 978 1900 quae

994 1869 1091 1892 tractat
1105 1864 1168 1898 περὶ
1187 1863 1293 1899 στηλῶν
1306 1865 1354 1890 καὶ
1365 1863 1522 1898 θεαμάτων,
1536 1864 1610 1899 quod
1629 1870 1682 1898 est,
1700 1870 1730 1892 ut
1741 1873 1791 1900 rgo

182 1903 347 1939 interpretor,
358 1906 391 1933 de
406 1908 504 1935 statuis
524 1907 638 1943 aliisque
655 1908 737 1936 rebus
753 1913 875 1943 spectatu
890 1908 978 1943 dignis
992 1907 1081 1942 Cpoli,
1099 1913 1131 1933 ea
1145 1910 1200 1933 tota
1218 1905 1381 1934 verbotenus
1395 1906 1529 1941 descriPm
1559 1913 1601 1935 εει
1622 1915 1654 1935 εἰ
1684 1909 1790 1944 illlli‘l'Ii

179 1949 298 1983 anonymi
314 1949 434 1977 auctoris
447 1949 623 1979 collectaneis
638 1952 833 1986 antiquitatum
848 1951 977 1987 Cpoleos,

991 1950 1201 1987 quaeinscripsit
1228 1950 1414 1985 παραστάσεις
1441 1952 1592 1986 συντόμους
1606 1953 1747 1987 χρονικὰς.
1764 1959 1791 1982 t-t

178 1992 330 2026 compilavit
341 1999 376 2019 ex
391 1992 538 2022 Theodoro
554 1995 665 2029 lectore,
676 1995 770 2030 Papia,
788 1994 919 2028 Eusebio,
945 1996 1068 2028 Socrate,
1080 1993 1208 2022 Marcello
1228 1994 1330 2022 lectore
1354 2000 1383 2022 et
1407 1996 1594 2030 compluribus
1620 1997 1694 2024 aliis.
1727 1997 1791 2026 llzcc

175 2040 237 2060 vero
247 2035 419 2063 collectanea
434 2044 506 2064 nunc
519 2038 638 2073 primum
651 2046 685 2067 ex
699 2039 892 2074 antiquissimo
906 2039 1001 2067 codice
1023 2037 1194 2065 bibliothecae
1219 2037 1310 2071 Regia:
1324 2038 1349 2064 in
1374 2038 1462 2065 lucem
1495 2039 1643 2073 prodeunt,
1677 2040 1735 2074 qni,
1762 2047 1793 2068 ιιι

176 2083 275 2112 omnes,
292 2082 432 2113 quotquot
445 2087 508 2108 eum
523 2081 660 2115 viderunt,
687 2085 832 2116 testantur,
843 2081 877 2110 ad
890 2083 1033 2110 minimum
1062 2086 1129 2109 ante
1148 2081 1366 2116 quadringentos
1391 2089 1480 2110 annos
1503 2082 1620 2118 scriptus
1651 2083 1711 2111 l'nit.
1743 2084 1792 2112 Est

173 2127 258 2150 autem
272 2123 346 2151 inter
359 2124 468 2152 codices
477 2124 537 2159 ejus
551 2124 724 2154 bibliotheca:
738 2134 852 2155 numero
883 2128 1045 2156 millesimus
1059 2125 1208 2162 vlgesimus
1229 2126 1372 2161 septimus.
1387 2126 1520 2162 Quisquis
1538 2127 1621 2162 igitur
1639 2132 1736 2156 auctor
1749 2134 1791 2157 est

173 2164 275 2193 illorum
292 2166 534 2201 collectancortun,
551 2168 678 2197 ducentis
687 2169 783 2198 saltem
799 2171 841 2199 vel
856 2172 987 2200 trecentis
1001 2170 1081 2198 annis
1114 2169 1221 2198 Codino
1246 2173 1289 2197 est
1320 2170 1470 2204 antiquior.
1496 2170 1535 2197 Ex
1563 2171 1658 2198 iisdem
1681 2180 1791 2206 quoque

171 2208 346 2251 collectaneis
366 2210 428 2238 libri
447 2212 511 2246 περὶ
524 2213 679 2247 κτισμάτων
691 2214 758 2242 satis
775 2222 872 2250 magna
891 2223 954 2251 pars
968 2218 1093 2249 excerpta
1104 2217 1146 2241 est
1167 2222 1175 2242 :
1198 2218 1297 2241 cetera
1309 2213 1457 2248 desumpta
1471 2219 1578 2242 suntex
1603 2213 1710 2242 Joanne
1736 2216 1790 2242 An-

170 2249 306 2284 tiocheno,
323 2252 472 2281 Panodoro
486 2253 617 2290 [Egyptio
636 2260 664 2283 et
675 2256 747 2290 aliis,
761 2258 807 2291 qui
824 2249 851 2285 in
864 2249 898 2286 eo
914 2258 985 2286 libro
1000 2257 1129 2285 citantur.
1155 2256 1242 2284 Totus
1273 2256 1393 2292 denique
1427 2258 1569 2293 catalogus
1591 2258 1789 2294 imperatorum

167 2293 282 2328 Cpoleos
298 2304 393 2331 usque
409 2297 441 2324 ad
458 2298 600 2333 imperium
618 2300 699 2334 primi
712 2301 801 2328 Alexii
816 2301 957 2335 Comneni,
989 2301 1110 2328 auctoris
1121 2305 1165 2328 est
1180 2301 1268 2328 multo
1294 2300 1458 2335 antiquioris
1469 2301 1593 2330 Codino:
1615 2293 1717 2338 quippe
1741 2302 1789 2338 qui

167 2342 228 2381 sum
242 2339 406 2374 catalogum
421 2341 587 2376 conscripsit
603 2343 656 2370 sub
670 2342 794 2371 Mauuele
807 2344 948 2372 Comneuo
962 2345 1048 2373 Alexii
1060 2348 1168 2379 nepote,
1195 2348 1226 2371 ut
1240 2343 1297 2378 ipse
1312 2348 1427 2372 testatur
1447 2345 1490 2372 his
1506 2345 1595 2373 verbis
1611 2354 1618 2373 :
1647 2347 1662 2373 ὁ
1693 2345 1791 2381 κύριος

170 2379 288 2425 ριξιος
304 2383 492 2425 ὁῨΚομνηνδς,
506 2385 521 2411 ό
535 2386 646 2417 πάππος
662 2386 709 2413 τοῦ
723 2387 856 2422 κραταιοῦ
871 2389 917 2415 καὶ
926 2388 970 2422 Ml

989 2398 1004 2414 υ
1018 2387 1098 2422 ἡμῶν
1134 2386 1281 2421 pastum.
1312 2387 1428 2423 Reliqua
1460 2396 1542 2422 porro
1553 2389 1670 2423 catalogi
1686 2379 1761 2425 pars,
1774 2398 1789 2418 ι

167 2419 313 2468 Theodoro
323 2424 449 2468 bascare
467 2427 525 2460 ejus
537 2429 654 2457 nominis
672 2419 759 2464 primo
779 2438 864 2465 usque
878 2432 911 2458 ad
927 2419 1050 2459 ultimam
1068 2419 1184 2464 Cpoleos
1197 2419 1440 2466 expugnationem,
1454 2419 1489 2459 ab
1502 2433 1563 2466 ipso
1591 2419 1697 2461 Codino
1712 2419 1791 2468 supc-

160 2464 281 2494 rioribus
300 2466 418 2501 adjecta
429 2473 479 2501 est,
493 2476 554 2496 cum
572 2470 627 2504 ille,
644 2474 676 2497 ιιι
684 2464 899 2506 principiodixi,
917 2473 1114 2508 aliquantulum
1128 2473 1165 2501 illi
1188 2474 1263 2502 urbis
1274 2464 1385 2503 excidio
1400 2464 1540 2512 superstes
1556 2476 1649 2506 fuerit.

190 2565 210 2592 'l
223 2564 291 2594 Lvdi
306 2565 383 2596 liber
396 2567 435 2594 ab
449 2566 531 2596 Hasio
543 2574 569 2596 et
585 2568 712 2599 Rmtltero
723 2571 812 2599 editus
829 2576 882 2599 est.
