2010 3150
277 176 334 209 Ἷ4Ἰ
1034 174 1070 204 DI

1102 173 1143 203 11E
1854 173 1895 206 748

279 234 512 273 assiduumque
525 234 664 265 laborem
680 234 712 264 in
728 231 894 264 debelland
902 231 927 262 is
935 229 1256 262 nationibusmdicat.
1272 230 1380 269 Neque
1390 229 1484 261 etiam
1495 227 1546 259 illa
1560 228 1774 268 praetermisit,
1785 232 1894 268 quaead

281 282 470 320 religionem
486 285 546 312 tam
562 285 699 312 nostram
713 280 937 316 Christianam.
953 287 1049 318 quam
1067 278 1329 309 Musulmanicam
1344 277 1518 317 pertinent.
1531 276 1667 308 Concilii
1681 277 1893 308 Florentiniab

280 330 425 368 Eugenio
434 338 510 368 papa
518 329 680 365 celebrati,
689 329 739 359 cui
747 329 884 359 Joannes
891 326 1280 367 Palmologusimperator,
1290 325 1448 364 Josephus
1456 325 1632 364 patriarcha
1640 325 1896 364 Constantinopo-

281 377 412 411 litanus,
424 377 560 407 etGraeci
572 376 676 407 caeteri
693 375 924 412 interfuerunt,
939 375 1106 406 historiam
1124 374 1264 409 breviter
1276 373 1453 405 contexuit.
1470 374 1592 404 Novam
1604 381 1680 404 vero
1696 377 1827 410 sectam,
1838 381 1898 411 qum

279 424 365 454 inter
377 425 497 454 Turcos
507 432 523 453 a
534 423 672 462 quodam
681 423 835 461 Bercligia
846 422 1012 461 Mustapha
1027 422 1152 453 invecta
1159 426 1207 454 est
1219 424 1393 463 statimque
1402 422 1517 459 deleta,
1527 423 1677 452 intactam
1690 430 1754 453 non
1765 422 1896 461 reliquit.

281 473 328 503 Ad
338 475 458 511 captam
470 479 487 501 a
501 470 613 501 Turcis
622 470 932 509 Constantinopolim
954 469 1118 500 historiam
1135 471 1337 502 solummodo
1347 470 1522 510 perducere
1532 470 1592 500 sibi
1605 474 1833 509 proposuerat;
1854 478 1898 500 ve-

283 528 364 556 rum,
377 528 433 557 spe
442 518 683 550 ductusfuturaa
695 519 868 558 aliquando
881 518 1058 549 eversionis
1065 519 1217 557 potentias
1227 519 1379 554 Turcicaa,
1389 518 1729 557 gentemqueGraacam
1739 518 1772 548 in
1785 518 1896 556 pristini

281 567 463 606 splendoris
475 570 593 597 statum
609 567 820 598 reducendam
839 566 908 597 fore
924 570 1023 603 ratus,
1036 569 1106 605 post
1121 566 1211 597 urbis
1238 569 1337 605 captaa
1364 574 1486 597 annum
1503 567 1719 597 narrationem
1749 566 1895 604 produxit.

282 617 375 646 llunc
391 623 486 654 porro
504 619 666 646 auctorem
683 615 820 646 Laonico
835 615 1014 646 etPhranzi
1028 614 1161 645 multum
1178 619 1328 654 praestare
1345 617 1514 654 propterea
1538 622 1668 651 censeo,
1692 615 1781 653 quod
1804 622 1897 644 rerum

281 663 440 701 principia
456 666 487 693 et
500 671 611 694 causas
626 662 816 702 diligentius
834 662 1017 700 investiget,
1032 663 1288 702 narrationisque
1303 662 1392 694 ﬁlum
1409 662 1536 701 parcius
1548 662 1777 701 interrumpat.
1801 663 1898 692 Laoni-

281 719 337 741 cus
354 710 453 748 enim,
470 710 547 741 dum
566 710 605 740 de
621 711 718 741 rebus
730 711 908 741 Turcorum
924 710 1090 741 confusam
1108 719 1191 750 saepe
1212 711 1426 742 narrationem
1441 710 1597 746 ins't-ituit,
1613 711 1651 741 ad
1671 710 1897 748 describendas,

282 758 431 797 imperite
446 762 480 789 ut
497 759 689 797 plurimum,
705 758 953 789 occidentalium
971 766 1143 797 regnorum
1158 759 1307 798 politeias
1319 759 1510 798 digreditur.
1527 758 1690 789 Phranzes
1705 763 1814 789 autem
1830 767 1897 797 prai-

282 811 330 836 ter
343 815 411 837 rem
427 810 457 837 et
473 806 593 837 nullius
612 807 764 837 momenti
781 807 880 844 multa
896 807 965 837 suis
983 806 1122 837 inseruit
1137 815 1215 843 ;nec
1231 811 1376 838 accurate
1393 810 1424 838 et
1439 806 1625 845 diligenter,
1636 810 1750 844 praeter
1761 806 1897 836 Constan-

282 855 525 894 tinopolitanam
539 855 753 891 obsidionem,
764 863 859 894 quam
872 858 956 885 recte
971 854 1147 885 instituitet
1158 855 1374 895 persequitur,
1388 863 1438 885 res
1452 857 1553 893 gestas
1562 858 1678 884 narrat.
1693 854 1773 887 Cum
1792 854 1895 883 Turco-

283 912 351 934 rum
367 903 537 934 annalibus
550 907 582 935 et
594 903 739 940 historia,
753 912 770 934 a
785 903 990 940 Leunclavio,
1006 904 1294 943 accerrimijudicii
1311 904 1391 941 viro,
1402 904 1509 940 editis,
1525 904 1639 934 Noster
1654 902 1826 933 admodum
1834 911 1896 932 sen-

282 952 339 982 tit:
356 960 421 991 quo
431 952 563 983 nomine.
579 951 855 991 magnifaciendus
868 951 946 981 mihi
960 951 1098 982 videtur.
1109 951 1144 983 in
1157 951 1222 982 illis
1234 952 1352 991 quaead
1363 952 1518 983 Joannem
1535 956 1724 990 utrumque,
1755 950 1895 981 Cantiicu-

282 1008 396 1030 zenuut
406 1003 438 1030 et
452 999 676 1038 Palmologum,
693 1000 867 1037 pertinent,
878 1000 917 1030 ab
930 999 998 1038 ipso
1006 1000 1225 1030 Cantacuzcno
1240 1007 1303 1030 non
1312 999 1402 1030 valde
1413 999 1562 1030 dissentit
1572 998 1720 1038 quamvis
1733 1002 1897 1036 temporum

281 1049 398 1079 seriem
415 1049 645 1079 interturbasse
661 1048 781 1080 alicubi
798 1049 1068 1087 deprehendatur.
1085 1050 1148 1079 Nec
1163 1047 1293 1078 silentio
1313 1047 1580 1078 transmittendus
1599 1049 1648 1076 est
1662 1053 1838 1075 consensus
1849 1048 1898 1083 qui

282 1096 367 1127 inter
385 1097 492 1135 ipsum
508 1105 543 1127 ac
561 1097 760 1127 Leonarduui
774 1096 945 1128 Chiensem
959 1097 1168 1127 interceditin
1177 1095 1501 1134 Constantinopoleos
1514 1094 1683 1125 obsidione
1699 1101 1736 1123 ac
1748 1100 1897 1131 expugna-

282 1145 369 1176 tione
382 1146 603 1176 describenda.
618 1145 697 1181 Qum
712 1145 843 1184 quidem
852 1146 1056 1176 diversorum
1071 1145 1263 1184 scriptorum
1286 1142 1455 1173 concordia
1467 1142 1610 1173 historiis
1639 1141 1734 1171 fidem
1753 1140 1898 1175 conciliat,

282 1198 312 1223 et
328 1202 400 1232 quae
411 1201 482 1224 vera
497 1201 605 1232 quasve
620 1193 699 1224 falsa
709 1193 784 1230 sint,
803 1193 1008 1224 discernendi
1020 1193 1144 1232 copiam
1157 1191 1288 1222 facitJn
1301 1191 1395 1221 rebus
1411 1198 1505 1229 porro
1521 1189 1716 1227 Hungaricis
1727 1189 1898 1229 imperitum

283 1250 317 1271 se
334 1241 451 1279 prodit,
463 1244 645 1279 statumque
669 1240 760 1279 regni
775 1240 864 1271 illius
882 1244 1008 1272 amorte
1027 1239 1223 1280 Sigismundi
1240 1238 1443 1277 imperatoris
1455 1238 1634 1277 ignorasse.

322 1290 367 1320 De
382 1289 523 1320 auctoris
540 1289 637 1328 hujus
651 1289 815 1326 Historiae,
830 1297 926 1328 quam
941 1290 1002 1321 sub
1014 1297 1110 1319 manu
1125 1288 1291 1322 habemus,
1309 1286 1440 1317 nomine
1458 1289 1490 1316 et
1502 1294 1621 1324 genere
1647 1284 1840 1324 paucissima
1856 1282 1898 1312 di-

283 1337 382 1368 cenda
395 1341 579 1367 occurrunt.
596 1338 634 1367 Et
651 1336 713 1367 nisi
726 1337 777 1367 avi
791 1338 841 1368 sui
856 1337 979 1377 paterni
996 1345 1112 1367 nomen
1130 1336 1232 1374 capite
1248 1335 1267 1365 5
1282 1334 1447 1371 edidisset,
1463 1341 1645 1372 anonymus
1662 1333 1745 1364 liber
1769 1332 1900 1371 proditu-

283 1393 338 1418 rus
352 1388 431 1415 erat.
449 1385 568 1416 Verum
585 1393 658 1416 cum
674 1385 712 1416 ab
729 1385 871 1424 antiquis
887 1385 953 1415 illis
964 1386 1062 1416 Ducis
1078 1385 1134 1424 qui
1155 1382 1432 1421 Constantinopoli
1449 1387 1634 1422 regnarunt,
1662 1391 1697 1413 se
1731 1386 1832 1412 ortum
1858 1380 1899 1410 di-

282 1437 341 1468 cat,
361 1435 392 1462 et
405 1432 592 1463 Michaelem
610 1433 728 1463 Ducam
745 1441 839 1464 avum
851 1441 947 1463 suum
959 1433 1114 1472 appellet,
1126 1432 1409 1464 Historitetitulum
1427 1432 1623 1471 inscriptui-i,
1643 1432 1695 1462 avi
1710 1439 1824 1462 nomen
1839 1436 1900 1467 pro-

281 1479 387 1518 prium
403 1487 439 1509 ac
457 1479 652 1518 gentilitium
669 1481 840 1519 repetitum
867 1481 1076 1520 praeﬁximus,
1107 1485 1143 1512 ut
1161 1481 1300 1512 auctoris
1317 1480 1484 1520 proprium
1503 1479 1737 1515 nomen,nobis
1755 1482 1899 1517 ignotum,

281 1527 335 1558 tali
358 1527 598 1559 circumstantia
626 1529 907 1559 determinaretur.
923 1529 1113 1560 Christianae
1134 1531 1261 1568 pietatis
1282 1529 1521 1560 tenacissimum
1538 1532 1568 1559 et
1585 1528 1753 1558 catholica
1767 1525 1901 1556 Ecclesia)

281 1575 521 1606 communionis
533 1575 809 1607 studiosissimum
821 1585 853 1607 se
870 1577 990 1616 ubique
999 1579 1161 1616 approbat.
1180 1578 1297 1608 Graecis
1316 1575 1474 1608 levitatem
1488 1576 1670 1616 malamque
1681 1577 1778 1607 ﬁdem
1791 1574 1901 1614 objicit.

281 1625 335 1663 qui
353 1624 422 1654 ﬁcte
436 1632 471 1654 ac
486 1623 634 1655 simulate
649 1632 721 1656 cum
737 1626 875 1656 Romana
886 1625 1026 1656 Ecclesia
1035 1627 1235 1657 concordiam
1254 1625 1405 1661 inierant,
1422 1633 1481 1654 nec
1496 1625 1560 1655 alio
1575 1625 1684 1655 animo
1696 1634 1806 1663 pacem
1827 1631 1900 1655 com-

283 1675 457 1711 posuerant
479 1680 574 1711 quam
595 1676 628 1702 ut
648 1680 666 1703 a
694 1672 897 1712 principibus
922 1673 1186 1708 occidentalibus,
1215 1681 1291 1711 papa
1312 1673 1480 1711 praecipue,
1497 1673 1619 1703 auxilia
1645 1679 1760 1705 contra
1790 1675 1900 1704 Turcos

282 1724 570 1759 eninsequerentur.
591 1720 777 1751 lnstitutum
795 1721 866 1751 vitae
895 1721 1144 1760 qualefueritex
1160 1721 1231 1759 ipso
1258 1721 1382 1750 discere
1410 1729 1596 1761 possumus.
1611 1721 1670 1760 qui
1706 1730 1742 1752 se
1775 1719 1899 1761 politicis

283 1769 378 1798 rebus
396 1776 432 1798 ac
448 1768 587 1806 negotiis
601 1769 771 1800 tractandis
785 1774 975 1808 occupatum
989 1768 1089 1800 fuisse
1103 1769 1207 1800 tradit.
1221 1769 1314 1808 Apud
1329 1769 1525 1805 Gateluzies,
1544 1769 1639 1799 Lesbi
1652 1769 1903 1809 principes,vim

283 1820 402 1855 partem
420 1816 583 1855 transegit,
599 1817 659 1847 (ide
676 1825 711 1847 ac
737 1817 837 1861 gratia
867 1817 977 1854 valuit,
1003 1817 1041 1848 ab
1064 1816 1195 1856 illisque
1223 1818 1263 1861 ad
1290 1817 1454 1848 sultanum
1485 1818 1700 1849 Mehemetem
1730 1819 1901 1850 secundum

281 1869 352 1903 post
373 1867 483 1895 urbem
497 1868 616 1903 captain
631 1865 754 1904 legatus
772 1857 887 1896 missus
903 1869 961 1896 est.
973 1866 1088 1896 lterum
1097 1857 1321 1905 quarumdam,
1332 1873 1411 1904 quas
1424 1868 1539 1902 narrat,
1553 1869 1715 1904 spectator
1724 1866 1807 1898 fuit:
1820 1874 1900 1897 cum-

281 1912 554 1952 queprincipibus
571 1913 771 1944 istisLesbiis
787 1921 916 1953 operam
932 1914 1105 1951 navaverit,
1127 1915 1160 1945 in
1177 1914 1252 1945 Asia
1269 1922 1319 1944 res
1334 1914 1492 1953 gestas,in
1501 1922 1564 1953 qua
1575 1915 1681 1953 ipsum
1691 1920 1805 1946 natum
1816 1915 1903 1945 fuisse

281 1961 455 1991 verisimile
466 1965 525 1996 est,
548 1962 596 1991 vel
609 1961 640 1991 in
655 1962 768 1998 Lesbo,
782 1961 1097 1994 accuratiusnovisse
1109 1962 1222 2001 potuit.
1241 1963 1343 2001 Atque
1359 1962 1492 1993 deDuca
1515 1963 1652 2002 ejusque
1674 1963 1835 1994 scribendi
1862 1971 1902 1992 ra:

282 2016 368 2042 tione
385 2012 548 2043 hactenus.
956 2016 959 2018 ’
1848 2026 1851 2030 ’

320 2064 399 2100 Qum
417 2071 491 2094 vero
507 2063 542 2093 in
560 2062 619 2093 hoc
635 2062 760 2093 edendo
773 2063 856 2094 libro
870 2063 933 2103 ipsi
957 2063 1201 2103 priestiterimus
1217 2063 1370 2103 deinceps
1391 2070 1581 2103 exponenda
1596 2068 1685 2094 sunt.
1698 2064 1806 2095 Unico
1828 2062 1903 2094 codi-

282 2121 317 2143 cc
333 2111 538 2143 bibliotheca;
549 2111 657 2149 Regia)
673 2111 722 2141 usi
742 2119 877 2149 sumus;
893 2112 1001 2150 operis
1017 2111 1087 2142 ﬁnis
1102 2111 1136 2142 in
1153 2120 1192 2142 eo
1211 2112 1423 2148 desideratur,
1435 2119 1494 2142 nec
1503 2111 1664 2150 scriptura
1675 2112 1748 2151 ejus
1765 2114 1903 2150 castigata

283 2164 314 2190 et
326 2159 492 2190 emendata
501 2163 560 2195 est,
573 2163 604 2190 at
622 2159 891 2197 pronuntiationis
903 2159 1067 2191 hodiernae
1077 2160 1168 2197 vitio,
1178 2160 1367 2191 confusione
1380 2160 1534 2191 nimirum
1548 2172 1561 2190 ε
1572 2161 1680 2191 tenuis
1694 2169 1770 2191 cum
1784 2173 1812 2190 αι
1823 2159 1913 2201 Δὶρὶιῃ

285 2210 416 2248 thongo,
435 2209 602 2240 iotacismo
619 2208 714 2238 etiam
732 2208 886 2239 continuo
906 2212 1068 2247 corrupta,
1084 2209 1127 2238 ita
1145 2213 1178 2239 ut
1193 2217 1280 2247 saepe
1298 2208 1415 2240 vocalis
1432 2216 1493 2239 una
1514 2215 1572 2246 pro
1589 2208 1664 2244 alia,
1692 2209 1902 2247 diphthongus

285 2266 342 2297 pro
359 2257 470 2294 vocali,
486 2265 522 2288 ac
538 2256 607 2287 vice
627 2264 717 2288 versa
731 2257 915 2288 succedant.
933 2257 1055 2287 Toxlus
1072 2256 1163 2287 illius
1179 2257 1354 2288 continuus
1366 2259 1425 2293 est,
1441 2265 1505 2287 non
1521 2256 1723 2287 sectionibus
1749 2261 1806 2287 aut
1827 2254 1903 2292 capi-

284 2308 369 2336 libus
387 2305 570 2342 distinctus,
586 2305 637 2336 cui
655 2304 846 2344 marginales
863 2304 983 2336 notulaa
997 2304 1119 2336 indices
1139 2305 1332 2344 quibusdam
1348 2305 1426 2335 locis
1442 2304 1695 2344 appositasunt.
1721 2305 1902 2335 Faciliorem

282 2353 452 2383 lectionem
470 2356 504 2383 ut
519 2354 737 2388 redderemus,
756 2353 918 2384 textumin
927 2353 1026 2392 capita
1043 2353 1187 2384 dividere
1202 2354 1305 2384 visum
1322 2356 1381 2390 est,
1397 2353 1702 2391 marginibusetiam
1717 2354 1903 2389 notulasap—

284 2409 404 2438 ponere
419 2400 545 2430 indices
575 2409 687 2431 eorum
703 2410 774 2440 qum
786 2402 820 2432 in
837 2406 926 2433 textu
946 2405 1124 2433 narrantur.
1139 2402 1284 2441 Cumque
1301 2405 1481 2439 temporum
1495 2400 1616 2440 quibus
1635 2410 1687 2430 res
1700 2406 1804 2439 gestas
1826 2403 1903 2433 sunt.

282 2447 413 2486 epochen
429 2448 562 2478 omnino
573 2449 761 2480 necessariae
773 2450 838 2481 sint
850 2456 884 2481 ut
900 2451 982 2481 clara
995 2459 1029 2481 ac
1045 2450 1211 2489 perspicua
1228 2450 1368 2480 narratio
1388 2449 1512 2485 evadat,
1529 2449 1599 2480 illas
1616 2459 1689 2480 cum
1705 2459 1749 2480 ex
1783 2451 1903 2481 historia

283 2495 523 2531 Musulmanica,
543 2500 610 2525 tunt
621 2505 659 2526 ex
674 2497 745 2527 aliis
759 2499 877 2528 Grmcis
888 2507 922 2529 ac
935 2499 1052 2529 Latinis
1060 2502 1223 2537 excerptas
1233 2498 1453 2537 apposuimus.
1472 2501 1580 2529 Arines
1594 2498 1690 2529 etiam
1702 2500 1841 2538 Hegirat,
1857 2496 1904 2528 ubi

284 2552 416 2575 necesse
432 2542 506 2578 fuit,
526 2547 556 2573 et
570 2544 608 2574 ab
620 2546 697 2575 orbe
717 2545 845 2576 condito
865 2547 1041 2576 secundum
1061 2547 1197 2581 Graecos.
1215 2545 1401 2577 Christiana:
1415 2545 1591 2576 term-annis
1611 2547 1747 2585 adjectis
1760 2545 1903 2584 ascripsi-

284 2590 551 2622 mus.Historiam
562 2591 766 2629 Byzantinam
781 2592 938 2631 appellare
951 2593 1081 2632 placuit,
1096 2593 1248 2633 quoniam
1268 2595 1369 2624 Ducas
1390 2602 1440 2624 res
1454 2593 1488 2624 in
1509 2593 1565 2624 illo
1580 2594 1719 2632 imperio
1737 2594 1905 2631 gestast“;-

285 2640 391 2678 nueie,
403 2641 524 2671 Joanne
540 2643 570 2670 et
587 2638 793 2670 Constantino
812 2639 1041 2679 imperantibus
1057 2642 1220 2678 describit,
1234 2643 1329 2673 Notas
1347 2642 1427 2673 libro
1444 2642 1654 2681 subjecimus,
1668 2646 1700 2672 ut
1714 2649 1903 2673 consensum

283 2696 318 2718 ac
333 2690 516 2719 dissensum
528 2686 718 2717 narrationis
735 2688 830 2717 Docte
849 2696 921 2718 cum
937 2689 1086 2727 Laonico,
1101 2690 1256 2726 Phrauze,
1275 2690 1466 2721 Leunclavio
1482 2695 1512 2721 et
1527 2690 1599 2724 aliis
1615 2691 1851 2728 iudicaremus,
1862 2690 1904 2721 vel

282 2736 344 2766 alia
357 2740 466 2768 notatu
477 2734 571 2774 digna
583 2735 820 2766 adnotaremus.
836 2736 880 2766 Ne
896 2737 1032 2768 nimium
1049 2742 1228 2769 crescerent
1245 2739 1458 2776 inhibuimus,
1469 2739 1616 2778 illasque,
1634 2744 1801 2778 quantum
1814 2746 1903 2779 penes

282 2792 342 2815 nos
357 2784 430 2820 fuit,
448 2784 676 2814 contraximus.
695 2785 789 2815 Ducat
805 2785 955 2816 Historia!
976 2786 1162 2817 chronicum
1180 2787 1286 2822 breve,
1307 2796 1344 2817 ex
1361 2787 1552 2818 bibliotheca
1568 2788 1667 2826 Regia
1693 2789 1903 2827 descriptum.

281 2837 422 2863 attexere
448 2832 487 2863 ad
506 2841 570 2863 rem
589 2833 695 2863 visum
721 2836 767 2864 est
784 2834 890 2873 :quod
905 2834 1100 2872 Grmcorum,
1113 2837 1290 2866 'l‘urcorum
1306 2843 1342 2866 ac
1356 2836 1554 2866 Venetorum
1568 2844 1619 2866 res
1640 2840 1749 2875 gestas
1775 2841 1806 2867 et
1822 2844 1905 2867 casus

280 2880 402 2920 aliquot
424 2879 565 2919 insignes
577 2881 716 2912 adnotet.
729 2881 856 2913 Graecus
872 2882 990 2921 aliquis
1011 2879 1278 2922 Peloponnesios,
1302 2883 1525 2924 Cephallenius
1546 2889 1597 2915 aut
1611 2885 1826 2924 Zacynthins,
1852 2887 1902 2914 do-

286 2928 378 2959 minii
396 2928 509 2960 Veneti
531 2929 679 2961 subditus
699 2929 778 2961 illud
793 2931 994 2969 conscripsit.
1215 2931 1218 2933 ’
