4050 6644
356 425 430 486 ει
795 416 798 419 ’
1590 421 1644 480 J”.
1695 416 1937 478 GOARI
1980 412 2404 475 PMEFATIO.‘
3555 402 3670 465 22*

359 552 526 606 parce
545 536 820 601 facturus,
840 534 1092 603 quamvis
1118 533 1441 589 innumeros
1459 533 1577 600 ejus
1595 547 1672 586 ert
1687 546 1810 585 ores
1832 524 2451 587 dissitnularerim,,'nisi
2473 523 2671 578 .luu'us
2689 523 2852 577 homo
2881 519 3322 590 arrogantissimi
3349 534 3498 589 super
3514 521 3632 574 citii

356 635 413 675 et
439 621 717 675 catholicae
750 621 874 676 ﬁdei
914 621 1348 675 immanissimus
1372 617 1548 673 hostis
1569 615 1761 671 fuisset
1792 632 1807 680 ;
1839 618 1932 684 qui
1959 630 2082 669 cum
2119 629 2146 668 a
2176 613 2292 668 suis
2337 612 2631 677 haberetur
2656 619 2714 664 et
2739 609 3115 663 venditaretur
3149 607 3476 673 omniscius,
3503 623 3638 674 per-.

356 712 546 771 Spicue
569 708 816 762 ostendit
837 708 982 761 edito
1001 707 1211 761 Codino
1243 705 1347 760 sibi
1374 706 1474 776 bac
1490 703 1747 773 opinione
1775 714 1828 756 et
1843 703 1984 757 fama
2015 700 2131 755 fieri
2159 699 2492 769 injuriam,si
2515 708 2697 752 tamen
2714 696 2912 751 volenti
2937 694 3048 750 fieri
3065 703 3252 767 potest
3275 693 3630 764 injuria,qnia
3673 730 3675 732 -

356 798 554 848 Junius
583 798 728 848 hanc
751 795 819 849 de
843 810 902 850 se
923 795 1234 862 opinionem
1262 806 1313 846 et
1344 792 1542 846 famam
1577 792 1793 852 volebat
1819 802 1872 847 et
1902 791 2145 854 fovebat,
2165 791 2257 860 qui
2276 787 2660 858 Curopalatam
2689 788 2868 856 primo
2908 786 3077 840 edidit
3100 799 3243 840 anno
3303 785 3652 854 Redemptov.

359 885 436 935 τῖε
472 883 611 935 1588
638 898 705 934 ex
734 880 1066 936 bibliotheca
1097 879 1228 934 Julii
1252 878 1420 943 Pacii,
1458 893 1756 948 suppresso
1791 894 1890 934 suo
1915 880 2246 943 nomine.vel
2270 879 2450 948 potius
2510 877 2563 931 in
2600 875 2887 931 Judaicum
2940 883 3279 930 commutato
3311 891 3324 928 :
3368 872 3630 927 Nadabus

355 970 507 1020 enim
535 967 833 1036 Agmonius
857 968 1070 1021 senatui
1105 966 1554 1021 Francofortensi
1594 965 1864 1022 Codinum
1893 967 2224 1035 dedicabat;
2259 978 2309 1022 et
2342 985 2410 1022 ne
2447 984 2553 1022 non
2629 968 2765 1022 satis
2824 963 3106 1018 dedicatus
3159 970 3322 1028 esset,
3377 967 3630 1016 eumdem

360 1057 559 1107 Pacius
601 1053 1177 1124 dedicavitllippolyto
1207 1069 1237 1107 a
1273 1054 1540 1119 Collibus,
1566 1069 1669 1109 suo
1716 1054 1770 1108 in
1802 1054 2054 1124 praetorio
2112 1054 2557 1123 lieidelbergensi
2599 1055 2841 1124 collegae.
2866 1050 3062 1105 Postea
3129 1060 3324 1104 nactus
3375 1049 3572 1103 Junius
3598 1063 3628 1102 a
3674 1075 3680 1098 l

361 1140 696 1207 Marquardo
753 1140 997 1197 Frehero
1028 1143 1326 1211 integriora
1359 1133 1712 1211 eiemplaria,‘
1742 1141 1975 1212 adjectis
2023 1141 2194 1211 priori
2240 1141 2467 1198 editioni
2520 1141 2727 1211 aliquot
2790 1141 3016 1211 pagellis
3047 1181 3064 1210 ,
3131 1140 3334 1208 quibus
3407 1136 3635 1192 lacunas

358 1228 660 1282 nonnullas
682 1230 938 1298 explevit,
971 1245 1170 1284 nomen
1201 1221 1359 1283 suum
1384 1229 1662 1298 professus
1689 1241 1793 1294 est.
1835 1230 2222 1298 Codinumque
2295 1229 2538 1285 Frebero
2562 1231 2864 1300 inscripsit.
2904 1234 2975 1286 ita
3009 1243 3072 1286 ut!
3125 1225 3456 1297 Curopalata
3519 1222 3667 1289 iam.

356 1314 540 1368 tribus
565 1317 810 1384 patronis
839 1318 1142 1386 stipatusin
1167 1317 1446 1386 publicum
1470 1321 1707 1373 venerit.
1749 1317 1939 1372 Merito
1971 1327 2151 1372 tamen
2175 1319 2482 1386 culpandus
2518 1327 2599 1372 est
2645 1317 2866 1379 Junius,
2914 1321 3060 1387 quod
3109 1300 3306 1378 novam
3337 1313 3634 1368 editionem

355 1410 470 1455 non
508 1404 789 1458 adornarit
815 1413 869 1458 et
909 1420 938 1456 a
973 1421 1031 1459 se
1073 1407 1236 1475 pleno
1269 1421 1431 1460 sacco
1473 1421 1696 1475 sparsos
1744 1420 1958 1461 errores
2001 1422 2109 1460 non
2161 1409 2463 1460 correxerit
2513 1407 2734 1476 adjutus
2785 1407 3072 1462 codicibus
3129 1404 3474 1460 bibliotheca:
3528 1396 3662 1452 Pa-~

359 1493 545 1544 latinae
577 1503 631 1544 et
657 1493 946 1561 Bapliaelis
973 1492 1165 1548 Seileri
1197 1494 1522 1564 exemplari,
1556 1494 1704 1563 quod
1725 1504 1840 1548 erat
1867 1496 2239 1564 apograpbum
2280 1494 2466 1563 Optimi
2520 1494 2730 1550 codicis
2791 1493 3134 1564 Augustani:
3179 1506 3302 1548 nam
3359 1487 3632 1544 Codiuum

355 1580 494 1630 olim
523 1580 694 1634 fuisse
728 1581 779 1633 in
811 1581 1134 1638 bibliotheca
1167 1583 1384 1653 inclytae
1419 1584 1495 1638 rei
1523 1583 1754 1652 publica:
1780 1583 2113 1651 Augustante
2169 1581 2327 1636 testis
2377 1593 2461 1636 est
2505 1580 2738 1638 Wolfius
2799 1581 3118 1652 praefatione
3169 1580 3236 1634 ad
3285 1575 3531 1632 Nicetatn
3581 1581 3637 1626 ct

361 1668 484 1732 ipse
505 1666 768 1732 Seilerus,
794 1669 886 1737 qui
915 1669 1039 1722 inde
1063 1669 1248 1724 (ἔπαξε
1280 1673 1571 1739 descripsit
1618 1679 1674 1724 et
1701 1669 1892 1724 Latine
1932 1672 2114 1735 vertit,
2153 1672 2368 1724 tametsi
2401 1672 2708 1725 versionem
2744 1685 2897 1728 suam
2933 1671 2986 1725 in
3041 1670 3237 1737 vulgus
3293 1665 3444 1721 exire
3491 1676 3636 1716 nun-

359 1768 528 1817 quam
556 1757 825 1820 permisit.
855 1756 986 1811 Dico
1011 1759 1140 1814 olim
1169 1760 1344 1814 fuisse
1366 1776 1380 1814 :
1401 1761 1511 1829 jam
1543 1760 1688 1815 enim
1725 1774 1834 1814 non
1863 1769 1966 1822 est.
2003 1759 2097 1814 sed
2131 1759 2372 1813 amissus
2390 1768 2498 1819 est.
2521 1769 2579 1814 ut
2601 1769 2728 1813 ante
2761 1759 2972 1826 aliquot
3013 1771 3188 1812 annos
3245 1770 3309 1808 ex
3355 1750 3637 1820 amplissi-

358 1858 453 1896 mo
484 1843 710 1898 domino
739 1844 921 1900 Marco
951 1846 1200 1901 Welscro
1233 1848 1275 1900 ll
1307 1848 1423 1902 viro
1447 1848 1766 1915 Augustano
1795 1847 2036 1902 intellexi
2065 1865 2077 1900 :
2111 1849 2354 1901 nescitur
2380 1847 2540 1912 cujus
2563 1847 2887 1916 negligentia
2909 1846 2992 1900 vel
3017 1845 3207 1900 fraude
3244 1839 3490 1912 perierit.
3528 1835 3637 1892 Tot

358 1944 496 1997 ergo
523 1932 793 1987 subsidiis
823 1933 1125 1989 lusu-uetus
1147 1935 1367 1998 Junius.
1403 1937 1707 2003 praesertim
1734 1936 2092 1989 translatione
2122 1933 2450 1997 Seilcriana.
2471 1933 2705 1989 debebat
2736 1932 3008 1988 Codinum
3032 1930 3255 2000 acapite
3305 1927 3372 1982 ad
3425 1928 3632 1981 calcem

361 2033 784 2086 recognoscere,
816 2021 1049 2089 plurima
1083 2031 1137 2078 et
1161 2023 1488 2092 gravissima
1524 2022 1722 2078 menda
1751 2022 2070 2087 emendare,
2108 2022 2418 2093 librumque
2454 2024 2523 2079 ab
2550 2022 2836 2079 erroribus
2872 2022 3104 2077 liberum
3136 2017 3324 2074 lectori
3367 2027 3638 2086 propone-

361 2123 442 2158 re.
482 2105 683 2160 Verum
707 2109 848 2162 nihil
880 2110 1075 2163 borum
1104 2111 1381 2180 prtestitit,
1413 2111 1518 2165 nisi
1543 2111 1712 2180 quod,
1733 2119 1788 2165 ut
1817 2118 1977 2165 antea
1995 2109 2232 2175 dictum,
2252 2113 2514 2179 pauculas
2544 2111 2785 2182 pagellas
2843 2111 3032 2181 prima
3088 2124 3150 2164 ac
3200 2099 3652 2162 mendosissimte

360 2207 479 2244 suae
507 2193 735 2247 editioni
777 2196 971 2257 assuit,
999 2206 1206 2252 mutato
1237 2198 1414 2264 titulo,
1451 2197 1638 2252 addito
1671 2212 1813 2252 novo
1845 2203 2078 2265 patrono
2101 2199 2460 2266 appositoque
2482 2213 2582 2254 suo
2633 2199 2878 2253 nomine.
2904 2197 3187 2266 Quo-.ipso
3229 2195 3411 2251 fucum
3467 2195 3640 2250 lecto-

363 2280 519 2334 ribus
550 2279 705 2343 fecit,
730 2281 889 2350 quasi
921 2299 1116 2337 novam
1149 2284 1448 2342 editionem
1475 2283 2116 2365 promeret,aun01596,
2145 2299 2270 2340 cum
2301 2299 2409 2339 non
2437 2283 2602 2341 fuerit
2629 2300 2771 2344 nova
2821 2285 2916 2342 sed
2971 2285 3171 2358 prima,
3229 2283 3319 2340 illa
3377 2282 3638 2338 nimirum

366 2369 481 2434 ipsa
508 2383 632 2435 quae
667 2383 812 2420 auito
847 2369 984 2424 1588
1011 2373 1313 2438 prodierat.

435 2457 513 2511 De
544 2473 665 2509 mea
701 2458 940 2514 editione
977 2468 1032 2512 et
1063 2461 1477 2517 commentariis
1512 2477 1620 2517 non
1659 2462 1835 2518 habeo
1869 2463 2017 2532 quod
2052 2459 2256 2515 dicam.
2301 2461 2515 2531 Equos
2557 2461 2794 2519 lectores
2831 2463 3036 2519 laboris
3070 2463 3176 2517 mei
3213 2461 3453 2519 arbitros
3513 2472 3667 2516 esse-

362 2544 511 2597 rolo.
545 2543 780 2613 Equos,
816 2545 1039 2614 inquam
1069 2562 1085 2602 :
1118 2563 1242 2601 nam
1283 2549 1503 2617 iniquos
1544 2565 1650 2604 non
1694 2564 1897 2604 moror.
1939 2549 1995 2603 Si
2030 2548 2160 2618 quid
2190 2558 2456 2602 mutatum
2485 2549 2581 2611 sit,
2603 2549 2764 2620 cujus
2794 2551 2933 2605 ratio
2967 2551 3020 2605 in
3048 2543 3464 2605 commentariis
3520 2561 3666 2603 non,
3715 2551 3718 2554 ’

366 2631 635 2694 redditur,
667 2633 886 2687 noveris
935 2634 986 2688 id
1017 2641 1110 2688 aut
1152 2649 1220 2688 ex
1245 2634 1460 2690 duobus
1488 2635 1666 2692 Boicis
1698 2645 1752 2692 et
1781 2635 2154 2691 Lautheriano
2192 2634 2477 2691 codicibus
2516 2647 2610 2690 aut
2657 2651 2723 2691 ex
2782 2638 3071 2708 perspicua
3111 2639 3325 2693 ratione
3379 2636 3632 2707 petitum.

370 2719 499 2771 Vale
524 2718 781 2784 feliciter,
814 2720 887 2773 mi
917 2720 1108 2776 lector.
1133 2723 1447 2793 lngolstadit
1473 2740 1619 2779 anno
1650 2725 1846 2780 salutis
1879 2722 2041 2779 £620.
3211 2733 3214 2737 ’

1677 2953 1792 2964 *η

1351 3123 1469 3232 P.
1567 3116 2190 3276 JACQBUS
2274 3042 2650 3236 GOAR

1729 3355 2283 3452 LECTORI.

1795 2947 3630 2970 W

439 3729 596 3794 Quod
637 3745 737 3782 usu
769 3728 906 3783 solet
936 3727 1155 3782 evenire
1192 3727 1299 3783 illis
1353 3728 1445 3796 qui
1480 3727 1622 3781 inter
1653 3723 2006 3799 expurganda
2038 3728 2346 3783 dirutorum
2374 3728 2730 3783 :cdiliciorum
2773 3729 2974 3784 rudera
3004 3739 3214 3784 veteres
3265 3730 3549 3786 offendunt
3573 3739 3655 3787 et.

369 3819 638 3870 r-tfodiunt
670 3833 948 3881 nummos,
986 3816 1119 3870 illud
1158 3816 1299 3898 idem
1349 3815 1619 3869 hactenus
1649 3813 1936 3899 Codiniani
1974 3814 2157 3883 operis
2190 3815 2584 3887 interpretibus
2616 3816 2915 3886 contigisse
2945 3817 3242 3880 neminem,
3281 3818 3374 3888 qui
3411 3819 3628 3889 legerit,

371 3907 576 3958 infitias
610 3907 814 3959 iturum
849 3915 1018 3980 puto:
1058 3904 1132 3956 illi
1169 3904 1437 3972 siquidem
1472 3901 1562 3956 ubi
1591 3909 1789 3972 praeter
1820 3917 2038 3954 omnem
2073 3917 2226 3971 Spem
2266 3904 2317 3956 in
2349 3903 2571 3972 aliquod
2611 3905 2886 3960 numisma
2919 3906 3184 3966 incidere.
3228 3923 3284 3962 se
3326 3908 3655 3979 locupletes.

370 3992 690 4045 existiuunt
718 4011 731 4055 ;
768 3995 912 4045 unde
949 3991 1092 4045 facto
1125 3991 1328 4059 impetu
1363 3990 1604 4054 irruunt,
1636 3999 1690 4044 et
1723 3989 1883 4059 quasi
1913 3989 2057 4043 foret
2083 3991 2351 4046 reconditi
2390 3993 2633 4046 thesauri
2663 4005 3073 4063 argumentum,
3112 3996 3309 4067 majori
3340 4000 3633 4053 conamine

372 4092 572 4132 ι--τιοετιι
609 4080 736 4134 hinc
777 4081 901 4132 inde
926 4087 1144 4141 eruunt,
1181 4079 1438 4150 gaudent,
1473 4077 1768 4140 mirantur,
1816 4083 2061 4146 sperant.
2089 4088 2144 4132 et
2174 4079 2450 4147 quodnam
2482 4081 2548 4134 sit
2585 4083 2788 4135 metalli
2818 4098 2989 4150 genus
3019 4093 3114 4137 aut
3145 4095 3380 4138 nionctae
3413 4087 3659 4153 Species.

374 4169 778 4237 unusquisque.
817 4178 978 4237 prout
1007 4169 1175 4222 menti
1212 4169 1475 4226 occurrit.
1503 4167 1921 4236 interpretatur.
1946 4163 2030 4219 Me
2055 4163 2307 4230 llercnle,
2339 4169 2384 4220 si
2412 4182 2517 4220 non
2568 4166 2756 4222 felices
2782 4169 3030 4231 omnino,
3059 4171 3104 4222 si
3141 4184 3250 4224 non
3297 4170 3496 4225 divites
3527 4172 3625 4236 illi,

374 4258 532 4308 beata
573 4256 906 4310 nomismata
951 4271 1072 4326 qnze
1121 4257 1171 4309 in
1209 4256 1424 4309 illorum
1460 4254 1731 4308 devenere
1763 4269 1987 4318 manus,
2016 4269 2249 4323 quarum
2297 4268 2465 4324 opera
2503 4265 2846 4309 contractam
2903 4257 3153 4311 amittunt
3207 4257 3541 4328 rubiginem,
3573 4269 3628 4315 ct

372 4345 641 4414 quidquid
697 4345 1008 4413 squalidum
1065 4345 1371 4397 adlueserat
1403 4341 1709 4410 deponunt,
1741 4343 1812 4395 ita
1843 4350 1901 4394 ut
1941 4341 1986 4394 si
2018 4355 2124 4392 non
2163 4340 2450 4408 pristinum
2480 4343 2744 4414 valerem,
2771 4342 3084 4398 restitutum
3119 4344 3309 4398 saltem
3341 4361 3406 4399 ex
3437 4346 3622 4416 aliqua

375 4444 529 4500 parte
559 4432 822 4501 recipiunt
859 4431 1228 4500 splendorem.
1264 4431 1528 4485 Fossores
1559 4444 1689 4482 vero
1722 4445 1824 4483 nec
1857 4428 2084 4482 ditiores
2119 4441 2221 4480 nec
2254 4426 2525 4482 feliciores
2561 4429 2798 4498 appello,
2832 4429 2881 4484 si
2909 4430 3144 4497 pretium
3189 4432 3398 4486 nullum
3443 4433 3536 4499 sit,
3578 4434 3627 4489 si

373 4521 532 4586 cujus
570 4519 829 4588 principis
856 4518 1268 4586 insuiptionem
1306 4518 1579 4571 numisma
1608 4515 1747 4571 ferat
1785 4525 1880 4570 aut
1906 4515 2578 4589 iniaginetn—repra-sentet
2604 4517 2876 4585 ignorent.
2913 4517 3123 4573 Excsos
3158 4521 3406 4590 rubigine
3437 4523 3628 4575 chara-

372 4622 552 4661 c:eres
585 4609 915 4674 perlustrant
945 4623 958 4670 ;
998 4619 1061 4658 ac
1090 4605 1195 4657 nisi
1225 4604 1511 4658 vaticinari
1548 4604 1802 4657 noverint
1831 4614 1926 4657 aut
1952 4603 2173 4656 aliunde
2204 4605 2520 4673 acceperint
2551 4604 2683 4673 quid
2719 4604 2920 4660 litterae
2969 4608 3054 4660 vel
3087 4608 3270 4675 figura:
3294 4597 3622 4678 signiﬁcent.

376 4711 482 4745 non
521 4695 912 4762 explanabum.
948 4691 1330 4746 Verumtamen
1357 4693 1503 4762 quod
1525 4692 1592 4745 ad
1613 4689 1809 4744 Cadini
1841 4705 1981 4760 OptlS
2003 4691 2224 4754 attinet,
2269 4691 2486 4747 etiamsi
2514 4707 2624 4760 pra:
2647 4701 2920 4748 vetustate
2941 4711 3058 4748 non
3084 4699 3156 4749 sit
3177 4696 3487 4761 rancidum,
3513 4713 3625 4766 pra:

376 4785 618 4836 novitate
651 4793 853 4844 tamen,
885 4796 1007 4848 quae
1042 4781 1308 4848 majorem
1346 4781 1525 4832 lucem
1581 4787 1641 4832 ut
1667 4778 1966 4847 plurimum
1998 4779 2602 4848 deberetpromittere.
2637 4780 2915 4835 invenitur
2949 4783 3273 4836 obscurum.
3308 4785 3378 4836 De
3413 4800 3622 4852 nupera

377 4887 616 4938 tamque
661 4870 837 4924 solum
885 4867 1090 4922 Graecia
1123 4868 1367 4921 Codinus
1401 4866 1533 4936 agit,
1585 4880 1700 4921 non
1755 4867 1985 4920 vocibus
2025 4875 2231 4920 tantum
2273 4865 2450 4928 novis.
2483 4864 2601 4929 sed,
2633 4866 3014 4936 quodmirum
3046 4878 3150 4932 cst,
3180 4869 3292 4938 jam
3335 4873 3624 4925 obsoletis.

381 4963 527 5013 Usus
557 4958 778 5026 quippe,
805 4957 899 5025 qui
924 4955 1252 5010 recentiores
1277 4956 1433 5015 ritus.
1459 4970 1663 5020 mores,
1697 4953 1894 5019 oﬂicia,
1919 4963 2116 5018 vestes,
2139 4953 2412 5024 integrum
2435 4953 2673 5022 denique
2696 4953 2920 5010 Graeciae
2941 4965 3146 5011 statum
3173 4958 3405 5021 invexit,
3433 4957 3625 5012 Orien-

381 5052 446 5099 I‘S
476 5060 672 5098 everso
695 5044 924 5113 imperio
960 5042 1206 5096 funditus
1234 5042 1451 5095 interiit
1485 5059 1502 5107 ;
1528 5051 1582 5094 et
1612 5042 1716 5096 sub
1745 5041 1918 5111 ipsius
1947 5041 2134 5110 Cpolis
2169 5041 2366 5104 ruinis,
2397 5056 2519 5110 quae
2559 5051 2686 5096 ante
2716 5041 2986 5099 ducentos
3021 5053 3233 5097 tantum
3267 5059 3451 5098 annos
3481 5045 3532 5097 in
3559 5059 3619 5097 ea

384 5156 396 5178 ι
415 5135 636 5203 igebaut
663 5131 1110 5188 consuetudines.
1138 5130 1268 5198 quia
1297 5127 1468 5182 ferme
1497 5143 1638 5183 novo
1671 5137 1728 5182 et
1772 5126 1969 5200 ignoto.
1989 5127 2245 5196 loquendi
2277 5142 2474 5196 genere
2506 5141 2803 5197 expressas,
2827 5130 3014 5197 jaceat
3042 5131 3241 5186 misere
3266 5131 3625 5201 consepultte.

383 5225 596 5274 l‘aucos
627 5235 688 5273 ea
717 5221 783 5273 de
817 5234 980 5274 causa
1014 5219 1259 5286 reperire
1284 5227 1368 5271 est
1399 5217 1493 5285 qui
1523 5225 1750 5282 aspectu
1781 5215 1956 5283 primo
1987 5229 2094 5269 non
2126 5215 2771 5284 dctnirentnr,.quamvis
2802 5217 2910 5270 rari
2937 5218 3046 5270 sint
3077 5220 3168 5287 qui
3198 5218 3423 5288 propius
3450 5219 3627 5287 inspi-

380 5330 394 5359 ι
417 5317 590 5364 ieotes
621 5310 834 5362 litteras
863 5309 1106 5361 auctoris
1143 5322 1206 5361 ac
1252 5307 1379 5375 ejus
1413 5304 1691 5359 scribendi
1724 5306 2104 5358 characterem
2138 5303 2222 5356 vel
2255 5302 2564 5357 evolverint
2595 5305 2676 5356 vel
2717 5305 3075 5372 penetrarint.
3110 5307 3283 5372 Quam
3328 5305 3626 5360 infeliciter

380 5376 582 5452 ijius
617 5399 670 5449 in
695 5395 1020 5450 elucidanda
1053 5394 1368 5456 verborum,
1400 5392 1605 5462 quibus
1635 5407 1772 5447 usus
1820 5400 1907 5445 est
1950 5391 2218 5452 Codinus,
2245 5390 2581 5444 obscuritate
2631 5390 3007 5456 desudaverit,
3037 5392 3260 5448 llleursii
3293 5392 3537 5461 pluribus
3569 5391 3623 5445 iu

383 5488 523 5542 hcis
553 5487 897 5540 domoustrat
943 5483 1257 5536 emendatio
1290 5492 1346 5535 et
1384 5481 1638 5535 instituta
1693 5494 1790 5548 per
1835 5479 2152 5534 Gretserunt
2193 5478 2372 5532 versio
2405 5494 2468 5531 ac
2501 5477 2555 5530 in
2594 5478 2794 5547 amplis
2835 5478 3168 5548 disertisque
3206 5478 3623 5534 commentariis

383 5576 629 5643 ejusdem
653 5573 850 5628 Codini
882 5571 1180 5627 illustratio
1211 5586 1227 5636 ;
1267 5569 1361 5624 sed
1391 5585 1515 5623 cum
1539 5584 1600 5623 ea
1628 5583 1735 5637 qua
1768 5566 2058 5623 Gretserus
2087 5574 2246 5620 :etate
2277 5565 2542 5629 vertebat,
2578 5580 2740 5621 voces
2768 5565 2872 5621 illa:
2901 5568 3192 5622 neotericre
3227 5566 3449 5622 Graeciae
3483 5580 3625 5618 non-

386 5670 516 5719 dum
539 5665 592 5718 in
621 5661 894 5717 Occiduas
917 5668 1098 5726 partes
1129 5668 1311 5712 essent
1345 5658 1542 5723 allatae,
1575 5667 1863 5727 propterea
1892 5655 2050 5710 venia
2081 5655 2278 5725 dignus
2303 5662 2386 5708 est
2420 5656 2500 5708 vir
2531 5671 2664 5709 sane
2695 5655 2760 5709 de
2793 5673 2852 5709 rc
2882 5656 3152 5711 litteraria
3201 5658 3336 5710 bene
3376 5654 3623 5715 meritus,

387 5757 544 5823 cujus
575 5753 784 5821 scripta
822 5749 1048 5805 multam
1085 5748 1391 5801 doctrinam
1423 5745 1732 5810 continent,
1756 5743 2008 5798 doctrina
2066 5741 2323 5810 pietatem
2355 5741 2498 5809 sapit
2525 5749 2573 5794 et
2611 5741 2675 5795 ad
2710 5742 3058 5796 sanctitatein
3103 5741 3314 5796 accedit
3349 5739 3543 5806 pietas.
3575 5742 3621 5793 si

391 5847 623 5900 aliorum
656 5849 891 5897 mentem
935 5847 1158 5895 secutus
1186 5836 1240 5890 in
1275 5850 1462 5891 eorum
1495 5832 1687 5887 menda
1719 5830 2013 5902 prolapsus
2051 5829 2353 5897 impegerit.
2386 5827 2498 5883 Non
2531 5827 2688 5883 enim.
2715 5828 2806 5884 illc
2839 5829 2990 5884 solus
3023 5843 3103 5884 est
3129 5827 3220 5894 qui
3263 5841 3331 5881 an
3365 5839 3628 5886 scopulos.
