4050 6648
355 408 424 468 23
1001 411 1012 422 λ
1568 374 1844 478 comm.
1877 418 1954 479 Cl

1985 421 2396 498 noram“:
3513 431 3584 494 st

352 537 492 590 quos
527 521 742 594 Meursii
771 520 1109 578 Glossarium
1138 538 1204 576 ex
1237 523 1434 592 potiori
1471 537 1626 594 parte
1656 529 2028 600 ὀλοὸάρσαρον
2061 536 2305 602 exponit,
2342 535 2531 590 allidat
2561 555 2575 590 :
2611 535 2660 591 is
2688 537 2831 591 enim
2859 551 2982 592 cum
3019 553 3331 606 germanam
3363 540 3585 597 Graeca-

354 625 477 664 rum
509 623 574 663 ac
603 609 904 678 vulgarium
934 626 1127 664 vocum
1155 622 1388 664 mentem
1415 627 1520 667 nou
1552 617 1624 669 sit
1647 625 1953 692 assecutus,
1990 625 2316 691 sequacibus
2349 615 2741 692 foveam'fecit,
2769 628 2822 680 in
2851 643 3014 697 quam
3043 629 3159 697 ipse
3191 629 3340 697 prior
3369 632 3583 699 lapsus,

359 697 466 750 nisi
493 711 521 748 a
567 697 890 750 recentioris
927 697 1257 751 Grmcanicze
1296 699 1494 767 lingua
1541 701 1678 755 bene
1721 706 1898 770 perito
1932 711 2262 778 corrigatur,
2299 713 2602 768 illustratur
2652 729 2715 770 ac
2747 715 2973 770 infinitis
3008 697 3438 785 propemodum,
3463 733 3586 787 quis

351 798 581 853 possunt
609 787 755 849 addi,
777 787 1106 840 dictionibus
1133 797 1420 858 augeatur,
1450 791 1660 844 facilem
1689 793 1866 848 adhuc
1897 798 2174 851 secuturis
2205 799 2462 864 praebebit
2493 801 2677 866 lapsus
2703 802 3072 857 occasionem.
3125 801 3318 856 Fateor
3348 804 3572 865 Grctse-

358 890 478 925 rum
513 883 665 926 eruta
700 873 915 925 tnelalla
948 874 1311 937 examinasse,
1351 890 1379 928 a
1423 877 1695 946 plerisque
1727 880 1886 934 situm
1921 892 1975 934 et
2000 886 2312 946 squalorem
2345 886 2661 950 detersisse.
2689 889 2743 942 in
2786 888 3132 958 exponendis
3162 888 3587 946 emblematibus

352 960 543 1030 (Edipi
578 961 814 1030 gessisse
846 977 1163 1030 personam,
1199 973 1253 1017 et
1283 964 1690 1030 cbaracterum,
1720 968 1811 1037 qui
1840 969 1926 1021 vix
1963 971 2448 1037 dignoscebantur.
2477 976 2816 1030 reconditam
2863 976 3320 1045 signiﬁcationem
3354 975 3585 1029 investi-

356 1061 516 1116 gasse
547 1070 556 1100 :
589 1048 686 1102 sed
718 1063 843 1101 cum
878 1049 1098 1102 omnino
1139 1049 1210 1102 sit
1241 1051 1582 1118 impossibile
1615 1056 1695 1106 vel
1748 1055 1883 1108 nihil
1926 1056 2177 1125 ignorare
2211 1059 2292 1112 vel
2323 1060 2568 1114 omnium
2605 1063 2747 1118 votis
2781 1061 3126 1125 satisfacere,
3185 1063 3496 1130 complures
3524 1069 3579 1112 et

351 1136 550 1203 egregii
584 1137 801 1205 quidem
838 1136 937 1189 viri
970 1138 1174 1206 aliquid
1206 1147 1399 1206 prmter
1427 1139 1547 1207 ejus
1583 1141 1842 1206 laborem,
1873 1158 1984 1210 quo
2031 1144 2183 1199 labor
2218 1145 2448 1214 ipsemet
2478 1148 2848 1218 ampliﬁcatae
2877 1158 3245 1213 exeresceret,
3286 1157 3576 1217 exspecta.

353 1222 505 1274 bant.
537 1222 628 1275 llla
659 1236 744 1275 me
777 1223 1042 1277 desideria
1075 1237 1361 1281 moverunt
1407 1236 1464 1279 ut
1503 1228 1669 1281 multa
1703 1228 2058 1293 illustrarem,
2085 1232 2434 1300 explanarem
2471 1235 2599 1300 alia,
2635 1236 2702 1290 de
2734 1251 2855 1290 meo
2884 1236 3150 1290 nonnulla
3181 1235 3487 1290 conferrem
3529 1253 3546 1289 :

354 1311 561 1364 utinam
618 1311 838 1365 homine
872 1311 1028 1366 Gallo
1057 1323 1397 1368 monstrante
1444 1315 1608 1377 viam,
1644 1330 1804 1369 nemo
1846 1316 1898 1369 in
1931 1329 2209 1382 posterum
2243 1321 2405 1374 etiam
2446 1323 2663 1378 aliunde
2691 1333 2852 1377 natus
2885 1323 2941 1376 in
2989 1322 3198 1376 Graecia
3255 1322 3582 1391 peregrinus

353 1398 607 1452 aberret!
641 1399 698 1452 In
728 1398 961 1468 alienam
1009 1413 1240 1453 messem
1275 1414 1382 1454 non
1411 1401 1548 1454 adeo
1581 1399 1774 1455 falcem
1806 1417 1970 1471 quam
2007 1405 2284 1461 uberiores
2311 1420 2520 1476 segetes
2559 1410 2815 1464 iuunitto.
2855 1408 3114 1464 Gretsero
3136 1424 3233 1464 sua
3263 1418 3409 1463 sarta
3444 1416 3592 1462 tecta

353 1485 574 1553 reliqui,
616 1495 669 1538 et
703 1486 851 1540 velut
883 1486 1009 1540 data
1037 1501 1101 1540 ex
1135 1486 1348 1556 tripode
1377 1502 1638 1553 respousa
1673 1504 1796 1542 sum
1832 1503 2139 1548 veneratus.
2175 1494 2434 1561 Superest
2472 1505 2528 1550 ut
2553 1511 2675 1566 qua:
2701 1511 2821 1550 mea
2858 1507 2987 1552 sunt
3015 1505 3075 1551 et
3104 1497 3242 1566 juris
3269 1495 3473 1562 publici
3502 1493 3587 1547 fa-

357 1571 551 1626 cienda
587 1572 776 1639 paucis
815 1585 1139 1642 preponam,
1171 1581 1484 1628 accuratam
1526 1576 1745 1629 scilicet
1782 1575 2068 1637 Codiniaui
2099 1584 2282 1631 textus
2309 1591 2429 1632 cum
2461 1579 2725 1632 alterutro
2754 1579 2837 1633 vel
2871 1579 3036 1633 simul
3069 1594 3194 1633 cum
3227 1578 3442 1632 duobus
3475 1577 3584 1631 Re-

352 1663 452 1726 gia:
483 1658 825 1712 bibliothecae
854 1660 1257 1728 exemplaribus
1283 1662 1656 1716 collationem.
1685 1661 1914 1716 Textum
1945 1663 2146 1733 ipsum,
2179 1681 2284 1718 non
2311 1666 2378 1719 ad
2407 1665 2822 1719 abundantiori:
2851 1665 3116 1720 doctrina:
3139 1664 3586 1727 ostentationem,

355 1747 453 1800 sed
477 1747 540 1800 ad
572 1747 862 1801 utilitatem
899 1748 1220 1818 respiciens.
1253 1750 1541 1804 emendavi
1571 1765 1584 1802 :
1613 1750 2052 1805 emendationem
2080 1750 2160 1803 vel
2188 1750 2478 1804 lectionum
2505 1753 2830 1806 varietatem
2857 1752 2910 1805 in
2944 1751 3243 1822 marginem
3269 1749 3454 1819 rejeci.
3485 1747 3588 1804 Ubi

353 1854 476 1892 cum
511 1847 745 1908 utroque
789 1838 957 1908 Regio
990 1841 1170 1894 minus
1207 1841 1500 1894 convenire
1531 1840 1799 1910 comperi,
1843 1839 1992 1894 locos
2017 1839 2120 1893 hoc
2151 1837 2328 1893 indice
2362 1849 2470 1894 utr.
2499 1838 2625 1910 Reg.
2661 1841 2741 1910 (l)
2765 1840 3046 1910 designavi
3073 1856 3089 1895 :
3119 1839 3211 1892 ubi
3247 1852 3377 1892 vero
3411 1853 3578 1890 unum

352 1926 568 1979 illorum
595 1941 624 1979 a
660 1934 843 1981 textus
878 1928 1113 1981 lectione
1147 1927 1450 1996 discrepat,
1485 1928 1721 1996 primum
1757 1925 2053 1981 numeralis
2083 1926 2368 1980 character
2396 1927 2666 1981 Arabicus
2694 1928 2717 1980 l
2756 1926 3029 1996 indigitat,
3057 1940 3124 1980 ac
3151 1924 3184 1976 2
3208 1924 3441 1978 alterum
3466 1921 3569 1993 (2).

355 2013 419 2065 Et
441 2013 484 2066 si
517 2013 736 2081 quando
763 2013 975 2068 defectu
1007 2015 1242 2084 alicujus
1261 2025 1399 2069 uotae
1418 2015 1774 2078 laboraveris,
1796 2014 1994 2076 lector,
2015 2013 2080 2067 ad
2105 2013 2521 2081 praecedentem,
2543 2029 2666 2082 qua:
2691 2013 2836 2068 vices
2863 2013 2984 2081 ejus
3012 2011 3308 2080 supplebit,
3331 2025 3572 2064 recurre.

430 2101 492 2153 Et
527 2116 595 2154 ne
625 2101 751 2169 quis
783 2110 933 2170 putet
985 2102 1225 2156 me~data
1258 2117 1422 2172 opera
1453 2101 1694 2156 Gretseri
1733 2114 2019 2156 censorem
2053 2113 2236 2169 agere,
2274 2099 2452 2167 ipsum
2489 2100 2632 2154 inter
2677 2109 2731 2153 et
2781 2116 2868 2153 me
2917 2098 3220 2167 quemlibet
3272 2106 3580 2151 statuamus

355 2186 647 2248 arbitrum,
685 2173 777 2256 qui
803 2188 868 2240 de
903 2187 1132 2242 feliciori
1170 2199 1353 2242 textus
1383 2188 1730 2256 expositione
1755 2187 2035 2256 dijudieet.
2059 2184 2126 2260 Et
2157 2185 2411 2252 quamvis
2437 2186 2489 2240 in
2511 2185 2749 2240 Gretseri
2779 2186 3026 2238 favorem
3057 2184 3262 2238 feratur
3287 2181 3584 2243 sententia,

358 2286 462 2325 non
495 2273 655 2327 debui
696 2285 1011 2342 perceptum
1048 2289 1078 2328 a
1111 2290 1196 2330 me
1225 2289 1423 2329 novum
1452 2289 1673 2329 sensum
1708 2275 2146 2343 praetermittere,
2177 2290 2337 2342 quem
2371 2274 2466 2342 qui
2514 2273 2883 2329 Codiuianum
2918 2281 3122 2326 textum
3156 2270 3350 2340 legerit
3397 2283 3585 2324 emen-

360 2358 571 2424 datum,
601 2375 708 2413 non
741 2360 954 2430 longius
989 2362 1247 2430 requiret,
1274 2377 1396 2417 cum
1429 2361 1604 2415 oculis
1632 2362 1809 2415 subsit
1841 2361 1894 2415 iu
1919 2360 2185 2416 versionis
2210 2361 2477 2432 margine.
3007 2371 3013 2378 ’

434 2444 629 2499 Parum
664 2462 813 2514 sane,
855 2448 982 2502 licet
1016 2448 1266 2502 nonnihil
1326 2447 1635 2516 splendoris
1659 2447 1868 2502 Codino
1895 2451 2278 2510 contulissem.
2326 2451 2373 2504 si
2413 2451 2466 2504 in
2495 2449 2614 2504 solo
2635 2457 2782 2503 textu
2815 2446 2900 2500 vel
2931 2445 3049 2515 ejus
3076 2443 3329 2500 versione
3368 2441 3591 2496 restitu-

357 2533 499 2586 enda
539 2543 752 2601 tempus
780 2533 1167 2604 impendissem
1210 2551 1225 2589 :
1261 2535 1449 2600 debui,
1482 2535 1625 2604 quod
1655 2549 1834 2603 operte
1864 2539 2098 2604 pretium
2124 2546 2239 2592 erat
2259 2544 2313 2591 et
2346 2536 2530 2605 operis
2557 2542 2663 2590 erit
2688 2535 2896 2590 utilitas
2925 2543 2978 2587 et
3009 2533 3495 2592 oblectamentum,
3536 2537 3593 2583 ut

361 2619 574 2688 ignotos
609 2621 974 2676 recentiorum
1009 2621 1323 2676 Graecorum
1357 2636 1555 2686 mores,
1589 2621 1658 2675 ita
1683 2622 1994 2677 Codinianae
2026 2624 2284 2678 dictionis
2313 2623 2595 2678 abstrusos
2625 2632 2679 2676 et
2712 2621 3024 2676 reconditos
3053 2634 3250 2674 sensus
3284 2617 3586 2680 elucidare,

359 2707 634 2775 catalogos
677 2707 743 2762 de
769 2708 1012 2762 ecclesia:
1041 2709 1121 2762 vel
1161 2708 1343 2778 palatii
1374 2707 1708 2762 Ollicialibus
1740 2724 1804 2762 ex
1844 2708 2022 2779 Regia:
2056 2713 2139 2765 vel
2179 2710 2408 2766 illustris
2437 2709 2725 2764 Mazarina
2764 2708 3106 2763 bibliothecae
3136 2705 3420 2759 codicibus
3448 2717 3587 2757 mss.

360 2796 498 2850 alios
523 2811 586 2849 ac
609 2796 834 2850 omnino
863 2797 1106 2850 diversos
1133 2797 1396 2865 proferre,
1432 2797 1571 2850 ritus
1600 2797 1733 2852 istos
1766 2798 1921 2852 velut
1954 2799 2165 2867 regulas
2201 2797 2360 2851 factis
2389 2807 2443 2850 et
2471 2796 2732 2865 exemplis
2759 2794 3108 2871 conﬁrmare,
3148 2791 3215 2846 de
3242 2806 3363 2845 meo
3385 2790 3594 2844 referre

359 2897 529 2950 pauca
562 2881 646 2935 vel
673 2881 842 2935 ferme
867 2882 1022 2946 nihil,
1045 2898 1074 2935 a
1108 2897 1190 2936 me
1218 2883 1388 2938 relata
1423 2893 1617 2938 cuncta
1647 2883 1730 2937 vel
1755 2883 1960 2940 Graecis
1993 2884 2356 2951 scriptoribus
2408 2883 2492 2937 vel
2519 2883 2586 2936 iis
2619 2882 2714 2951 qui
2749 2883 2869 2934 viva
2904 2895 3038 2934 voce
3077 2880 3386 2933 docuerunt
3418 2878 3594 2932 ascri-

361 2971 514 3024 bere.
549 2969 756 3035 Quodsi
798 2969 930 3024 mihi
965 2969 1120 3024 fidem
1155 2986 1262 3025 non
1295 2970 1460 3027 faciat
1493 2988 1615 3041 quae
1645 2973 1750 3028 fide
1802 2973 2050 3028 laborare
2077 2969 2285 3025 Gracia
2319 2968 2690 3040 praesumitur,
2719 2969 2764 3023 si
2789 2982 2974 3020 meum
3007 2965 3384 3020 testimonium
3415 2962 3468 3016 in
3503 2977 3594 3016 su-

362 3057 659 3126 spicionem
694 3059 891 3120 veniat,
924 3058 1014 3128 qui
1049 3059 1159 3112 tieri
1188 3068 1366 3128 potest
1396 3070 1454 3115 ut
1479 3068 1587 3114 tam
1613 3060 1765 3115 multi
1798 3068 2050 3116 auctores
2077 3057 2131 3111 in
2167 3057 2312 3112 notis
2335 3055 2401 3110 ad
2433 3056 2648 3127 singula
2681 3055 2856 3125 capita
2880 3053 3110 3124 adjectis
3131 3049 3452 3107 catervatim
3471 3063 3592 3118 pro-

362 3147 453 3201 lati
490 3147 594 3200 title
621 3157 832 3211 vacent,
865 3155 960 3200 aut
993 3148 1118 3216 quis
1151 3162 1337 3201 eorum
1375 3147 1630 3218 snﬂ'ragia
1664 3147 1898 3202 voluerit
1927 3147 1984 3202 in
2015 3145 2242 3199 dubium
2272 3144 2521 3199 vocare?

432 3231 614 3289 Unum
650 3241 818 3288 restat
848 3233 992 3302 quod
1023 3247 1299 3299 moneam,
1331 3235 1566 3302 primum
1585 3246 1758 3306 caput
1785 3235 1850 3289 de
1870 3233 2205 3291 Oiﬁcialibus
2227 3234 2433 3303 Magnae
2458 3233 2704 3288 ecclesiae
2735 3247 2841 3286 non
2870 3231 3000 3285 mihi
3030 3229 3198 3283 videri
3226 3228 3449 3282 Codini.
3481 3227 3588 3279 Cu-

357 3321 450 3389 jus
478 3320 763 3374 sententiae
796 3321 1065 3374 rationem
1091 3320 1386 3393 subiungo,
1426 3321 1684 3383 nimirum
1719 3323 2026 3393 catalogum
2056 3323 2112 3377 in
2137 3335 2248 3391 quo
2271 3319 2587 3375 offleialium
2624 3320 2846 3373 nomina
2882 3325 3264 3377 recenSentur,
3297 3329 3326 3367 a
3360 3311 3584 3381 reliquis

367 3407 557 3460 Codini
589 3405 858 3476 capitibus
890 3408 1088 3478 saepius
1107 3407 1160 3460 in
1190 3405 1377 3475 Regiis
1402 3422 1535 3462 mss.
1563 3407 1886 3463 distinctum
1911 3408 2162 3480 reperiri.
2189 3405 2252 3460 Et
2287 3407 2559 3474 integrum
2593 3419 2731 3473 opus
2760 3404 2969 3474 absque
2996 3401 3244 3469 catalogo
3288 3400 3342 3453 in
3370 3413 3468 3454 sua
3501 3411 3592 3452 re-

365 3500 455 3548 cto
484 3491 675 3546 ordine
705 3493 883 3561 capita
937 3492 1120 3548 videre
1153 3502 1235 3547 est
1265 3493 1618 3547 distributum
1646 3511 1660 3559 ;
1695 3495 1840 3562 quod
1877 3506 1934 3549 et
1974 3495 2076 3566 ipsi
2113 3494 2316 3564 quibus
2349 3508 2483 3549 usus
2523 3503 2606 3547 est
2637 3490 2927 3547 Gretserus
2959 3489 3324 3559 coinprobant
3355 3485 3595 3541 codices.

367 3576 498 3627 Cum
533 3584 712 3628 tamen
755 3574 808 3628 in
845 3575 1112 3630 Codinum
1142 3576 1464 3644 scriptorem
1500 3576 1748 3646 plerique
1774 3576 2035 3643 referant,
2069 3583 2197 3651 quin
2225 3580 2490 3634 Codiuum
2517 3586 2778 3649 agnoscat
2806 3584 3088 3646 parentem
3117 3589 3222 3628 non
3246 3573 3462 3628 invideo
3498 3571 3602 3638 (5).

368 3660 519 3714 Alios
540 3660 663 3729 ipso
701 3662 996 3731 ampliores
1034 3664 1174 3716 inter
1205 3671 1366 3717 notas
1403 3661 1660 3732 adjungo.
1684 3662 1847 3733 'lpsas
1872 3666 2037 3720 etiam
2081 3675 2240 3718 notas
2291 3664 2536 3732 utrisque
2569 3677 2632 3716 ac
2665 3663 2760 3716 toti
2814 3659 3007 3716 Codiui
3037 3659 3189 3729 operi
3217 3658 3362 3710 volui
3395 3668 3603 3711 οοηηθ·

369 3762 490 3813 xas,
519 3757 574 3801 ut
605 3750 847 3803 auctoris
881 3749 1157 3803 arridente
1189 3757 1332 3803 textu
1371 3749 1488 3818 ejus
1518 3751 1787 3825 expositio
1835 3752 2036 3809 nullam
2067 3754 2167 3810 tibi
2204 3755 2477 3822 relinquat
2512 3753 2692 3807 animo
2717 3751 3069 3807 dubietatem.
3101 3748 3371 3804 Collinum
3422 3745 3594 3815 igitur
3635 3800 3641 3806 ,

371 3835 577 3904 plenius
605 3850 668 3891 ac
698 3837 908 3906 integre
939 3837 1112 3908 magis
1153 3836 1501 3906 explanatum
1541 3837 1785 3907 suspice,
1816 3850 1869 3895 et
1902 3839 2256 3897 inteccrrime
2299 3841 2436 3896 vale.

444 4015 520 4082 (ι)
557 4014 708 4068 Nunc
729 4016 839 4071 AB.

444 4085 519 4147 (τὶ)
554 4085 702 4138 Nunc
727 4088 765 4140 Α
799 4097 853 4139 et
878 4087 936 4140 Β.

448 4153 626 4226 (3)01
658 4156 898 4211 Crctscr.
935 4169 1292 4213 commcntar.
1333 4161 1354 4214 1
1392 4161 1411 4214 ι
1441 4169 1578 4213 extr.
