4050 6618
319 465 385 530 41
1303 473 1401 534 DE
1436 471 1764 533 omcns
1797 467 2261 533 CPOLITANIS.
2293 466 2454 528 CAP.
2492 467 2589 528 Iv.
3503 450 3576 514 ia

392 578 501 632 Καὶ
537 580 606 631 τά
637 579 732 632 τοῦ
764 579 1260 651 παρακοιμωμένου
1291 579 1385 632 τοῦ
1418 579 1674 642 κοιτῶνος
1721 577 1900 630 πάντα

2076 572 2418 638 Accnhitoris
2473 571 2712 628 cubiculi
2751 569 2984 642 insignia
3019 566 3202 622 omnia
3235 565 3571 622 conveniunt

318 663 410 725 οἷα
442 671 510 724 τά
534 671 626 724 τοῦ
668 673 1168 741 παρακοιμωμένου
1199 671 1298 741 τῆς
1333 671 1643 741 σφενδόνης.
1701 668 1842 740 Πλὴν
1876 672 1905 723 ὁ

325 765 424 833 μὲν
451 763 670 833 πρῶτος
705 762 958 825 κόνδυλος
986 762 1081 814 τοῦ
1113 762 1415 816 δικανικίου
1442 761 1676 832 χρυσοῦς
1705 762 1782 825 ὡς
1810 763 1904 815 καὶ

321 855 374 904 οι
401 853 512 906 τῶν
543 854 745 918 ἀλλων,
779 853 842 906 τδ
867 853 922 906 δὲ
956 851 1152 923 ἐφεξῆς
1202 853 1308 916 ἓως
1357 852 1504 906 κάτω
1552 853 1903 924 χρυσάσπρον

324 944 544 997 κεκλωσ
551 945 734 1014 μένον.

396 1036 473 1086 Τὸ
525 1035 622 1088 τοῦ
677 1034 960 1103 λογοθέτου
1005 1035 1099 1089 τοῦ
1151 1035 1372 1104 γενικοῦ
1433 1034 1668 1088 σκιάδιον
1713 1034 1906 1089 λευκὸν

327 1127 550 1197 βλάτιον
605 1127 741 1195 μετὰ
788 1127 1148 1197 μαργελλίων.
1203 1127 1277 1180 Τὸ
1328 1126 1617 1181 καδδάδιον
1685 1129 1748 1179 ἐκ
1798 1127 1906 1179 τῶν

327 1219 578 1288 συνήθως
607 1216 1033 1286 πολιτευομένων
1061 1216 1308 1286 βλατῑων.
1370 1216 1444 1270 Τὸ
1486 1217 1543 1270 δὲ
1581 1217 1905 1284 σκαράνικον

325 1311 696 1379 χρυσόλευκον
730 1309 976 1378 βλάτινον
1003 1311 1382 1378 συρματέῖνον,
1441 1308 1560 1378 ἔχον
1592 1307 1905 1378 ἔμπροσθέν

325 1416 383 1449 τε
409 1399 506 1450 καὶ
537 1399 764 1452 ὄπισθεν
785 1398 884 1469 τὴν
909 1398 1003 1451 τοῦ
1031 1398 1292 1467 βασιλέως
1316 1399 1497 1451 εἰκόνα
1527 1399 1900 1466 διαγέλαστον,

328 1490 524 1559 ὥσπερ
546 1491 641 1543 καὶ
675 1489 770 1542 τοῦ
815 1489 1240 1561 πριμμικηρίου,
1281 1491 1375 1541 καλ⁵
1415 1488 1542 1542 ἄνευ
1583 1489 1901 1542 δικανικίου.

399 1759 478 1811 Τὸ
513 1759 611 1813 τοῦ
659 1758 1153 1830 πρωτοσεστιαρισυ
1201 1759 1438 1814 σκιάδιον
1491 1759 1794 1814 κλαπωτόν.
1833 1760 1908 1812 Τὸ

326 1852 625 1906 κασσάδιον
652 1852 746 1904 καὶ
773 1852 833 1902 τὸ
863 1850 1192 1920 σκαράνικον
1226 1850 1390 1904 αὐτοῦ
1415 1847 1507 1904 οἷα
1529 1850 1598 1902 τὰ
1628 1849 1723 1903 τοῦ
1756 1849 1908 1919 λογο-

328 1948 490 2000 Biton
524 1945 616 1996 τοῦ
646 1942 884 2011 γενικοῦ.
912 1942 1019 1996 Τοῦ
1065 1943 1122 1996 δὲ
1163 1943 1464 1997 δικανικιου
1501 1943 1664 1996 αὐτοῦ
1695 1944 1723 1996 ὁ
1752 1945 1906 2014 πρῶ-

331 2057 420 2101 τος
453 2041 552 2108 μὲν
576 2038 828 2101 κόνδυλος
859 2036 1117 2110 χρυσοῦς,
1153 2039 1214 2093 τὸ
1234 2037 1289 2091 δὲ
1313 2039 1511 2108 ἑφεξῆς
1539 2038 1901 2108 συσαλταρέα,

329 2151 429 2204 χρυ
440 2133 754 2187 σοκόκκινα.

400 2225 485 2276 Τὰ
499 2223 595 2277 τοῦ
613 2222 934 2294 δομεστίκου
973 2224 1072 2294 τῆς
1100 2223 1376 2295 τραπέζης
1426 2223 1708 2295 φορέματα
1749 2225 1908 2294 ὃμοια

328 2320 442 2380 τοῖς
477 2318 574 2370 τοῦ
604 2316 1155 2386 πρωτοὸεστιαρετου,
1182 2316 1310 2371 ἄνευ
1339 2315 1660 2372 δικανικιου.

400 2408 482 2460 Τὰ
509 2407 606 2461 τοῦ
632 2408 726 2460 ἐπὶ
753 2407 853 2476 τῆς
890 2405 1168 2478 τραπέζης
1191 2405 1280 2460 οἷα
1319 2409 1388 2460 τά
1435 2409 1635 2475 αὐτῶν,
1697 2410 1790 2463 τοῦ
1850 2426 1908 2463 τε

333 2499 868 2570 πρωτοόεστιαρίτου
894 2499 990 2552 καὶ
1021 2499 1116 2551 τοῦ
1146 2499 1466 2568 δομεστίκου
1489 2500 1588 2571 τῆς
1605 2502 1906 2572 τραπέζης.

334 2590 442 2643 Τοῦ
499 2591 558 2642 δὲ
611 2589 909 2643 δικανικίου
949 2589 1113 2642 αὑτοῦ
1161 2591 1190 2642 ὁ
1235 2589 1334 2658 μὲν
1390 2591 1604 2661 πρῶτος
1663 2593 1911 2657 κόνδυλος

331 2684 593 2753 χρυσοῦς,
630 2685 659 2736 ὁ
687 2684 744 2736 δὲ
772 2682 1023 2752 δεύτερος
1064 2682 1252 2753 μέλας,
1281 2680 1398 2736 εἶτα
1423 2685 1656 2754 χρυσοῦς
1679 2687 1773 2740 καὶ
1802 2688 1910 2742 πά-

330 2777 421 2828 λιν
455 2777 654 2844 μέλας,
689 2775 787 2829 καὶ
821 2775 1055 2843 καθεξῆς
1083 2775 1308 2846 ὁμοίως.

402 2867 489 2919 Τά
531 2864 628 2918 τοῦ
655 2865 894 2935 μεγάλου
925 2867 1131 2920 παπῑου
1167 2867 1448 2938 φρέματα
1479 2869 1640 2940 ὃμοια
1672 2872 1782 2932 τοῖς
1819 2869 1912 2924 τοῦ

333 2959 662 3029 δομεστξκου
721 2959 820 3028 τῆς
865 2957 1160 3028 τραπέζης.
1215 2959 1288 3013 Τὸ
1317 2960 1375 3014 δὲ
1423 2961 1719 3016 δικανικιον
1751 2962 1913 3016 αὐτοῦ

338 3052 535 3120 ὥσπερ
591 3049 686 3103 τοῦ
751 3053 1245 3120 παρακοιμυμένου
1301 3052 1404 3122 τῆς
1455 3054 1742 3125 σφενδόνης
1800 3054 1914 3125 ἔχει

341 3142 602 3196 κόνδυλον
663 3142 896 3213 χρυσοῦν
941 3142 1034 3196 καὶ
1079 3144 1330 3198 κόνδυλον
1365 3145 1748 3214 χρυσόλευκον,
1775 3146 1916 3199 οὕτω

340 3235 505 3288 τοῦτο
555 3233 806 3287 κόνδυλον
863 3235 1099 3304 χρυσοῦν
1164 3237 1257 3290 καὶ
1306 3236 1556 3291 κόνδυλον
1613 3238 1917 3307 χρυσοκόκο
1943 3267 1986 3324 c

341 3344 519 3382 κινον,

417 3419 526 3471 Καὶ
548 3417 617 3472 τά
649 3418 742 3471 τοῦ
768 3417 1007 3489 ἐπάρχου
1045 3415 1136 3474 οἷα
1183 3422 1251 3474 τὰ
1277 3422 1371 3475 τοῦ
1406 3422 1644 3492 μεγάλου
1689 3422 1916 3489 παπιου,

345 3511 475 3564 ἄνευ
496 3511 555 3563 δὲ
586 3511 910 3568 δικανικίου.

414 3602 495 3655 Τά
539 3600 634 3654 τοῦ
669 3602 908 3672 μεγάλου
958 3603 1318 3675 δρουγγαρίου
1369 3607 1467 3676 τῆς
1521 3606 1706 3680 βίγλης
1755 3608 1920 3678 φορέ-

350 3709 518 3761 ματα,
550 3693 721 3762 ἤγουν
758 3693 819 3746 τό
838 3710 895 3747 τε
927 3694 1164 3749 σκιάδιον
1193 3697 1288 3750 καὶ
1319 3697 1379 3750 τὸ
1424 3699 1736 3765 καὸδάδιον,
1762 3701 1921 3768 ὅμοια

351 3786 464 3846 τοῖς
490 3783 586 3836 τοῦ
616 3784 884 3856 ἐπάρχου.
911 3786 986 3838 Τὸ
1018 3786 1075 3840 δὲ
1111 3786 1204 3840 τοῦ
1245 3790 1576 3860 σκαρανῐκου
1599 3790 1762 3844 αὐτοῦ
1793 3791 1922 3861 βλά-

354 3892 466 3928 τιον
487 3876 928 3946 χρυσοκξτρινον,
957 3877 1484 3950 χρυσοκλαὸαρικδν,
1545 3883 1922 3952 συρματέῖνον,

355 3959 470 4028 ἔχει
503 3962 816 4032 ἔμπροσθεν
851 3963 952 4034 μὲν
995 3964 1086 4018 τὸν
1111 3965 1332 4034 βασιλέα
1369 3970 1649 4033 εἰκονικῶς
1678 3971 1925 4039 καθήμε-

354 4070 443 4105 νον
463 4055 556 4106 ἐπὶ
589 4054 780 4124 Θρόνου
805 4057 1006 4126 χρυσοῦ
1033 4057 1328 4126 άναϐατοῦ,
1363 4061 1585 4117 ὄπισθεν
1616 4064 1672 4117 δὲ
1727 4065 1810 4132 ἐφ’
1841 4064 1930 4117 ἴπ-

355 4165 480 4202 που.
514 4150 588 4202 Τὸ
609 4150 908 4206 δικανίκιον
938 4155 1104 4207 αὐτοῦ
1155 4156 1291 4224 μετὰ
1328 4156 1416 4208 τὸν
1455 4159 1638 4211 ἐπάνω
1675 4158 1928 4211 κόνδυλον

356 4244 780 4312 κεχρυσωμένον
819 4245 968 4309 ὄντα,
1029 4247 1104 4311 ὡς
1161 4251 1255 4301 καὶ
1300 4251 1356 4301 ὲν
1389 4253 1500 4313 τοῖς
1552 4250 1660 4303 τῶν
1693 4251 1926 4316 πάντων,

358 4335 808 4404 χρυσοκόκκινον,
839 4336 1346 4410 κεκαλλωπισμένον
1377 4340 1479 4405 ἕως
1511 4343 1678 4399 κάτω;

426 4515 743 4584 Σημειωσαι
769 4519 851 4572 ὅτι
902 4515 1011 4570 ἀπὸ
1043 4516 1134 4570 τοῦ
1161 4518 1394 4588 μεγάλου
1424 4519 1743 4589 δομεστίκου
1773 4523 1932 4592 μέχρι

2007 680 2130 721 cum
2167 665 2477 736 insignibus
2535 662 2868 718 accubitoris
2920 660 3079 729 sigilli
3132 673 3228 714 seu
3281 657 3572 726 sigilliferi.

2007 765 2239 825 excepto
2267 754 2410 823 quod
2445 753 2655 823 primus
2685 753 2929 806 calamus
2953 748 3132 804 baculi
3161 761 3244 803 est
3265 761 3482 810 aureus,
3518 758 3575 800 ut

2003 857 2060 903 et
2089 849 2344 910 aliorum,
2381 853 2670 914 sequentes
2704 857 2834 897 vero
2870 842 2935 896 ad
2979 842 3138 894 linem
3165 854 3341 909 usque
3370 855 3437 894 ex
3477 855 3577 892 au-

2005 956 2100 996 reo
2123 949 2177 993 et
2207 940 2330 994 albo
2360 939 2544 992 colore
2580 936 2726 990 nexi.

2075 1032 2384 1101 Logothetae
2409 1019 2681 1100 generalis
2711 1029 2889 1083 aerarii
2916 1028 3092 1098 pileus
3132 1033 3214 1082 est
3251 1025 3407 1080 albus
3437 1037 3576 1095 pan-

2005 1141 2106 1178 nus
2158 1137 2283 1177 cum
2342 1123 2637 1192 margellis.
2692 1120 3032 1176 Cabbadium
3064 1136 3128 1174 ex
3164 1119 3232 1173 iis
3269 1133 3390 1188 qua
3422 1132 3576 1172 com-

2012 1216 2164 1271 muni
2200 1229 2354 1271 more
2378 1216 2579 1285 gestari
2604 1216 2781 1269 solent
2807 1212 3004 1284 pminis
3037 1213 3254 1268 sericis.
3309 1210 3572 1266 Searani-

2007 1325 2128 1365 cum
2170 1311 2323 1364 aurei
2351 1318 2406 1362 et
2437 1309 2545 1362 allii
2569 1309 2772 1362 coloris
2807 1318 2908 1373 est,
2965 1321 3143 1377 panno
3176 1305 3354 1360 serico
3387 1301 3578 1358 dnctili

2007 1415 2145 1456 auro
2186 1410 2334 1456 texto
2365 1399 2700 1460 confectum,
2741 1399 2948 1453 habens
2980 1407 3106 1451 ante
3127 1404 3179 1451 et
3221 1404 3370 1451 retro
3407 1396 3578 1463 impe-

2007 1495 2206 1551 ratoris
2236 1494 2525 1564 imaginem
2547 1509 2612 1547 ex
2641 1492 2858 1562 liquato
2879 1491 2944 1545 ad
2972 1491 3309 1560 pigmentum
3334 1488 3576 1550 metallo.

2009 1585 2320 1654 cujusmodi
2350 1585 2515 1641 etiam
2549 1592 2631 1639 est
2685 1584 3033 1639 scaranicum
3064 1580 3384 1651 primicerii.
3417 1579 3581 1635 Caret

2009 1680 2221 1734 baculo.

2080 1771 2541 1827 Protovestiaritae
2577 1768 2751 1841 pileus
2809 1781 2944 1822 auro
2992 1775 3172 1820 tex'us
3207 1773 3309 1818 est.
3368 1762 3582 1818 Gabba-

2010 1864 2162 1918 dinm
2193 1871 2248 1920 et
2296 1865 2635 1919 scaranicum
2690 1862 2793 1931 21
2831 1861 2953 1930 ejus
3003 1868 3062 1913 ιιι
3092 1858 3382 1929 1οεοιιιειεε
3411 1869 3581 1927 gene-

2012 1956 2142 2010 ralis
2175 1955 2378 2011 aerarii.
2436 1954 2621 2009 Baculi
2677 1955 2886 2024 primus
2915 1953 3164 2006 calamus
3211 1959 3296 2006 est
3353 1963 3576 2010 aureus,

2009 2058 2303 2118 sequentes
2327 2047 2608 2102 storcatim
2643 2046 2788 2116 plexi
2818 2044 2970 2100 aurei
2994 2052 3048 2100 et
3077 2042 3321 2098 coccinei
3350 2039 3572 2097 coloris.

2079 2224 2394 2281 Gestamina
2453 2223 2737 2279 domestici
2771 2237 2973 2278 mensae
3024 2221 3154 2276 talia
3215 2229 3342 2276 sunt
3399 2217 3583 2291 Qualia

2011 2316 2488 2388 protovestiaritas.
2529 2315 2694 2370 Caret
2719 2325 2896 2369 tamen
2927 2315 3148 2369 baculo.

2081 2406 2328 2462 Praefecti
2357 2421 2562 2460 mensae
2590 2407 2769 2475 qualia
2796 2403 3247 2475 protovcstiaritae
3279 2411 3335 2458 et
3400 2403 3587 2457 dome-

2012 2499 2137 2555 stici
2172 2512 2396 2554 mcnsm.
2471 2497 2654 2552 Baculi
2691 2497 2808 2568 ejus
2841 2497 3051 2566 primus
3082 2496 3325 2551 calamus
3383 2509 3585 2550 aureus

2013 2599 2119 2656 est,
2154 2590 2429 2647 secundus
2457 2590 2636 2660 niger,
2673 2598 2864 2660 postea
2892 2603 3116 2654 aureus,
3151 2587 3349 2642 iterum
3408 2586 3581 2656 niger,

2013 2691 2066 2737 et
2099 2681 2178 2737 sic
2211 2680 2490 2750 deinceps.

2088 2860 2266 2930 Magni
2301 2861 2513 2930 pappiae
2544 2859 2848 2930 gestamina
2903 2858 3102 2914 similia
3132 2840 3265 2914 sunt
3299 2860 3585 2916 domestici

2019 2968 2239 3008 mensae.
2273 2953 2336 3006 Et
2386 2961 2444 3006 ut
2499 2951 2724 3007 baculus
2779 2951 3048 3021 sigilliferi
3086 2951 3250 3006 habet
3312 2952 3584 3006 calamum

2019 3047 2170 3100 aurei
2217 3055 2271 3100 et
2304 3043 2409 3099 albi
2465 3043 2687 3105 coloris.
2729 3044 2810 3097 sic
2869 3043 3097 3097 baculus
3154 3044 3363 3113 pappiae
3424 3044 3587 3098 habet

2018 3137 2286 3192 calamum
2342 3150 2592 3199 aureum,
2635 3144 2689 3190 et
2728 3136 2998 3190 calamum
3042 3135 3196 3190 aurei
3240 3143 3294 3190 et
3340 3136 3586 3191 coccinei

2019 3230 2238 3284 coloris.

2094 3413 2325 3484 Eparchi
2381 3414 2567 3468 omnia
2600 3423 2727 3469 sunt
2751 3423 2810 3469 ιιι
2856 3416 3041 3486 magni
3087 3417 3327 3486 pappia;
3361 3416 3456 3472 sed
3481 3432 3588 3471 non

2020 3514 2196 3573 gestat
2227 3505 2504 3560 baculum.

2101 3596 2279 3668 Magni
2317 3596 2598 3665 drungarii
2650 3598 2957 3668 vigiliarum
3018 3600 3340 3670 gestamina.
3396 3615 3594 3671 nempe

2024 3689 2201 3757 pileus
2249 3699 2302 3745 et
2335 3690 2682 3754 cabbadium,
2719 3691 3048 3746 conveniunt
3083 3706 3207 3746 cum
3265 3692 3588 3761 gestamini-

2024 3779 2127 3834 Lus
2187 3781 2429 3848 eparchi.
2470 3779 2751 3836 Scaranici
2813 3780 2986 3850 ipsius
3020 3795 3237 3850 pannus
3300 3797 3473 3836 aureo
3511 3782 3592 3836 ci-

2024 3871 2280 3939 trinoque
2333 3872 2516 3926 colore
2565 3873 2722 3938 nitet,
2772 3887 2940 3942 opere
3001 3872 3242 3944 Phrygio
3280 3882 3509 3928 ornatur
3541 3885 3597 3928 et

2026 3975 2159 4014 auro
2194 3962 2384 4016 ductili
2415 3980 2428 4016 :
2467 3963 2630 4017 habet
2661 3964 2937 4018 anteriore
2970 3966 3188 4032 quidem
3229 3976 3383 4035 parte
3417 3965 3592 4035 impe-

2028 4063 2262 4108 ratorem
2298 4053 2593 4123 eﬂigiatum
2627 4054 2906 4109 sedentem
2942 4056 2995 4109 in
3029 4058 3246 4110 sublimi
3278 4057 3470 4112 throno
3494 4075 3560 4112 au
3582 4087 3596 4101 -

2029 4159 2145 4210 reo,
2182 4160 2321 4214 pone
2347 4161 2473 4200 vero
2511 4157 2847 4215 equestrem.
2909 4146 3143 4203 Baculus
3171 4147 3291 4217 ejus
3325 4160 3447 4218 post
3504 4165 3599 4205 su-

2031 4253 2273 4308 premum
2302 4240 2569 4293 calamum
2609 4239 2942 4302 inauratum.
2972 4241 3078 4310 22
3125 4249 3184 4296 ut
3211 4243 3444 4297 aliorum
3479 4259 3598 4299 om-

2033 4330 2203 4397 nium,
2253 4347 2419 4386 aureo
2447 4345 2499 4386 et
2530 4333 2788 4387 coccineo
2837 4332 3020 4387 colore
3072 4345 3309 4391 constat.
3367 4349 3598 4395 ornatus

2031 4439 2206 4493 usque
2239 4425 2305 4479 ad
2342 4425 2532 4480 imum.

2104 4517 2345 4572 Observa
2383 4534 2415 4572 a
2449 4534 2645 4588 magno
2672 4519 2975 4576 domestico
3029 4537 3201 4591 usque
3232 4521 3298 4576 ad
3339 4538 3597 4591 magnum

358 4610 451 4659 καὶ
509 4607 608 4660 τοῦ
669 4608 834 4661 αὐτοῦ
877 4609 1114 4678 μεγάλου
1162 4611 1522 4681 δρουγγαρίου
1571 4612 1670 4680 τῆς
1735 4612 1918 4682 βῐγλης

2030 4608 2386 4663 excubiarum
2417 4610 2774 4680 drungarium
2807 4627 2998 4666 omnes
3045 4628 3322 4680 proceres,
3380 4619 3601 4682 quandi:

357 4697 560 4760 πάντες
593 4698 870 4770 ἄρχοντες,
895 4700 986 4753 ὅτε
1018 4702 1118 4771 μὲν
1145 4700 1450 4773 βούλονται,
1489 4703 1743 4771 φοροῦσιν
1791 4705 1928 4758 κασ-

357 4788 539 4857 ϐάδια,
592 4790 683 4844 ὅτε
729 4791 807 4857 δὲ,
855 4793 1178 4863 ὲπιλούρικα
1208 4809 1222 4824 ·
1279 4795 1387 4848 ἀπὸ
1434 4795 1490 4849 δὲ
1525 4796 1616 4848 τοῦ
1642 4798 1803 4852 αὐτοῦ
1839 4801 1932 4852 καὶ

359 4882 513 4934 κάτω
543 4881 644 4949 οὐχ
669 4879 860 4944 οὕτως.

427 4974 514 5026 Τά
541 4973 634 5025 τοῦ
668 4973 904 5044 μεγάλου
937 4974 1286 5047 ἐταιριάρχου
1318 4977 1596 5048 φορέματα
1628 4975 1717 5033 οἷα.
1747 4981 1814 5034 τά
1836 4981 1927 5034 τοῦ

366 5063 608 5133 μεγάλου
636 5065 1020 5138 δρουγγαρίου.
1055 5069 1128 5121 Τδ
1171 5069 1466 5124 δικανίκιον
1511 5071 1700 5140 αὐτοῦ,
1744 5072 1932 5146 ὥσπερ

363 5160 422 5211 τὺ
452 5157 549 5210 τοῦ
591 5158 830 5228 μεγάλου
885 5159 1246 5230 δρουγγαρίου
1297 5163 1739 5232 χρυσοκόκκινον,
1791 5163 1934 5218 οὕτω

365 5251 525 5305 τοῦτο
548 5253 947 5323 χρυσοηέρανον
968 5255 1361 5322 κεκλωσμένον.

434 5344 522 5396 Τά
540 5343 635 5397 τοῦ
667 5345 904 5414 μεγάλου
933 5347 1324 5418 χαρτουλαρίου
1357 5343 1446 5403 οἷα
1481 5348 1549 5404 τά
1577 5350 1670 5405 τοῦ
1702 5351 1934 5422 μεγάλου

368 5438 742 5506 ὲταιριάρχου,
785 5437 914 5491 ἄνευ
945 5438 1001 5491 δὲ
1021 5439 1345 5494 δικανικιου.

442 5532 519 5584 Τὸ
537 5529 633 5582 τοῦ
664 5529 952 5596 λογοοέτου
989 5530 1082 5584 τοῦ
1131 5531 1330 5600 δρόμου
1359 5534 1597 5588 σκιάδιον
1622 5531 1731 5590 οἷον
1757 5537 1816 5590 τὸ
1844 5537 1939 5590 τοῦ

376 5623 616 5692 μεγάλου
651 5620 1066 5690 χαρτουλαριου.
1115 5623 1429 5678 Φακεωλιδει
1475 5626 1531 5679 δὲ
1583 5630 1740 5698 φορεῖ
1785 5623 1941 5693 οὗτος

375 5713 867 5784 καιὲπιλούρικον,
890 5713 952 5766 οὐ
982 5717 1088 5783 μὴν
1126 5717 1472 5784 σκαράνικον.

452 5803 527 5858 Τὸ
555 5804 648 5856 τοῦ
691 5807 1178 5875 πρωτοασηκρῆτις
1237 5809 1474 5863 σκιάδιον
1521 5809 1754 5880 βλάτιον,
1800 5811 1938 5864 διδο-

375 5897 518 5959 λέον,
546 5895 830 5964 χρώματος
878 5895 1027 5962 ὀξέος
1066 5896 1158 5949 καὶ
1206 5898 1421 5965 λευκοῦ,
1459 5902 1579 5971 ἔχον
1639 5905 1939 5983 μαργέλλια

592 5997 858 6050 ΡΑτιιοι..
890 5991 1007 6051 Gn.
1042 5990 1270 6053 CLVII.
1884 5999 1885 6003 “

2033 4698 2241 4761 volunt,
2281 4699 2421 4754 ferre
2449 4700 2712 4755 cabbadia
2741 4718 2755 4767 ;
2787 4710 2839 4756 et
2861 4703 3074 4771 quando
3104 4702 3276 4768 lubet,
3307 4702 3450 4758 ferre
3490 4705 3606 4772 epi—

2031 4789 2224 4855 lorica,
2286 4790 2388 4846 hoc
2422 4803 2506 4848 est
2541 4796 2848 4862 superulas.
2903 4793 2984 4848 Ab
3022 4793 3128 4849 hoc
3184 4809 3314 4850 vero
3342 4793 3601 4850 deorsum

2034 4901 2229 4940 versus
2264 4903 2350 4941 res
2385 4889 2541 4942 aliter
2571 4904 2631 4944 se
2667 4889 2850 4944 habet.

2109 4982 2285 5052 Magni
2321 4983 2693 5036 hetaeriarchae
2729 4983 3031 5051 gestamina
3064 4990 3195 5038 sunt
3245 4981 3430 5053 qualia
3486 4999 3604 5036 ma-
3681 5031 3685 5036 .

2036 5074 2128 5141 gni
2157 5073 2461 5144 drungarii.
2491 5073 2556 5127 Et
2585 5075 3045 5145 quemadmodum
3081 5073 3264 5144 magni
3317 5074 3602 5142 drungarii

2039 5164 2265 5219 baculus
2295 5173 2378 5219 est
2401 5166 2551 5219 aurei
2586 5173 2640 5218 et
2669 5165 2910 5220 coccinei
2939 5164 3160 5230 coloris,
3198 5163 3274 5219 ita
3307 5163 3471 5234 hujus
3521 5176 3608 5220 est

2038 5259 2188 5312 aurei
2222 5267 2276 5312 et
2311 5260 2454 5312 caesii
2481 5258 2688 5312 intorti.

2113 5352 2292 5419 Magni
2324 5352 2642 5407 chartularii
2670 5349 2972 5420 gestamina
3002 5349 3183 5420 qualia
3217 5349 3402 5418 magni
3442 5349 3608 5403 beta:-

2041 5446 2170 5498 riar:
2194 5447 2294 5501 has.
2333 5443 2436 5497 Sed
2469 5452 2619 5499 caret
2652 5445 2866 5498 baculo.
2967 5459 2978 5474 ν

2115 5535 2426 5606 Lugotlietse
2457 5551 2654 5590 cursus
2687 5536 2861 5605 pileus
2895 5545 2980 5591 est
3009 5533 3186 5606 qualis
3215 5525 3398 5602 magni
3447 5531 3609 5584 char-

2041 5627 2260 5680 tularii:
2293 5628 2398 5680 fert
2429 5627 2527 5682 iste
2567 5626 2906 5695 pliaceolium
2944 5634 2998 5680 et
3049 5625 3388 5694 epiloricum,
3418 5631 3476 5675 at
3497 5635 3608 5674 non

2040 5719 2407 5773 searanicum.

2111 5811 2279 5868 Primi
2315 5813 2594 5868 secretarii
2645 5811 2816 5881 pileus
2863 5820 2947 5867 est
2976 5828 3037 5866 ex
3077 5824 3258 5880 panno
3290 5808 3489 5872 serico,
3515 5805 3610 5860 du-

2043 5905 2198 5974 plicis
2263 5906 2487 5970 coloris,
2519 5905 2748 5960 violacci
2783 5915 2837 5959 et
2889 5904 3038 5966 albi;
3091 5902 3294 5955 habens
3332 5903 3608 5967 margelna

3203 5994 3234 6031 ι)
