4050 6614
317 462 380 526 41
1300 471 1397 532 DE
1432 469 1759 532 umens
1793 467 2257 531 CPOLITANIS.
2290 466 2451 528 CAP.
2487 468 2585 529 IV.
3499 452 3572 516 ta

389 575 498 629 Kal.
535 578 603 629 τὰ
634 576 728 629 τοῦ
760 577 1256 649 παρακοιμωμένου
1287 577 1380 630 τοῦ
1415 578 1669 640 κοιτῶνος
1717 577 1895 630 πάντα

2072 572 2413 639 Accuhitoris
2469 571 2707 628 cubiculi
2747 570 2980 642 insignia
3015 568 3198 623 omnia
3231 566 3566 623 conveniunt

314 661 405 721 οἵα
439 670 506 721 τά
532 668 624 721 τοῦ
665 671 1165 739 παρακοιμωμένου
1195 670 1293 739 τῆς
1329 670 1639 739 σφενδόνης.
1696 668 1838 740 Πλὴν
1872 671 1900 722 ό

320 762 419 830 μὲν
448 761 667 830 πρῶτος
702 760 953 822 κόνδυλος
981 760 1077 812 τοῦ
1110 760 1410 814 δικανικίου
1437 760 1672 831 χρυσοῦς
1701 761 1777 824 ὡς
1805 762 1900 814 καὶ

316 852 368 902 ot
396 851 507 902 τῶν
540 851 740 915 ἄλλων,
776 851 838 903 τὸ
863 851 917 903 δὲ
951 849 1147 921 ἑφεξῆς
1198 852 1303 914 ἓως
1352 851 1500 905 κάτω
1548 852 1898 923 χρυσάσπρον

318 942 540 994 κεκλωσ
548 943 729 1011 μένον.

391 1034 468 1083 Τὸ
520 1033 619 1085 τοῦ
673 1031 956 1100 λογοοέτου
1002 1033 1093 1086 τοῦ
1147 1034 1367 1102 γενικοῦ
1428 1034 1664 1086 σκιάδιον
1708 1034 1901 1087 λευκὸν

322 1125 547 1194 βλάτιον
601 1125 736 1193 μετὰ
784 1124 1143 1194 μαργελλίων.
1199 1126 1272 1178 Τὸ
1323 1125 1611 1180 καϐὁάδιον
1680 1128 1742 1177 ὲκ
1793 1126 1900 1178 τῶν

320 1216 575 1285 συνήθως
604 1214 1028 1283 πολιτευομένων
1056 1214 1303 1285 βλατίων.
1366 1215 1439 1269 Τὸ
1481 1216 1537 1269 δὲ
1576 1216 1899 1283 σκαράνικον

319 1309 691 1376 χρυσὸλευκον
725 1306 971 1376 βλάτινον
999 1308 1376 1376 συρματέῖνον,
1435 1307 1554 1376 ἔχον
1587 1306 1900 1376 ἔμπροσθέν

319 1414 377 1446 τε
404 1396 501 1447 καὶ
534 1396 758 1449 ὄπισθεν
780 1396 878 1466 τὴν
904 1396 997 1449 τοῦ
1025 1396 1287 1465 βασιλέως
1311 1398 1491 1449 εἰκόνα
1522 1398 1894 1465 διαγέλαστον,

322 1487 519 1557 ὥσπερ
542 1488 636 1540 καὶ
670 1487 764 1540 τοῦ
810 1487 1234 1559 πριμμικηριου,
1277 1489 1369 1539 καὶ
1409 1486 1536 1541 ἄνευ
1578 1488 1895 1542 δικανικίου.

393 1756 472 1808 Τὸ
509 1756 605 1809 τοῦ
654 1756 1147 1827 πρωτοϐεστιαρίσυ
1195 1758 1432 1811 σκιάδιον
1486 1758 1787 1812 κλαπωτόν.
1827 1760 1901 1811 Th

318 1849 619 1903 κασὸάδιον
646 1849 739 1901 καὶ
767 1849 826 1900 τὸ
858 1848 1186 1918 σκαράνικον
1220 1848 1384 1902 αὐτοῦ
1409 1846 1500 1902 οἷα
1523 1849 1591 1901 τὰ
1622 1848 1716 1902 τοῦ
1749 1849 1901 1917 λογο-

321 1945 483 1996 θέτου
518 1942 611 1994 τοῦ
640 1941 878 2008 γενικοῦ.
906 1941 1012 1994 Τοῦ
1059 1942 1116 1994 δὲ
1157 1941 1457 1996 δικανικίου
1495 1942 1658 1994 αὐτοῦ
1689 1944 1717 1994 ό
1746 1944 1899 2014 πρῶ-

324 2054 412 2098 to;
448 2038 545 2105 μὲν
570 2035 821 2098 κόνδυλος
852 2035 1111 2107 χρυσοῦς,
1148 2038 1208 2091 τὸ
1228 2036 1283 2090 δὲ
1307 2038 1504 2106 ἑφεξῆς
1532 2037 1894 2108 συσαλταρέα,

323 2132 749 2199 χρυσοκόκκινα.

392 2221 588 2274 Τὰτοῦ
607 2220 927 2291 δομεστίκου
966 2222 1065 2291 τῆς
1093 2222 1369 2293 τραπέζης
1419 2222 1701 2294 φορέματα
1742 2224 1917 2293 ὃμοια,

321 2317 433 2377 τοῖς
470 2315 567 2368 τοῦ
598 2314 1149 2384 πρωτοὸεστιαρετου,
1175 2314 1303 2369 ἄνευ
1332 2314 1652 2370 δικανικίου.

392 2405 474 2457 Τὰ
501 2404 600 2457 τοῦ
625 2405 719 2457 ἐπὶ
747 2404 845 2473 τῆς
882 2404 1161 2475 τραπέζης
1184 2402 1273 2458 οἷα
1311 2408 1380 2459 τά
1429 2408 1628 2473 αὐτῶν,
1689 2409 1782 2461 τοῦ
1843 2425 1901 2462 τε

325 2497 861 2567 πρωτοὸεστιαρίτου
887 2497 983 2549 καὶ
1014 2496 1109 2549 τοῦ
1139 2498 1458 2566 δομεστίκοῡ
1482 2499 1580 2569 τῆς
1598 2501 1899 2571 τραπέζηςο

326 2587 433 2639 Τοῦ
491 2587 549 2639 δὲ
603 2586 901 2640 δικανικίου
942 2587 1105 2640 αὑτοῦ
1154 2588 1182 2639 ὁ
1228 2587 1327 2656 μὲν
1382 2590 1597 2659 πρῶτος
1656 2592 1903 2657 κόνδυλος

325 2681 585 2749 χρυσοῦς,
623 2683 652 2733 ὁ
680 2681 735 2733 δὲ
764 2680 1014 2750 δεύτερος
1057 2680 1244 2750 μέλας,
1274 2678 1390 2734 εἶτα
1416 2684 1648 2752 χρυσοῦς
1671 2686 1765 2738 καὶ
1795 2687 1902 2740 πάο

325 2774 413 2825 λιν
446 2774 647 2840 μέλας,
682 2773 779 2825 καὶ
814 2773 1047 2841 καθεξῆς
1074 2773 1300 2844 ὁμοὶως.

394 2865 479 2915 Τὰ
524 2861 619 2915 τοῦ
647 2862 885 2932 μεγάλου
917 2864 1123 2917 παπίου
1159 2866 1441 2936 φορέματα
1471 2868 1632 2938 ὃμοια
1664 2870 1773 2931 τοῖς
1811 2868 1903 2923 τοῦ

328 2956 654 3025 δομεστίκου
713 2956 811 3025 τῆς
857 2955 1151 3025 τραπέζης.
1208 2958 1280 3011 Τὸ
1309 2958 1366 3012 δὲ
1415 2961 1711 3015 δικανίκιον
1743 2962 1904 3015 αὑτοῦ

332 3049 526 3116 ὥσπερ
583 3047 678 3100 τοῦ
742 3050 1236 3118 παρακοιμωμένου
1293 3050 1395 3120 τῆς
1448 3052 1734 3124 σφενδόνης
1792 3053 1907 3124 ἔχει

336 3140 593 3193 κόνδυλον
654 3140 887 3210 χρυσοῦν
932 3141 1025 3193 καὶ
1072 3142 1321 3195 κόνδυλον
1357 3144 1739 3212 χρυσόλευκον,
1767 3145 1907 3198 οὕτω

335 3232 495 3285 τοῦτο
547 3232 797 3284 κόνδυλον
854 3232 1091 3301 χρυσοῦν
1156 3235 1248 3287 καὶ
1297 3235 1547 3289 κόνδυλον
1606 3237 1908 3306 χρυσοκόκ-
1935 3266 1977 3323 C

337 3341 511 3378 κινον.

407 3416 518 3468 Καὶ
540 3415 607 3469 τά
638 3415 731 3469 τοῦ
759 3414 997 3486 ἐπάρχου
1036 3414 1127 3471 οἷα
1174 3420 1242 3472 τὰ
1268 3420 1362 3473 τοῦ
1397 3420 1635 3490 μεγάλου
1680 3421 1907 3487 παπιου,

335 3507 466 3561 ἄνευ
488 3509 546 3560 δὲ
576 3509 899 3565 δικανικιου.

405 3599 486 3652 Τά
530 3597 624 3651 τοῦ
659 3600 899 3669 μεγάλου
948 3600 1309 3672 δρουγγαρίου
1360 3605 1458 3674 τῆς
1512 3605 1697 3678 βίγλης
1746 3607 1910 3677 φορέ-

341 3706 508 3758 ματα,
541 3690 711 3759 ἤγουν
748 3691 809 3744 τό
828 3708 885 3744 τε
917 3692 1155 3746 σκιάδιον
1185 3695 1279 3748 καὶ
1309 3695 1370 3748 τὸ
1414 3697 1727 3763 καὸὁάδιον,
1753 3701 1912 3766 ὃμοια

341 3783 455 3844 τοῖς
480 3781 575 3833 τοῦ
606 3781 875 3853 ἐπάρχου.
902 3784 976 3836 Τὸ
1008 3784 1065 3838 δὲ
1102 3784 1194 3838 τοῦ
1236 3789 1567 3858 σκαρανίκου
1589 3789 1753 3842 αὐτοῦ
1783 3790 1913 3860 βλά-

345 3890 457 3924 τιον
477 3874 917 3943 χρυσοκίτρινον,
947 3875 1475 3947 χρυσοκλαὸαρικὸν,
1535 3882 1912 3950 συρματέῖνον,

344 3956 460 4026 ἔχει
494 3960 806 4029 ἔμπροσθεν
842 3961 942 4031 μὲν
984 3962 1075 4015 τὸν
1100 3963 1321 4032 βασιλέα
1359 3968 1639 4031 εἰκονικῶς
1668 3970 1915 4038 καθήμε-

344 4067 433 4102 νον
452 4052 545 4103 ἐπὶ
577 4052 769 4122 Θρόνου
794 4054 994 4124 χρυσοῦ
1023 4056 1317 4123 άναὸατοῦ,
1353 4060 1575 4115 ὄπισθεν
1606 4063 1661 4115 δὲ
1717 4064 1800 4131 ἐφ’
1831 4063 1919 4115 ἶπ-

343 4162 469 4199 που.
503 4147 575 4199 Τὸ
597 4148 897 4203 δικανίκιον
928 4153 1093 4205 αὐτοῦ
1146 4154 1280 4222 μετὰ
1318 4154 1406 4207 τὸν
1445 4157 1628 4209 ἐπάνω
1665 4157 1918 4209 κόνδυλον

346 4242 769 4309 κεχρυσωμένον
808 4242 958 4306 ὄντα,
1018 4246 1094 4309 ὡς
1151 4249 1244 4299 καὶ
1289 4250 1345 4299 ὲν
1379 4251 1490 4311 τοῖς
1541 4248 1649 4302 τῶν
1682 4250 1916 4315 πάντων,

348 4333 796 4400 χρυσοκόκκινον,
828 4334 1335 4407 κεκαλλωπισμένον
1366 4338 1468 4403 ἕως
1501 4342 1667 4397 κάτιδε

416 4513 731 4581 Σημείωσαι
757 4516 839 4568 ὅτι
890 4514 1000 4567 ἀπὸ
1031 4514 1123 4568 τοῦ
1149 4516 1383 4585 μεγάλου
1412 4517 1731 4587 δομεστὶκου
1762 4520 1920 4590 μέχρι

2002 680 2125 720 cum
2162 665 2473 736 insignibus
2530 663 2863 719 accubitoris
2916 661 3074 730 sigilli
3128 675 3224 715 seu
3277 659 3567 727 sigilliferi.

2003 764 2235 824 excepto
2262 755 2405 822 quod
2440 754 2650 823 primus
2680 753 2924 807 calamus
2948 749 3127 804 baculi
3156 762 3239 805 est
3261 764 3478 811 aureus,
3514 760 3570 801 ut

1999 857 2055 903 et
2084 849 2338 911 aliorum,
2377 854 2665 914 sequentes
2699 858 2829 898 vero
2865 842 2930 897 ad
2974 843 3133 895 tinem
3160 856 3336 910 usque
3366 856 3432 895 ex
3472 857 3572 894 au-

2000 955 2095 995 reo
2118 949 2171 992 et
2203 940 2325 994 albo
2356 939 2539 992 colore
2575 937 2720 990 nexi.

2070 1032 2378 1101 Logothetze
2404 1020 2676 1100 generalis
2706 1029 2883 1083 aerarii
2911 1029 3086 1099 pileus
3127 1034 3209 1083 est
3246 1026 3401 1082 albus
3432 1039 3570 1097 pan-

2000 1140 2101 1179 nus
2153 1138 2277 1177 cum
2336 1123 2632 1192 margellis.
2686 1122 3025 1176 Cabbadium
3059 1137 3122 1175 ex
3159 1120 3226 1174 iis
3264 1134 3385 1189 quas
3417 1134 3571 1174 com-

2007 1216 2159 1270 muni
2195 1230 2348 1271 more
2373 1217 2573 1285 gestari
2599 1216 2775 1269 solent
2802 1214 2998 1284 pannis
3031 1214 3248 1270 sericis.
3304 1212 3567 1267 Scarani—

2002 1326 2123 1364 cum
2165 1312 2317 1363 aurei
2345 1318 2400 1363 et
2431 1309 2539 1362 albi
2564 1309 2765 1362 coloris
2801 1318 2902 1374 est,
2959 1322 3138 1377 panno
3171 1306 3348 1361 serico
3382 1304 3572 1359 ductili

2002 1416 2139 1456 auro
2181 1410 2328 1455 texto
2360 1399 2694 1461 confectum,
2736 1400 2942 1453 habens
2975 1408 3100 1452 ante
3122 1406 3173 1452 et
3214 1406 3364 1452 retro
3401 1397 3572 1464 impe-

2002 1494 2200 1550 ratoris
2231 1494 2520 1564 imaginem
2542 1509 2605 1547 ex
2635 1492 2852 1562 liquato
2873 1492 2938 1546 ad
2966 1493 3302 1561 pigmentum
3328 1490 3570 1551 metallo.

2003 1585 2313 1653 cujusmodi
2344 1585 2508 1641 etiam
2542 1593 2625 1639 est
2678 1585 3027 1640 scaranicum
3058 1583 3377 1652 pritnicerii.
3411 1581 3575 1636 Caret

2004 1680 2215 1734 baculo.

2073 1771 2534 1827 ProtoveStiaritae
2571 1769 2744 1841 pileus
2803 1783 2936 1822 auro
2985 1776 3165 1821 tex'us
3200 1775 3302 1820 est.
3362 1764 3575 1820 Cabba-

2004 1864 2155 1917 dium
2186 1872 2241 1920 et
2289 1864 2628 1919 scaranicum
2684 1864 2787 1932 21
2824 1862 2946 1931 ejus
2996 1869 3056 1915 ut
3085 1860 3374 1930 logothetae
3405 1872 3575 1929 gene-

2006 1956 2134 2010 ralis
2169 1955 2371 2010 mrarii.
2430 1955 2614 2009 Baculi
2671 1956 2880 2025 primus
2908 1954 3157 2008 calamus
3204 1961 3290 2008 est
3345 1965 3569 2012 aureus,

2002 2058 2296 2117 sequentes
2320 2047 2601 2102 storcatim
2636 2047 2781 2116 plexi
2811 2045 2962 2101 aurei
2987 2053 3041 2101 et
3071 2044 3313 2100 coccinei
3343 2042 3565 2099 coloris.

2072 2224 2386 2280 Gestamina
2446 2223 2730 2279 domestici
2764 2239 2966 2279 mensae
3017 2223 3146 2278 talia
3208 2230 3335 2278 sunt
3392 2220 3575 2292 qualia

2004 2316 2480 2388 protovestiaritm.
2523 2316 2687 2370 Caret
2712 2327 2889 2370 tamen
2920 2316 3141 2370 baculo.

2074 2406 2321 2461 Praefecti
2350 2422 2554 2461 mensa:
2583 2407 2762 2475 qualia
2788 2406 3240 2475 protovesliarita:
3271 2413 3327 2460 et
3393 2406 3580 2459 dome-

2005 2499 2129 2555 stici
2164 2512 2388 2553 tnensm.
2463 2497 2646 2552 Baculi
2683 2498 2800 2568 ejus
2833 2498 3043 2567 primus
3075 2497 3318 2552 calamus
3376 2511 3577 2551 aureus

2006 2598 2111 2655 est,
2146 2590 2421 2647 secundus
2449 2591 2629 2660 niger,
2665 2599 2855 2660 postea
2885 2604 3108 2655 aureus,
3144 2589 3341 2643 iterum
3401 2588 3573 2657 niger,

2005 2691 2058 2736 et
2092 2681 2171 2737 sic
2204 2681 2482 2750 deinceps.

2081 2860 2258 2930 Magni
2293 2861 2505 2929 pappize
2536 2860 2840 2929 gestamina
2895 2860 3093 2915 similia
3124 2841 3257 2915 sunt
3291 2861 3576 2917 domestici

2011 2967 2231 3008 mensae.
2265 2952 2328 3006 Et
2378 2962 2436 3005 ut
2491 2951 2716 3007 baculus
2771 2952 3039 3021 sigilliferi
3078 2953 3241 3006 habet
3304 2954 3575 3007 calamum

2010 3046 2161 3099 aurei
2208 3054 2262 3099 et
2295 3043 2400 3099 albi
2457 3044 2679 3105 coloris.
2720 3045 2801 3098 sic
2860 3044 3088 3098 baculus
3146 3046 3355 3114 pappia:
3416 3046 3579 3100 habet

2010 3137 2277 3191 calamum
2333 3150 2584 3199 aureum,
2626 3145 2680 3191 et
2719 3136 2989 3191 calamum
3034 3136 3188 3191 aurei
3231 3145 3285 3191 et
3332 3138 3577 3193 coccinei

2011 3230 2229 3284 coloris.

2084 3413 2315 3483 Eparchi
2372 3415 2557 3469 omnia
2592 3424 2800 3470 suntut
2847 3418 3031 3487 magni
3078 3418 3318 3488 pappias;
3352 3418 3446 3474 sed
3472 3434 3579 3473 non

2011 3514 2187 3572 gestat
2218 3504 2495 3560 baculum.

2091 3596 2269 3667 Magni
2307 3596 2590 3665 drungarii
2641 3598 2947 3669 vigiliarum
3009 3601 3331 3671 gestamina.
3388 3617 3584 3672 nempe

2015 3688 2192 3756 pileus
2239 3699 2293 3744 et
2325 3690 2672 3755 cabbadium,
2710 3692 3039 3746 conveniunt
3074 3708 3197 3747 cum
3256 3694 3577 3762 gestamini-

2015 3778 2117 3833 lus
2178 3780 2419 3848 eparchi.
2461 3780 2741 3836 Scaranici
2804 3782 2976 3851 ipsius
3010 3797 3227 3852 pannus
3291 3799 3463 3837 aureo
3502 3784 3583 3838 ci-

2016 3869 2270 3938 trinoque
2324 3872 2506 3926 colore
2555 3874 2712 3938 nitet,
2762 3888 2930 3942 opere
2992 3873 3232 3945 Phrygio
3271 3885 3499 3930 omatur
3532 3888 3587 3930 et

2016 3974 2149 4013 auro
2184 3961 2373 4015 ductili
2405 3980 2418 4016 :
2458 3963 2620 4017 habet
2651 3965 2927 4019 anteriore
2961 3967 3178 4033 quidem
3219 3978 3373 4035 parte
3406 3967 3581 4036 impe-

2018 4062 2251 4108 ratorem
2288 4052 2583 4123 eﬂigiatum
2617 4055 2896 4109 sedentem
2932 4057 2985 4109 in
3019 4058 3235 4111 sublimi
3267 4059 3459 4113 throno
3484 4076 3550 4114 au
3572 4088 3586 4102 -

2019 4159 2134 4209 reo,
2172 4160 2311 4213 pone
2336 4160 2463 4199 vero
2501 4158 2836 4215 equestrem.
2899 4146 3132 4204 Baculus
3161 4148 3281 4217 ejus
3314 4161 3437 4219 post
3494 4167 3588 4206 su-

2021 4252 2263 4307 premum
2292 4239 2558 4292 calamum
2600 4240 2932 4302 inauratum.
2961 4242 3067 4311 22
3115 4250 3173 4296 ut
3200 4243 3433 4298 alierum
3469 4261 3588 4300 om-

2022 4329 2192 4395 nium,
2242 4346 2408 4385 aureo
2436 4345 2489 4386 et
2520 4333 2778 4387 coccineo
2827 4333 3009 4388 colore
3062 4346 3297 4391 constat.
3357 4351 3588 4396 ornatus

2022 4438 2195 4492 usque
2229 4424 2295 4477 ad
2331 4425 2521 4479 imum.

2093 4516 2334 4571 Observa
2373 4533 2404 4572 a
2438 4534 2634 4588 magno
2661 4519 2964 4577 domestico
3018 4537 3189 4592 usque
3221 4522 3288 4576 ad
3329 4539 3586 4593 magnum

347 4607 438 4655 καὶ
496 4605 594 4657 τοῦ
656 4606 824 4658 αὑτοῦ
866 4606 1103 4675 μεγάλου
1151 4609 1511 4679 δρουγγαρίου
1559 4611 1659 4679 τῆς
1724 4610 1910 4680 βίγλης

2019 4608 2375 4662 excubiarum
2406 4610 2763 4679 drungarium
2796 4628 2987 4666 omnes
3035 4629 3311 4680 proceres.
3370 4620 3589 4683 quando

346 4694 547 4757 πάντες
580 4696 860 4767 ἄρχοντες,
885 4698 973 4750 ὅτε
1006 4700 1106 4769 μὲν
1134 4698 1438 4771 βούλονται,
1478 4701 1732 4769 φοροῦσιν
1780 4705 1917 4757 x16-

345 4786 525 4854 ϐάδια,
578 4789 670 4841 ὅτε
716 4788 794 4853 δὲ,
844 4790 1166 4860 ὲπιλούρικα
1196 4806 1210 4822 ⁸
1268 4793 1376 4845 ἀπὸ
1423 4794 1478 4847 δὲ
1513 4794 1604 4846 τοῦ
1630 4797 1791 4850 αὐτοῦ
1827 4799 1920 4851 καὶ

346 4879 498 4931 κάτω
529 4878 630 4946 οὐχ
656 4877 847 4941 οὕτως.

414 4972 497 5024 Τὰ
527 4971 621 5022 τοῦ
655 4971 891 5040 μεγάλου
926 4972 1274 5044 ἐταιριάρχου
1307 4975 1584 5046 φορέματα
1616 4973 1705 5031 οἷα
1735 4979 1802 5032 τά
1825 4980 1915 5033 τοῦ

352 5061 592 5131 μεγάλου
622 5062 1007 5135 δρουγγαρίου.
1042 5066 1116 5118 Τὸ
1159 5068 1454 5121 δικανὶκιον
1500 5070 1687 5137 αὐτοῦ,
1732 5070 1919 5143 ὥσπερ

348 5158 406 5207 τὸ
436 5154 534 5208 τοῦ
577 5156 817 5226 μεγάλου
872 5158 1234 5228 δρουγγαρίου
1286 5161 1727 5229 χρυσοκόκκινον,
1780 5162 1922 5216 οὕτω

349 5249 511 5301 τοῦτο
534 5251 934 5321 χρυσοηέρανον
956 5253 1349 5320 κεκλωσμένον.

418 5341 508 5393 Τά
526 5342 621 5394 τοῦ
652 5343 890 5411 μεγάλου
919 5345 1311 5416 χαρτουλαρίου
1346 5341 1433 5401 οἷα
1469 5346 1537 5403 τά
1565 5349 1657 5403 τοῦ
1690 5350 1921 5421 μεγάλου

351 5436 728 5504 ἑταιριάρχου,
772 5434 900 5488 ἄνευ
931 5436 987 5488 δὲ
1008 5437 1332 5493 δικανικιου.

425 5530 505 5581 Τὸ
523 5526 618 5580 τοῦ
650 5527 938 5593 λογοοέτου
975 5528 1069 5581 τοῦ
1118 5529 1317 5598 δρόμου
1346 5532 1584 5585 σκιάδιον
1610 5529 1719 5587 οἷον
1745 5536 1803 5588 τὸ
1831 5536 1926 5589 τοῦ

357 5620 600 5690 μεγάλου
636 5619 1053 5688 χαρτουλαρίου.
1101 5621 1416 5676 Φακεωλῐδα
1462 5624 1518 5677 δὲ
1571 5629 1727 5696 φορεῖ
1773 5622 1928 5691 οὗτος

355 5712 851 5782 καὶοέπιλούρικον,
876 5712 937 5764 οὐ
967 5715 1074 5781 μὴν
1113 5715 1458 5783 σκαράνικον.

433 5802 510 5856 Τὸ
538 5802 631 5855 τοῦ
674 5804 1164 5873 πρωτοασηκρῆτις
1223 5807 1461 5862 σκιάδιον
1508 5808 1740 5878 βλάτιον,
1788 5809 1925 5863 6:60-

356 5896 502 5957 λέον,
529 5893 815 5963 χρώματος
863 5894 1012 5960 ὀξέος
1052 5894 1144 5947 καὶ
1193 5896 1407 5963 λευκοῦ,
1446 5900 1566 5969 ἔχον
1626 5904 1925 5982 μαργέλλια

574 5995 843 6049 ΡΑτιιΟι..
875 5989 991 6050 Gn.
1027 5988 1256 6051 CLVII.

2022 4697 2229 4760 volunt,
2271 4698 2410 4753 ferre
2438 4700 2701 4754 cabbadia
2730 4718 2743 4767 ;
2776 4710 2828 4755 et
2849 4704 3063 4770 quando
3093 4702 3265 4769 lubet,
3296 4703 3439 4759 ferre
3479 4707 3594 4774 epi-

2020 4787 2212 4854 lorica,
2274 4789 2377 4844 hoc
2411 4802 2495 4847 est
2530 4795 2837 4861 superulas.
2891 4795 2973 4849 Ab
3011 4794 3117 4850 hoc
3172 4809 3302 4850 vero
3331 4795 3589 4851 deorsum

2023 4900 2217 4939 versus
2252 4902 2338 4940 res
2374 4888 2529 4941 aliter
2560 4903 2619 4943 se
2656 4888 2838 4943 habet.

2097 4980 2273 5051 Magni
2310 4982 2682 5036 hetaeriarchze
2717 4983 3020 5050 gestamina
3052 4990 3183 5037 sunt
3234 4983 3417 5053 qualia
3475 5000 3591 5036 ma-
3668 5032 3673 5037 .

2024 5073 2115 5139 gni
2145 5072 2449 5143 drungarii.
2481 5073 2544 5126 Et
2573 5074 3033 5143 quemadmodum
3070 5074 3252 5143 magni
3305 5075 3589 5143 drungarii

2026 5162 2253 5217 baculus
2283 5172 2367 5217 est
2389 5165 2539 5217 aurei
2575 5172 2628 5217 et
2657 5164 2898 5219 coccinei
2927 5164 3148 5229 coloris,
3186 5163 3263 5218 ita
3295 5164 3459 5234 hujus
3509 5176 3595 5219 est

2026 5257 2176 5311 aurei
2210 5267 2264 5311 et
2299 5259 2441 5310 caesii
2470 5257 2676 5310 intorti.

2101 5351 2280 5417 Magni
2312 5351 2631 5406 chartularii
2658 5349 2958 5419 gestamina
2990 5348 3171 5419 qualia
3205 5348 3389 5417 magni
3430 5349 3595 5403 heia:-

2028 5445 2158 5497 riart
2182 5445 2282 5499 haz.
2320 5442 2424 5496 Sed
2456 5452 2606 5497 caret
2639 5443 2854 5496 baculo.
2958 5464 2963 5473 ·

2103 5534 2414 5604 Logotheta:
2445 5550 2641 5588 cursus
2674 5535 2848 5603 pileus
2882 5544 2967 5590 est
2997 5533 3174 5605 qualis
3202 5525 3385 5600 magni
3434 5529 3596 5583 char-

2028 5626 2247 5679 tularii:
2280 5627 2385 5679 fert
2417 5625 2514 5679 iste
2555 5625 2893 5693 phaceolium
2931 5633 2985 5678 et
3037 5624 3375 5693 epiloricum,
3406 5629 3462 5673 at
3484 5634 3594 5673 non

2027 5719 2394 5771 St'aranicum.

2099 5810 2266 5866 Primi
2303 5812 2581 5866 secretarii
2632 5810 2802 5879 pileus
2851 5818 3023 5864 estex
3064 5823 3244 5878 panno
3276 5806 3475 5870 serico,
3501 5803 3597 5858 du-

2031 5904 2185 5972 plicis
2250 5905 2473 5968 coloris,
2506 5904 2735 5957 violacci
2769 5914 2823 5957 et
2875 5902 3024 5963 albi;
3078 5902 3279 5954 habens
3318 5900 3593 5964 ruat-gelum

3190 5994 3220 6030 ι)
