4050 6592
454 426 524 487 43
1650 415 1911 477 CODINI
1975 407 2496 473 CUROPALAT/E
3631 395 3702 460 ιι

455 555 522 592 ex
559 550 694 590 auro
744 529 960 596 ductili,
1001 529 1130 596 lata,
1165 544 1270 584 non
1306 530 1357 583 in
1411 528 1594 584 crucis
1625 525 1881 591 lormam,
1919 525 2012 581 sed

2131 522 2458 594 συρματέῑνσ.
2492 514 2720 580 πλατέα,
2749 514 2808 567 οὗ
2840 513 2943 584 μὴν
2978 508 3358 582 σταυροειδῶς,
3405 508 3543 564 ἀλλὰ
3595 527 3697 562 κυ-

457 631 509 684 in
541 630 729 682 orbem
756 628 902 680 circa
936 623 1194 678 verticem
1227 622 1374 692 pilei,
1407 622 1788 688 ambitumque
1817 619 2012 683 trullaz,

455 737 576 792 qum
640 735 802 788 supra
867 717 1028 772 habet
1082 715 1308 784 figuram
1375 713 1584 778 trifolii,
1623 711 2018 782 margellarum

399 841 407 850 -
455 827 643 882 opere,
685 811 848 880 quale
884 809 1296 876 descripsimus.
1345 804 1533 860 Gestat
1562 805 1907 874 phaceolium
1966 809 2020 856 et

457 906 804 976 epiloricum,
831 917 892 956 ea
924 901 1104 972 specie
1135 915 1237 970 qua
1272 898 1568 970 logotbeta.
1638 897 1798 952 Caret
1836 904 1892 951 et
1919 896 2020 950 iste

453 997 758 1053 searanico.

527 1089 630 1157 23
674 1084 918 1142 Praefecti
972 1081 1244 1138 exercitus
1293 1081 1465 1150 pileus
1509 1092 1645 1132 auro
1679 1083 1859 1130 textus
1912 1083 2016 1129 est.

457 1178 800 1235 Cabbadium
863 1184 920 1232 et
981 1173 1325 1230 scaranicum
1382 1170 1563 1242 qualia
1623 1167 1805 1239 magni
1857 1166 2020 1220 char-

530 1369 756 1438 Mystico
793 1364 1136 1432 phaceolium
1172 1358 1432 1430 competit
1471 1365 1525 1411 et
1582 1354 1928 1425 epiloricum,
1967 1360 2024 1406 at

353 1469 358 1472 '
457 1477 566 1514 non
601 1458 972 1515 scaranicum.

527 1549 821 1604 Domestici
849 1541 854 1545 ’
881 1547 1190 1601 scholarum
1245 1539 1551 1613 gestamina
1611 1534 1847 1596 similia,
1889 1537 2017 1587 sunt

457 1639 690 1712 praefecti
738 1639 1031 1694 exercitus.
1091 1635 1328 1691 Baculus
1387 1633 1506 1701 ejus
1565 1636 1854 1696 argenteus
1915 1631 2020 1688 est,

458 1737 578 1791 sine
633 1751 807 1800 auro;
851 1746 1088 1802 superne
1138 1729 1340 1783 bullam
1393 1725 1576 1786 habet.
1609 1731 1662 1778 et
1711 1719 1848 1774 nihil
1885 1733 2022 1788 pra:-

458 1841 601 1884 terea
612 1868 624 1884 ο

529 1919 706 1986 Magni
741 1915 1017 1986 drungarii
1054 1913 1247 1967 classrs
1308 1905 1611 1979 gestamina
1667 1901 1864 1958 Similia
1897 1909 2024 1956 sunt

459 2011 745 2068 domestici
785 2008 1116 2064 scholarum.
1155 2003 1318 2058 Caret
1353 1999 1563 2056 baculo.

534 2187 832 2248 l’rimicerii
865 2185 1002 2241 aula:
1033 2182 1207 2252 plleus
1230 2177 1557 2234 cabbadium
1588 2182 1641 2229 et
1676 2168 2021 2227 scaranicum

459 2287 775 2348 comparata
813 2282 942 2332 sunt
988 2281 1048 2327 ut
1077 2270 1259 2342 magni
1292 2267 1596 2338 drungarii.
1629 2261 1866 2318 Baculus
1907 2259 2026 2328 ejus

461 2372 740 2430 storeatim
829 2370 1021 2440 plexus
1089 2379 1317 2420 aureum
1394 2363 1724 2428 caasiumque
1782 2356 2024 2412 colorem

459 2465 703 2537 praefert,
741 2463 901 2520 sicuti
933 2458 1163 2516 baculus
1191 2453 1650 2528 protovestiaritze
1677 2467 1743 2507 ex
1777 2462 1945 2504 aureo
1973 2457 2029 2504 et

459 2573 740 2616 00001118οο

532 2646 965 2718 Protospatharii
996 2645 1193 2715 pileus,
1226 2639 1547 2697 cabbadium
1579 2647 1634 2692 et
1685 2634 2026 2692 scaranicum

463 2744 658 2801 similia
694 2750 818 2798 sunt
854 2736 1152 2811 primicerii
1183 2735 1360 2793 aulae;
1396 2748 1498 2788 nec
1530 2731 1701 2786 utitur
1737 2729 1954 2784 baculo.

535 2923 710 2996 Magni
743 2921 1005 2993 principis
1031 2918 1215 2990 qualia
1240 2912 1690 2988 protospatbarii.
1724 2911 1911 2982 Neque
1942 2910 2029 2965 hic

464 3021 714 3078 baculum
753 3016 933 3070 habet.
1732 3031 1736 3034 -

533 3111 684 3165 Tatae
722 3107 882 3162 aulici
915 3115 974 3158 ut
1009 3100 1188 3172 magni
1219 3097 1508 3170 principis.
1535 3093 1768 3150 Baculus
1801 3092 1920 3163 ejus
1945 3099 2029 3148 est

463 3208 665 3277 lignum
693 3201 849 3256 lznve.

534 3296 761 3367 Magnus
788 3290 980 3347 tzausii
1031 3287 1224 3357 pileus,
1259 3284 1579 3341 cabbadium
1608 3291 1661 3338 et
1691 3281 2027 3339 scaranicum

467 3391 666 3448 similia
718 3396 845 3446 sunt
900 3393 1024 3439 tatze
1056 3381 1164 3453 24
1195 3379 1355 3435 aulici
1387 3395 1402 3434 :
1451 3387 1626 3446 gestat
1664 3377 1781 3448 ipse
1835 3390 1864 3428 a
1899 3375 2030 3429 sini-

466 3499 576 3542 stra
607 3493 761 3554 parte
810 3493 959 3535 zona:
999 3479 1348 3541 siromasten,
1381 3487 1544 3544 quem
1606 3471 1768 3540 vulgo
1798 3468 2028 3525 salibam

466 3585 683 3635 voeanl.

533 3760 730 3816 Omnia
752 3754 1053 3829 gestamina
1074 3747 1320 3822 praetoris
1339 3745 1520 3818 populi
1549 3743 1882 3800 conveniunt
1907 3752 2030 3797 cum

465 3850 859 3925 gestaminibus
883 3844 1061 3915 magni
1085 3840 1300 3898 tzausii.
1323 3837 1555 3894 Baculus
1577 3835 1696 3906 ejus
1717 3842 1800 3891 est
1821 3833 2029 3904 lignum

467 3953 617 4004 laeve.

537 4043 852 4114 Logothetae
882 4048 1064 4091 rerum
1101 4026 1527 4086 domesticarum
1559 4027 1882 4090 competunt
1901 4017 2034 4087 pha-

467 4140 698 4195 ccolium
733 4144 787 4190 et
815 4128 1160 4202 epiloricum,
1193 4130 1246 4175 at
1277 4135 1385 4175 non
1413 4115 1782 4174 scaranieum.

538 4228 714 4299 Magni
744 4199 1048 4294 legariastaz
1077 4213 1260 4286 qualia
1292 4207 1580 4280 logotheta:
1609 4216 1791 4259 rerum
1853 4199 2034 4256 dome-

467 4325 751 4381 sticarum.

535 4408 786 4468 Primarii
821 4401 1098 4469 venatoris
1125 4396 1319 4469 pileus,
1349 4388 1671 4449 cabbadium
1699 4393 1752 4442 et
1785 4380 2033 4440 scarani-

467 4523 591 4564 cum
626 4505 824 4558 habent
854 4512 914 4552 se
944 4504 1002 4548 ut
1029 4490 1274 4564 praetoris
1307 4483 1510 4556 p0puli.
1544 4478 1804 4536 Similiter
1832 4486 1886 4531 et
1911 4489 2036 4530 seu-

2123 615 2330 678 κλόθεν,
2364 611 2486 682 περι
2515 628 2570 663 τε
2604 608 2664 662 τὸ
2685 607 2849 677 ἄκρον
2870 607 2960 659 τοῦ
2998 602 3238 658 σκιαδὶου
3271 602 3366 654 καὶ
3399 601 3489 654 τὸν
3523 601 3690 670 γῦρον

2122 709 2218 777 τῆς
2253 705 2505 774 τρούλης.
2537 703 2654 773 ἥτις
2681 699 2790 770 ἔχει
2825 700 3009 752 ἐπάνω
3041 694 3211 748 τύπον
3239 693 3557 763 τριφύλλου,
3605 693 3693 746 διὰ

2126 789 2609 869 μαργελλίου,οἷον
2633 791 2877 860 εἴπομεν.
2923 789 3084 857 Φορεί
3139 788 3195 840 δὲ
3248 785 3554 854 φακεωλίδαι
3599 787 3694 838 καὶ

2123 892 2489 959 ὲπιλούρικον,
2515 881 2600 938 οἷα
2629 885 2694 937 τά
2724 885 2817 936 τοῦ
2847 881 3133 950 λογοθέτου
3163 896 3177 910 ·
3221 879 3314 930 καὶ
3367 877 3475 930 οὐδ’
3537 875 3695 938 0610;

2126 1001 2225 1036 σκα
2237 981 2452 1050 ράνικςν
2469 1011 2480 1026 .
2577 1043 2584 1050 θ

2194 1075 2268 1126 ἰὀ
2303 1074 2393 1126 106
2425 1075 2516 1125 ἐπὶ
2546 1073 2635 1124 τοῦ
2663 1068 2888 1141 στρατοῦ
2925 1066 3164 1120 σκιάδιον
3192 1061 3494 1116 κλαπωτόν.
3532 1061 3603 1112 Τδ
3637 1059 3692 1110 δὲ

2125 1166 2414 1221 καϐὀάδιςν
2447 1165 2538 1218 καὶ
2571 1165 2897 1233 σκαράνικον
2925 1156 3089 1212 αὑτοῦ
3119 1149 3207 1210 οἷά
3231 1157 3298 1207 τὶ
3325 1153 3417 1206 τοῦ
3454 1151 3692 1220 μεγάλου

2126 1259 2388 1329 χάρτουλσ
2398 1261 2510 1326 ρίου
2521 1299 2533 1312 .

2192 1351 2274 1404 Τά
2303 1351 2395 1404 τοῦ
2430 1348 2695 1418 μυστικοῦ
2747 1344 3022 1416 φακεωλὶς
3053 1342 3148 1395 καὶ⁵
3207 1339 3568 1410 ὲπιλούρικον,
3631 1336 3692 1388 οὐ

2129 1443 2233 1514 μὴν
2260 1443 2354 1496 καὶ
2384 1459 2485 1494 σκα
2495 1442 2737 1512 ράνικον.

2199 1535 2278 1589 Τὰ
2311 1533 2402 1587 τοῦ
2435 1532 2752 1603 δομεστικου
2801 1530 2906 1583 τῶν
2941 1528 3144 1598 σχολῶν
3191 1526 3474 1597 φορέματα
3531 1524 3693 1588 ὃμοια

2127 1630 2237 1692 τοῖς
2263 1626 2355 1681 τοῦ
2388 1627 2480 1680 ὲπὶ
2504 1624 2599 1677 τοῦ
2636 1622 2886 1692 στρατοῦ.
2924 1623 2998 1674 Τὸ
3027 1621 3323 1674 δικανίκιον
3371 1616 3536 1671 αὑτοῦ
3590 1616 3692 1686 ἀρ-

2127 1721 2331 1791 γυροῦν
2367 1721 2484 1790 μὲν,
2509 1715 2824 1788 ἁχρύσωτον
2865 1717 2942 1780 δὲ,
2973 1715 3094 1782 ἔχον
3121 1715 3188 1767 τὰ
3214 1714 3396 1767 ἐπάνω
3425 1711 3520 1765 καὶ
3556 1708 3694 1780 μετὰ

2129 1813 2220 1867 τὸν
2258 1811 2507 1865 κόνδυλον
2537 1810 2722 1880 ἓτερον
2749 1810 2962 1878 κόμπον
2991 1807 3084 1860 καὶ
3112 1807 3272 1859 πλέον
3299 1804 3477 1859 οὐδέν.

2193 1906 2276 1960 Τὰ
2320 1903 2415 1958 106
2444 1903 2681 1972 μεγάλου
2715 1900 3077 1970 δρουγγαρεου
3136 1897 3230 1950 τοῦ
3279 1897 3466 1949 στόλου
3524 1894 3689 1962 φορέ-

2128 2017 2272 2072 ματα
2304 1998 2482 2053 πάντα
2517 1999 2677 2066 ὅμοια
2714 1996 2827 2058 τοῖς
2856 1992 2948 2046 τοῦ
2983 1987 3300 2063 δομεστίκου
3332 1987 3439 2042 τῶν
3466 1987 3692 2059 σχολῶν,

2126 2097 2218 2149 καὶ
2253 2095 2380 2148 ἄνευ
2412 2090 2730 2145 δικανικίου.

2205 2188 2283 2241 Τὰ
2343 2185 2439 2239 106
2497 2180 2895 2254 πριμμικηρῑου
2938 2179 3036 2248 τῆς
3087 2176 3278 2245 αὐλῆς,
3327 2176 3495 2244 ἤγουν
3534 2172 3593 2226 τό
3634 2189 3692 2224 τε

2129 2280 2363 2333 σκιάδιον
2406 2283 2497 2330 καὶ
2546 2276 2606 2328 τὸ
2638 2273 2929 2328 καδὸάδιον
2965 2269 3151 2324 καὶτὸ
3215 2267 3564 2336 σκαράνικον,
3619 2263 3694 2326 ὼς

2127 2373 2221 2426 καὶ
2247 2371 2312 2424 τὰ
2340 2368 2433 2422 τοῦ
2467 2367 2704 2438 μεγάλου
2733 2363 3117 2435 δρουγγαριου.
3174 2359 3248 2413 Τδ
3291 2359 3348 2412 δὲ
3398 2355 3696 2411 δικανικιον

2127 2464 2291 2520 αὑτοῦ
2315 2462 2716 2534 χρυσοηέράνον
2744 2456 3106 2526 συῦαλταρέα,
3129 2453 3317 2524 ὥσπερ
3342 2453 3400 2506 τὸ
3429 2449 3521 2504 τοῦ
3547 2467 3696 2520 πρω-

2127 2557 2532 2627 τοὸεστιαρίτου
2544 2597 2555 2616 ,
2581 2573 2612 2624 χ
2619 2552 3036 2625 ρυσοκόκκινον.
3558 2555 3566 2560 ‘

2195 2651 2270 2706 Τὸ
2308 2648 2400 2703 τοῦ
2439 2645 2943 2718 πρωτοσπαθαρίου,
2982 2642 3246 2706 σκιάδιον,
3297 2639 3356 2692 τὸ
3405 2635 3698 2691 καὸὁάδιον

2130 2744 2224 2797 καὶ
2251 2743 2311 2795 τὸ
2345 2741 2690 2805 σκαράνικον,
2721 2739 2884 2807 ὅμοια
2938 2739 3052 2797 τοῖς
3119 2733 3216 2786 τοῦ
3287 2727 3695 2801 πριμμικηρίυυ

2129 2836 2228 2903 τῆς
2257 2833 2444 2899 αὐλῆς.
2478 2831 2642 2884 Οὐδὲν
2666 2830 2720 2882 δὲ
2755 2831 2945 2900 κρατεῖ
2971 2827 3289 2880 δικάνίκιον.

2197 2927 2278 2980 Τά
2305 2925 2399 2980 τοῦ
2430 2924 2665 2995 μεγάλου
2698 2924 2958 2992 ἄρχοντος
2991 2916 3079 2973 οἷα.
3105 2921 3174 2972 τὰ
3211 2917 3310 2972 τοῦ
3350 2913 3516 2970 αὐτοῦ
3550 2929 3699 2983 πρω-

2130 3017 2518 3087 τοσπαθαριου.
2553 3015 2664 3069 Καὶ
2695 3015 2814 3068 οὐδὲ
2841 3006 2997 3075 οὗτος
3022 3015 3211 3081 κρατεῖ
3238 3008 3557 3061 δικανίκιον.

2202 3110 2310 3165 Καὶ
2347 3109 2412 3162 τά
2465 3107 2558 3161 τοῦ
2601 3107 2736 3159 τατᾶ
2780 3106 2878 3174 τῆς
2929 3103 3097 3172 αὐλῆς
3141 3101 3214 3163 ὡς
3243 3101 3311 3154 τὰ
3338 3098 3430 3153 τοῦ
3461 3097 3697 3170 μεγάλου
3737 3101 3744 3109 ’

2055 3209 2100 3269 (ι
2133 3205 2414 3274 ἄρχοντος.
2443 3198 2516 3251 Τὸ
2545 3196 2844 3250 δικανίκιον
2867 3192 3034 3248 αὐτοῦ
3070 3178 3226 3258 ξῦλον
3253 3189 3416 3244 λεῖον.

2205 3291 2278 3345 Τὸ
2323 3291 2418 3343 τοῦ
2452 3289 2688 3358 μεγάλου
2742 3283 3025 3349 τζαουσίου
3081 3280 3344 3340 σκιάδιον,
3404 3275 3699 3332 καδσάδιον

2135 3387 2226 3439 καὶ
2250 3384 2309 3436 τὸ
2341 3381 2690 3451 σκαράνικυν,
2723 3377 2818 3431 καὶ
2848 3376 3018 3429 ταῦτα
3044 3373 3120 3437 ὡς
3161 3372 3255 3426 τοῦ
3287 3371 3426 3424 τατᾶ
3477 3369 3572 3439 τῆς
3605 3368 3700 3420 αὑ-

2131 3478 2248 3544 λῆς.
2277 3476 2434 3543 Φέρει
2463 3471 2519 3524 δὲ
2547 3464 2700 3531 οὗτος
2725 3468 2831 3521 ἀπὸ
2880 3467 2974 3520 τοῦ
3024 3461 3313 3534 ἀριστεροῦ
3358 3463 3559 3532 μέρους
3603 3460 3700 3528 τῆς

2132 3567 2310 3637 ζώνης
2362 3561 2526 3618 αὑτοῦ
2569 3559 2957 3632 σειρομάστην,
3008 3554 3067 3608 δν
3106 3553 3299 3618 κοινῶς
3352 3550 3576 3604 καλοῦσι
3605 3563 3699 3600 σα-

2131 3661 2310 3717 λίϐαν.

2195 3752 2274 3804 Τά
2336 3749 2430 3803 τοῦ
2480 3748 2776 3819 πραίτορος
2817 3743 2907 3798 106
2963 3743 3134 3813 δήμου
3195 3739 3372 3792 πάντα
3419 3738 3699 3809 φορέματα

2133 3845 2291 3912 ὃμοια
2325 3842 2432 3903 τοῖς
2470 3839 2563 3892 τοῦ
2621 3837 2855 3908 μεγάλου
2903 3831 3208 3898 τζαουσίου.
3257 3827 3329 3881 Τὸ
3389 3827 3687 3881 δικανίκιον

2112 3928 2116 3932 ’
2133 3937 2202 3990 αὑ
2212 3935 2300 3988 106
2330 3933 2484 4000 ξύλον
2508 3931 2674 3984 λεῖον.

2200 4028 2283 4079 Τά
2328 4025 2420 4077 τοῦ
2469 4023 2756 4090 λογοθέτου
2795 4020 2905 4073 τῶν
2936 4015 3226 4076 οἰκειακῶν
3283 4014 3556 4086 φακεωλὶς
3608 4019 3702 4070 καὶ

2135 4119 2496 4187 ἑπιλούρικον,
2525 4115 2587 4168 οὐ
2613 4113 2717 4185 μὴν
2744 4112 2801 4166 δὲ
2833 4111 3183 4180 σκαράνικον.

2209 4213 2290 4264 Τὰ
2309 4211 2404 4264 τοῦ
2441 4208 2675 4279 μεγάλου
2707 4203 3068 4277 λογαριαστοῦ
3094 4199 3181 4255 οἶα
3205 4199 3274 4259 τὰ
3294 4199 3388 4254 τοῦ
3417 4198 3701 4267 λογοθέτου

2135 4304 2243 4357 τῶν
2272 4301 2583 4356 οῐκειακῶν.

2213 4397 2288 4448 Τὸ
2314 4394 2406 4448 τοῦ
2442 4391 2870 4463 πρωτοκυνηγοῦ
2903 4390 3165 4457 σκιάδιον,
3194 4389 3255 4441 τὸ
3282 4387 3576 4442 κασὸάδιον
3612 4386 3704 4438 καὶ

2135 4490 2196 4544 τὸ
2235 4489 2586 4561 σκαράνικον,
2611 4486 2687 4550 ὡς
2715 4486 2780 4540 τὰ
2800 4485 2895 4540 τοῦ
2929 4483 3220 4554 πραίτορος
3243 4479 3338 4535 τοῦ
3370 4481 3568 4550 δήμου.
3602 4480 3705 4534 Καὶ

470 4601 591 4658 terii
622 4613 714 4653 seu
749 4589 1014 4650 semiferi.
1059 4585 1166 4639 Nec
1200 4580 1530 4636 dissentiunt
1561 4571 1862 4645 gestamina
1896 4569 2025 4623 ami-

2140 4586 2204 4636 τὰ
2228 4581 2320 4634 τοῦ
2349 4551 2674 4650 ’σκουτερέου
2705 4575 2946 4630 τοιαῦτα.
2973 4551 3074 4627 -Τὰ
3120 4551 3211 4625 106
3263 4569 3568 4642 άμηραλιου
3601 4571 3708 4621 (ba.

467 4695 800 4841 raIl‘)lr'.:acl‘eeto
849 4775 1154 4846 supplicum
1215 4764 1469 4839 precibus
1526 4763 1846 4830 competunt
1897 4751 2032 4832 pha-

467 4879 706 4937 ceolium
745 4883 800 4930 et
840 4867 1188 4940 epiloricum,
1226 4869 1281 4915 at
1311 4873 1422 4913 non
1458 4853 1822 4910 scaranicum.

537 4965 832 5036 anestoris
857 4939 1052 5031 pileus,
1074 4954 1392 5012 cabbadium
1413 4944 1815 5004 etscaranicum
1839 4939 2036 4998 similia

467 5070 596 5118 sunt
621 5056 799 5127 magni
830 5051 1044 5108 tzausii.

539 5125 731 5220 Magni“
784 5143 1144 5200 aduumiasta‘.
1192 5136 1374 5208 qualia
1429 5130 1740 5203 quaestoris.
1803 5125 2035 5181 Baculus

461 5249 585 5320 ejus
623 5253 911 5313 argenteus
943 5246 1049 5299 est.
1101 5233 1217 5287 auri
1268 5244 1483 5298 expers,
1547 5226 1754 5279 habens
1803 5233 2035 5289 superne

467 5317 638 5393 unum
676 5333 877 5389 nodum
911 5337 966 5384 et
993 5327 1194 5390 solum,
1225 5323 1313 5377 cui
1339 5320 1541 5376 insidet
1575 5317 1854 5374 columba.

538 5518 855 5589 Logothetaa
885 5509 1162 5567 exercitus
1191 5504 1497 5576 gestamina
1529 5507 1656 5557 sunt
1681 5497 2032 5570 phaceolium

471 5627 526 5673 et
558 5611 901 5686 epiloricum,
935 5615 991 5660 at
1030 5619 1136 5658 non
1171 5598 1542 5662 searanicum,

545 5794 716 5852 Primi
770 5784 1098 5859 accipitrarii
1131 5783 1326 5853 pileus,
1361 5779 1680 5834 cabbadium
1707 5786 1760 5831 et
1790 5776 2039 5833 scarani~

472 5906 595 5949 cum
636 5888 838 5944 similia
875 5893 1004 5941 sunt
1035 5880 1214 5952 magni
1248 5877 1629 5933 aduumiaslte.
1659 5873 1782 5931 Fert
1814 5874 1864 5928 in
1900 5887 2034 5929 zona

2141 4690 2341 4736 αυτως.

2208 4766 2286 4819 Τὰ
2311 4764 2404 4818 τοῦ
2439 4766 2530 4818 ἐπὶ
2557 4762 2664 4816 τῶν
2693 4762 2930 4830 δεήσεων
2961 4757 3232 4826 φακεωλὶς
3283 4767 3379 4810 και
3426 4751 3705 4822 ὲπιλουρί-

2139 4875 2274 4922 κιον,
2305 4857 2364 4910 οὐ
2401 4856 2508 4926 μὴν
2537 4853 2591 4906 δὲ
2626 4852 2971 4921 σκσράνικον.

2219 4950 2292 5002 Τὸ
2315 4949 2409 5002 τοῦ
2441 4948 2780 5014 κοιαίστορος
2811 4944 3069 5009 σκιάδιον,
3100 4942 3160 4995 τδ
3209 4940 3502 4996 καὸδάδιον
3531 4938 3706 4994 καὶτὸ

2141 5043 2491 5113 σκαράνικον,
2517 5042 2677 5108 ὃμοια
2709 5041 2820 5100 τοῖς
2850 5036 2945 5089 106
2992 5036 3226 5104 μεγάλου
3258 5034 3561 5099 τζαουσὶου.

2213 5136 2318 5188 Καὶ
2370 5134 2437 5186 τά
2489 5131 2580 5185 τοῦ
2627 5131 2862 5202 μεγάλου
2918 5127 3317 5197 άὸνουμίιστοῦ
3372 5122 3460 5178 οἷά
3513 5125 3582 5179 τὰ
3611 5125 3708 5178 τοῦ

2085 5225 2097 5234 ’
2141 5227 2510 5295 κοιαξστορος·
2575 5224 2635 5275 τὸ
2693 5222 2746 5274 δὲ
2822 5219 3120 5273 δικανίκιον
3189 5216 3354 5270 αὑτοῦ
3432 5217 3708 5286 ἀργυροῦν

2140 5317 2486 5388 ἁχρύσωτον,
2557 5315 2680 5384 ἔχον
2739 5315 2922 5367 ἐπάνω
2978 5310 3189 5379 κόμπον
3240 5310 3338 5362 ἕνα
3389 5309 3482 5361 καὶ
3523 5309 3705 5379 μόνον,

2141 5410 2332 5481 ἔχονιὶά
2356 5407 2762 5478 ὲπικαοιεμένην
2789 5404 3138 5474 περιστεράν.

2211 5503 2291 5555 Τά
2354 5498 2448 5554 τοῦ
2493 5499 2774 5565 λογοθέτου
2837 5494 2932 5550 τοῦ
2988 5493 3380 5563 στρατιωτικοῦ
3421 5491 3708 5562 φορέματα

2145 5593 2415 5663 φακεωλὶς
2472 5591 2562 5644 καὶ
2617 5586 2983 5656 ἐπιλούρικον,
3028 5585 3088 5637 οὑ
3147 5584 3253 5654 μὴν
3299 5583 3394 5637 καὶ
3451 5582 3711 5649 σκαράνι-

2144 5704 2259 5742 κον.

2212 5779 2285 5833 Τὸ
2314 5778 2406 5832 τοῦ
2455 5773 2958 5846 πρωτοῖερακαρίου
2995 5771 3254 5832 σκιάδιον,
3294 5767 3356 5820 τὸ
3420 5765 3710 5820 καὸϐάδιον

2145 5874 2239 5927 καὶ
2267 5874 2324 5926 τὸ
2357 5873 2702 5942 σκνιρςὶνικον,
2739 5870 2899 5938 ὅμοια
2930 5868 3041 5928 τοῖς
3073 5863 3165 5916 τοῦ
3223 5860 3460 5932 μεγάλου
3522 5859 3713 5914 άδνου-
