4050 6596
322 418 396 484 45
1324 432 1423 494 DE
1463 434 1788 498 OFFlCIlS
1813 436 2291 504 CPOLITANIS.
2324 441 2482 507 CAP.
2532 444 2629 506 ιν.
3534 456 3602 516 ις

324 535 581 606 μιαστοῦ.
608 537 782 609 Φέρει
811 538 871 593 δὲ
895 539 991 594 ἐπὶ
1016 538 1193 613 ζώνης
1218 543 1546 614 χειρόρτιον,
1601 546 1918 619 ἀριστερὸν,

2037 552 2092 607 Id
2134 552 2415 609 sinistram
2448 555 2806 623 chirotecam,
2863 576 2983 630 qua:
3017 563 3162 618 circa
3201 581 3476 624 summum
3501 572 3607 641 25

320 628 450 697 ἔχον
480 627 611 699 περὶ
630 630 735 700 τὴν
766 630 869 700 τῆς
902 632 1109 686 εἰσόδου
1138 633 1317 703 ἄκραν
1370 637 1726 707 ἔῤῥαμμὲνον
1783 655 1926 709 μαρο

321 718 561 786 γέλλιον,
592 719 838 788 ὖφιντδν
868 719 993 792 ἔχον
1021 724 1216 786 ἀετοὺς
1244 723 1423 789 όξέας.

392 811 479 865 Τά
503 794 603 865 τοῦ
635 812 929 880 λογοθὲεου
958 815 1064 868 τῶν
1086 815 1304 883 άγελῶν
1344 818 1616 884 φακεωλὶς
1653 819 1747 872 καὶ
1801 822 1925 873 ιτα-

319 906 620 978 λοῦρικον,
651 908 728 973 ὡς
757 911 827 964 τὰ
860 910 957 965 τοῦ
1015 910 1310 981 λογοοέτου
1343 912 1438 967 τοῦ
1479 914 1881 985 στρατιωτικοῦ
1906 954 1922 980 ,

320 1001 385 1054 οὐ
418 1002 529 1071 μὴν
561 1003 661 1056 καὶ
702 1003 1063 1072 σκαράνικον.

400 1096 481 1149 Τὸ
525 1096 623 1149 τοῦ
672 1096 915 1165 μεγάλου
976 1086 1379 1170 διερμηνευτοῦ
1440 1100 1686 1156 σκιάδιον
1733 1101 1829 1155 καὶ
1862 1100 1926 1154 τὸ

320 1188 631 1244 κασδάδιον
652 1188 729 1252 ὡς
743 1189 814 1242 τὰ
836 1187 932 1243 τοῦ
956 1190 1483 1260 πρωτοῖερακαρίου.
1512 1192 1585 1244 Τὸ
1599 1191 1928 1264 σκαράνιλιον

322 1281 503 1334 αὐτοῦ
529 1280 882 1351 ἐνδεδυμένον
912 1282 1139 1352 χασδίῳ,
1163 1282 1289 1351 ἔχον
1320 1283 1412 1336 ἐπὶ
1442 1286 1688 1355 κορυφῆς
1723 1282 1925 1355 μικράν

322 1373 546 1442 τοῦφαν
593 1375 879 1447 κοκκίνην.
928 1374 1038 1429 Τοῦ
1080 1374 1389 1430 δικανικίου
1433 1376 1601 1432 αὐτοῦ
1636 1379 1696 1432 τὸ
1731 1377 1833 1446 μὲν
1865 1376 1926 1431 ἓν

327 1467 574 1535 πλάγιον
610 1468 888 1535 κόκκινον,
917 1468 981 1522 ea
1011 1467 1068 1522 δὲ
1093 1467 1286 1540 ἕτερον
1307 1468 1596 1542 ἀργυροῦν
1626 1470 1716 1525 διὰ
1747 1487 1922 1529 πετασ-

326 1558 455 1611 λὶοο
486 1560 868 1630 ζωγραφικοῦ.

405 1650 483 1709 Τὸ
507 1651 603 1705 τοῦ
646 1652 945 1707 ἀκολούθου
999 1653 1266 1718 σκιάδιον.
1295 1654 1359 1709 τδ
1411 1653 1712 1709 καδσάδιον
1742 1653 1838 1705 καὶ
1863 1654 1924 1705 τὸ

330 1742 678 1813 σωράνικον
729 1746 896 1815 ὅμοια
926 1746 1045 1809 τοῖς
1083 1744 1181 1800 τοῦ
1215 1744 1459 1816 μεγάλου
1501 1743 1921 1816 διερμηνευτοῦ,

329 1836 473 1889 ἄνευ
501 1837 562 1891 δὲ
582 1837 919 1893 δικανικίου.

2030 642 2339 715 ingressum
2379 646 2542 702 habet
2592 648 2829 705 insulam
2889 656 3229 724 margellam,
3286 660 3373 716 cui
3432 644 3609 731 subii?

1970 729 1978 735 ’
2027 737 2250 792 ciunlur
2285 737 2516 795 violacei
2550 741 2758 798 coloris
2792 746 3011 813 aquilae.

2100 827 2415 898 Logotbetae
2448 833 2528 887 rei
2560 833 2836 902 pecuaria:
2859 852 2957 891 seu
2993 854 3218 910 gregum
3266 843 3606 913 phaceolium

2029 930 2084 974 et
2103 920 2423 987 epiloricnm
2460 924 2641 993 qualia
2674 925 2968 997 legothetaa
2999 933 3276 991 exercitus
3305 952 3324 990 :
3352 939 3443 993 sed
3486 954 3611 994 sca-

2006 1012 2218 1068 -ranico
2245 1030 2350 1068 non
2385 1016 2579 1072 utitur.

2105 1101 2285 1173 Magni
2314 1104 2631 1175 interpretis
2656 1108 2835 1178 pileus
2851 1120 2907 1165 et
2931 1114 3256 1171 cabbadium
3288 1117 3609 1191 sicutprimi

2032 1191 2387 1261 accipitrarii.
2424 1193 2780 1255 Scaranicum
2844 1202 2967 1271 ejus
3030 1216 3117 1260 est
3169 1207 3448 1263 sull‘nltum
3525 1227 3612 1267 se-

2031 1281 2553 1355 ricoheteromallo,
2585 1292 2821 1356 cujusiu
2868 1297 3074 1352 vertice
3125 1314 3328 1368 parvus
3382 1300 3608 1367 ﬂoccus.
3646 1361 3670 1387 ο

2029 1372 2190 1444 isque
2207 1378 2500 1435 coccineus
2515 1395 2764 1451 apparet.
2787 1383 2969 1441 Baculi
2989 1387 3110 1458 ejus
3132 1406 3300 1446 unum
3323 1393 3464 1449 latus
3482 1409 3610 1451 coc-

2028 1465 2249 1524 cineum
2281 1480 2388 1537 est,
2423 1472 2657 1529 alterum
2687 1485 3002 1548 argenteum
3025 1497 3190 1552 opere
3213 1485 3467 1554 pictorio.

2099 1649 2356 1705 Aroluthi
2383 1652 2562 1722 pileus
2589 1666 2642 1711 et
2669 1657 2993 1716 cabbadium
3019 1671 3075 1717 et
3095 1665 3435 1721 searanieum
3455 1666 3612 1723 simi-

2029 1741 2099 1796 lia
2133 1751 2266 1798 sunt
2296 1747 2477 1817 magni
2509 1747 2846 1820 interpretis,
2878 1754 2973 1810 sed
3005 1765 3150 1810 caret
3180 1757 3398 1813 baculo.

409 1931 495 1987 τά
549 1932 649 1986 τοῦ
680 1931 921 2002 μεγάλου
963 1932 1246 2004 διοικητοῦ
1280 1934 1570 2006 (κρέμαιτο
1610 1928 1703 1986 οἷα
1731 1931 1800 1985 τὰ
1823 1929 1919 1984 τοῦ

2098 1922 2276 1993 Magni
2299 1925 2765 1988 administratoris
2796 1935 3100 2003 gestamina
3126 1953 3198 2007 qu
3220 1938 3310 1995 ilia
3344 1941 3608 1999 acoluthi.

331 2023 666 2079 ἀκολούθου.
722 2024 887 2097 Φέρει
944 2025 1004 2080 δι
1032 2024 1360 2093 δικανικιον,
1402 2025 1564 2092 ξύλον
1611 2024 1758 2077 λεῖον
1790 2020 1921 2077 ἄνευ

334 2116 576 2185 κόμϐου.

410 2209 496 2263 Τά
526 2209 622 2264 τοῦ
665 2210 856 2281 κριτοῦ
890 2208 987 2264 τοῦ
1016 2214 1309 2281 φωσσάτου
1336 2212 1414 2277 ὡς
1446 2215 1517 2267 τά
1548 2213 1643 2268 τοῦ
1685 2213 1925 2286 μεγάλου

332 2303 626 2376 διοικητοῦ
645 2320 660 2335 ’
730 2304 885 2360 οὖδδν
917 2305 978 2360 δὶ
1003 2309 1198 2378 κρατεῐ
1220 2306 1552 2363 δικανίιιιον.

410 2397 499 2450 Τά
519 2395 618 2450 τοῦ
660 2397 925 2468 ἄρχοντος
972 2396 1067 2452 τοῦ
1096 2399 1319 2468 ἀλογίου
1364 2398 1545 2454 πάντα
1586 2393 1678 2453 οἷαι
1708 2399 1781 2453 τά
1825 2394 1924 2452 τοῦ

334 2488 534 2557 κριτοῦ
586 2488 683 2543 τοῦ
718 2489 1013 2560 φωσσάτου
1039 2504 1055 2519 ⁸
1104 2492 1303 2562 κρατεί
1351 2491 1408 2544 δὲ
1431 2490 1737 2544 δικανεκιον
1767 2489 1928 2555 ξύλον

332 2582 507 2638 λεῖον.

423 2678 504 2730 τὺ
556 2677 654 2731 τοῦ
681 2677 1216 2751 πρωταλλαγάτορος
1242 2678 1515 2746 σκιάδιον,
1546 2677 1607 2734 τὸ
1634 2675 1928 2731 καϐδάδιον

339 2773 437 2825 καὶ
463 2771 529 2825 τὸ
559 2771 901 2843 σκαράνικον
916 2773 1089 2843 ὅμοια
1119 2773 1236 2837 τοῖς
1273 2771 1373 2827 τοῦ
1405 2772 1672 2843 ἄρχοντος
1689 2768 1786 2825 τοῦ
1823 2769 1925 2823 ἀλ-

336 2865 563 2934 λαγξου.
586 2865 751 2935 Φέρει
795 2864 853 2919 δὲ
878 2866 999 2920 ἀντὶ
1037 2864 1345 2920 δικανικῑου
1400 2866 1471 2936 ἢν
1507 2863 1797 2926 ἰδιωτικῶς
1826 2878 1929 2916 κα-

310 2957 506 3033 λοῦσι
550 2958 904 3028 ματζοῦκαν,
954 2959 1229 3030 ἀργυρᾶν,
1265 2959 1720 3028 κεχρυσωμένην,
1782 2950 1851 3027 ἦς
1900 2955 1929 3009 ὁ

341 3050 607 3123 magis;
638 3050 995 3121 ινδεδυμένος
1029 3048 1237 3121 βλατίφ
1280 3050 1561 3120 κοκκινῳον
1587 3048 1728 3120 ἔχων
1748 3048 1830 3112 εἰς
1868 3047 1931 3101 τὸ

338 3145 520 3217 ἄκρον
543 3144 1119 3217 κατακεχρυσωμένον
1149 3144 1368 3215 βουτίον
1411 3143 1508 3198 καὶ
1536 3146 1681 3197 κατὰ
1709 3143 1811 3212 τὴν
1834 3139 1930 3212 μέ-

342 3257 451 3312 σην
473 3239 619 3311 δὲμα
633 3240 838 3310 ὁμοίως
863 3238 1306 3311 κεχρυσωμένον.

413 3332 505 3386 Τὰ
528 3330 625 3385 τοῦ
666 3331 1079 3403 ὀρφανοτρόφου
1129 3329 1381 3396 τοιαῦτα,
1447 3329 1577 3385 ἄνευ
1600 3325 1925 3383 δικανικίου.

342 3426 461 3479 Καὶ
489 3422 560 3478 τὰ
585 3422 683 3478 τοῦ
711 3423 1158 3495 πρωτονοταρὶου
1189 3423 1368 3478 πάντα
1389 3423 1576 3494 δμοια.

416 3517 503 3571 Τά
527 3516 624 3570 τοῦ
653 3518 747 3571 ἰπὶ
766 3515 880 3571 τῶν
923 3517 1291 3587 ἁναμνήσεων
1319 3510 1411 3570 οἷα
1439 3515 1509 3570 τὰ
1538 3513 1650 3569 τῶν
1683 3512 1793 3584 πρὸ
1824 3513 1929 3566 αῦ-

342 3610 469 3677 τοῦ,
498 3608 953 3681 πρωτονοταριου
980 3624 1042 3662 τε
1076 3611 1172 3661 καὶ
1205 3608 1316 3661 τῶν
1358 3606 1588 3661 λοιπῶν.
1624 3604 1733 3660 Τοῦ
1756 3605 1816 3660 δὲ
1848 3606 1932 3658 δι-

343 3702 599 3760 κινικίου
633 3701 800 3757 αὑτοῦ
823 3702 853 3755 δ
877 3701 977 3772 μιν
1005 3702 1192 3757 ὶπάνω
1212 3699 1466 3765 κόνδυλος
1486 3698 1928 3771 κεχρυσωμένος,

341 3798 406 3850 τὸ
430 3797 491 3850 δὲ
525 3795 717 3850 λοιπὸν
756 3792 1106 3866 συσαλταρέα
1132 3791 1595 3862 άσπροκόκκινον,
1628 3789 1758 3845 ἄνευ
1791 3806 1930 3860 χρυ-

344 3890 543 3959 σαφιου
565 3890 729 3953 τινός.

415 3982 501 4037 Τά
522 3978 619 4035 τοῦ
674 3980 1000 4052 δομεστίκου
1054 3978 1169 4034 τῶν
1221 3978 1450 4051 τειχέων
1505 3979 1581 4044 ὡς
1615 3978 1685 4031 τὰ
1709 3976 1804 4031 τοῦ
1841 3975 1935 4030 ἐπὶ

343 4076 456 4131 τῶν
479 4077 867 4146 άναμνήσεων.
887 4074 961 4128 Τὸ
986 4073 1044 4128 δὶ
1060 4069 1362 4128 δικανίκιον
1379 4072 1544 4128 αὑτοῦ
1574 4070 1731 4137 ξύλον
1766 4072 1931 4126 λεῖον.

416 4170 493 4222 Τὸ
517 4167 615 4221 τοῦ
644 4166 1069 4239 προκαθημένου
1119 4164 1214 4219 τοῦ
1247 4163 1510 4227 κοιτῶνος
1573 4163 1836 4228 σκιάδιον,
1872 4162 1935 4216 τὸ

352 4258 663 4315 κιδδάδιον
693 4259 788 4313 καὶ
823 4258 884 4311 νδ
939 4257 1193 4312 κόκκινον
1253 4256 1588 4327 σκαράνικον
1614 4256 1780 4327 ὅμοια
1823 4256 1936 4320 τοῖς

346 4348 448 4402 τοῦ
475 4347 815 4419 δομιστίκου
864 4346 975 4402 τῶν
1000 4347 1255 4418 τειχέων.
1292 4347 1367 4400 Τὸ
1427 4346 1735 4402 δικανῑκιον
1766 4345 1935 4401 αὐτοῦ

347 4443 510 4509 ξύλον
550 4442 713 4512 λεῖον.

420 4536 504 4590 Τὰ
534 4534 627 4590 τοῦ
658 4534 1084 4605 προκαθημένου
1138 4535 1452 4607 βεστιαρὶου
1516 4536 1718 4600 πάντα,
1754 4532 1935 4589 καὶτὸ

2028 2014 2212 2071 Baculi
2248 2017 2369 2074 loco
2393 2019 2497 2076 fert
2525 2021 2731 2094 lignum
2754 2024 2886 2082 laeve
2912 2026 3038 2083 siue
3071 2030 3234 2086 nodo.

2096 2217 2305 2277 iudicis
2338 2223 2616 2282 exercitus
2647 2227 2831 2296 qualia
2892 2232 3077 2301 magni
3113 2231 3608 2300 administratoris.

2028 2312 2125 2367 Sed
2155 2322 2308 2370 caret
2331 2315 2553 2374 baculo.

2101 2403 2347 2463 Praefecti
2383 2411 2566 2482 allagii
2600 2424 2924 2471 ornamenta
2955 2419 3291 2475 conveniunt
3320 2436 3444 2476 cum
3480 2423 3616 2478 insi-

2029 2498 2229 2569 gnibus
2273 2501 2479 2571 judicis
2527 2507 2823 2563 exercitus.
2879 2507 3113 2577 Baculus
3143 2511 3262 2582 ejus
3292 2522 3372 2569 est
3404 2514 3611 2588 lignum

2030 2588 2187 2647 laeve.

2103 2683 2552 2759 Protallagatoris
2587 2691 2784 2760 pileus.
2818 2695 3147 2753 cabbadium
3182 2708 3236 2757 et
3264 2701 3610 2756 scarauicnm

2035 2779 2239 2837 similia
2273 2794 2401 2838 sunt
2432 2784 2499 2839 iis
2524 2785 2726 2855 quibus
2759 2786 3059 2845 decoratur
3092 2792 3384 2862 praefectus
3406 2795 3611 2866 allagii.

2033 2870 2181 2928 Loco
2210 2874 2388 2930 baculi
2413 2875 2515 2932 fert
2539 2893 2662 2933 eam
2694 2895 2858 2950 quam
2887 2884 3080 2952 vulgus
3113 2897 3274 2941 vocat
3306 2895 3615 2942 matzueam

2033 2966 2315 3039 (clavam),
2334 2979 2671 3039 argenteam,
2706 2964 3039 3044 inauratam,
3063 2978 3223 3049 cujus
3245 2989 3441 3037 contus
3458 2982 3617 3037 indu-

2033 3065 2122 3113 tus
2149 3058 2260 3130 23
2285 3069 2370 3116 est
2398 3077 2581 3133 panno
2611 3065 2893 3131 coccineo.
2916 3069 3123 3126 habens
3149 3069 3205 3125 in
3236 3074 3436 3128 vertice
3456 3074 3615 3127 inau—

2032 3160 2208 3208 ratam
2241 3154 2441 3210 bullam
2471 3157 2723 3229 (nodum,
2743 3160 2952 3234 caput),
2975 3171 3029 3219 et
3058 3163 3112 3218 in
3143 3165 3322 3223 medio
3340 3166 3618 3237 cingulum

1958 3245 2005 3306 (ζ
2039 3246 2246 3316 pariter
2285 3247 2625 3306 inauratum.

2108 3335 2319 3394 Similia
2357 3351 2484 3397 sunt
2509 3343 2969 3418 orphanotrophi,
3000 3357 3055 3403 at
3085 3348 3203 3405 sine
3238 3348 3458 3409 baculo.
3499 3354 3612 3408 Eo-

2036 3425 2160 3484 dem
2185 3431 2349 3488 modo
2371 3448 2431 3489 se
2453 3436 2659 3492 habent
2676 3439 2863 3495 omnia
2881 3453 3205 3498 ornamenta
3232 3448 3616 3515 protonotarii.

2116 3523 2249 3594 Ejus
2278 3527 2371 3595 qui
2408 3542 2438 3581 a
2466 3531 2728 3585 memoria
2772 3544 2876 3601 est,
2925 3533 3158 3607 insignia
3219 3540 3347 3593 talia
3402 3540 3620 3596 noveris

2035 3617 2217 3686 qualia
2249 3634 2439 3676 eorum
2467 3622 2558 3692 qui
2592 3625 2947 3691 antecedunt.
3002 3633 3363 3699 protonotarii
3411 3635 3622 3690 scilicet

2035 3719 2090 3764 et
2125 3710 2380 3767 aliorum.
2413 3711 2605 3769 Baculi
2641 3716 2760 3786 ejus
2794 3723 3044 3790 superior
3091 3724 3311 3793 quidem
3376 3728 3621 3782 calamus

2036 3798 2323 3858 inauratus
2340 3814 2443 3865 est,
2469 3806 2664 3878 reliqui
2685 3813 2967 3867 storeatim
2983 3815 3148 3884 plcxi,
3172 3818 3279 3872 albi
3311 3826 3363 3873 et
3379 3819 3624 3875 coccinei

2038 3893 2158 3948 sine
2195 3895 2306 3950 ullo
2328 3912 2464 3952 auro
2487 3899 2644 3955 illito.

2111 3986 2407 4044 Domesliei
2429 4005 2711 4053 murorum
2731 3993 2910 4063 qualia
2935 3994 3052 4064 ejus
3075 3998 3265 4067 quiest
3287 4016 3313 4053 a
3337 4004 3621 4070 memoria,

2039 4076 2273 4134 Baculus
2306 4079 2424 4148 ejus
2441 4090 2522 4137 est
2543 4083 2752 4154 lignum
2782 4084 2932 4141 lzeve.

2111 4171 2363 4229 Prmsidis
2379 4189 2474 4230 seu
2497 4177 2835 4255 excubitoris
2855 4180 2995 4236 sacri
3015 4183 3256 4239 cubiculi
3273 4185 3470 4256 pilcus,
3496 4190 3626 4245 cab-

2040 4263 2262 4320 badium
2295 4280 2359 4320 ac
2385 4268 2705 4325 coccineum
2740 4275 3083 4330 scaranicum
3116 4277 3317 4333 similia
3352 4290 3482 4336 sunt
3526 4282 3625 4338 do-

2042 4359 2257 4415 mestici
2298 4368 2607 4419 murorum.
2645 4364 2881 4423 Baculus
2907 4368 3030 4437 ejus
3063 4369 3275 4441 lignum
3303 4372 3456 4430 laeve.

2112 4541 2367 4598 Przesidis
2397 4544 2988 4604 vestiariiornamenta
3041 4551 3226 4606 omnia
3286 4562 3340 4607 et
3396 4553 3627 4611 baculus

346 4630 672 4696 δικανικιον,
700 4594 794 4683 οἷα
827 4594 1356 4701 τιδι’-προκαθημένου
1387 4629 1484 4683 τοῦ
1515 4594 1798 4693 κοιτῶνος.
1828 4629 1929 4682 Καὶ

2041 4634 2231 4688 eodem
2252 4636 2416 4690 modo
2434 4652 2493 4692 se
2521 4638 2722 4694 habent
2748 4656 2858 4710 quo
2872 4642 3121 4711 praesidis
3146 4646 3402 4701 cubiculi.
3423 4647 3624 4703 Eadem

348 4723 420 4776 τὰ
439 4722 537 4775 τοῦ
566 4721 887 4793 βεστιαρεου
915 4720 1114 4789 ταῦτα,
1136 4720 1268 4776 ἄνευ
1299 4721 1357 4776 δὲ
1387 4720 1719 4776 δικανικίου.

422 4816 503 4871 Τά
534 4814 632 4869 τοῦ
688 4816 1047 4887 ὲταιριάρχου
1099 4815 1282 4870 πάντα
1327 4816 1533 4886 ὁμοίως
1589 4815 1842 4879 τούτοις·
1873 4815 1937 4868 τδ

348 4908 406 4961 δὲ
430 4907 734 4962 δικανικιον
758 4907 947 4973 ᾳῦτοῦ,
971 4906 1165 4978 ὥσπερ
1190 4905 1253 4960 τὸ
1276 4905 1372 4960 τοῦ
1397 4905 1636 4976 μεγάλου
1654 4905 1938 4978 ἑταιριάρ-

352 5017 471 5070 κου,
502 5000 920 5071 χρυσοηὲρσνον
953 4997 1366 5071 κεκλωσμένον,
1392 4997 1539 5053 οὕτω
1567 4998 1731 5052 τοῦτο
1755 5015 1939 5069 κιτρι-

353 5094 477 5164 νοηὲ
484 5109 652 5164 ρανον
681 5092 1090 5164 κεκλωσμένον.

422 5208 507 5261 Τά
534 5207 632 5261 τοῦ
661 5204 1031 5278 λογαριαστοῦ
1051 5206 1152 5278 τῆς
1187 5205 1360 5277 αὐλῆς
1381 5208 1611 5262 τοιαῦτα
1632 5222 1647 5240 ο
1703 5207 1764 5261 τὸ
1787 5207 1941 5262 δικα-

353 5300 526 5354 νικιον
549 5300 718 5379 αὐτοῦ
754 5299 916 5365 ξύλον
948 5299 1119 5354 λεῖον.

425 5414 511 5468 Τά
583 5413 680 5468 τοῦ
765 5413 1248 5487 στρατοπεδάρχου
1322 5414 1432 5469 τῶν
1510 5416 1937 5489 μονοκαΰάλλων

352 5509 583 5576 ὁμοίως.

424 5624 510 5678 Τά
590 5625 686 5677 τοῦ
769 5625 1247 5696 στρατοπεδάρχου
1319 5625 1430 5681 τῶν
1504 5624 1939 5696 τζαγγρατόρων

353 5716 559 5783 ὁμοίως
582 5719 695 5781 τοῖς
723 5717 819 5771 τοῦ
851 5719 961 5789 πρὸ
995 5719 1187 5774 αὑτοῦ.

426 5832 509 5885 T1
536 5832 635 5885 τοῦ
671 5833 1152 5906 στρατοπεδάρχου
1206 5834 1318 5913 τῷν
1371 5833 1695 5905 μουρτάτων
1738 5830 1823 5887 οἷαι
1870 5833 1938 5886 τὰ

355 5924 451 5979 τοῦ
484 5927 961 5999 στρατοπεδάρχου
988 5928 1095 5981 τῶν
1125 5925 1575 5999 τζαγγρατόρων.

2040 4734 2169 4779 sunt
2192 4728 2457 4789 vestiarii,
2488 4742 2713 4800 excepto
2753 4731 2967 4789 baculo.

2111 4817 2433 4876 Gestamina
2461 4822 2835 4881 hetaeriarchtc
2867 4839 2993 4882 sunt
3016 4828 3218 4884 similia
3265 4830 3410 4885 isris.
3450 4831 3627 4884 Bacu-

2038 4909 2127 4967 lus
2150 4919 2210 4966 ut
2246 4913 2430 4983 magni
2458 4913 2831 4971 hetzeriarchaa
2855 4924 2937 4971 est
2963 4919 3191 4973 aureiet
3224 4920 3370 4974 caesii
3422 4920 3626 4978 coloris

2039 5002 2229 5059 intorti
2258 5020 2274 5073 ;
2313 5006 2387 5060 ita
2415 5006 2577 5078 hujus
2606 5017 2690 5063 est
2715 5007 2899 5064 citrini
2928 5018 2985 5065 et
3010 5011 3154 5067 cassii
3188 5011 3393 5068 coloris
3415 5013 3623 5069 intorti.

2112 5209 2267 5266 Talia
2299 5221 2428 5267 sunt
2457 5211 2642 5270 itidem
2670 5213 2978 5286 logariast'c
3019 5216 3179 5271 aulae.
3232 5215 3471 5285 Baculus
3503 5217 3623 5289 ejus

2040 5304 2249 5375 lignum
2287 5305 2440 5361 laeve.

2112 5417 2427 5475 Concinunt
2446 5419 2678 5490 insignia
2704 5404 2946 5492 preteeti
2978 5421 3503 5489 monocaballorum,
3525 5424 3629 5479 hoc

2043 5519 2346 5568 esteorum
2376 5512 2473 5585 qui
2505 5529 2616 5569 uno
2644 5529 2791 5585 equo
2822 5523 3073 5570 utuntur.

2114 5626 2221 5699 27
2259 5627 2497 5699 insignia
2525 5626 2763 5699 praefecti
2799 5636 3206 5701 tzangratorum
3243 5628 3381 5684 nihil
3417 5628 3628 5687 discre-

2045 5729 2176 5790 pant
2198 5720 2268 5776 ab
2285 5722 2641 5790 antegressis.

2116 5833 2271 5889 Paria
2309 5836 2471 5892 habet
2503 5838 2791 5909 praefectus
2820 5849 3182 5896 murtatorum
3203 5852 3329 5893 cum
3354 5843 3623 5909 stratope-
3706 5860 3720 5871 ο

2041 5927 2244 5982 darcha
2266 5936 2705 5999 tzangratorum.
