4050 6596
441 419 520 480 ’ἀῗ
1654 419 1882 482 CODIN
1894 420 1920 480 Ι
1990 419 2511 482 CUBOPALATAZ
3630 408 3698 472 48

519 531 750 589 Ρωίεοιὶ
777 540 1065 616 tzaconum
1123 529 1307 585 omnia
1361 533 1694 586 conveniunt
1729 545 1854 586 cum
1891 539 2019 586 ante

2197 532 2308 585 Kal.
2336 531 2403 586 τὰ
2436 529 2531 584 τοῦ
2571 528 3044 600 στρατοπεδὰρχου
3083 526 3192 580 τῶν
3226 522 3507 590 τξακόνων
3537 521 3698 592 ὃμοια

446 628 624 684 dictis.

519 721 712 776 Omnia
735 719 1035 791 gestamina
1067 718 1315 789 pra‘sidis
1343 733 1662 788 magnorum
1697 715 2019 788 palatiorum

2129 623 2271 677 κατὰ
2301 624 2478 678 πάντα
2505 624 2616 686 τοῖς
2657 622 2762 693 πρὸ
2793 620 2987 676 αὑτοῦ.

2199 716 2280 768 Τὰ
2331 714 2426 769 τοῦ
2479 715 2902 786 προκαθημένου
2947 712 3055 766 τῶν
3115 709 3370 780 μεγάλων
3423 707 3704 763 παλατίων

451 815 649 870 similia
680 825 808 868 sunt
830 813 942 884 jam
969 820 1128 866 antea
1155 809 1876 867 commemoratis.Baculus
1904 808 2022 878 ejus

2156 807 2310 861 ιᾶντα
2341 801 2430 860 οἷα
2460 806 2527 859 τὰ
2564 805 2675 858 τῶν
2723 804 2829 874 πρ).
2859 802 3048 858 αὑτοῦ.
3092 801 3368 863 Ὡσαύτως
3399 800 3494 852 καὶ
3529 797 3590 852 τδ
3625 798 3705 851 δι-

449 910 655 979 llgnum
682 909 812 962 laeve
836 918 935 962 est.

518 1001 652 1055 Cum
680 998 1286 1055 iisdeminvariabilitcr
1334 995 1668 1052 conveniunt
1719 993 2021 1066 gestamina

446 1097 564 1164 ejus
594 1096 686 1165 qui
715 1093 1030 1149 Blacbernis
1059 1091 1275 1161 palatiis
1295 1091 1565 1158 praesidet.

523 1187 816 1242 Domestici
861 1186 1164 1240 thematum
1203 1182 1388 1237 omnia
1422 1183 1610 1236 eodem
1649 1181 1811 1237 modo
1833 1195 1893 1236 se
1928 1181 2025 1236 lia-

451 1281 596 1333 Ιιιδηι.

397 1359 400 1362 ’
519 1368 715 1423 Omnia
753 1367 984 1438 insignia
1015 1365 1301 1423 domestici
1325 1363 1689 1418 Orientalium
1722 1365 2024 1416 tlicmatum

450 1472 498 1516 ct
537 1462 721 1516 munia
754 1460 1040 1516 domestici
1094 1457 1526 1515 Occidentalium
1574 1457 1899 1519 tliematum,
1959 1453 2027 1507 ad

453 1554 567 1607 haec
595 1562 646 1607 et
682 1552 904 1607 baculus
931 1549 1416 1622 ejus,conveniunt
1446 1563 1568 1602 cum
1597 1545 1896 1616 prioribus.

523 1735 700 1804 Magni
727 1735 995 1806 myrtain
1019 1734 1342 1789 caobadium
1369 1742 1424 1789 et
1440 1733 1755 1788 coccineum
1785 1728 2029 1786 scarani-

454 1846 578 1885 cum
609 1830 808 1885 similia
840 1839 970 1885 sunt
991 1830 1104 1900 jam
1137 1840 1264 1884 ante
1291 1829 1508 1900 positis.
1539 1826 1772 1881 Baculus
1804 1824 1926 1895 ejus
1942 1839 2018 1878 ar-

2129 900 2377 954 κανίκιον
2415 899 2583 955 αὑτοῦ
2624 899 2779 965 ξύλον
2817 899 2983 951 λεῖον.

2203 994 2313 1046 Kal.
2344 992 2410 1045 τὰ
2443 992 2535 1044 τοῦ
2580 989 3009 1061 προκαθημένου
3039 988 3148 1042 τῶν
3177 986 3498 1057 Βλσχερνῶν
3531 985 3705 1039 παλα-

2128 1085 2260 1140 τίων
2298 1084 2729 1155 ἀπαραλλάκτως
2762 1082 3012 1136 τοιαῦτα.

2204 1177 2284 1232 Τὰ
2334 1178 2428 1231 τοῦ
2473 1177 2798 1248 δομεστίκου
2846 1174 2956 1229 τῶν
3015 1171 3275 1244 θεμάτων
3319 1170 3501 1224 πάντα
3531 1169 3706 1222 ταῦτα

2133 1268 2416 1332 ὡσαύτως.

2199 1363 2286 1416 ’Τὰ
2343 1361 2437 1416 τοῦ
2487 1361 2809 1431 δομεστίκου
2875 1357 2990 1412 τῶν
3061 1355 3404 1412 ἀνατολικῶν
3456 1354 3707 1424 θεμάτων

2135 1454 2333 1517 πάντα,
2367 1454 2462 1506 καὶ
2491 1453 2560 1506 τὰ
2577 1452 2670 1506 τοῦ
2693 1451 3018 1518 δομεστίκου
3051 1449 3159 1502 τῶν
3189 1447 3428 1501 δυτικῶν
3455 1446 3707 1515 θεμάτων

2135 1547 2337 1608 πάντα,
2369 1544 2447 1597 ἔτι
2487 1543 2544 1597 δὲ
2581 1544 2673 1597 καὶ
2707 1541 2768 1596 τὸ
2815 1542 3118 1596 δικανίκιον
3177 1537 3367 1602 αὑτοῦ,
3401 1537 3567 1608 ὅμοια
3595 1536 3706 1598 τοῖς

2134 1639 2243 1693 τῶν
2279 1638 2386 1708 πρὸ
2417 1638 2604 1691 αὑτοῦ.

2208 1731 2287 1783 Τὰ
2311 1730 2404 1783 τοῦ
2434 1729 2672 1800 μεγάλου
2698 1729 3020 1800 μυρταῖτου,
3050 1728 3172 1800 ἦτοι
3195 1738 3255 1780 το
3287 1723 3388 1796 μὲν
3413 1719 3708 1778 καϐσάδιον

2138 1825 2232 1877 καὶ⁸
2266 1822 2326 1876 τὸ
2358 1823 2612 1876 κόκκινον
2650 1822 2990 1890 σκαράνικον
3020 1819 3209 1886 αὑτοῦ,
3238 1817 3315 1880 ὡς
3353 1817 3422 1870 τὰ
3449 1815 3561 1868 τῶν
3599 1815 3708 1884 πρὸ

449 1933 698 1993 genteus,
727 1938 864 1978 auro
895 1896 1150 1993 perfusus
1169 1963 1182 1987 ,
1212 1896 1413 1993 ﬁguras
1443 1920 1634 1974 litterae
1673 1932 1902 1989 gamma:
1936 1931 2031 1972 su-

2156 1914 2324 1968 ιύτοῦ.
2353 1914 2426 1967 Τδ
2458 1913 2514 1966 δὲ
2545 1913 2845 1966 δικανίκιον
2875 1911 3040 1966 αὑτοῦ
3075 1909 3376 1982 ἀργυροῦν,
3412 1909 3705 1978 χρυσοχαῖ-

453 2027 619 2082 perne
657 2019 1076 2082 repraesentans.

521 2104 910 2161 Protocomitis
941 2102 1245 2176 gestamina
1269 2101 1348 2156 nil
1390 2099 1597 2157 abeunt
1654 2113 1683 2152 a
1733 2096 2030 2167 praedictis.

453 2197 616 2254 Caret
647 2197 863 2254 baculo.

526 2291 1033 2361 D’rungariustenet
1059 2288 1334 2362 baculum,
1367 2286 1462 2342 sed
1490 2285 1666 2340 solum
1723 2294 1778 2340 et
1821 2284 2032 2340 nudum

455 2386 664 2456 lignum
688 2385 838 2440 laeve.
870 2381 1132 2439 Scbastus
1177 2382 1410 2445 nullum,
1462 2378 1923 2450 quemadmodum
1981 2387 2036 2433 et

451 2479 766 2551 myrtaites.

527 2574 641 2644 23
668 2571 936 2627 Praesides
973 2568 1500 2639 spectatissimarum
1524 2563 1805 2623 civitatum
1829 2565 2037 2623 habent

449 2667 699 2730 baculos,
720 2664 864 2733 ligna
895 2663 1143 2718 candida.

527 2758 761 2829 Pappias
784 2757 946 2812 habet
980 2757 1257 2827 sceptrum
1287 2771 1353 2810 ex
1383 2753 1500 2810 solo
1528 2753 1700 2825 ligno,
1744 2752 1863 2808 sine
1907 2750 2033 2807 ullis

460 2851 643 2906 nodis.

1085 2939 1314 2996 CAPU'l'
1348 2937 1410 2992 V.

635 3035 712 3094 De
770 3036 1101 3106 singulorum
1153 3035 1437 3104 oﬂiciorum
1499 3032 1838 3086 ministeriis.

537 3130 794 3198 Despota,
831 3130 1239 3184 sebaslocrator
1279 3138 1333 3182 et
1365 3128 1548 3182 Ciesar
1607 3127 1758 3182 nullo
1815 3141 2042 3181 munere

2137 2007 2256 2072 κδν,
2286 2023 2357 2076 γα
2365 2008 2635 2077 μματίζον
2674 2009 2900 2063 ἄνωθεν.

2210 2099 2321 2150 Καὶ
2386 2097 2457 2151 τὰ
2521 2097 2616 2151 τοῦ
2675 2095 3103 2167 πρωτοκόμητος
3168 2093 3458 2162 φορέματα
3505 2090 3708 2160 ὁμοίως

2134 2188 2387 2242 τοιαῦτα.
2417 2188 2585 2242 Οὐδὲν
2611 2189 2667 2242 δὲ
2694 2189 2890 2260 κρατεῖ
2921 2184 3246 2241 δικανίκιον.

2218 2280 2278 2333 '0
2309 2279 2366 2333 δὲ
2401 2280 2766 2352 δρουγγάριος
2795 2281 2990 2350 κρατεῖ
3012 2277 3315 2332 δικανίκιον
3353 2275 3516 2345 μόνον
3549 2273 3709 2336 ξύλον

2136 2376 2300 2430 λεῖον.
2343 2374 2403 2428 Ὀ
2439 2373 2705 2439 «eam;
2733 2373 2907 2426 οὐδέν.
2952 2370 3232 2434 Ὠσαύτως
3265 2370 3361 2424 καὶ
3403 2373 3431 2425 6
3479 2371 3715 2441 μυρταῖ-

2133 2487 2254 2542 τηςο

2212 2565 2276 2617 Οἱ
2307 2565 2722 2635 προκαθήμενοι
2769 2563 2880 2618 τῶν
2908 2560 3149 2632 ιντίμων
3198 2559 3407 2613 πόλεων
3453 2560 3714 2632 κρατοῦσι

2137 2655 2437 2721 δικανίκια,
2469 2657 2602 2724 ξύλα
2631 2656 2824 2710 λευκά.

2222 2749 2280 2804 'O
2301 2749 2358 2802 δὲ
2386 2749 2637 2813 παππίας
2667 2748 2859 2820 κρατεί
2888 2745 3192 2802 δικανίκιον
3223 2745 3514 2816 μονόξυλον
3540 2746 3713 2817 χωρὶς

2139 2843 2384 2913 κόμσων.

2662 2933 3062 2988 ΚΕΦΑΛΛῙΟΝ
3120 2930 3197 2988 Ε’.

2212 3028 2353 3097 Περὶ
2381 3028 2491 3095 τῆς
2517 3029 2858 3096 ὑπηρεσίας
2887 3027 3150 3082 ἑκάστου
3183 3024 3304 3080 τῶν
3333 3025 3644 3101 ὀφφικίων.

2227 3125 2286 3177 'O
2317 3123 2588 3194 δεσπότης
2620 3122 2749 3194 μὲν,
2767 3123 2795 3176 6
2824 3121 3286 3191 σεϐαστοκράτωρ
3317 3121 3414 3174 καὶ
3439 3121 3468 3173 6
3494 3120 3714 3188 Καῖσαρ

463 3223 485 3274 Γ
487 3233 784 3292 unguntur,
805 3222 908 3277 nisi
926 3219 1244 3292 praziectura
1264 3217 1624 3288 qnchiameis
1647 3219 2040 3274 committatur.

2156 3217 2404 3287 οὐδεμίαν
2438 3216 2744 3287 ὑπηρεσίαν
2785 3215 3022 3285 ἔχουσιν,
3059 3214 3155 3268 ἐὰν
3199 3213 3276 3284 μὴ
3315 3210 3587 3282 ταχθῶσιν
3633 3209 3717 3274 είς

523 3401 832 3457 Ministeria
868 3399 1048 3471 magni
1085 3399 1377 3454 domestici
1407 3409 1461 3453 et
1494 3398 1902 3469 protovestiarii
1947 3400 2036 3454 hic

463 3489 1131 3560 silcantur.Exponentur
1181 3503 1284 3545 suo
1332 3488 1469 3545 loco.

532 3669 1080 3741 Panbypersebastns
1113 3669 1262 3722 nullo
1292 3684 1518 3724 munere
1577 3669 1844 3740 iungitur.

538 3762 602 3820 Ut
637 3779 866 3832 magnus
891 3762 1226 3817 domesticus
1256 3769 1420 3830 caput
1445 3771 1528 3816 est
1561 3761 1614 3814 in
1645 3762 1911 3824 exercitu.
1965 3761 2038 3816 ita

469 3874 698 3928 magnus
723 3858 831 3910 dux
852 3857 1160 3926 praecipuus
1193 3865 1275 3910 est
1293 3857 1343 3909 in
1371 3857 1529 3912 mari.
1559 3853 1622 3908 Et
1652 3869 1905 3923 proceres
1923 3854 2043 3919 qni-

2217 3327 2240 3363 ε
2251 3310 2466 3363 μονίαν.

2140 3312 2466 3382 ἠγεμονίαν.

2208 3403 2274 3456 Αἱ
2306 3403 2364 3456 δὲ
2396 3401 2491 3455 τοῦ
2527 3401 2769 3473 μεγάλου
2799 3400 3124 3471 δομεστίκου
3157 3399 3456 3470 ὑπηρεσίαι
3495 3398 3594 3451 καὶ
3622 3396 3716 3450 τοῦ

2141 3495 2646 3566 πρωτοϐεστιαρίου
2680 3495 2986 3548 κείσθωσαν
3011 3494 3069 3548 τό
3107 3510 3171 3562 γε
3197 3492 3293 3546 νῦν
3327 3491 3450 3562 ἔχον
3477 3505 3490 3518 ·
3523 3489 3721 3560 λεχθή-

2143 3606 2330 3642 σονται
2357 3589 2464 3659 γὰρ
2492 3590 2550 3641 ὲν
2573 3588 2651 3658 τῷ
2685 3587 3016 3657 προσήκοντι
3043 3587 3217 3657 τόπῳ.

2225 3678 2284 3734 ’0
2320 3679 2839 3750 πανυπερσέσαστος
2873 3680 3129 3751 οὐδεμίαν
3161 3677 3471 3749 ὑπηρεσίαν
3506 3676 3646 3748 ἔχει.

2224 3770 2287 3827 Ὀ
2326 3773 2500 3842 μέγας
2531 3773 2680 3837 δοὺξ,
2710 3772 2901 3842 ὥσπερ
2948 3774 2976 3824 6
3010 3772 3184 3842 μέγας
3210 3771 3532 3841 δομέστικος
3570 3768 3724 3840 εὑρί-

2147 3885 2340 3920 σκεται
2403 3867 2482 3929 είς
2529 3866 2590 3918 τὸ
2647 3867 2934 3935 φωσσάτον
2986 3865 3134 3919 ἅπαν
3175 3863 3412 3934 κεφαλὴ,
3447 3862 3592 3917 οὕτω
3630 3865 3725 3915 καὶ

467 3951 588 4004 dem
623 3949 743 4003 aliis
781 3947 1116 4010 triremibus,
1139 3961 1238 4001 ceu
1267 3947 1464 4015 capita,
1487 3944 1762 4016 praepositi
1794 3954 2044 3999 statuunt

2156 3961 2288 4012 κατὰ
2331 3959 2606 4013 θάλασσαν
2640 3954 2816 4021 οὗτος.
2859 3959 2965 4010 Καὶ
2989 3957 3038 4010 οί
3087 3956 3186 4025 μὲν
3237 3956 3316 4019 είς
3346 3954 3415 4008 τὰ
3443 3954 3606 4024 ἕτερα
3632 3955 3725 4007 εύ-

467 4052 522 4096 et
552 4041 768 4110 erigunt
801 4039 1062 4093 usitatum
1115 4037 1466 4107 imperatoris
1517 4035 1877 4102 ﬂammulum,
1942 4037 2044 4091 hoc

2156 4049 2461 4119 ρισκόμενοι
2495 4047 2757 4117 ἄρχοντες
2789 4047 2864 4112 ὠς
2899 4047 3133 4116 κεφαλαὶ
3168 4045 3362 4098 ίστῶσι
3388 4045 3449 4098 τὸ
3490 4044 3724 4115 σύνηθες

455 4143 548 4188 .est
579 4147 797 4186 crucem
827 4147 951 4186 cum
985 4129 1483 4200 quatuorigniariis
1533 4128 1889 4199 chalybibus:
1930 4142 2046 4181 ma-

2156 4142 2430 4212 βασιλικὸν
2480 4141 2792 4212 φλάμουλον
2842 4142 2963 4212 ἦτοι
3015 4142 3104 4194 τὸν
3137 4139 3372 4210 σταυρὸν
3405 4140 3545 4209 μετὰ
3585 4155 3729 4209 πυρ-

454 4242 610 4294 gnus
640 4225 747 4278 dux
787 4223 975 4279 statuit
1009 4222 1238 4293 cterigit
1287 4221 1626 4275 ﬂammulum
1690 4220 2043 4290 imperatoria

2156 4233 2391 4287 εκὸάλων
2414 4252 2427 4265 ο
2463 4230 2616 4297 οὗτος
2651 4234 2707 4287 δὲ
2749 4236 2777 4287 6
2817 4235 2992 4304 μέγας
3039 4233 3166 4298 δοὺξ
3196 4234 3294 4302 τὴν
3326 4233 3420 4286 τοῦ
3457 4231 3728 4302 βασιλέως

458 4319 710 4387 imagine
738 4315 979 4386 equestri
1010 4315 1354 4384 insignitum.
1390 4312 1564 4370 Habet
1599 4322 1776 4368 autem
1829 4315 1934 4369 sub
1989 4329 2046 4369 se

2156 4324 2354 4393 στήλην
2387 4324 2600 4393 ἵστησιν
2631 4323 2895 4394 ἔφιππον.
2932 4324 3088 4394 Ἔχει
3119 4323 3178 4378 δὲ
3221 4324 3314 4377 ὑπ’
3353 4324 3521 4378 αὑτὸν
3546 4324 3640 4376 τόν
3668 4341 3729 4376 τε

469 4423 722 4476 magnam
757 4407 1109 4478 drungarium
1130 4407 1346 4472 classis,
1367 4406 1699 4474 amiralium,
1718 4407 2046 4481 drungarius

2156 4415 2330 4483 μέγαν
2397 4415 2760 4486 δρουγγάριον
2817 4415 2918 4470 τοῦ
2974 4417 3185 4480 στόλου,
3229 4417 3323 4470 τὸν
3397 4417 3729 4487 ἀμηράλιον,

471 4510 525 4555 et
555 4501 806 4557 comites.
2153 4509 2247 4562 τὸν
2315 4511 2749 4581 πρωτοκόμητα,
2803 4513 2931 4574 τοὺς
2980 4511 3385 4582 δρουγγαρίους
3442 4513 3536 4566 καὶ
3604 4514 3732 4575 τοὺς

2084 4597 2127 4650 D
2158 4604 2426 4672 κόμητας,

539 4682 656 4752 29
716 4681 1091 4736 Protostrator
1115 4719 1130 4744 ,
1162 4696 1360 4751 magno
1436 4683 1741 4738 domestico
1801 4684 2050 4750 absente,
2238 4695 2297 4746 '0
2334 4695 2775 4766 πρωτοστράτωρ
2799 4696 2893 4750 τοῦ
2931 4697 3174 4766 μεγάλου
3204 4697 3529 4764 δομεστξκου
3564 4698 3735 4750 ἁπόν-

473 4785 654 4846 portat
679 4775 1025 4844 imperatoris
1056 4789 1268 4829 ensem.
1298 4772 1530 4840 Quando
1560 4775 1728 4846 igitur
1756 4778 2049 4845 imperator

2156 4802 2244 4847 τος
2298 4787 2455 4854 φέρει
2501 4786 2599 4857 τὴν
2652 4788 2747 4841 τοῦ
2795 4787 3064 4856 βασιλέως
3115 4789 3354 4859 σπάθην.
3388 4789 3520 4846 Ὀτε
3561 4786 3656 4843 οὖν
3706 4791 3735 4841 6

474 4887 677 4943 equum
702 4886 1036 4926 ascensurus
1069 4879 1177 4934 est,
1209 4885 1353 4938 equo
1374 4885 1468 4938 per
1503 4873 1757 4924 camitem
1781 4885 2049 4938 equorum

2160 4876 2412 4947 βασιλεὺς
2442 4878 2628 4947 μέλλει
2657 4878 2753 4932 τοῦ
2805 4880 2975 4934 ίππου
3017 4882 3402 4952 ἐπιδήσεσθαι,
3431 4883 3528 4936 τοῦ
3561 4883 3737 4953 κόμη-

479 4963 962 5032 imperatoriorum
1003 4963 1262 5026 adducto,
1285 4977 1447 5032 quem
1497 4960 1660 5014 etiam
1715 4969 2049 5030 tenet.post-

2157 4986 2249 5032 τος
2284 4969 2393 5022 τῶν
2445 4971 2744 5040 βασιλικῶν
2800 4973 2986 5026 ἵππων
3041 4975 3372 5045 κομίσαντος
3417 4976 3603 5042 ἵππον,
3640 4977 3738 5030 καὶ

479 5073 640 5128 quam
681 5059 978 5126 imperator
1004 5058 1272 5119 ascendit.
1306 5064 1673 5128 protostrator
1709 5059 2060 5127 apprehenso

477 5149 634 5206 freno
688 5151 838 5204 ducit
863 5165 1064 5220 equum
1101 5165 1270 5219 usque
1300 5150 1366 5204 ad
1388 5161 1644 5220 quartam
1700 5151 1780 5205 vel
1809 5153 2060 5220 quintam

479 5241 664 5309 palatii
704 5241 842 5296 aula:
864 5251 1094 5311 partem.
1122 5238 1316 5295 Postea
1349 5243 1571 5298 subiens
1599 5243 1720 5314 ejus
1766 5244 1819 5298 in
1873 5244 2056 5298 locum

480 5336 672 5389 cliartu
707 5334 880 5388 larius
928 5334 1087 5389 freno
1116 5334 1265 5388 ducit
1321 5349 1496 5404 usque
1538 5335 1604 5389 ad
1646 5348 1882 5406 portam.
1912 5335 2062 5390 Idem

476 5425 864 5502 facit.quando
889 5426 1183 5494 imperator
1209 5442 1270 5479 ex
1290 5441 1432 5494 equo
1460 5427 1681 5482 desilire
1703 5435 1924 5496 paratus
1946 5441 2029 5483 est
2050 5446 2065 5483 :

485 5521 637 5574 ducit
665 5521 813 5574 etaim
847 5534 877 5572 a
909 5529 1063 5588 porta
1112 5535 1314 5588 equum
1368 5535 1546 5590 usque
1597 5519 1664 5574 ad
1715 5519 2062 5592 designatum

463 5607 705 5672 ducunt;

483 5710 689 5755 strator
721 5700 957 5755 adducto
987 5717 1132 5770 equo
1187 5701 1252 5754 ad
1301 5717 1425 5755 eum
1479 5717 1652 5773 usque
1712 5704 1917 5771 locum,
1968 5707 2060 5761 ubi

479 5795 782 5862 imperator
811 5795 1144 5849 descendere
1189 5794 1351 5848 solet.
1385 5793 1441 5846 Si
1499 5805 1863 5864 protostrator
1920 5800 2063 5854 forte

484 5889 627 5944 absit
661 5898 753 5943 aut
783 5903 1012 5961 peregre
1056 5887 1272 5956 abierit,
1302 5896 1518 5956 praestat
1554 5889 1654 5943 hoc
1678 5891 1745 5944 ab
1776 5893 1933 5945 initio
1997 5895 2063 5947 ad

779 5608 833 5661 in
882 5607 1034 5678 cujus
1097 5609 1288 5661 vicem“
1328 5609 1526 5664 iterum
1581 5613 1823 5666 succedit
1879 5623 2066 5683 proto—

2162 5061 2491 5132 κρατοῦντος
2551 5063 2740 5130 ἱππον,
2793 5065 2934 5135 μετὰ
2979 5066 3072 5120 τὸν
3119 5067 3350 5137 βασιλέα
3397 5070 3675 5139 ἐπιϐῆναι,
3709 5073 3738 5123 6

2164 5158 2607 5228 πρωτοστρὰτωρ
2659 5158 2768 5212 ἀπὸ
2810 5158 2906 5211 τοῦ
2951 5159 3173 5230 χαλινοῦ
3215 5161 3397 5214 λαϐὼν
3449 5161 3605 5231 σύρει
3647 5167 3738 5216 τὸν

2167 5247 2333 5302 ἵππον
2366 5250 2528 5320 μέχρι
2565 5249 2659 5304 τοῦ
2709 5252 3033 5322 τετάρτουῆ
3079 5254 3333 5322 πέμπτου
3367 5255 3468 5323 τῆς
3497 5254 3591 5307 τοῦ
3632 5273 3741 5309 πα-

2166 5338 2354 5392 λατίου
2393 5341 2567 5410 αὐλῆς
2599 5343 2821 5412 μέρους.
2857 5343 3088 5396 Ἔπειτα
3120 5344 3512 5412 διαδεξάμενος
3543 5345 3738 5401 τοῦτον

2168 5431 2194 5482 6
2230 5435 2401 5500 μέγας
2448 5435 2841 5506 χαρτουλὰριος
2895 5436 3053 5506 φέρει
3109 5437 3198 5491 διὰ
3239 5438 3332 5490 τοῦ
3367 5439 3589 5509 χαλινοῦ
3635 5439 3742 5503 ἕως

2172 5525 2273 5593 τῆς
2317 5524 2508 5593 πύλης.
2549 5526 2826 5590 Ὡσαύτως
2871 5532 3016 5581 ποιεῖ
3057 5529 3154 5584 καὶ
3200 5529 3366 5584 ὁπότε
3419 5532 3606 5602 μέλλει
3640 5550 3745 5586 πε-

2172 5617 2348 5682 ζεύειν
2381 5617 2410 5668 6
2445 5617 2722 5686 βασιλεὺς,
2769 5623 2951 5690 φέρων
2987 5621 3231 5689 δηλονότι
3277 5623 3386 5676 ἀπὸ
3429 5626 3528 5688 τῆς
3572 5623 3747 5695 πύλης

2172 5708 2264 5760 τὶν
2319 5708 2486 5761 ῐππον
2522 5709 2685 5779 μέχρι
2714 5713 2806 5762 καὶ
2843 5710 2936 5763 τοῦ
2984 5713 3396 5783 προρῤηθέντος
3424 5715 3612 5776 τόπου,
3649 5712 3750 5783 ἀφ’

2174 5795 2234 5852 οῦ
2263 5799 2564 5871 διαδέχεται
2599 5803 2761 5856 πάλιν
2794 5804 2958 5856 αὐτὸν
2990 5805 3018 5857 ὑ
3051 5809 3520 5877 πρωτοστράτωρ,
3560 5810 3746 5877 φέρων

2179 5893 2343 5962 μέχρι
2394 5896 2487 5947 καὶ
2540 5897 2632 5949 τοῦ
2682 5898 3040 5967 πεζεύματος.
3090 5899 3149 5950 Εἰ
3195 5901 3249 5954 δὲ
3306 5901 3432 5964 ἴσως
3475 5901 3624 5971 τύχοι
3654 5902 3746 5956 τὸν
