4050 6588
342 419 409 481 δί’)
1330 438 1428 496 DE
1483 444 1810 503 OFFICIIS
1850 444 2324 510 CPOLITA'NIS.
2357 450 2520 512 CAP.
2563 453 2643 513 Υ.
3528 457 3624 519 5Ο³

343 539 810 611 πρωτωτρέτορα
843 543 1169 616 ἀποδημεῖν,
1202 551 1354 603 ποιεῖ
1394 553 1556 605 τοῦτο
1598 555 1694 609 ἀπ’
1741 555 1922 624 ἀρχῆς

2027 557 2188 608 linem
2221 571 2452 626 magnus
2484 559 2880 617 clia'rtularius.
2919 561 2976 616 Si
3011 561 3070 617 et'
3095 561 3212 633 ipse
3238 562 3401 628 absit,
3464 576 3624 649 tunc’

343 627 506 699 μέχρι
547 630 746 695 τέλους
773 635 801 687 6
833 636 1010 705 μέγας
1046 640 1462 711 χαρτουλάριος.
1507 645 1634 700 Ἐὰν
1675 646 1734 700 δὲ
1766 642 1920 712 οὗτος

341 721 636 791 ἀποδημεῖ,
669 726 831 795 ῳέρει
881 728 972 781 τὸν
998 729 1165 788 ἵππον
1196 734 1305 787 ἀπὸ
1336 733 1443 789 τῶν
1474 737 1920 809 καθευρεθέντων

339 815 623 887 ἀρχόντων
650 821 680 873 6
710 820 826 874 ἐντι
835 822 1080 892 μότερος.

411 909 507 961 Δεῖ
535 908 594 962 δὲ
623 910 924 977 γινώσκειν
950 917 1031 968 ὅτι
1055 915 1176 981 ἔθος
1207 920 1324 972 εστὶ
1361 923 1484 976 καθ’
1513 922 1754 996 ἑκάστην
1781 925 1922 980 ἑτοί-

337 1018 478 1069 μους
503 999 646 1057 εἶναι
687 1005 890 1070 ῐππους
935 1009 1097 1073 me,
1125 1010 1174 1064 οἳ
1202 1012 1296 1066 καὶ
1337 1014 1628 1070 καλοῦνται
1654 1019 1920 1088 στρώσια,

333 1092 738 1163 ἐκδεχομένους
784 1099 880 1152 τὸν
915 1100 1176 1171 βασιλέα,
1224 1106 1652 1163 καϐαλλικεῦσαι
1702 1105 1815 1165 οἷον
1855 1112 1923 1168 ἂν

333 1183 406 1236 ἐκ
435 1184 644 1240 τούτων
675 1188 946 1258 βούλοιτο.
984 1194 1045 1246 Οἱ
1083 1195 1140 1249 δὲ
1172 1197 1350 1251 λοιποὶ
1397 1199 1555 1254 ἵπποι
1596 1202 1923 1256 ἀκολουθοῦ-

335 1291 448 1336 σιν,
491 1277 543 1330 οἳ
589 1279 684 1333 καὶ
731 1282 1022 1338 καλοῦνται
1082 1290 1279 1359 συρτά.
1332 1292 1389 1345 Ὀ
1424 1293 1610 1362 μέντοι
1660 1295 1922 1364 δηλωθεὶς

332 1371 522 1439 κόμης
569 1372 658 1425 ἐπ’
700 1375 886 1439 ἀδείας
935 1379 1071 1448 ἔχει,
1113 1377 1228 1435 οἷον
1269 1383 1335 1438 ἂν
1364 1386 1427 1439 ὲκ
1473 1388 1583 1440 τῶν
1624 1388 1922 1458 βασιλικῶν

334 1458 531 1514 ἵππων
560 1463 828 1531 βούλοιτο,
846 1469 1265 1526 καϐαλλικεύειν
1293 1475 1375 1537 είς
1406 1477 1466 1529 τὸ
1495 1478 1922 1550 καϐαλλαρίκιον

331 1552 436 1605 τοῦ
475 1554 764 1623 βασιλέως,
806 1560 960 1629 ἄγειν
986 1581 1050 1616 τε
1080 1565 1178 1618 καὶ
1211 1570 1399 1638 φέρειν
1448 1571 1505 1621 ὲν
1550 1573 1614 1641 τῇ
1661 1573 1796 1645 αὐλῇ
1830 1576 1925 1629 καὶ

333 1642 570 1707 ἐθίζειν,
605 1649 856 1713 πεζεύειν
909 1653 975 1708 αὖ
1027 1657 1108 1719 είς
1158 1658 1220 1712 τὸ
1270 1659 1723 1733 καϐαλλαρίκιον,
1773 1642 1923 1733 {vt-6;

338 1734 557 1801 μέντοι,
589 1739 666 1803 ὡς
701 1742 938 1814 εἴρηται,
986 1747 1084 1817 τῆς
1131 1749 1305 1818 αὐλῆς
1349 1753 1508 1817 μόνον
1535 1770 1548 1785 ο
1603 1757 1831 1828 ἐκϐῆναι
1865 1761 1923 1815 δὲ

333 1825 553 1911 ταύτης
592 1833 880 1908 ἱππότηςῆ
912 1839 1174 1895 εἰσελθεῖν
1210 1842 1326 1896 οὔθ’
1354 1839 1508 1907 οὗτος
1537 1848 1660 1902 οὕτε
1694 1825 1775 1914 τις
1804 1853 1924 1907 ἕτε-

2022 646 2221 716 aliquis
2251 663 2315 702 ex
2379 650 2846 720 ltonoratioribus,
2903 653 2998 725 qui
3038 667 3332 724 praesentes
3361 667 3489 713 sunt
3531 675 3598 714 ex

2020 740 2354 809 proceribus,
2369 757 2565 813 equum
2587 744 2762 801 ducit.

2092 918 2504 978 Observandum
2532 933 2616 980 est
2641 925 2811 981 moris
2840 939 2962 982 esse
3009 936 3071 982 ut
3111 927 3357 997 quotidie
3409 929 3592 998 parati

2023 1010 2135 1067 sint
2161 1023 2368 1084 septem
2401 1017 2721 1088 equi,quos
2783 1009 2986 1074 stratos
3045 1031 3262 1083 vocant.
3317 1022 3596 1091 excepturi

2024 1103 2434 1173 imperatorem,
2498 1116 2560 1162 ut
2623 1123 3010 1179 quemcunque
3085 1125 3153 1164 ex
3205 1109 3316 1164 illis
3369 1110 3600 1164 voluerit
3671 1105 3674 1108 ’

2023 1198 2251 1266 equitet.
2286 1195 2503 1268 Reliqui
2528 1199 2656 1270 equi
2693 1211 3018 1269 sequuntur,
3071 1216 3209 1271 quos
3233 1200 3598 1256 manuductos

2027 1288 2349 1356 appellant.
2385 1289 2715 1346 Memoratus
2807 1293 2973 1362 igitur
3024 1307 3211 1349 comes
3267 1301 3592 1362 potestatem

2027 1380 2190 1435 habet
2220 1382 2504 1456 equitandi
2532 1399 2916 1455 quemcunque
2935 1400 3000 1440 ex
3034 1384 3408 1456 imperatoriis
3437 1385 3598 1454 equis

2024 1453 2254 1528 volueri'i
2285 1474 2338 1528 in
2365 1475 2545 1545 equile
2573 1477 2937 1546 imperatoris.
2976 1479 3102 1532 item
3133 1477 3415 1541 domandi,
3439 1492 3599 1531 exer-

2027 1567 2182 1622 cendi
2213 1576 2266 1623 et
2292 1569 2611 1626 instituendi
2645 1572 2696 1624 in
2721 1571 2844 1626 aula
2877 1580 2932 1625 et
2961 1586 3024 1624 ex
3057 1584 3202 1639 equo
3225 1569 3512 1624 desiliendi
3542 1568 3596 1620 in

2027 1661 2345 1717 catadromo
2383 1679 2398 1718 :
2441 1673 2706 1724 attamen.
2735 1671 2794 1717 ut
2825 1663 2933 1732 3o
2969 1662 3172 1716 dictum
3227 1669 3333 1718 est.
3394 1660 3602 1714 solum-

2028 1754 2193 1810 modo
2228 1756 2367 1810 intra
2395 1756 2609 1821 aulam;
2642 1771 2708 1810 ex
2742 1757 2847 1811 hac
2869 1771 2998 1809 vero
3050 1754 3292 1824 equitem
3318 1752 3467 1808 exire
3516 1753 3600 1806 vel

2028 1847 2252 1902 introire
2282 1863 2456 1917 neque
2484 1850 2610 1903 huic
2634 1864 2812 1919 neque
2865 1848 3029 1902 alteri
3077 1847 3320 1915 cuipiam
3370 1860 3600 1900 conces-

335 1932 459 1985 ρος.
490 1920 554 1972 Et
581 1920 639 1974 δὲ
665 1917 848 1997 δεήσῃ
875 1927 1149 1997 ἄρχοντάς
1201 1949 1356 1996 τινας
1395 1935 1826 1994 καϐαλλικεῠσαι
1860 1943 1917 1994 ὲν

2025 1955 2145 1996 sum
2206 1951 2309 1998 est.
2385 1941 2479 1996 Sin
2535 1917 2731 1997 autem
2771 1952 3023 2012 oporteat
3080 1954 3337 2009 proceres
3384 1938 3600 2007 aliquos

335 2010 408 2078 τῇ
451 2009 616 2081 αὐλῇ,
650 2015 788 2086 πεζῇ
823 2018 924 2087 μὲν
945 2020 1312 2092 εἰσέρχονται,
1347 2019 1468 2078 εἶτα
1499 2027 1922 2084 καϐαλλικεῠου-

2023 2032 2272 2102 equitare
2297 2033 2352 2086 in
2409 2033 2557 2098 aula,
2618 2032 2829 2103 pedites
2905 2031 3309 2102 ingrediuntur.
3402 2025 3599 2083 deinde

338 2116 450 2158 σιν.
489 2102 664 2160 Πάλιν
713 2106 769 2160 δὲ
825 2112 906 2174 είς
954 2113 1052 2181 τὴν
1094 2114 1324 2187 ἐκϐολὴν
1372 2117 1550 2172 αὐτῶν
1593 2121 1920 2190 πεζεύοντες

2025 2122 2284 2191 equitant.
2311 2122 2525 2178 Rursus
2565 2137 2690 2177 cum
2723 2122 3038 2177 abeundum
3093 2129 3199 2184 est.
3258 2118 3600 2175 descendunt

333 2192 660 2265 ἐξέρχονται
686 2200 847 2270 πεζῇ.
889 2205 1043 2275 Ἔχει
1076 2223 1135 2260 τε
1169 2208 1354 2263 ἄδειαν
1379 2212 1407 2264 6
1436 2212 1613 2284 κόμης
1646 2212 1918 2283 βασιλέως

2025 2223 2080 2265 ex
2107 2226 2275 2282 equo,
2306 2220 2360 2268 et
2381 2212 2737 2282 egrediuntur
2763 2213 2994 2285 pedites.
3036 2211 3211 2267 liabet
3261 2225 3446 2267 eomes
3503 2223 3599 2278 po—

333 2288 614 2359 τεαρόντος
649 2293 932 2364 βασιλικὸν
980 2299 1407 2357 καϐαλλικεύειν
1451 2307 1673 2375 συρτδν,
1705 2303 1820 2364 οἷον
1852 2309 1920 2365 ἂν

337 2383 588 2450 βούλοιτο
609 2404 628 2421 ο
659 2391 895 2454 ἀπόντος
923 2393 971 2447 δ’
1017 2396 1114 2466 οὐχ
1143 2395 1340 2462 οὕτως.
1378 2400 1543 2454 una
1579 2403 1921 2475 σαγίσματος

333 2477 450 2530 τῶν
494 2479 592 2533 τοῦ
633 2482 803 2537 ἵππου
849 2488 1198 2542 σκαπουλίων
1231 2491 1586 2563 ιπικειμένου
1619 2495 1780 2567 μέχρι
1827 2498 1922 2551 κα)⁸

331 2571 440 2640 τῆς
469 2575 732 2643 ἡμισείας
786 2579 1081 2646 σκέποντος
1111 2583 1293 2650 σέλας,
1326 2583 1470 2639 οὕτω
1515 2587 1920 2655 καϐαλλικεύει,

336 2663 721 2736 ἀπερχόμενος
752 2669 991 2740 ἀλλαχοῦ
1020 2672 1122 2743 μὲν
1156 2673 1433 2746 οὐδαμῶς,
1465 2677 1570 2742 ἕως
1600 2678 1658 2734 δὲ
1700 2679 1794 2733 καὶ
1826 2680 1922 2751 μό-

336 2773 434 2812 νον
462 2760 557 2815 τοῦ
592 2767 995 2837 στρατορικίου.

411 2942 580 3008 Ἐθος
609 2945 666 2999 δέ
715 2964 769 3001 τι
819 2949 1103 3006 καὶτοῦτο
1147 2953 1271 3008 κατ’
1301 2954 1422 3020 ἔτος
1476 2957 1652 3021 ἐστὶν,
1681 2960 1742 3013 τὸ
1779 2963 1922 3016 κατὰ

333 3033 432 3089 τὸν
461 3036 558 3090 τοῦ
593 3039 836 3108 μεγάλου
869 3042 1062 3115 Πάσχα
1094 3048 1284 3118 καιρὸν
1307 3049 1558 3117 γίνεσθαι
1586 3053 1780 3117 σέλλας
1817 3055 1918 3124 βα-

337 3130 564 3194 σιλικὰς
615 3135 712 3188 καὶ
777 3135 1030 3206 χαλινοὺς
1077 3142 1173 3194 καὶ
1235 3143 1423 3198 ἐπάνω
1481 3147 1684 3201 σκέπια
1740 3150 1919 3204 πάντα

335 3223 528 3284 καινὰ,
563 3224 660 3277 καὶ
687 3227 754 3280 τὰ
782 3226 990 3282 παλαιά
1022 3228 1321 3299 λαμϐάνειν
1349 3234 1527 3288 πάντα
1557 3235 1647 3289 τὸν
1678 3237 1917 3310 κόμητα,

333 3313 461 3382 ἦτοι
488 3315 591 3374 τὰς
619 3317 812 3381 σέλλας
837 3322 972 3389 μετὰ
992 3322 1102 3376 τῶν
1130 3325 1466 3394 κομπωσίων
1495 3329 1589 3381 καὶ⁵
1612 3329 1740 3393 τοὺς
1767 3331 1920 3400 χαλιι

333 3408 468 3469 νοϋς
498 3409 642 3462 οὕτω
672 3410 812 3478 μετὰ
841 3411 950 3465 τῶν
979 3414 1213 3482 τουφῶν.

429 3497 495 3550 Ἡ
528 3498 587 3551 δὲ
615 3499 726 3553 τῶν
762 3501 1077 3570 λεγομένων
1137 3507 1350 3579 συρτῶν
1395 3508 1696 3579 βασιλικῶν
1736 3512 1924 3567 ἵππων

339 3589 728 3662 ἀκολούθησις,
753 3595 990 3664 ὁπηνίκα
1019 3597 1388 3670 καϐαλλικεύῃ
1412 3604 1441 3655 6
1461 3601 1742 3672 βασιλεὺς,
1768 3606 1924 3675 λέγε-

335 3699 435 3735 ται
463 3684 719 3752 γενέσθαι
741 3686 802 3752 ἐξ
821 3687 1004 3751 αίτίας
1024 3691 1263 3750 τοιᾶσδε.
1283 3693 1387 3746 Τὸν
1410 3695 1638 3766 βασιλέα
1662 3698 1923 3769 Θεόφιλόν

341 3789 477 3840 φασι
507 3775 766 3842 γενέσθαι
799 3779 1158 3847 φιλοδίκαιον.
1198 3783 1461 3856 Ἱππότην
1495 3783 1588 3842 οὖν
1617 3790 1923 3861 φερόμενόν

341 3880 498 3930 ποτε,
527 3865 842 3940 ὑπαντῆσαι
885 3887 1019 3938 φασι
1064 3875 1324 3940 γυναῖκα,
1359 3878 1668 3948 κράζουσαν
1719 3883 1923 3954 ἑαυτῆς

340 3951 485 4010 εἶναι
512 3960 606 4011 τὶν
641 3961 808 4014 ἵππον
842 3955 884 4030 ᾧ
919 3965 1196 4034 ἐποχεῖται
1229 3969 1256 4020 6
1289 3968 1571 4037 βασιλεύς.
1605 3972 1714 4028 Τοῦ
1741 3978 1922 4031 τοιού⁹

340 4067 438 4102 του
495 4051 680 4104 τοίνυν
731 4053 1116 4121 ἐξετασοέντος
1184 4059 1478 4131 εὑρεθῆναι
1545 4064 1922 4136 ἀληθεύουσαν

342 4144 447 4209 τὶν
476 4147 715 4212 γυναῖκα
741 4161 757 4176 ο
793 4144 932 4202 εἶναι
969 4148 1069 4218 μὲν
1117 4151 1224 4220 γὰρ
1268 4151 1363 4207 τὸν
1397 4153 1564 4208 ἵππον
1611 4157 1798 4228 αὐτῆς,
1832 4161 1924 4216 τὸν

343 4234 402 4287 δὲ
445 4235 687 4308 ἔπαρχον
729 4238 1064 4310 ἀφελόμενον
1106 4241 1299 4312 δῶρον,
1345 4244 1419 4309 ὠς
1478 4245 1678 4302 ἑαυτοῦ
1732 4251 1923 4306 τοῦτον

344 4330 495 4394 ὄντα,
527 4335 918 4400 προσενεγκεῖν
945 4335 1022 4404 τῷ
1046 4335 1276 4401 βασιλεῖ.
1316 4337 1521 4394 Τούτου
1550 4342 1733 4399 τοίνυν
1761 4346 1922 4417 δήλου

341 4424 638 4492 γεγονότος
685 4426 778 4480 τὸν
831 4427 933 4496 μὲν
979 4427 1206 4497 βασιλέα
1248 4431 1430 4497 εὐθὺς,
1459 4433 1537 4499 ὡς
1589 4433 1928 4509 εἶχε,“κατα-

347 4515 514 4584 ϐῆναι
560 4516 656 4570 τοῦ
687 4517 880 4586 ἵππου,
917 4523 1014 4574 καὶ
1042 4521 1228 4576 δοῦναι
1259 4523 1449 4579 τοῦτον
1482 4530 1548 4598 τῇ
1581 4531 1919 4605 κεκτημένῃ.

2022 2310 2273 2357 testatem
2307 2313 2576 2374 praesente
2606 2308 2942 2375 imperatore
2976 2304 3252 2374 equitandi
3291 2299 3599 2373 quemcun-

2016 2408 2124 2464 qoe
2157 2393 2767 2465 volueritimperatoris
2803 2410 3007 2463 equum
3043 2409 3109 2449 ex
3133 2393 3218 2448 his
3239 2393 3335 2462 qui
3383 2392 3598 2446 ducun-

2019 2494 2109 2541 tur
2145 2500 2332 2540 mauu.
2379 2486 2620 2542 Abscnte
2656 2486 2984 2554 imperatore
3025 2501 3133 2540 non
3166 2485 3319 2540 item.
3379 2482 3488 2538 Sed
3519 2491 3598 2537 te-

2017 2587 2277 2647 gumento
2306 2579 2433 2649 equi
2469 2578 2714 2648 scapulis
2748 2578 3104 2638 incumbente
3130 2585 3184 2631 et
3210 2575 3446 2630 mediam
3493 2575 3599 2629 scl-

2017 2671 2126 2728 lam
2161 2671 2443 2741 operiente
2468 2671 2714 2742 equitat;
2757 2686 2938 2741 neque
2973 2684 3249 2741 quoquam
3291 2683 3351 2723 se
3385 2666 3602 2722 confert

2022 2763 2125 2819 nisi
2154 2767 2221 2820 ad
2248 2765 2428 2820 locum
2464 2764 2556 2820 ubi
2606 2773 2814 2822 strator
2858 2764 3250 2836 imperatorem
3293 2762 3347 2817 in
3393 2775 3595 2828 equum

2026 2856 2304 2912 sublevat.

2093 2948 2507 3005 Consuetudine
2530 2959 2806 3020 receptum
2837 2959 2921 3005 est
2959 2958 3020 3004 ut
3072 2946 3375 3018 quotannis
3447 2945 3606 2999 circa

2027 3057 2282 3110 magnum
2336 3045 2541 3113 pascha
2595 3052 2927 3098 renoventur
2992 3056 3181 3098 omnes
3235 3037 3589 3110 imperatoris

2022 3136 2192 3199 sellae,
2216 3135 2354 3192 freni
2375 3144 2432 3191 et
2450 3135 2640 3191 omnia:
2662 3136 2769 3192 alia
2799 3135 3060 3208 tegmina,
3087 3133 3380 3203 omniaque
3409 3139 3589 3184 vetera

2019 3226 2254 3294 accipiat
2303 3242 2510 3293 comes,
2575 3227 2740 3282 sellas
2796 3227 3058 3313 nimirum
3119 3239 3247 3280 cum
3333 3220 3590 3291 apicibus

2028 3319 2320 3376 muscariis
2349 3328 2405 3376 et
2433 3320 2589 3377 frena
2619 3320 2785 3376 simul
2811 3336 2940 3376 cum
2965 3317 3204 3390 phaleris
3220 3333 3289 3373 ac
3319 3317 3526 3372 “occis.

2097 3497 2367 3556 Ceterum
2403 3503 2700 3558 comitatus
2727 3515 2994 3572 equorum
3019 3502 3111 3566 qui
3158 3514 3344 3553 manu.
3374 3498 3587 3552 ducun-

2027 3600 2136 3659 tur,
2167 3595 2392 3664 quando
2421 3593 2718 3666 imperator
2745 3594 2976 3664 equitat,
3031 3591 3122 3646 tali
3183 3606 3250 3645 ex
3307 3588 3599 3643 occasione

2024 3685 2299 3742 exstitisse
2327 3684 2519 3742 fertur.
2551 3685 2719 3741 Fama
2762 3696 2845 3742 est
2891 3685 3280 3756 imperatorem
3315 3680 3596 3750 Theophi-

2028 3777 2138 3832 lum
2175 3777 2343 3834 fuisse
2367 3778 2595 3847 iustitiae
2621 3787 2920 3833 amantem.
2948 3778 3080 3832 Cum
3111 3776 3296 3846 igitur
3358 3772 3602 3844 quodam

2027 3879 2269 3940 tempore
2301 3887 2439 3942 equo
2462 3871 2744 3936 insideret,
2783 3871 3089 3927 occurrisse
3117 3870 3271 3923 aiunt
3302 3865 3594 3936 quamdam

2027 3963 2430 4029 mulierculam,
2468 3972 2522 4018 et
2548 3963 2819 4018 clamasse
2845 3978 3046 4032 equum
3092 3961 3269 4023 illum.
3298 3975 3406 4029 quo
3437 3961 3595 4012 vehe-

2027 4061 2187 4116 batur
2221 4060 2537 4129 imperator,
2595 4075 2757 4114 suum
2828 4074 2971 4114 esse.
3027 4056 3391 4126 lnquisitione
3461 4053 3598 4106 facta

2027 4151 2306 4222 cognitum
2336 4165 2456 4207 esse
2491 4151 2774 4206 mulierem
2811 4165 2944 4204 vera
2965 4149 3174 4210 dicere,
3205 4161 3403 4216 equmn
3449 4146 3595 4198 enim

2027 4245 2200 4314 ipsius
2217 4259 2357 4310 esse,
2387 4245 2686 4316 eparchum
2714 4253 2898 4298 autem
2939 4243 2990 4296 vi
3033 4240 3282 4310 rapuisse
3313 4239 3415 4310 31
3449 4249 3501 4292 ct
3529 4249 3590 4292 ut

2027 4351 2210 4400 suum,
2240 4336 2555 4405 imperatori
2582 4351 2782 4390 munus
2837 4333 3122 4390 obtulisse.
3179 4335 3592 4401 Imperatorem.

2028 4445 2152 4485 cum
2178 4432 2291 4487 haec
2326 4431 2708 4503 comperisset.
2772 4431 2954 4487 statim
3013 4430 3068 4484 in
3105 4428 3334 4498 vestigio
3372 4428 3599 4482 descen-

2028 4522 2176 4578 disse
2197 4525 2265 4578 de
2296 4539 2460 4595 equo,
2491 4540 2728 4595 eumque
2763 4524 2979 4580 dedisse
3001 4524 3050 4579 ei
3084 4522 3241 4593 cujus
3265 4533 3407 4576 erat.
3454 4521 3590 4575 Cum

355 4607 517 4662 Ἐπεὶ
544 4609 587 4662 δ’
618 4610 716 4663 οὐκ
744 4606 884 4682 ἦσαν
931 4613 1052 4666 τότε
1087 4614 1245 4668 ἵπποι
1292 4616 1567 4687 βασιλικοὶ
1600 4624 1917 4694 συρόμενοι,

2030 4627 2209 4670 autem
2243 4627 2371 4671 tunc
2395 4631 2526 4672 usus
2557 4631 2823 4687 equorum
2873 4617 2967 4687 qui
3031 4631 3193 4669 manu
3257 4615 3602 4670 ducerentur

345 4703 568 4768 ἐγένετο
600 4701 656 4755 δὲ
704 4703 733 4755 6
779 4702 1032 4774 βασιλεὺς
1062 4708 1119 4760 ἐν
1147 4707 1308 4780 χρείᾳ
1343 4709 1512 4765 ἵππου
1564 4714 1658 4766 καὶ
1687 4715 1922 4771 ὲκαϐαλ-

343 4794 598 4846 λίκευσεν
629 4794 796 4848 ἵππον
842 4796 934 4850 τὸν
983 4798 1233 4869 τυχόντα,
1265 4802 1464 4872 ἐτάχθη
1496 4806 1529 4874 ἡ
1565 4805 1672 4859 τῶν
1709 4809 1924 4876 συρτῶν

343 4884 729 4954 ἀκολούθησις,
767 4886 842 4950 ὡς
871 4888 960 4953 ἂν,
991 4890 1046 4942 εῐ
1073 4907 1126 4944 τι
1151 4891 1501 4963 συμϐεϐηκὸς
1527 4896 1705 4967 τύχοι,
1728 4898 1922 4971 εἴησαν

343 4979 558 5046 ἕτοιμοι
590 4980 748 5032 ἵπποι
779 4979 1054 5049 βασιλικοὶ
1087 4982 1225 5050 πρὸς
1270 4985 1331 5037 τὸ
1363 4987 1791 5054 ἀφιππάσασθαι
1830 4989 1923 5044 τὸν

347 5068 600 5138 βασιλέα.

431 5253 498 5332 Ἠ
533 5255 722 5324 μέντοι
752 5256 934 5325 σπάθη
967 5257 1062 5311 τοῦ
1095 5258 1358 5328 βασιλέως
1385 5262 1473 5315 ἀεὶ
1502 5262 1585 5325 είς
1618 5262 1680 5316 τὸ
1723 5265 1925 5336 ρουχα-

352 5323 499 5418 ρεῖαν
526 5323 862 5417 εὑρίσκεται,
887 5323 957 5403 τά
1002 5350 1061 5404 δὲ
1095 5323 1434 5422 -ὑποδήματα
1469 5323 1577 5415 εὶς⁷
1601 5354 1663 5408 τὺ
1704 5323 1926 5425 βεστιὰ-

351 5454 488 5507 ριον.
523 5438 684 5493 Ἐστι
733 5439 790 5493 δὲ
847 5440 945 5494 καὶ
997 5441 1186 5511 ἕτερον
1238 5438 1378 5505 εἶδος
1433 5444 1836 5513 ὑποδημάτων,
1889 5447 1926 5503 ἃ

351 5531 645 5586 καλοῦνται
696 5531 954 5601 τζαγγια,
989 5533 1182 5604 ἔχοντα
1223 5536 1288 5587 ἐκ
1333 5535 1585 5607 πλαγίων
1641 5539 1784 5594 κατὰ
1826 5539 1928 5605 τὰς

354 5624 568 5694 κνήμας
615 5625 713 5678 καὶ
753 5627 979 5680 ἐπὶτῶν
1017 5626 1237 5698 ταρσῶν
1283 5627 1476 5692 ἀετοὺς
1521 5629 1610 5683 διὰ
1641 5630 1806 5686 λίθων
1835 5634 1930 5687 καὶ

360 5718 688 5786 μαργάρων,
719 5717 880 5770 ἅτινα
911 5719 1007 5771 καὶ
1037 5721 1196 5790 φορεῖ
1236 5719 1264 5772 6
1316 5720 1571 5792 βασιλεὺς
1597 5722 1676 5785 εἵς
1703 5740 1764 5776 τε
1797 5725 1928 5787 τοὺς

355 5811 696 5880 περιπάτους
726 5813 822 5866 καὶ
854 5811 954 5884 τᾲς
984 5812 1311 5882 προκύψεις.
1351 5800 1462 5868 Kal
1490 5814 1518 5866 ό
1548 5815 1725 5869 ταῦτα
1757 5816 1930 5872 ποιῶν

357 5902 415 5956 οὐ
446 5902 808 5976 τζαγγάριος,
835 5903 911 5969 ὡς
946 5905 992 5958 οἱ
1031 5904 1231 5976 ἕτεροι,
1265 5905 1402 5960 ἀλλὰ
1453 5905 1696 5975 τζαγγὰς
1731 5908 1932 5981 ὀνομά-

2027 4706 2270 4761 nondum
2302 4707 2650 4763 introductus
2682 4716 2852 4775 esset,
2889 4718 2942 4762 et
2972 4708 3270 4777 imperator
3305 4721 3447 4775 equo
3508 4705 3597 4758 in-

2027 4797 2221 4867 digens
2254 4799 2476 4852 obvium
2509 4800 2810 4869 equitasset
2831 4813 3056 4869 equum.
3088 4799 3371 4851 decretum
3427 4795 3597 4849 fuisse

2028 4895 2089 4942 ut
2122 4903 2245 4942 eum
2268 4890 2665 4946 comitarentur
2712 4891 2842 4962 equi
2866 4891 3177 4947 sessoribus
3232 4890 3414 4950 vacui.
3453 4898 3511 4943 ut
3548 4889 3599 4943 sit

2027 4982 2153 5052 quis
2185 4998 2348 5037 casus
2377 4986 2689 5048 exsisteret,
2721 4985 2896 5055 parati
2930 4992 3284 5055 suppeterent
3309 4983 3436 5050 equi
3496 4984 3598 5037 im-

2029 5074 2309 5144 peratorii,
2340 5076 2434 5144 qui
2462 5077 2843 5147 imperatorem
2874 5092 3046 5147 equos
3061 5085 3365 5132 mutantem
3385 5078 3600 5146 excipe-

2028 5175 2168 5223 rent.

2108 5261 2310 5332 Spatha
2345 5279 2439 5319 seu
2463 5263 2614 5319 ensis
2634 5263 2984 5335 imperatoris
3018 5279 3232 5334 semper
3261 5273 3346 5321 est
3395 5265 3460 5319 in-
3509 5282 3606 5320 ru-

2030 5356 2240 5420 chariu,
2265 5353 2432 5408 calcei
2453 5369 2581 5408 vero
2608 5353 2662 5408 in
2687 5355 2964 5410 vestiario.
2995 5355 3088 5410 Est
3114 5364 3169 5410 et
3226 5355 3334 5411 alia
3376 5357 3591 5426 species

2030 5448 2366 5510 calceorum,
2413 5445 2504 5515 qui
2538 5446 2890 5501 nominantur
2933 5449 3170 5516 tzangia.
3221 5446 3604 5518 lnsigniuntur

2034 5557 2062 5592 ιι
2094 5539 2362 5594 lateribus
2390 5539 2691 5593 secundum
2714 5538 2873 5595 tibias
2900 5548 2954 5594 et
2980 5542 3034 5594 in
3064 5539 3358 5604 calcaneis,
3398 5539 3601 5610 aquilis

2032 5649 2098 5689 ex
2123 5633 2318 5703 lapillis
2355 5641 2408 5686 et
2437 5631 2770 5702 margaritis,
2809 5647 2950 5701 quos
2996 5633 3158 5687 etiam
3195 5631 3374 5686 induit
3430 5633 3601 5700 impe-

2034 5740 2181 5782 rator
2209 5725 2274 5780 ad
2303 5725 2684 5795 processioues
2714 5735 2771 5781 et
2799 5725 3215 5780 ostentationes.
3258 5723 3321 5778 Et
3347 5723 3438 5793 qui
3500 5724 3602 5776 hos

2034 5820 2245 5875 calceos
2297 5817 2448 5883 facit,
2496 5833 2602 5873 non
2641 5819 2950 5888 tzangarius
2993 5820 3108 5872 sive
3154 5825 3342 5881 sutor,
3379 5824 3439 5870 ut
3498 5828 3603 5870 can

2023 5913 2168 5978 teri,
2204 5911 2297 5967 sed
2343 5919 2566 5982 tzangas
2617 5905 3398 5980 appellatur.Quandocunque
3439 5906 3602 5980 igitur
