4050 6610
429 425 490 488 Eii
1647 421 1914 482 CODINI
1981 425 1997 482 (

2101 424 2276 485 ROPA
2287 428 2378 486 LA
2386 426 2432 486 Τ
2439 428 2502 486 ίΕ
3614 430 3686 498 52

423 539 808 606 imperatorem
827 530 1074 603 equitare
1099 541 1332 603 Oportet,
1353 532 1468 588 cale
1503 546 1565 588 os
1585 535 1646 586 ad
1658 532 1762 587 fert
1783 550 1914 604 puer
1937 550 1997 590 ex

2108 538 2280 604 ζεται.
2313 540 2597 611 ρὊπηνίκα
2644 539 2772 606 γοῦν
2815 541 3001 613 δεήσει
3026 541 3117 596 τὸν
3153 541 3377 612 βασιλέα
3425 543 3686 598 καϐαλλι-

422 627 706 691 vestiario,
745 627 891 697 quod
933 627 1094 696 vulgo
1125 635 1325 682 vocant
1352 627 1778 681 allaximarium.
1807 627 1997 681 Parata

2105 633 2316 694 κεῦσαι,
2341 635 2500 706 φέρει
2521 635 2586 688 τὰ
2610 635 2930 706 ὑποδήματα
2959 636 3318 691 παιδοπουλον
3339 637 3433 690 τοῦ
3459 638 3672 708 βεστια-

415 722 527 789 jam
555 729 610 775 et
637 721 922 789 equitante
986 721 1316 789 imperatore
1365 720 1702 791 cymbalisue
1745 720 1997 790 cymbala

2107 727 2222 795 ρίου
2245 728 2578 794 ἑκτὸς,οὖτω
2609 729 2803 791 κοινῶς
2827 729 3230 798 ὀνομαζομένου
3259 731 3674 800 ἁλλαξιμαρίου.

417 815 658 882 pulsant,
683 814 951 868 tubicines
970 813 1207 880 tubis,ct
1237 813 1621 869 buccinatorcs
1645 813 1894 867 buccinis
1917 829 2004 866 ar-

418 909 625 975 genteis
643 904 861 965 canunt.
890 907 981 963 Hae
1007 922 1137 962 vero
1155 909 1296 962 tuba:
1316 908 1440 962 huic
1457 908 1580 962 usui
1595 907 1877 963 destinatae
1896 921 2000 962 non

423 999 667 1054 referunt
689 1000 916 1054 aliarum
950 1000 1203 1055 tubarum
1241 999 1495 1065 formam,
1520 1000 1614 1055 sed
1636 999 1740 1054 alia
1768 999 2002 1069 quadam

418 1091 594 1158 ﬁgura
625 1093 862 1160 praedita:
890 1100 1040 1147 sunt.
1074 1092 1284 1147 Iudicat
1330 1092 1430 1147 hoc
1461 1093 1577 1162 ipse
1622 1093 1787 1148 etiam
1835 1107 2004 1148 sonus

423 1184 611 1237 talium
647 1186 1178 1251 instrumentorum;
1213 1185 1438 1254 quiest,
1469 1195 1523 1240 ut
1552 1187 1596 1241 si
1626 1186 1748 1256 quis
1780 1201 1848 1240 ex
1905 1201 2003 1255 po-

421 1277 549 1343 pulo
588 1275 794 1346 aliquid
822 1277 928 1346 32
959 1287 1103 1345 petat
1131 1278 1212 1333 rel
1246 1278 1446 1347 injuria
1482 1275 1774 1342 allieiatur,
1806 1280 1999 1333 audito

423 1372 525 1420 hoc
585 1382 723 1422 sono
793 1379 1047 1424 accurrat
1121 1377 1177 1424 et
1230 1370 1298 1424 ad
1359 1370 2000 1470 imperatoremJibi-re

423 1457 653 1514 referat.

492 1635 580 1692 Fit
608 1648 793 1694 autem
826 1640 952 1705 hoc,
991 1638 1036 1693 si
1062 1639 1362 1710 imperator
1388 1655 1548 1696 mane
1581 1642 1813 1710 equitet.
1836 1642 1904 1695 At
1951 1642 1998 1697 si

420 1739 537 1798 post
571 1729 859 1798 prandium
896 1730 1129 1799 equitet,
1167 1729 1223 1784 id
1263 1731 1414 1784 nullo
1443 1730 1604 1786 modo
1648 1731 2026 1787 observiitur.

418 1822 597 1876 Causa
633 1823 878 1876 nescitur
909 1841 920 1875 :
954 1832 1010 1878 at
1049 1823 1093 1878 si
1119 1822 1450 1891 conjecturae
1473 1823 1630 1878 locus
1649 1824 1834 1888 datur,
1860 1823 1991 1878 dico

2115 820 2568 891 Ἐτοιμασθίντος
2601 821 2694 876 οὖν
2725 823 2820 877 καὶ
2864 823 3399 883 καϐαλλικεύσαντος
3429 824 3524 877 τοῦ
3578 824 3677 893 βα-

2105 915 2334 979 σιλέως.
2389 917 2440 970 οἱ
2501 918 2869 988 ἀνακαρισταὶ
2933 916 3193 988 κρούουσι
3255 918 3327 970 τὰ
3385 919 3675 986 άνάκαρα,

2104 1006 2432 1070 σαλπίζουσι
2484 1008 2542 1061 δὲ
2589 1010 2685 1062 καὶ
2734 1012 2781 1062 oi
2835 1009 3167 1075 σαλπιγκταὶ
3211 1008 3418 1078 ὁμοίως
3467 1008 3564 1061 καὶ
3627 1009 3676 1063 οἱ

2103 1098 2528 1170 βουκκινάτορες
2557 1101 2624 1156 δι’
2655 1101 2900 1172 ὀργάνων
2927 1102 3206 1172 ἀργυρῶν.
3232 1103 3299 1155 Al.
3324 1102 3505 1171 μέντοι
3538 1101 3678 1154 κατὰ

2101 1194 2201 1262 τὴν
2239 1193 2497 1264 τοιαύτην
2523 1194 2833 1265 ὑπηρεσίαν
2864 1193 3230 1259 σαλπίζουσαι
3279 1194 3581 1258 σάλπιγγες
3615 1193 3678 1245 οὐ

2100 1286 2244 1339 κατὰ
2303 1287 2402 1348 τὰς
2457 1286 2624 1350 ἄλλας
2667 1287 2774 1339 εἰσὶ
2837 1285 3167 1355 σάλπιγγας,
3219 1284 3338 1338 ἀλλ’
3390 1284 3574 1352 ἔτερόν
3625 1298 3678 1335 τι

2103 1377 2312 1448 σχῆμα.
2367 1378 2531 1446 Δηλοῖ
2592 1377 2649 1431 δὲ
2699 1379 2794 1431 καὶ
2853 1378 2885 1446 ὴ
2940 1377 3050 1430 τῶν
3116 1375 3380 1428 τοιούτων
3428 1375 3679 1444 ὀργάνων

2100 1469 2275 1540 φωνὴ,
2306 1469 2367 1520 τὸ
2400 1469 2604 1538 ἐάνπερ
2651 1487 2704 1522 τι
2738 1470 2860 1540 αἰτῇ
2891 1487 2977 1532 τις
3025 1469 3124 1522 τοῦ
3155 1466 3284 1522 λαοῦ
3336 1467 3368 1538 ἢ
3403 1467 3675 1536 ἀδικῆται,

2100 1563 2344 1624 ἀκούσας
2368 1563 2574 1616 τούτων
2599 1561 2826 1632 δραμὼν
2863 1563 3156 1633 ἀνενέγκῃ.

2171 1651 2425 1721 Γίγνεται
2473 1654 2658 1723 μέντοι
2687 1654 2749 1706 τὸ
2782 1653 3045 1717 τοιοῦτον,
3075 1655 3125 1705 ει
3161 1650 3302 1704 κατὰ
3331 1649 3432 1720 τὴν
3467 1649 3680 1719 πρωῖαν

2099 1745 2253 1816 τύχοι
2283 1745 2697 1800 καὸαλλικεύων
2731 1748 2758 1799 δ
2789 1744 3045 1814 βασιλεύς
3070 1761 3086 1777 ·
3128 1745 3267 1814 μετὰ
3311 1743 3367 1795 δὲ
3411 1743 3474 1796 τὸ
3497 1740 3680 1810 γεῦμα

2101 1837 2556 1895 καδαλλικεύσειν
2589 1839 2878 1908 μέλλοντος
2907 1839 3160 1908 οὐδαμῶς
3209 1837 3458 1905 γίγνεται
3493 1833 3676 1888 τοῦτο.

419 1912 760 1982 cuniplebeii
793 1929 952 1968 mane
975 1915 1196 1984 quidem
1229 1915 1400 1971 sobrii
1458 1915 1593 1979 sint,
1646 1924 1771 1985 post
1828 1930 1996 1984 pran-

2108 1934 2174 1987 'H
2218 1933 2367 1986 αἰτία
2413 1935 2712 2002 ἀγνοεῖται.
2762 1931 3146 2003 Στοχαστικῶς
3193 1947 3257 1999 γε
3291 1930 3400 2000 μὴν
3431 1929 3576 1995 λέγω
3605 1927 3682 1990 ὡς

425 2007 574 2060 ilium
605 2008 928 2076 plerumque
958 2007 1095 2063 ebrii
1120 2017 1176 2063 et
1211 2007 1386 2078 magis
1449 2008 1748 2074 temerarii,
1795 2007 1996 2062 merito

2101 2025 2333 2096 επείπερ
2379 2026 2430 2078 οἱ
2477 2024 2574 2078 τοῦ
2605 2025 2844 2094 πλήθους
2875 2023 3154 2093 ἄνθρωποι
3200 2021 3417 2091 πρωτας
3450 2020 3551 2088 μὲν
3587 2018 3683 2088 νή-

423 2113 582 2152 mane
616 2099 762 2154 tubis
790 2109 997 2160 canunt
1046 2113 1114 2156 eo
1173 2115 1284 2169 quo
1343 2101 1581 2156 diximus
1630 2100 1816 2165 modo,
1871 2107 1997 2170 post

419 2191 711 2258 prandium
773 2209 904 2247 vero
963 2209 1340 2265 nequaquam,
1397 2208 1468 2250 ne
1524 2195 1648 2264 quis
1700 2194 1888 2250 ebrius
1912 2194 1998 2247 in-

416 2285 721 2356 composite
795 2294 846 2340 et
922 2292 1128 2342 temere
1198 2286 1268 2342 ad
1357 2286 1746 2355 imperatorem
1843 2300 1999 2342 acce-

416 2379 528 2432 dat.

487 2562 713 2631 Insuper
747 2567 1112 2631 protostrator
1141 2569 1226 2617 est
1253 2559 1512 2616 defensor
1533 2575 1722 2615 eorum
1754 2559 1845 2628 qui
1904 2574 1998 2614 ex-

415 2657 696 2715 cursiones
731 2655 936 2711 faciunt
959 2664 1012 2710 et
1050 2656 1260 2725 praedas
1297 2666 1465 2724 agunt
1495 2672 1508 2708 :
1541 2668 1666 2706 cum
1693 2653 1841 2705 enim
1902 2651 2000 2707 isti

416 2764 593 2818 neque
623 2757 838 2802 certum
898 2748 1148 2802 ordinem
1191 2763 1366 2817 neque
1408 2761 1688 2816 proprium
1741 2745 1998 2798 (lauimu-

414 2839 806 2904 lnmbabeant,
836 2841 931 2896 sed
987 2839 1212 2896 confuse
1239 2849 1292 2894 et
1313 2841 1431 2894 sine
1479 2841 1672 2893 ordine
1724 2838 1996 2902 ferantur,

415 2943 776 3002 protostrator
801 2948 940 3003 pone
974 2934 1283 2988 consistens
1315 2931 1558 2987 defendit
1588 2932 1734 2995 illos,
1789 2932 1835 2986 si
1885 2931 2000 2985 bel-

414 3028 525 3080 lum
556 3027 792 3096 ingruat.
829 3024 953 3080 Ideo
975 3024 1140 3080 etiam
1170 3032 1536 3094 protostrator
1568 3021 1895 3092 appellatur.
1919 3022 2003 3076 ni-

414 3120 614 3174 mirum
653 3121 795 3191 quod
826 3120 1304 3176 antecedattotum
1337 3118 1590 3188 στρατόν,
1612 3119 1716 3171 hoc
1733 3126 1818 3170 est
1847 3132 2003 3170 exer-

414 3215 605 3270 citum.
644 3214 720 3268 Ex
750 3213 1079 3268 animalibus
1107 3227 1236 3267 vero
1265 3213 1442 3280 praeda
1477 3212 1707 3274 abactis,
1738 3227 2002 3279 quaecun-

2100 2129 2318 2184 φουσιν,
2352 2115 2491 2184 μετὰ
2517 2113 2574 2167 δὲ
2600 2114 2658 2166 τὸ
2693 2113 2875 2183 γεῦμα
2907 2112 3200 2184 μεθύουσιν
3221 2111 3296 2174 ὡς
3327 2111 3419 2165 ἐπὶ
3446 2111 3508 2163 τὸ
3533 2109 3683 2163 πλεῖ-

2102 2225 2227 2264 στον
2271 2209 2366 2261 καὶ
2416 2209 2852 2278 προπετέστεροι
2897 2208 3158 2276 γίνονται,
3186 2204 3416 2268 εἰκότως
3465 2203 3681 2274 πρωϊας

2103 2301 2202 2370 μὶν
2239 2299 2565 2364 σαλπίζουσι
2615 2298 2688 2352 δι’
2733 2297 2792 2351 ὃν
2841 2298 3068 2368 εἴπομεν
3099 2299 3324 2368 τρόπον,
3361 2297 3502 2365 μετὰ
3536 2293 3592 2348 δὲ
3618 2295 3681 2346 τὸ

2101 2393 2286 2462 γεῦμα
2315 2392 2586 2462 οὐδαμῶς,
2619 2393 2710 2446 ἵνα
2763 2391 2836 2462 μή
2894 2409 2978 2454 τις
3034 2389 3251 2460 μεθύων
3283 2388 3536 2450 ἀτάκτως
3584 2385 3682 2441 καὶ

2101 2485 2389 2556 προπετῶς
2424 2485 2699 2558 προσέλθῃ
2737 2485 2814 2554 τῷ
2847 2483 3078 2553 βασιλεῖ.

2176 2576 2298 2630 Ἔτι
2332 2579 2359 2630 ὁ
2395 2578 2843 2648 πρωτοστράτωρ
2868 2577 2947 2630 ἔνι
2971 2576 3067 2632 καὶ
3086 2576 3364 2646 δεφένσωρ
3389 2571 3498 2627 τῶν
3521 2587 3683 2639 κουρ-

2103 2672 2392 2726 σευὸντων.
2426 2671 2646 2725 Τούτων
2693 2672 2802 2741 γάρ
2863 2673 3001 2742 μήτε
3059 2671 3216 2732 τάξιν
3259 2669 3492 2739 ἑχόντων
3545 2667 3682 2736 μήτε

2104 2763 2419 2833 φλάμουλον
2455 2764 2606 2831 ἴδιον,
2635 2763 2751 2816 ἀλλ’
2784 2762 3035 2826 ἀτάκτως
3059 2761 3234 2824 οὕτως
3265 2759 3677 2828 ἀπολυομὲνων,

2101 2857 2131 2934 δ
2157 2859 2600 2930 πρωτοστράτωρ
2627 2857 2802 2909 ὀπίσω
2835 2855 3042 2909 τούτων
3070 2855 3460 2925 εὑρισκόμενος
3486 2853 3680 2919 δεφεν-

2102 2950 2247 3003 δεύει
2285 2951 2535 3016 τούτους,
2564 2953 2659 3004 ἐὰν
2687 2951 2792 3020 ἄρα
2827 2949 3066 3018 πόλεμον
3098 2948 3333 3017 εὕρωσιν
3355 2963 3371 2981 ο
3399 2947 3488 3000 διὰ
3522 2945 3682 2998 τοῦτο

2102 3046 2197 3100 καὶ
2241 3047 2352 3113 γὰρ
2383 3045 2831 3114 πρωτοστράτωρ
2878 3043 3149 3105 καλεῖται,
3185 3041 3274 3094 διὰ
3304 3040 3364 3092 τὸ
3415 3039 3682 3109 προηγεῖ-

2105 3138 2228 3192 σθαι
2252 3136 2454 3200 παντδς
2484 3136 2650 3190 αὐτοῦ
2682 3136 2776 3190 τοῦ
2825 3135 3076 3205 στρατοῦ.
3119 3134 3254 3187 Ἀπὸ
3289 3133 3344 3186 δὲ
3373 3132 3489 3185 τῶν
3518 3146 3684 3199 κουρ-

2107 3228 2414 3299 σευομένων
2445 3230 2623 3283 πάντα
2646 3229 2714 3282 τὰ
2739 3228 2978 3294 ποικίλα,
2994 3227 3030 3281 ἃ,
3049 3225 3407 3296 ὀνομάζονται
3435 3223 3679 3292 φυτίλια,

413 3322 522 3378 que
539 3309 722 3363 colore
741 3316 872 3362 sunt
901 3308 1073 3371 varia,
1093 3321 1213 3376 qum
1235 3307 1591 3361 nominantur
1611 3304 1859 3376 phytilia,
1884 3321 1997 3362 mos

2107 3322 2226 3386 ἔθος
2258 3324 2372 3375 ἐστὶ
2404 3321 2702 3392 λαμϐάνειν
2735 3335 2827 3374 τον
2858 3317 3344 3390 πρωτοστράτορα.

415 3411 495 3460 est
515 3411 970 3473 prntostratorem
1003 3401 1270 3470 accipere.

485 3499 719 3565 Magnus
750 3496 1024 3566 logotlieta
1058 3503 1216 3549 curat
1263 3495 1428 3549 missa
1463 3497 1716 3552 mandata
1743 3505 1798 3552 et
1843 3498 2005 3570 chry-

415 3589 657 3644 sobullas
680 3602 774 3641 seu
802 3601 998 3641 aureas
1021 3586 1230 3642 litteras
1248 3585 1313 3640 ad
1341 3601 1518 3657 reges,
1535 3588 1803 3654 sultanos,
1822 3599 2004 3658 t0par—

413 3681 568 3736 chas.
634 3679 832 3735 Etboc
899 3693 1104 3732 munus
1141 3679 1427 3748 preprium
1461 3688 1545 3734 est
1596 3682 1777 3750 magni
1844 3682 2000 3753 logo-

414 3775 599 3830 thetre.

483 3889 588 3962 33
611 3888 898 3944 Domestici
939 3887 1178 3944 ofllciuin
1201 3896 1286 3944 est
1313 3895 1372 3944 ut
1401 3887 1667 3962 quidquid
1701 3889 2001 3960 imperator

413 3983 734 4055 praeceperit
785 3993 1137 4053 exsequatur.

486 4100 714 4172 Magnus
749 4100 1199 4168 stratopedarcha
1239 4104 1564 4166 procurator
1605 4106 1688 4151 est
1750 4099 1994 4153 omnium

412 4196 607 4266 quibus
626 4197 898 4250 exercitus
921 4196 1147 4264 indiget,
1171 4203 1227 4247 ut
1245 4200 1372 4246 sunt
1387 4191 1690 4252 esculenta,
1708 4193 1995 4260 poculenta

412 4300 464 4344 et
483 4289 667 4342 omnia
692 4287 757 4342 ad
776 4288 940 4341 vitam
969 4287 1305 4346 necessaria.

483 4402 711 4469 Magnus
746 4400 1115 4469 primicerius,
1146 4402 1537 4469 quandointra
1599 4403 1867 4473 palatium
1914 4401 1994 4455 fa-

413 4493 596 4548 mulus
623 4507 690 4547 ex
727 4491 1008 4556 vestiario,
1047 4493 1440 4548 circumstante
1485 4494 1790 4549 aulicorum
1823 4505 1989 4557 cortu,

412 4583 756 4652 imperatoris
795 4592 1069 4652 sceptrum
1098 4583 1263 4636 etiam
1291 4599 1464 4654 usque
1493 4584 1560 4639 ad
1599 4585 1820 4655 duplam
1890 4585 1988 4638 tri-

412 4678 560 4732 clinii
595 4675 1016 4747 partem~alfert,
1048 4676 1116 4730 ab
1153 4679 1346 4732 eodem
1405 4687 1692 4748 acceptum
1754 4678 1988 4748 impera-

414 4771 518 4825 tori
553 4770 820 4841 porrigit;
853 4781 905 4825 et
942 4771 1164 4842 quando
1196 4771 1328 4825 illud
1364 4771 1433 4826 ab
1455 4771 1786 4840 imperatore
1849 4767 1988 4823 reci-

415 4863 513 4932 pit,
555 4878 696 4932 saepe
735 4872 1058 4932 potestatem
1100 4863 1262 4917 habet
1287 4863 1564 4919 retinendi
1591 4863 1725 4918 illud
1752 4861 1985 4917 honoris

417 4957 610 5025 gratia.
651 4956 933 5027 Proprium
979 4973 1108 5014 vero
1166 4959 1423 5014 baculum
1487 4959 1657 5014 tradit
1728 4955 1990 5027 praedicto

417 5049 909 5112 vestiariifamulo,
949 5049 1196 5119 quiillud
1237 5049 1394 5104 elfert
1449 5050 1640 5106 eadem
1682 5045 1992 5104 ceremouia

418 5157 525 5212 qua
551 5141 922 5210 imperatoris.

487 5254 603 5308 Mos
637 5268 860 5322 quoque
899 5252 1109 5308 obtinet
1147 5261 1204 5305 ut
1233 5267 1431 5322 magno
1455 5251 1771 5322 primicerio
1803 5250 1996 5319 singu-

421 5351 490 5404 lis
514 5347 1036 5407 diebusdominicis,
1061 5355 1287 5416 propter
1326 5347 1606 5409 baculum,
1637 5345 1795 5399 detur
1825 5358 1994 5397 unum

422 5443 786 5513 liyperpyrum
824 5458 837 5496 :
874 5449 1107 5495 moneta:
1165 5441 1216 5494 id
1244 5455 1416 5509 genus
1471 5448 1577 5494 est.
1637 5437 1694 5492 Si
1743 5437 1996 5494 fortassis

423 5531 529 5588 iste
550 5531 712 5595 absit,
747 5541 860 5585 tum
887 5532 1198 5600 imperatori
1253 5531 1507 5586 baculum
1567 5529 1798 5598 porrigit
1839 5529 1996 5600 quis-

428 5624 555 5694 quis
595 5639 657 5679 cx
693 5624 1145 5679 bonoratioribus
1179 5622 1499 5692 proceribus
1527 5621 1702 5676 adest.
1725 5621 1824 5675 Est
1858 5620 1998 5674 idem

428 5719 483 5771 in
512 5719 755 5772 exercitu
794 5731 1010 5788 quoque
1069 5716 1407 5786 imperatorii
1463 5723 1752 5770 comitatus
1807 5723 1992 5784 caput.

428 5809 602 5866 liabet
634 5825 761 5865 vero
784 5810 1066 5881 proprium
1101 5809 1262 5866 etiam
1288 5806 1627 5864 ﬂammulqu
1688 5807 1742 5862 in
1799 5806 1997 5877 hujus-

427 5905 572 5962 modi
607 5913 805 5960 turma.

2013 4635 2068 4696 1)

2190 3499 2248 3554 '0
2279 3499 2451 3569 μέγας
2479 3497 2770 3567 λογοθὲτης
2791 3495 3068 3550 διατάττει
3101 3493 3170 3547 τὰ
3201 3490 3356 3562 παρὰ
3389 3488 3484 3544 τοῦ
3521 3488 3675 3558 βασι·

2105 3595 2239 3658 λέως
2269 3593 2711 3663 ἀποστελλόμενα
2749 3592 3150 3662 προστάγματα
3177 3588 3272 3643 καλ⁸
3302 3585 3680 3658 χρυσύδουλλα

2105 3689 2241 3760 πρός
2264 3706 2324 3742 τε
2348 3689 2544 3759 ρἦας,
2569 3687 2893 3748 σουλτάνους
2924 3686 3022 3739 καὶ
3050 3683 3370 3753 τοπάρχαςε
3386 3681 3495 3733 Καὶ
3519 3677 3680 3732 τοῦτο

2107 3782 2209 3852 μὲν
2242 3780 2372 3833 ἴδιον
2403 3777 2498 3832 τοῦ
2531 3778 2771 3850 μεγάλου
2799 3776 3089 3846 λογοθέτου
3127 3775 3486 3844 ὑπηρέτημα.

2173 3894 2248 3947 Τὸ
2271 3892 2327 3945 δὲ
2362 3893 2456 3946 τοῦ
2505 3892 2852 3962 δομεστικίου
2903 3890 3147 3961 ὲνεργετν
3196 3887 3225 3942 δ
3272 3887 3338 3942 ἂν
3372 3883 3621 3950 ἐπιτάξοι
3652 3883 3681 3935 ὁ

2103 3985 2380 4056 βασιλεύς.

2177 4095 2238 4149 Ὀ
2277 4095 2452 4164 μέγας
2488 4095 2972 4166 στρατοπεδάρχης
3003 4093 3150 4147 ἐστὶν
3186 4091 3530 4164 ἐπιμελητὴς
3566 4091 3678 4145 τῶν

2098 4190 2200 4260 τῆς
2223 4190 2486 4258 στρατιᾶς
2516 4189 2860 4258 ἐπιτηδείων,
2889 4189 3008 4257 ἤτοι
3033 4187 3342 4261 τροφίμων,
3380 4186 3560 4241 ποτῶν
3583 4185 3680 4239 καὶ

2100 4284 2320 4338 πάντων
2352 4283 2460 4336 τῶν
2491 4281 2792 4352 χρειωδῶν.

2177 4401 2237 4456 Ὀ
2276 4402 2448 4472 μέγας
2498 4399 2904 4470 πριμμικήριος
2932 4397 3085 4459 ἐντὸς
3134 4395 3231 4449 τοῦ
3285 4393 3551 4448 παλατίου
3595 4395 3679 4456 είς

2097 4493 2195 4563 τὴν
2223 4493 2575 4562 παράστασιν
2608 4487 2976 4542 παιδοπούλου
3025 4485 3118 4541 τοῦ
3152 4485 3464 4557 βεστιαρίου
3517 4482 3678 4552 κομίο

2097 4583 2283 4649 ζοντος
2312 4584 2372 4637 τὸ
2401 4580 2677 4654 βασιλικὸν
2719 4579 3044 4642 δικανίκιον,
3082 4578 3245 4648 μέχρι
3292 4576 3386 4629 καὶ
3431 4573 3528 4626 τοῦ
3563 4591 3680 4642 τρι-

2094 4674 2279 4730 κλίνου
2309 4673 2580 4744 διμοίρου,
2614 4664 2769 4733 οὗτος
2802 4665 2967 4722 τοῦτο
2998 4666 3298 4734 λαμϐάνων
3348 4664 3426 4732 τῷ
3463 4662 3679 4733 βασιλεῖ

2097 4767 2286 4838 φέρων
2325 4765 2564 4818 δίδωσιν.
2602 4761 2777 4816 ’Ὀταν
2814 4761 2858 4814 δ’
2889 4759 2958 4813 αὖ
2997 4759 3158 4812 τοῦτο
3189 4754 3341 4826 παρὰ
3391 4754 3485 4808 τοῦ
3518 4755 3679 4824 βασι·

2096 4861 2238 4924 λὲως
2267 4859 2428 4931 λάϐῃ,
2463 4857 2553 4912 ἐπ’
2589 4857 2775 4920 ἁδείας
2803 4855 2919 4926 ἔχει
2954 4852 3220 4915 πολλάκις
3249 4851 3506 4920 κατέχειν
3544 4849 3680 4902 αὐτὸ

2095 4955 2263 5025 τιμῆς
2309 4955 2495 5006 ἕνεκα.
2524 4952 2597 5005 Τὸ
2647 4951 2705 5004 δὲ
2754 4952 2956 5003 οἰκεῖον
2994 4948 3183 5001 δίδωσι
3222 4944 3360 5014 πρὸς
3409 4944 3470 4996 τὸ
3509 4942 3680 5013 ῥηθὲν

2099 5046 2194 5100 τοῦ
2224 5045 2538 5116 βεστιαρίου
2572 5041 2958 5102 παιδόπουλον,
2991 5037 3048 5100 ὃς
3079 5037 3175 5090 καὶ
3206 5034 3391 5103 ἐξάγει
3420 5033 3577 5088 τοῦτο
3619 5035 3679 5086 ὲν

2099 5140 2177 5211 τῷ
2210 5141 2469 5211 σχήματι,
2505 5138 2646 5191 κατὰ
2672 5136 2768 5189 καὶ
2805 5134 2865 5187 τὸ
2899 5129 3200 5204 βασιλικόν.

2175 5256 2295 5309 Ἐνι
2320 5255 2378 5307 δὲ
2405 5254 2501 5307 καὶ
2548 5250 2882 5320 τεταγμένον
2908 5247 3147 5302 δίδοσθαι
3183 5248 3324 5317 πρὸς
3355 5246 3450 5300 τὸν
3498 5244 3678 5316 μέγαν

2101 5348 2511 5420 πριμμικήριον
2561 5345 2705 5398 κατὰ
2749 5342 3059 5412 κυριακὴν,
3113 5340 3276 5410 χάριν
3323 5337 3631 5393 δικανικίου
3659 5377 3676 5402 ,

2103 5443 2424 5512 ὺπέρπυρον
2467 5438 2547 5491 ἐν.
2584 5439 2682 5490 Ἂν
2716 5434 2762 5488 δ’
2797 5436 2930 5497 ἴσως
2972 5427 3126 5496 οὗτος
3170 5431 3467 5500 ἀποδημεῖ,
3495 5429 3679 5483 δίδωσι

2105 5536 2169 5590 τδ
2194 5533 2496 5588 δικανίκιον
2521 5531 2550 5583 ό
2575 5526 2926 5599 ἐντιμότερος
2954 5525 3064 5580 τῶν
3096 5524 3539 5592 καθευρεθέντων
3573 5522 3679 5591 άρ-

2104 5629 2329 5700 χόντων.
2357 5624 2684 5694 Εὐρίσκεται
2711 5624 2804 5674 καὶ
2836 5621 2914 5684 είς
2938 5620 3000 5672 τὸ
3025 5618 3312 5686 φωσσάτον
3342 5613 3551 5686 κεφαλὴ
3578 5615 3678 5681 τῆς

2107 5717 2393 5789 βασιλικῆς
2442 5713 2769 5777 συντάξεως.
2822 5711 2975 5782 Ἔχει
3031 5709 3089 5763 δὲ
3139 5708 3234 5762 καὶ
3289 5707 3457 5764 ίδικὸν
3507 5705 3677 5761 αὐτοῦ

2107 5807 2419 5880 φλάμουλον
2451 5807 2512 5860 ἐν
2544 5789 2610 5877 τῇ
2644 5803 2866 5876 τοιαύτῃ
2909 5801 3182 5875 συντάξει.
