4050 6598
343 415 416 476 53

1336 417 1432 477 DE
1499 415 1829 480 OFFICIIS
1885 416 2355 490 CPOIJTANIS.
2397 421 2556 483 CAP.
2591 420 2657 483 ν.
3532 403 3599 469 54

419 528 482 582 '0
525 529 700 599 μέγας
750 531 1149 598 κοντδσταυλος
1199 532 1514 604 εὑρίσκεται
1561 539 1774 611 κεφαλὴ
1812 541 1917 596 τῶν

2094 541 2323 612 Magnus
2355 537 2729 597 contostaulus
2763 543 2844 592 est
2873 541 3040 606 caput
3111 522 3594 598 stipendiariorum

332 623 652 693 δογστόρων
676 625 966 695 Φράγγων.

420 714 481 768 Ὅ
508 718 968 784 πρωτοσεδαστδς
998 720 1257 790 οὐδεμίαν
1285 722 1591 795 ὑπηρεσίαν
1628 723 1762 794 ἔχει.

409 809 521 864 T05
548 813 821 884 πιγκέρνη
853 817 885 885 ἠ
912 814 1210 885 ὑπηρεσία,
1231 816 1318 869 ὅτε
1347 816 1440 870 καὶ
1473 817 1506 887 ἠ
1537 816 1644 869 τῶν
1677 815 1915 885 μεγάλου

332 902 665 972 δομεστίκου
698 903 1044 975 λεχθήσεται.

425 994 494 1046 ’0
526 997 942 1065 κουροπαλάτης
967 993 1080 1068 εἶχε
1115 1000 1213 1068 μὲν
1242 999 1322 1062 είς
1353 999 1415 1052 τδ
1447 998 1670 1053 καλαιὸν
1713 998 1924 1070 ὑπηρεο

341 1086 496 1152 σίαν,
525 1087 646 1157 ἥτις
676 1088 824 1142 ἐστὶν
861 1091 1276 1159 ὲνεπίγνωστος,
1313 1089 1410 1145 νῦν
1441 1091 1499 1145 δὲ
1535 1091 1815 1162 οὐδεμίαν.

429 1271 492 1323 Ὀ
522 1271 1015 1342 παρικοιμώμενος
1046 1272 1147 1342 τῆς
1184 1273 1483 1343 σφενδόνης
1518 1273 1616 1344 τὴν
1648 1274 1742 1328 τοῦ
1773 1274 1930 1345 βασι-

341 1356 486 1421 λέως
510 1360 805 1431 σφενδόνην
832 1361 1130 1430 λαμὸάνων
1158 1363 1452 1434 σφραγίζει
1481 1365 1569 1419 διὰ
1601 1365 1770 1436 κηροῦ
1799 1366 1930 1421 ἔνθα

345 1449 432 1500 δεῖ
460 1465 476 1480 ο
520 1451 554 1518 ἡ
592 1451 646 1504 δὲ
680 1452 904 1522 τοιαύτη
957 1455 1214 1525 σφραγὶς,
1252 1457 1284 1527 ή
1331 1456 1421 1510 διὰ
1469 1457 1645 1528 κηροῦ
1699 1457 1928 1530 δηλαδὴ,

346 1541 593 1610 οὐδαμοῦ
623 1544 835 1610 γίνεται
882 1545 1120 1617 ἀλλαχοῦ
1147 1550 1299 1618 παρὰ
1327 1549 1421 1603 τοῦ
1455 1550 1738 1620 βασιλέως,
1769 1552 1818 1604 εί
1855 1552 1931 1624 μὴ

351 1633 491 1701 πρὸς
543 1634 642 1704 τὴν
701 1635 992 1692 δέσποιναν
1039 1639 1137 1712 τὴν
1207 1642 1419 1713 μητέρα
1469 1645 1632 1697 αὑτοῦ
1689 1644 1782 1698 καὶ
1837 1643 1944 1716 τὴν⁸

349 1727 643 1783 δέσποιναν
674 1731 774 1802 τὴν
821 1736 1056 1799 γυναῖκα
1090 1735 1255 1789 αὑτοῦ
1310 1734 1405 1790 καὶ
1451 1736 1796 1808 τὸνβασιλέα
1842 1737 1938 1791 τὸν

350 1821 472 1899 νίν
499 1823 689 1878 αὑτοῦ.
714 1824 857 1894 Πρὸς
885 1826 940 1881 δὲ
969 1827 1259 1894 δεσπότας,
1290 1829 1644 1899 πατριάρχας
1675 1829 1767 1882 καὶ
1808 1829 1938 1892 τοὺς

2017 640 2376 695 Francorum.

2090 728 2511 784 Protosehastus
2539 725 2690 781 nullo
2715 738 2944 780 munere
2972 720 3236 791 fungitur.

2092 825 2373 881 Pineernze
2405 825 2648 880 ofﬁcium
2678 819 3062 892 explicabitur,
3091 815 3306 888 quando
3360 811 3428 866 de
3479 823 3598 862 ma-

2024 919 2112 991 gni
2144 917 2426 975 domestici
2451 932 2677 972 munere
2705 928 2888 970 sermo
2913 912 3039 967 erit.

2040 996 2049 1007 ’
2096 1011 2205 1086 34
2233 1012 2556 1082 Curopalata
2603 1010 2733 1065 olim
2785 1007 3003 1079 quidem
3056 1001 3288 1058 habebat
3335 998 3600 1062 ol’ﬁcium,

2029 1110 2170 1181 quod
2200 1124 2346 1163 nunc
2379 1104 2725 1186 incOguitum‘
2745 1109 2850 1156 est.
2874 1099 2934 1154 ιη
2960 1095 3218 1168 praesenti
3268 1092 3417 1148 nullo
3477 1092 3607 1144 fun-

2029 1205 2174 1275 gitur
2213 1216 2461 1256 munere.

2102 1295 2396 1350 Praefectus
2426 1290 2588 1362 sigilli
2621 1304 2715 1344 seu
2775 1285 3026 1357 sigilliler
3080 1276 3430 1352 imperatoris
3484 1274 3607 1345 pala

2033 1406 2130 1448 seu
2161 1389 2362 1444 annulo
2391 1386 2646 1456 obsignat
2675 1383 2886 1438 litteras
2910 1394 3059 1442 cera,
3096 1373 3321 1446 quando
3367 1375 3606 1440 oportet.

2035 1483 2148 1539 Hoc
2172 1497 2300 1537 vero
2330 1496 2426 1550 per
2457 1493 2638 1534 ceram
2672 1475 2911 1544 sigillum
2960 1486 3068 1525 non
3121 1473 3349 1536 usurpat
3396 1461 3614 1532 uspiam

2036 1575 2355 1645 imperator,
2391 1571 2498 1626 nisi
2551 1568 2617 1623 ad
2681 1566 2962 1622 dominam
3033 1570 3260 1615 matrem
3319 1570 3500 1619 suam,
3542 1551 3611 1606 ad

2036 1668 2314 1723 dominam
2353 1678 2577 1719 uxorem
2610 1675 2765 1716 suam
2792 1667 2846 1711 et
2876 1657 2940 1710 ad
2967 1656 3353 1723 imperatorem
3405 1647 3611 1710 ﬁlium;

2038 1761 2104 1815 ad
2136 1759 2392 1828 tlespotas
2426 1764 2630 1815 autem.
2660 1754 2726 1808 ad
2758 1749 3102 1822 patriarchas
3143 1756 3197 1799 et
3237 1744 3305 1798 ad
3369 1741 3612 1808 reliquos

2041 1851 2422 1908 honoratiores
2454 1847 2729 1918 principes
2755 1852 2808 1898 et
2836 1855 3089 1912 proceres
3137 1836 3308 1892 utitur
3357 1829 3614 1902 plumbea

349 1914 580 2011 Ξοιῗοὺς
609 1917 880 2011 “xw?”
924 1920 1033 2011 τέῦν
1065 1921 1431 1993 ἐντιμοτέρων
1472 1923 1560 1977 διὰ
1614 1922 1928 1995 μολιδδίνης
1961 1920 2004 1979 Β
2031 1945 2200 2000 bulla.
2221 1914 2649 2011 Portatiusuper
2672 1932 3136 2004 isteimpcraturis
3153 1943 3363 1995 ensem,
3388 1924 3622 1980 absente.

355 2004 578 2075 βούλης.
612 2010 774 2080 Φέρει
808 2011 865 2065 δὲ
915 2006 1072 2077 οὗτος
1108 2016 1200 2070 καὶ
1229 2015 1326 2086 τὴν
1354 2014 1644 2086 βασιλικὴν
1690 2014 1928 2087 σπάθην,

351 2097 771 2168 ἀποδημοῦντος
805 2101 895 2155 τοῦ
931 2107 1436 2177 πρωτοστράτορος.

439 2210 502 2264 '0
530 2215 1032 2285 παρακοιμὼμενος
1060 2217 1153 2272 τοῦ
1200 2219 1458 2282 κοιτῶνος
1491 2219 1814 2290 εὑρίσκεται
1847 2235 1938 2273 κει

354 2304 505 2375 φαλὴ
536 2305 647 2360 τῶν
678 2309 735 2360 ὲν
787 2308 866 2378 τῷ
895 2309 1116 2362 κοιτῶνι
1153 2311 1526 2366 παιδοπούλων
1558 2312 1653 2366 καὶ
1679 2311 1790 2366 τῶν
1819 2328 1936 2364 κοι-

354 2400 668 2468 τωναρίων,
697 2401 836 2473 ἔχων
879 2401 974 2457 ὑπ’
1008 2406 1173 2458 αὑτὸν
1227 2405 1321 2458 καὶ
1369 2405 1462 2459 τὸν
1515 2404 1939 2476 προκαθήμενον

353 2495 456 2548 τοῦ
487 2498 772 2560 κοιτῶνος.
801 2499 967 2553 Μένει
997 2499 1052 2553 δὲ
1081 2499 1177 2554 καὶ
1208 2500 1360 2564 ἐντὸς
1386 2498 1482 2553 τοῦ
1510 2498 1795 2554 παλατίου.
1828 2497 1936 2550 Τοῦ

353 2592 869 2662 παρακοιμωμένου
916 2593 972 2646 δὲ
1023 2596 1122 2662 τῆς
1181 2594 1477 2662 σφενδόνης
1533 2589 1941 2661 ἀποδημοῦντος

354 2676 514 2744 οὗτος
545 2684 702 2754 φέρει
736 2685 834 2756 τὴν
860 2683 956 2738 τοῦ
987 2685 1252 2756 βασιλέως
1283 2685 1521 2755 σπάθην.

447 2795 512 2848 Ἦ
545 2796 638 2850 τοῦ
681 2797 902 2867 γενικοῦ
949 2799 1240 2866 λογοθέτου
1269 2798 1545 2868 ὑπηρεσία
1588 2797 1649 2850 οὐ
1679 2797 1944 2865 γινώσκε-

357 2909 478 2946 ται.

445 3006 508 3060 '0
557 3007 1096 3079 πρωτοϐεστιαρίτης
1127 3007 1274 3061 ἐστὶν
1305 3007 1588 3078 ὑπηρέτης
1632 3009 1728 3077 τῆς
1767 3023 1945 3076 παρα-

363 3100 635 3160 στάσεως.
667 3099 779 3168 Πρδ
837 3099 947 3168 γάρ
999 3097 1094 3152 τοῦ
1143 3099 1238 3152 τὸν
1294 3098 1520 3168 βασιλέα
1573 3099 1666 3152 τοῦ
1727 3098 1938 3152 κελλίου

363 3192 536 3246 αὑτοῦ
583 3189 819 3256 ἐξελθεῖν
856 3184 1013 3254 οὗτος
1066 3190 1382 3260 εὑρίσκεται
1433 3192 1492 3245 ἐν
1541 3189 1618 3262 τῷ
1657 3190 1942 3261 τρικλινίῳ

2040 2044 2462 2109 protostralore.

2109 2237 2404 2294 Praefectus
2446 2232 2683 2290 cubiculi
2715 2237 2800 2287 est
2836 2237 3001 2298 caput
3055 2239 3245 2280 eorum
3310 2217 3403 2290 qui
3451 2215 3620 2271 mini-

2041 2338 2219 2384 strant
2249 2328 2303 2382 in
2331 2325 2587 2381 cubiculo
2613 2335 2666 2379 et
2699 2320 3188 2376 cubiculariorum.
3217 2312 3392 2367 llabet
3420 2310 3522 2365 sub
3557 2321 3620 2362 se

2041 2438 2256 2494 quoque
2290 2419 2577 2492 praesidem
2608 2413 2868 2470 cubiculi.
2908 2411 3090 2465 Manet
3130 2409 3186 2462 in
3239 2403 3468 2475 palatio.
3510 2399 3620 2454 Ab-
3679 2409 3684 2416 ‘

2041 2524 2195 2572 septe
2253 2509 2510 2584 praefecto
2567 2507 2733 2578 sigilli
2771 2505 2876 2562 l‘ert
2935 2504 3040 2558 iste
3098 2494 3448 2569 imperatoris
3525 2505 3624 2546 en-

2045 2619 2185 2661 sem.

2118 2807 2652 2879 Functiologothetze
2676 2800 2949 2875 generalis
2996 2797 3275 2869 incognita
3305 2802 3411 2850 est.

2119 3004 2594 3060 Protovestiarites
2676 3000 2930 3055 minister
2983 3007 3066 3053 est
3131 2993 3625 3050 circumstationis.

2049 3100 2204 3154 Prius
2223 3099 2368 3154 enim
2397 3113 2557 3168 quam
2586 3097 2884 3166 imperator
2913 3109 2977 3149 ex
3011 3105 3110 3146 suo
3134 3089 3389 3145 conclavi
3445 3096 3628 3151 exeat,

2050 3194 2151 3251 iste
2179 3193 2290 3264 jam
2315 3193 2367 3246 in
2401 3174 2925 3246 triclinioversatur
2950 3201 3072 3241 cum
3117 3187 3312 3253 magno
3343 3179 3623 3236 hetreriar-

369 3285 513 3354 μετά
554 3301 613 3336 τε
657 3282 752 3336 τοῦ
790 3284 1028 3355 μεγάλου
1064 3284 1412 3355 ὲταιριάρχου
1451 3282 1548 3337 καὶ
1594 3282 1688 3336 τοῦ
1717 3285 1815 3351 τῆς
1846 3284 1943 3336 αὐ-

2051 3289 2151 3342 cha
2186 3294 2240 3341 et
2303 3283 2621 3355 primicerio
2664 3281 2824 3337 aulae.
2871 3279 2940 3335 Et
2997 3289 3284 3348 postquam
3336 3277 3633 3343 imperator
3701 3293 3715 3304 κ

364 3379 468 3448 λῆς
511 3379 946 3447 πριμμικηρίου.
987 3376 1097 3428 Καὶ
1131 3375 1267 3445 μετᾶ
1315 3376 1375 3428 τὸ
1413 3374 1651 3440 ἐξελθεῖν
1691 3374 1784 3428 καὶ
1821 3391 1949 3427 στα-

369 3473 531 3541 θῆναι
570 3470 920 3540 τὸνβασιλέα
975 3469 1255 3538 ἐξέρχεται
1303 3469 1332 3521 6
1383 3467 1945 3538 πρωτοδεστιαρίτης,

369 3568 467 3619 καὶ
501 3563 664 3617 καλεῖ
685 3563 813 3626 τοὺς
855 3561 961 3615 τῶν
994 3561 1268 3632 ἀρχόντων
1307 3561 1693 3631 ἐντιμοτέρους
1743 3560 1823 3622 είς
1849 3560 1950 3628 τὴν

375 3659 739 3727 παράστασιν.
797 3657 1029 3708 Ἔπειτα
1081 3656 1110 3709 6
1165 3655 1339 3724 μέγας
1397 3654 1792 3724 ἑταιριάρχης,
1854 3650 1952 3705 xal

376 3751 535 3805 καλεῖ
572 3751 668 3803 καὶ
711 3742 866 3809 οὗτός
901 3764 1054 3811 τινας
1102 3745 1210 3801 τῶν
1246 3747 1532 3818 προτέρων
1567 3745 1807 3809 πλείους.
1838 3744 1950 3800 Καὶ

379 3843 517 3910 μετᾶ
557 3841 750 3894 τοῦτον
792 3838 1072 3911 ἐξέρχεται
1122 3839 1149 3892 6
1196 3841 1602 3909 πριμμικήριος
1631 3840 1729 3910 τῆς
1759 3838 1950 3908 αὐλῆς,

376 3937 474 3989 καὶ
500 3935 661 3989 καλεῖ
686 3937 784 3988 καὶ⁸
817 3929 971 3996 οὗτος
999 3932 1263 3995 ὡσαύτως
1288 3933 1415 3996 τοὺς
1455 3932 1677 3994 λοιποὺς
1707 3932 1816 3986 τῶν
1851 3933 1950 4001 άρ-

376 4027 601 4096 χόντων.
638 4021 771 4079 Εἶτα
801 4025 1026 4096 φέρουσι
1056 4024 1118 4078 τδ
1148 4023 1240 4077 τοῦ
1292 4023 1560 4094 βασιλέως
1606 4022 1910 4078 δικανίκιον
1937 4042 1950 4056 ο

376 4115 436 4168 οὗ
471 4116 564 4168 καὶ
589 4115 833 4178 δοθέντος
854 4115 930 4184 τῷ
951 4113 1166 4184 ’βασιλεί
1195 4113 1344 4182 παρά
1375 4112 1468 4166 τοῦ
1506 4113 1745 4183 μεγάλου
1784 4130 1956 4183 πριμ-

382 4210 664 4279 μικηρίου,
693 4210 769 4270 ὡς
799 4209 1035 4278 εἴρηται,
1070 4206 1231 4270 εὐθὺς
1261 4208 1308 4260 οί
1343 4206 1693 4276 ἐταιριάρχαι
1726 4206 1954 4261 καλοῦσι

375 4304 505 4367 τοὺς
538 4302 877 4366 ἐπιλοίπους,
906 4300 1030 4360 τοὺς
1062 4300 1130 4353 τὰ
1172 4302 1401 4354 κόκκινα
1435 4298 1677 4370 δηλονότι
1718 4299 1952 4370 φοροῦν-

375 4412 471 4457 τα;
507 4395 839 4464 σκαράνικα,
871 4393 969 4446 καὶ⁵
995 4393 1204 4455 πάντας
1229 4394 1352 4455 τοὺς
1389 4391 1562 4446 κάτω.
1587 4392 1698 4444 Καὶ
1733 4392 1947 4460 γίνεται

381 4489 482 4556 μὲν
522 4485 666 4540 οὕτω
710 4484 872 4538 τοῦτο
919 4484 1176 4546 πάντοτε,
1209 4483 1353 4537 κατά
1399 4500 1460 4536 τε
1493 4483 1594 4554 τὴν
1624 4484 1718 4537 τοῦ
1754 4482 1954 4554 ὄρθρου

378 4582 529 4650 ὤραν
557 4580 659 4648 τῆς
703 4571 1051 4646 λειτουργίας
1083 4579 1178 4632 καὶ
1217 4576 1507 4648 ἑσπερινοῦ
1534 4594 1547 4608 ο
1581 4576 1719 4645 μετά
1758 4578 1813 4631 δὲ
1854 4578 1955 4647 τὴν

2060 3377 2256 3447 prodiit
2287 3385 2341 3431 et
2391 3376 2445 3429 in
2484 3375 2721 3429 triclinio
2747 3371 3016 3437 constitit,
3043 3368 3324 3440 egreditur
3376 3378 3631 3436 protove-

2060 3470 2324 3535 stiarites,
2342 3477 2609 3536 vocatque
2624 3469 2689 3521 ad
2710 3465 3223 3522 circumstationem
3245 3461 3634 3516 honoratiores

2058 3579 2123 3618 ex
2159 3561 2496 3632 proceribus.
2524 3560 2722 3615 Postea
2777 3552 3009 3629 magnus
3061 3553 3419 3610 hetzrriarcha
3476 3558 3637 3604 vocat

2059 3664 2113 3710 et
2142 3655 2258 3723 ipse
2284 3654 2515 3722 aliquos,
2547 3661 2600 3706 et
2632 3651 2851 3721 quidem
2907 3650 3092 3720 plures
3149 3647 3451 3718 prioribus.
3498 3643 3628 3699 Post

2063 3749 2205 3802 hunc
2233 3747 2345 3801 exit
2375 3745 2717 3817 primicerius
2753 3741 2858 3814 35
2901 3742 3060 3804 aulm,
3086 3741 3176 3810 qui
3231 3738 3468 3808 reliquos
3513 3753 3642 3808 pro-

2061 3854 2244 3894 cerum
2282 3838 2530 3892 similiter
2556 3837 2812 3890 advocat.
2849 3834 3051 3888 Deinde
3110 3831 3346 3886 afferunt
3395 3831 3638 3898 impera-

2063 3930 2198 3984 toris
2220 3936 2531 3998 sceptrum;
2561 3926 2708 3996 quod
2737 3941 2972 3995 magnus
2999 3925 3343 3994 primicerius
3401 3923 3642 3992 impera-

2065 4023 2168 4079 tori
2203 4022 2364 4076 modo
2393 4036 2554 4089 supra
2569 4019 2817 4088 exposito
2859 4019 3112 4090 porrigit.
3151 4017 3270 4084 Quo
3288 4025 3508 4086 peracto
3533 4024 3642 4069 stac

2063 4115 2160 4169 tim
2194 4113 2560 4169 hetaeriarcha:
2617 4118 2912 4165 accersunt
2976 4118 3232 4168 czeteros,
3291 4119 3486 4174 nempe
3534 4121 3630 4161 eos

2064 4207 2152 4278 qui
2190 4207 2470 4262 scaranica
2496 4205 2750 4261 coccinea
2797 4202 3004 4267 ferunt,
3063 4209 3118 4255 et
3152 4201 3238 4256 his
3304 4197 3640 4263 inferiores;

2066 4292 2229 4372 ﬁtque
2267 4301 2367 4355 hoc
2400 4315 2614 4368 semper
2648 4312 2809 4353 mane
2842 4297 2990 4353 circa
3055 4296 3244 4349 horam
3298 4292 3537 4363 liturgiae
3587 4301 3643 4348 et

2067 4393 2255 4447 horam
2293 4391 2591 4461 vespertini
2617 4390 2808 4445 ofﬁcii.
2848 4389 2980 4445 Post
3021 4389 3369 4443 missionem.
3437 4385 3482 4440 si
3540 4385 3642 4438 im-

2066 4493 2285 4554 perator
2316 4493 2409 4537 aut
2437 4484 2600 4538 verba
2637 4481 2818 4536 facere
2853 4492 2947 4537 aut
2981 4479 3308 4535 beneﬁcium
3341 4474 3516 4530 ofﬁcii
3582 4471 3638 4527 in

2069 4577 2302 4646 aliquem
2335 4575 2586 4631 conferre
2626 4575 2775 4642 velit,
2814 4582 2999 4628 manet
3064 4569 3477 4628 circumstatio.
3537 4565 3636 4624 Sin

379 4673 670 4734 ἀπόλυσιν,
703 4671 749 4722 εἰ
781 4669 880 4738 μὲν
903 4669 1019 4738 ἔχει
1040 4669 1252 4737 θέλημα
1286 4670 1314 4722 6
1349 4667 1602 4739 βασιλεὺς
1655 4667 1745 4723 ῐνα
1774 4670 1943 4738 δημη-

2061 4670 2262 4731 minus.
2301 4668 2750 4739 protovestiarita
2803 4667 3032 4722 humum
3066 4680 3219 4720 'cum
3282 4677 3384 4718 suo
3445 4659 3641 4715 baculo

377 4764 592 4835 γορήσῃ
615 4762 648 4832 ἢ
676 4763 1016 4833 εὑεργετήση
1059 4761 1312 4831 όφφίκιον
1347 4761 1484 4830 πρός
1508 4778 1652 4826 τινα,
1679 4762 1760 4815 ἔτι
1791 4763 1824 4832 ἠ
1854 4780 1943 4817 πα·

2064 4763 2312 4833 pulsante
2338 4761 2600 4832 paulatim
2670 4759 3066 4822 hetaariarchae,
3129 4764 3183 4810 et
3253 4756 3347 4826 qui
3413 4753 3640 4807 baculus

382 4855 651 4926 ράστασις
683 4855 921 4908 ἵσταται.
965 4855 1026 4907 Εἰ
1068 4855 1126 4906 δὲ
1164 4855 1260 4923 μὴ,
1297 4853 1391 4907 τοῦ
1421 4853 1943 4924 πρωτοϐεστιαριτοι

2062 4853 2270 4927 ligneos
2298 4861 2531 4924 gestant,
2569 4850 2890 4906 idindicant
2944 4849 3014 4904 iis
3074 4846 3167 4917 qui
3248 4852 3370 4914 post
3411 4844 3638 4897 allatum

378 4950 438 5000 τὸ
467 4945 663 5036 ὲαιυτοῦ
695 4945 994 4999 δικανίκιον
1033 4944 1363 5014 κρούσαντος
1396 4943 1485 4996 ἐπ’
1513 4943 1744 5012 ἐδάφους
1770 4944 1943 5016 ἠρέμα

2066 4956 2343 5014 sceptrum
2379 4943 2730 5014 imperatoris
2771 4940 3007 5011 ingressi
3045 4946 3201 5004 sunt,
3235 4944 3290 4992 et
3341 4934 3640 5004 egrediun-

379 5043 426 5093 οἱ
457 5028 808 5109 ἑταιριάρχαι
837 5036 890 5090 0i
919 5036 1192 5090 δικανίκια
1233 5034 1421 5100 ξύλινα
1451 5034 1708 5104 φέροντες
1739 5035 1936 5102 λέγουσ

2065 5049 2173 5094 tur.
2213 5037 2268 5090 Si
2293 5037 2421 5105 quid
2461 5037 2694 5090 durante
2724 5033 3179 5088 circumstatioue
3209 5028 3324 5083 sive
3365 5042 3460 5091 per
3505 5040 3638 5094 apo-

378 5133 496 5194 τοίς
546 5131 689 5199 μετὰ
734 5129 796 5180 τὸ
845 5127 1152 5181 δικανίκιον
1201 5125 1506 5178 εἰσελθοῦσι
1545 5123 1638 5178 τοῦ
1673 5125 1938 5195 βασιλέως

2064 5124 2372 5180 crisiarium
2399 5125 2514 5179 sive
2549 5124 2714 5178 alium
2738 5138 2900 5193 quem
2932 5138 3000 5178 ex
3028 5120 3354 5176 necessariis
3403 5120 3644 5187 impera-

379 5221 478 5272 καὶ
511 5219 848 5289 ἐξέρχονται.
881 5218 946 5270 El
989 5216 1046 5269 δέ
1077 5233 1131 5268 τι
1159 5217 1256 5284 τῆς
1283 5217 1684 5286 παραστάσεως
1733 5217 1943 5282 ἱσταμέ

2066 5219 2166 5271 tori
2211 5216 2627 5288 proponendum
2690 5215 2782 5281 sit,
2817 5229 2976 5270 neruo
3036 5229 3103 5269 ex
3157 5211 3479 5282 proceribus
3523 5207 3639 5274 ejus

383 5328 482 5378 νης
531 5311 718 5379 δεήσει
778 5307 1136 5378 ἀνενεχθῆναι
1187 5306 1265 5375 τῷ
1303 5304 1536 5375 βασιλεῖ,
1569 5304 1681 5358 είτε
1729 5305 1943 5359 δι’άποι

2057 5310 2293 5365 faciendi
2327 5318 2647 5380 potestatem
2710 5311 2892 5373 habet,
2931 5323 3038 5360 non
3100 5306 3395 5359 mandante
3429 5302 3479 5356 id
3531 5300 3641 5355 for-

381 5403 693 5473 κρισιάριον
728 5400 840 5454 εἴτε
889 5399 960 5451 δι’
1011 5398 1141 5452 ἄλλο
1173 5415 1226 5451 τι
1273 5397 1382 5451 τῶν
1416 5397 1751 5465 ἀναγκαίων,
1787 5399 1943 5460 οὐδεὶς

2062 5403 2599 5474 tassisimperatore,
2635 5403 2741 5457 nisi
2806 5402 2960 5456 solus
3026 5397 3525 5469 protovestiarites.
3584 5403 3642 5449 et

382 5495 492 5550 τῶν
539 5496 817 5566 ἀρχόντων
860 5494 973 5562 ἔχει
1014 5493 1173 5545 τοῦτο
1221 5490 1308 5544 ἐπ’
1358 5490 1548 5552 ἀδείας
1586 5491 1834 5559 ποιῆσαι,
1882 5490 1943 5560 μ’)

2064 5497 2181 5566 ipso
2215 5498 2440 5552 absente
2469 5513 2700 5566 magnus
2733 5496 3134 5561 hetaeriarcha;
3172 5495 3218 5549 si
3254 5504 3305 5548 et
3333 5493 3446 5564 ipse
3471 5489 3637 5552 absit,

381 5587 476 5643 τῡῦ
537 5587 804 5658 βασιλέως
859 5587 991 5649 ίσως
1048 5582 1426 5647 ἐπιτάξαντος,
1468 5583 1516 5634 εἰ
1581 5579 1655 5651 μὴ
1716 5581 1877 5651 μόνος
1933 5588 1943 5635 ό

2066 5588 2411 5653 primicerius
2459 5587 2618 5642 aulae.

386 5678 966 5753 πρωτοὸεστιαρίτης·
1009 5678 1059 5731 εί
1102 5674 1147 5730 δ’
1193 5669 1348 5738 οὗτος
1396 5674 1690 5744 ἀποδημεῖ,
1727 5677 1754 5727 ὁ
1786 5676 1959 5745 μέγας
1999 5679 2374 5752 ἑταιριάρχης,
2407 5684 2454 5734 εἰ
2487 5682 2542 5734 δὲ
2579 5683 2670 5734 καὶ
2711 5681 2883 5746 οὗτος,
2921 5685 2948 5734 ὁ
3014 5679 3112 5752 τῆς
3181 5678 3349 5748 αὐλῆς
3402 5693 3642 5748 πριμμι-

383 5775 594 5845 κήριοςο

461 5892 525 5946 Ἠ
560 5890 658 5946 τοῦ
705 5887 1030 5963 δομεστίκου
1085 5891 1183 5962 τῆς
1227 5887 1507 5960 τραπέζης
1558 5887 1833 5960 ὑπηρεσία
1873 5907 1943 5974 κα

2149 5889 2401 5946 Ofﬁcium
2438 5886 2725 5964 domestici
2773 5901 2976 5943 mensa:
3024 5895 3076 5941 et
3146 5886 3386 5958 praefecti
3440 5902 3654 5945 mensas
