  <div class='ocr_page' id='page_1' title='image "/cluster/home/n/w/nwhite01/storage/ocr_20150623/157/hvd.32044019307677/037.png"; bbox 0 0 4050 6616; ppageno 0'>
   <div class='ocr_carea' id='block_1_1' title="bbox 1310 276 1340 305">
    <p class='ocr_par' dir='ltr' id='par_1_1' title="bbox 1310 276 1340 305">
     <span class='ocr_line' id='line_1_1' title="bbox 1310 276 1340 305; baseline 0 0"><span class='ocrx_word' id='word_1_1' title='bbox 1310 276 1340 305; x_wconf 58' lang='grc' dir='ltr'><strong>κ</strong></span> 
     </span>
    </p>
   </div>
   <div class='ocr_carea' id='block_1_2' title="bbox 406 366 1995 436">
    <p class='ocr_par' dir='ltr' id='par_1_2' title="bbox 406 366 1995 436">
     <span class='ocr_line' id='line_1_2' title="bbox 406 366 1995 436; baseline 0.003 -6"><span class='ocrx_word' id='word_1_2' title='bbox 406 366 478 430; x_wconf 61' lang='grc' dir='ltr'>ξιξ)</span> <span class='ocrx_word' id='word_1_3' title='bbox 1606 368 1872 433; x_wconf 67' lang='grc' dir='ltr'><strong>ΟΟΒΙΝΙ</strong></span> <span class='ocrx_word' id='word_1_4' title='bbox 1909 375 1995 436; x_wconf 87' lang='lat' dir='ltr'><strong>CU</strong></span> 
     </span>
    </p>
   </div>
   <div class='ocr_carea' id='block_1_3' title="bbox 2098 366 3675 436">
    <p class='ocr_par' dir='ltr' id='par_1_3' title="bbox 2098 372 3675 436">
     <span class='ocr_line' id='line_1_3' title="bbox 2098 372 3675 436; baseline 0 -3"><span class='ocrx_word' id='word_1_5' title='bbox 2098 374 2211 434; x_wconf 76' lang='lat' dir='ltr'><strong>lPA</strong></span> <span class='ocrx_word' id='word_1_6' title='bbox 2227 373 2443 436; x_wconf 74' lang='lat' dir='ltr'><strong>LAT/E</strong></span> <span class='ocrx_word' id='word_1_7' title='bbox 3608 372 3675 433; x_wconf 82' lang='grc'>56</span> 
     </span>
    </p>
   </div>
   <div class='ocr_carea' id='block_1_4' title="bbox 398 486 1995 564">
    <p class='ocr_par' dir='ltr' id='par_1_4' title="bbox 398 486 1991 558">
     <span class='ocr_line' id='line_1_4' title="bbox 398 486 1991 558; baseline 0.006 -23"><span class='ocrx_word' id='word_1_8' title='bbox 398 486 796 553; x_wconf 52' lang='lat' dir='ltr'><strong>“plicabitur,</strong></span> <span class='ocrx_word' id='word_1_9' title='bbox 831 488 1055 558; x_wconf 79' lang='lat' dir='ltr'><strong>quando</strong></span> <span class='ocrx_word' id='word_1_10' title='bbox 1120 486 1189 541; x_wconf 87' lang='lat' dir='ltr'><strong>de</strong></span> <span class='ocrx_word' id='word_1_11' title='bbox 1240 500 1466 541; x_wconf 87' lang='lat' dir='ltr'><strong>munere</strong></span> <span class='ocrx_word' id='word_1_12' title='bbox 1521 489 1697 557; x_wconf 75' lang='lat' dir='ltr'><strong>magni</strong></span> <span class='ocrx_word' id='word_1_13' title='bbox 1731 488 1991 545; x_wconf 79' lang='lat' dir='ltr'><strong>domestic</strong></span> 
     </span>
    </p>
   </div>
   <div class='ocr_carea' id='block_1_5' title="bbox 2098 486 3677 564">
    <p class='ocr_par' dir='ltr' id='par_1_5' title="bbox 2112 489 3677 564">
     <span class='ocr_line' id='line_1_5' title="bbox 2112 489 3677 564; baseline 0.001 -19"><span class='ocrx_word' id='word_1_14' title='bbox 2112 491 2207 545; x_wconf 88' lang='lat'><strong>106</strong></span> <span class='ocrx_word' id='word_1_15' title='bbox 2260 492 2352 543; x_wconf 74' lang='grc' dir='ltr'><strong>ἐπὶ</strong></span> <span class='ocrx_word' id='word_1_16' title='bbox 2396 490 2494 562; x_wconf 85' lang='grc' dir='ltr'>τῆς</span> <span class='ocrx_word' id='word_1_17' title='bbox 2534 491 2811 563; x_wconf 78' lang='grc' dir='ltr'><strong>τραπέζης</strong></span> <span class='ocrx_word' id='word_1_18' title='bbox 2852 489 3203 564; x_wconf 78' lang='grc' dir='ltr'>λεχθήσεται,</span> <span class='ocrx_word' id='word_1_19' title='bbox 3235 491 3319 545; x_wconf 77' lang='grc' dir='ltr'><strong>ὅτε</strong></span> <span class='ocrx_word' id='word_1_20' title='bbox 3369 491 3464 545; x_wconf 71' lang='grc' dir='ltr'><strong>καὶ</strong></span> <span class='ocrx_word' id='word_1_21' title='bbox 3502 492 3534 561; x_wconf 86' lang='grc' dir='ltr'>ἠ</span> <span class='ocrx_word' id='word_1_22' title='bbox 3581 492 3677 547; x_wconf 78' lang='grc' dir='ltr'>τοῦ</span> 
     </span>
    </p>
   </div>
   <div class='ocr_carea' id='block_1_6' title="bbox 397 580 722 636">
    <p class='ocr_par' dir='ltr' id='par_1_6' title="bbox 397 580 722 636">
     <span class='ocr_line' id='line_1_6' title="bbox 397 580 722 636; baseline 0.009 -3"><span class='ocrx_word' id='word_1_23' title='bbox 397 580 722 636; x_wconf 86' lang='lat' dir='ltr'><strong>disseretur.</strong></span> 
     </span>
    </p>
   </div>
   <div class='ocr_carea' id='block_1_7' title="bbox 473 674 1981 748">
    <p class='ocr_par' dir='ltr' id='par_1_7' title="bbox 473 674 1981 748">
     <span class='ocr_line' id='line_1_7' title="bbox 473 674 1981 748; baseline 0.003 -22"><span class='ocrx_word' id='word_1_24' title='bbox 473 674 696 743; x_wconf 78' lang='lat' dir='ltr'><strong>Magnus</strong></span> <span class='ocrx_word' id='word_1_25' title='bbox 728 678 952 746; x_wconf 84' lang='lat' dir='ltr'><strong>pappias</strong></span> <span class='ocrx_word' id='word_1_26' title='bbox 970 677 1100 747; x_wconf 87' lang='lat' dir='ltr'><strong>olim</strong></span> <span class='ocrx_word' id='word_1_27' title='bbox 1122 677 1314 733; x_wconf 91' lang='lat' dir='ltr'><strong>habuit</strong></span> <span class='ocrx_word' id='word_1_28' title='bbox 1337 674 1678 748; x_wconf 90' lang='lat' dir='ltr'><strong>incognitum</strong></span> <span class='ocrx_word' id='word_1_29' title='bbox 1712 675 1981 741; x_wconf 82' lang='lat' dir='ltr'><strong>officium,</strong></span> 
     </span>
    </p>
   </div>
   <div class='ocr_carea' id='block_1_8' title="bbox 401 769 1053 823">
    <p class='ocr_par' dir='ltr' id='par_1_8' title="bbox 401 769 1053 823">
     <span class='ocr_line' id='line_1_8' title="bbox 401 769 1053 823; baseline 0.006 -4"><span class='ocrx_word' id='word_1_30' title='bbox 401 783 550 821; x_wconf 89' lang='lat' dir='ltr'><strong>nunc</strong></span> <span class='ocrx_word' id='word_1_31' title='bbox 575 776 755 821; x_wconf 90' lang='lat' dir='ltr'><strong>autem</strong></span> <span class='ocrx_word' id='word_1_32' title='bbox 817 769 1053 823; x_wconf 88' lang='lat' dir='ltr'><strong>nullum.</strong></span> 
     </span>
    </p>
   </div>
   <div class='ocr_carea' id='block_1_9' title="bbox 478 855 1981 934">
    <p class='ocr_par' dir='ltr' id='par_1_9' title="bbox 478 855 1981 934">
     <span class='ocr_line' id='line_1_9' title="bbox 478 855 1981 934; baseline 0.003 -25"><span class='ocrx_word' id='word_1_33' title='bbox 478 855 746 911; x_wconf 86' lang='lat' dir='ltr'><strong>Similiter</strong></span> <span class='ocrx_word' id='word_1_34' title='bbox 776 858 1075 928; x_wconf 81' lang='lat' dir='ltr'><strong>eparchus,</strong></span> <span class='ocrx_word' id='word_1_35' title='bbox 1108 860 1199 930; x_wconf 92' lang='lat' dir='ltr'><strong>qui</strong></span> <span class='ocrx_word' id='word_1_36' title='bbox 1229 870 1283 915; x_wconf 83' lang='lat' dir='ltr'><strong>et</strong></span> <span class='ocrx_word' id='word_1_37' title='bbox 1313 862 1431 934; x_wconf 88' lang='lat' dir='ltr'><strong>ipse</strong></span> <span class='ocrx_word' id='word_1_38' title='bbox 1482 862 1691 917; x_wconf 93' lang='lat' dir='ltr'><strong>nullum</strong></span> <span class='ocrx_word' id='word_1_39' title='bbox 1740 860 1981 916; x_wconf 87' lang='lat' dir='ltr'><strong>ofticium</strong></span> 
     </span>
    </p>
   </div>
   <div class='ocr_carea' id='block_1_10' title="bbox 401 948 584 1002">
    <p class='ocr_par' dir='ltr' id='par_1_10' title="bbox 401 948 584 1002">
     <span class='ocr_line' id='line_1_10' title="bbox 401 948 584 1002; baseline 0.005 -1"><span class='ocrx_word' id='word_1_40' title='bbox 401 948 584 1002; x_wconf 87' lang='lat' dir='ltr'><strong>habet.</strong></span> 
     </span>
    </p>
   </div>
   <div class='ocr_carea' id='block_1_11' title="bbox 470 1040 1983 1116">
    <p class='ocr_par' dir='ltr' id='par_1_11' title="bbox 470 1040 1983 1116">
     <span class='ocr_line' id='line_1_11' title="bbox 470 1040 1983 1116; baseline 0.003 -21"><span class='ocrx_word' id='word_1_41' title='bbox 470 1040 582 1112; x_wconf 76' lang='lat'><strong><em>36</em></strong></span> <span class='ocrx_word' id='word_1_42' title='bbox 611 1041 787 1111; x_wconf 78' lang='lat' dir='ltr'><strong>Magni</strong></span> <span class='ocrx_word' id='word_1_43' title='bbox 812 1045 1090 1115; x_wconf 82' lang='lat' dir='ltr'><strong>drnngarii</strong></span> <span class='ocrx_word' id='word_1_44' title='bbox 1123 1047 1430 1115; x_wconf 81' lang='lat' dir='ltr'><strong>vigiliarum</strong></span> <span class='ocrx_word' id='word_1_45' title='bbox 1469 1047 1709 1103; x_wconf 88' lang='lat' dir='ltr'><strong>ofticium</strong></span> <span class='ocrx_word' id='word_1_46' title='bbox 1740 1060 1983 1116; x_wconf 56' lang='lat' dir='ltr'><strong>expone.</strong></span> 
     </span>
    </p>
   </div>
   <div class='ocr_carea' id='block_1_12' title="bbox 405 1134 1980 1209">
    <p class='ocr_par' dir='ltr' id='par_1_12' title="bbox 405 1134 1980 1209">
     <span class='ocr_line' id='line_1_12' title="bbox 405 1134 1980 1209; baseline 0.004 -26"><span class='ocrx_word' id='word_1_47' title='bbox 405 1142 513 1197; x_wconf 91' lang='lat' dir='ltr'><strong>tur,</strong></span> <span class='ocrx_word' id='word_1_48' title='bbox 546 1134 771 1200; x_wconf 82' lang='lat' dir='ltr'><strong>quando</strong></span> <span class='ocrx_word' id='word_1_49' title='bbox 803 1135 869 1189; x_wconf 90' lang='lat' dir='ltr'><strong>de</strong></span> <span class='ocrx_word' id='word_1_50' title='bbox 901 1136 1086 1191; x_wconf 83' lang='lat' dir='ltr'><strong>officio</strong></span> <span class='ocrx_word' id='word_1_51' title='bbox 1121 1140 1301 1209; x_wconf 90' lang='lat' dir='ltr'><strong>magni</strong></span> <span class='ocrx_word' id='word_1_52' title='bbox 1364 1139 1653 1195; x_wconf 88' lang='lat' dir='ltr'><strong>domestici</strong></span> <span class='ocrx_word' id='word_1_53' title='bbox 1710 1139 1765 1192; x_wconf 90' lang='lat' dir='ltr'><strong>in</strong></span> <span class='ocrx_word' id='word_1_54' title='bbox 1817 1151 1980 1191; x_wconf 81' lang='lat' dir='ltr'><strong>exer-</strong></span> 
     </span>
    </p>
   </div>
   <div class='ocr_carea' id='block_1_13' title="bbox 402 1224 893 1281">
    <p class='ocr_par' dir='ltr' id='par_1_13' title="bbox 402 1224 893 1281">
     <span class='ocr_line' id='line_1_13' title="bbox 402 1224 893 1281; baseline 0.012 -6"><span class='ocrx_word' id='word_1_55' title='bbox 402 1224 513 1277; x_wconf 88' lang='lat' dir='ltr'><strong>citu</strong></span> <span class='ocrx_word' id='word_1_56' title='bbox 541 1225 893 1281; x_wconf 78' lang='lat' dir='ltr'><strong>disseremus.</strong></span> 
     </span>
    </p>
   </div>
   <div class='ocr_carea' id='block_1_14' title="bbox 473 1313 1984 1395">
    <p class='ocr_par' dir='ltr' id='par_1_14' title="bbox 473 1313 1984 1395">
     <span class='ocr_line' id='line_1_14' title="bbox 473 1313 1984 1395; baseline 0.007 -28"><span class='ocrx_word' id='word_1_57' title='bbox 473 1313 651 1385; x_wconf 74' lang='lat' dir='ltr'><strong>Magni</strong></span> <span class='ocrx_word' id='word_1_58' title='bbox 691 1318 1064 1375; x_wconf 64' lang='lat' dir='ltr'><strong>hetmriarchre</strong></span> <span class='ocrx_word' id='word_1_59' title='bbox 1092 1338 1290 1376; x_wconf 89' lang='lat' dir='ltr'><strong>munus</strong></span> <span class='ocrx_word' id='word_1_60' title='bbox 1334 1324 1485 1393; x_wconf 86' lang='lat' dir='ltr'><strong>prius</strong></span> <span class='ocrx_word' id='word_1_61' title='bbox 1532 1325 1752 1394; x_wconf 81' lang='lat' dir='ltr'><strong>quidem</strong></span> <span class='ocrx_word' id='word_1_62' title='bbox 1812 1325 1984 1395; x_wconf 83' lang='lat' dir='ltr'><strong>expli-</strong></span> 
     </span>
    </p>
   </div>
   <div class='ocr_carea' id='block_1_15' title="bbox 403 1413 1979 1488">
    <p class='ocr_par' dir='ltr' id='par_1_15' title="bbox 403 1413 1979 1488">
     <span class='ocr_line' id='line_1_15' title="bbox 403 1413 1979 1488; baseline 0.008 -28"><span class='ocrx_word' id='word_1_63' title='bbox 403 1417 586 1461; x_wconf 81' lang='lat' dir='ltr'><strong>catum</strong></span> <span class='ocrx_word' id='word_1_64' title='bbox 627 1418 731 1475; x_wconf 84' lang='lat' dir='ltr'><strong>est,</strong></span> <span class='ocrx_word' id='word_1_65' title='bbox 772 1413 993 1481; x_wconf 80' lang='lat' dir='ltr'><strong>quando</strong></span> <span class='ocrx_word' id='word_1_66' title='bbox 1046 1415 1114 1469; x_wconf 88' lang='lat' dir='ltr'><strong>de</strong></span> <span class='ocrx_word' id='word_1_67' title='bbox 1153 1417 1607 1472; x_wconf 86' lang='lat' dir='ltr'><strong>circumstatione</strong></span> <span class='ocrx_word' id='word_1_68' title='bbox 1658 1419 1979 1488; x_wconf 75' lang='lat' dir='ltr'><strong>agebamus.</strong></span> 
     </span>
    </p>
   </div>
   <div class='ocr_carea' id='block_1_16' title="bbox 404 1498 1984 1577">
    <p class='ocr_par' dir='ltr' id='par_1_16' title="bbox 404 1498 1984 1577">
     <span class='ocr_line' id='line_1_16' title="bbox 404 1498 1984 1577; baseline 0.009 -28"><span class='ocrx_word' id='word_1_69' title='bbox 404 1498 621 1567; x_wconf 72' lang='lat' dir='ltr'><strong>ltecipit</strong></span> <span class='ocrx_word' id='word_1_70' title='bbox 680 1502 782 1557; x_wconf 87' lang='lat' dir='ltr'><strong>iste</strong></span> <span class='ocrx_word' id='word_1_71' title='bbox 847 1507 1210 1577; x_wconf 91' lang='lat' dir='ltr'><strong>undequaque</strong></span> <span class='ocrx_word' id='word_1_72' title='bbox 1266 1509 1622 1565; x_wconf 83' lang='lat' dir='ltr'><strong>adventantes</strong></span> <span class='ocrx_word' id='word_1_73' title='bbox 1665 1510 1882 1565; x_wconf 72' lang='lat' dir='ltr'><strong>exsules</strong></span> <span class='ocrx_word' id='word_1_74' title='bbox 1930 1519 1984 1564; x_wconf 89' lang='lat' dir='ltr'><strong>et</strong></span> 
     </span>
    </p>
   </div>
   <div class='ocr_carea' id='block_1_17' title="bbox 404 1590 1976 1670">
    <p class='ocr_par' dir='ltr' id='par_1_17' title="bbox 404 1590 1976 1670">
     <span class='ocr_line' id='line_1_17' title="bbox 404 1590 1976 1670; baseline 0.011 -28"><span class='ocrx_word' id='word_1_75' title='bbox 404 1590 656 1659; x_wconf 77' lang='lat' dir='ltr'><strong>perfugas</strong></span> <span class='ocrx_word' id='word_1_76' title='bbox 692 1610 706 1646; x_wconf 90' lang='lat'><strong>:</strong></span> <span class='ocrx_word' id='word_1_77' title='bbox 740 1594 862 1648; x_wconf 75' lang='lat' dir='ltr'><strong>i-leo</strong></span> <span class='ocrx_word' id='word_1_78' title='bbox 891 1600 1057 1651; x_wconf 87' lang='lat' dir='ltr'><strong>etiam</strong></span> <span class='ocrx_word' id='word_1_79' title='bbox 1083 1599 1440 1656; x_wconf 71' lang='lat' dir='ltr'><strong>hetmriarcha</strong></span> <span class='ocrx_word' id='word_1_80' title='bbox 1467 1601 1793 1670; x_wconf 78' lang='lat' dir='ltr'><strong>appellatur,</strong></span> <span class='ocrx_word' id='word_1_81' title='bbox 1862 1614 1976 1659; x_wconf 88' lang='lat' dir='ltr'><strong>tan-</strong></span> 
     </span>
    </p>
   </div>
   <div class='ocr_carea' id='block_1_18' title="bbox 403 1683 1690 1762">
    <p class='ocr_par' dir='ltr' id='par_1_18' title="bbox 403 1683 1690 1762">
     <span class='ocr_line' id='line_1_18' title="bbox 403 1683 1690 1762; baseline 0.009 -27"><span class='ocrx_word' id='word_1_82' title='bbox 403 1697 565 1751; x_wconf 87' lang='lat' dir='ltr'><strong>quam</strong></span> <span class='ocrx_word' id='word_1_83' title='bbox 597 1683 689 1752; x_wconf 87' lang='lat' dir='ltr'><strong>qui</strong></span> <span class='ocrx_word' id='word_1_84' title='bbox 723 1685 971 1754; x_wconf 77' lang='grc' dir='ltr'>ἑταίρους</span> <span class='ocrx_word' id='word_1_85' title='bbox 998 1692 1112 1743; x_wconf 86' lang='lat' dir='ltr'><strong>sive</strong></span> <span class='ocrx_word' id='word_1_86' title='bbox 1143 1691 1349 1745; x_wconf 88' lang='lat' dir='ltr'><strong>amicos</strong></span> <span class='ocrx_word' id='word_1_87' title='bbox 1404 1693 1690 1762; x_wconf 84' lang='lat' dir='ltr'><strong>suscipiat.</strong></span> 
     </span>
    </p>
   </div>
   <div class='ocr_carea' id='block_1_19' title="bbox 476 1771 1983 1843">
    <p class='ocr_par' dir='ltr' id='par_1_19' title="bbox 476 1771 1983 1843">
     <span class='ocr_line' id='line_1_19' title="bbox 476 1771 1983 1843; baseline 0.01 -20"><span class='ocrx_word' id='word_1_88' title='bbox 476 1771 781 1843; x_wconf 85' lang='lat' dir='ltr'><strong>Logotheta</strong></span> <span class='ocrx_word' id='word_1_89' title='bbox 803 1790 1002 1831; x_wconf 87' lang='lat' dir='ltr'><strong>cursus</strong></span> <span class='ocrx_word' id='word_1_90' title='bbox 1028 1780 1155 1833; x_wconf 86' lang='lat' dir='ltr'><strong>olim</strong></span> <span class='ocrx_word' id='word_1_91' title='bbox 1184 1782 1371 1836; x_wconf 86' lang='lat' dir='ltr'><strong>habuit</strong></span> <span class='ocrx_word' id='word_1_92' title='bbox 1390 1782 1633 1837; x_wconf 86' lang='lat' dir='ltr'><strong>ofﬁcium</strong></span> <span class='ocrx_word' id='word_1_93' title='bbox 1660 1781 1983 1838; x_wconf 87' lang='lat' dir='ltr'><strong>nobisinco-</strong></span> 
     </span>
    </p>
   </div>
   <div class='ocr_carea' id='block_1_20' title="bbox 404 1864 1238 1932">
    <p class='ocr_par' dir='ltr' id='par_1_20' title="bbox 404 1864 1238 1932">
     <span class='ocr_line' id='line_1_20' title="bbox 404 1864 1238 1932; baseline 0.013 -15"><span class='ocrx_word' id='word_1_94' title='bbox 404 1864 637 1932; x_wconf 83' lang='lat' dir='ltr'><strong>gnitum,</strong></span> <span class='ocrx_word' id='word_1_95' title='bbox 677 1884 821 1924; x_wconf 91' lang='lat' dir='ltr'><strong>nunc</strong></span> <span class='ocrx_word' id='word_1_96' title='bbox 851 1885 978 1925; x_wconf 87' lang='lat' dir='ltr'><strong>vero</strong></span> <span class='ocrx_word' id='word_1_97' title='bbox 1005 1872 1238 1928; x_wconf 90' lang='lat' dir='ltr'><strong>nullum.</strong></span> 
     </span>
    </p>
   </div>
   <div class='ocr_carea' id='block_1_21' title="bbox 478 2034 1986 2123">
    <p class='ocr_par' dir='ltr' id='par_1_21' title="bbox 478 2034 1986 2123">
     <span class='ocr_line' id='line_1_21' title="bbox 478 2034 1986 2123; baseline 0.011 -26"><span class='ocrx_word' id='word_1_98' title='bbox 478 2044 642 2099; x_wconf 86' lang='lat' dir='ltr'><strong>Primi</strong></span> <span class='ocrx_word' id='word_1_99' title='bbox 668 2049 952 2103; x_wconf 88' lang='lat' dir='ltr'><strong>secretarii</strong></span> <span class='ocrx_word' id='word_1_100' title='bbox 985 2034 1180 2106; x_wconf 86' lang='lat' dir='ltr'><strong>munus</strong></span> <span class='ocrx_word' id='word_1_101' title='bbox 1200 2067 1263 2106; x_wconf 76' lang='lat' dir='ltr'><strong>ex</strong></span> <span class='ocrx_word' id='word_1_102' title='bbox 1291 2054 1412 2123; x_wconf 90' lang='lat' dir='ltr'><strong>ipso</strong></span> <span class='ocrx_word' id='word_1_103' title='bbox 1456 2057 1725 2113; x_wconf 81' lang='lat' dir='ltr'><strong>vocabulo</strong></span> <span class='ocrx_word' id='word_1_104' title='bbox 1772 2058 1986 2114; x_wconf 86' lang='lat' dir='ltr'><strong>innote-</strong></span> 
     </span>
    </p>
   </div>
   <div class='ocr_carea' id='block_1_22' title="bbox 413 2134 1988 2215">
    <p class='ocr_par' dir='ltr' id='par_1_22' title="bbox 413 2134 1988 2215">
     <span class='ocr_line' id='line_1_22' title="bbox 413 2134 1988 2215; baseline 0.007 -26"><span class='ocrx_word' id='word_1_105' title='bbox 413 2134 541 2189; x_wconf 80' lang='lat' dir='ltr'><strong>scit.</strong></span> <span class='ocrx_word' id='word_1_106' title='bbox 572 2135 667 2190; x_wconf 86' lang='lat' dir='ltr'><strong>Est</strong></span> <span class='ocrx_word' id='word_1_107' title='bbox 700 2138 908 2206; x_wconf 89' lang='lat' dir='ltr'><strong>primus</strong></span> <span class='ocrx_word' id='word_1_108' title='bbox 936 2139 1078 2194; x_wconf 89' lang='lat' dir='ltr'><strong>inter</strong></span> <span class='ocrx_word' id='word_1_109' title='bbox 1110 2141 1344 2209; x_wconf 78' lang='lat' dir='ltr'><strong>iudices.</strong></span> <span class='ocrx_word' id='word_1_110' title='bbox 1391 2143 1666 2200; x_wconf 83' lang='lat' dir='ltr'><strong>Interdum</strong></span> <span class='ocrx_word' id='word_1_111' title='bbox 1696 2160 1818 2200; x_wconf 92' lang='lat' dir='ltr'><strong>cum</strong></span> <span class='ocrx_word' id='word_1_112' title='bbox 1868 2146 1988 2215; x_wconf 87' lang='lat' dir='ltr'><strong>ipso</strong></span> 
     </span>
    </p>
   </div>
   <div class='ocr_carea' id='block_1_23' title="bbox 400 2226 1981 2304">
    <p class='ocr_par' dir='ltr' id='par_1_23' title="bbox 400 2226 1981 2304">
     <span class='ocr_line' id='line_1_23' title="bbox 400 2226 1981 2304; baseline 0.008 -25"><span class='ocrx_word' id='word_1_113' title='bbox 400 2226 669 2291; x_wconf 71' lang='lat' dir='ltr'><strong>iudicant.</strong></span> <span class='ocrx_word' id='word_1_114' title='bbox 702 2228 926 2287; x_wconf 86' lang='lat' dir='ltr'><strong>decreto</strong></span> <span class='ocrx_word' id='word_1_115' title='bbox 981 2232 1355 2304; x_wconf 85' lang='lat' dir='ltr'><strong>imperatoris,</strong></span> <span class='ocrx_word' id='word_1_116' title='bbox 1387 2239 1549 2293; x_wconf 89' lang='lat' dir='ltr'><strong>etiam</strong></span> <span class='ocrx_word' id='word_1_117' title='bbox 1583 2239 1676 2293; x_wconf 88' lang='lat' dir='ltr'><strong>alii</strong></span> <span class='ocrx_word' id='word_1_118' title='bbox 1738 2239 1981 2294; x_wconf 83' lang='lat' dir='ltr'><strong>honora-</strong></span> 
     </span>
    </p>
   </div>
   <div class='ocr_carea' id='block_1_24' title="bbox 406 2318 783 2387">
    <p class='ocr_par' dir='ltr' id='par_1_24' title="bbox 406 2318 783 2387">
     <span class='ocr_line' id='line_1_24' title="bbox 406 2318 783 2387; baseline 0.011 -18"><span class='ocrx_word' id='word_1_119' title='bbox 406 2318 575 2371; x_wconf 86' lang='lat' dir='ltr'><strong>tiores</strong></span> <span class='ocrx_word' id='word_1_120' title='bbox 640 2318 783 2387; x_wconf 85' lang='lat' dir='ltr'><strong>ipso.</strong></span> 
     </span>
    </p>
   </div>
   <div class='ocr_carea' id='block_1_25' title="bbox 476 2407 1988 2491">
    <p class='ocr_par' dir='ltr' id='par_1_25' title="bbox 476 2407 1988 2491">
     <span class='ocr_line' id='line_1_25' title="bbox 476 2407 1988 2491; baseline 0.011 -31"><span class='ocrx_word' id='word_1_121' title='bbox 476 2407 723 2464; x_wconf 62' lang='lat' dir='ltr'><strong>Praefecti</strong></span> <span class='ocrx_word' id='word_1_122' title='bbox 760 2414 1036 2470; x_wconf 80' lang='lat' dir='ltr'><strong>exercitus</strong></span> <span class='ocrx_word' id='word_1_123' title='bbox 1065 2416 1307 2473; x_wconf 77' lang='lat' dir='ltr'><strong>officium</strong></span> <span class='ocrx_word' id='word_1_124' title='bbox 1329 2420 1715 2489; x_wconf 80' lang='lat' dir='ltr'><strong>explicabitur,</strong></span> <span class='ocrx_word' id='word_1_125' title='bbox 1766 2423 1988 2491; x_wconf 90' lang='lat' dir='ltr'><strong>quando</strong></span> 
     </span>
    </p>
   </div>
   <div class='ocr_carea' id='block_1_26' title="bbox 406 2500 1988 2574">
    <p class='ocr_par' dir='ltr' id='par_1_26' title="bbox 406 2500 1988 2574">
     <span class='ocr_line' id='line_1_26' title="bbox 406 2500 1988 2574; baseline 0.01 -22"><span class='ocrx_word' id='word_1_126' title='bbox 406 2504 473 2555; x_wconf 79' lang='lat' dir='ltr'><strong>de</strong></span> <span class='ocrx_word' id='word_1_127' title='bbox 526 2500 710 2557; x_wconf 86' lang='lat' dir='ltr'><strong>officio</strong></span> <span class='ocrx_word' id='word_1_128' title='bbox 776 2508 959 2574; x_wconf 80' lang='lat' dir='ltr'><strong>magni</strong></span> <span class='ocrx_word' id='word_1_129' title='bbox 1018 2509 1307 2565; x_wconf 85' lang='lat' dir='ltr'><strong>domestici</strong></span> <span class='ocrx_word' id='word_1_130' title='bbox 1363 2511 1417 2565; x_wconf 93' lang='lat' dir='ltr'><strong>in</strong></span> <span class='ocrx_word' id='word_1_131' title='bbox 1485 2513 1729 2567; x_wconf 84' lang='lat' dir='ltr'><strong>exercitu</strong></span> <span class='ocrx_word' id='word_1_132' title='bbox 1802 2528 1988 2569; x_wconf 76' lang='lat' dir='ltr'><strong>seruio</strong></span> 
     </span>
    </p>
   </div>
   <div class='ocr_carea' id='block_1_27' title="bbox 404 2596 1755 2691">
    <p class='ocr_par' dir='ltr' id='par_1_27' title="bbox 404 2596 1755 2691">
     <span class='ocr_line' id='line_1_27' title="bbox 404 2596 1755 2691; baseline 0 -42"><span class='ocrx_word' id='word_1_133' title='bbox 404 2596 529 2650; x_wconf 79' lang='lat' dir='ltr'><strong>erit.</strong></span> <span class='ocrx_word' id='word_1_134' title='bbox 1722 2652 1755 2691; x_wconf 53' lang='grc' dir='ltr'><strong><em>ο</em></strong></span> 
     </span>
    </p>
   </div>
   <div class='ocr_carea' id='block_1_28' title="bbox 476 2687 1757 2764">
    <p class='ocr_par' dir='ltr' id='par_1_28' title="bbox 476 2687 1757 2764">
     <span class='ocr_line' id='line_1_28' title="bbox 476 2687 1757 2764; baseline 0.005 -22"><span class='ocrx_word' id='word_1_135' title='bbox 476 2687 691 2760; x_wconf 80' lang='lat' dir='ltr'><strong>Mystici</strong></span> <span class='ocrx_word' id='word_1_136' title='bbox 749 2690 957 2748; x_wconf 89' lang='lat' dir='ltr'><strong>functio</strong></span> <span class='ocrx_word' id='word_1_137' title='bbox 1004 2693 1237 2764; x_wconf 89' lang='lat' dir='ltr'><strong>patescit</strong></span> <span class='ocrx_word' id='word_1_138' title='bbox 1266 2708 1330 2749; x_wconf 80' lang='lat' dir='ltr'><strong>ex</strong></span> <span class='ocrx_word' id='word_1_139' title='bbox 1362 2694 1480 2764; x_wconf 90' lang='lat' dir='ltr'><strong>ipso</strong></span> <span class='ocrx_word' id='word_1_140' title='bbox 1513 2687 1757 2749; x_wconf 77' lang='lat' dir='ltr'><strong>nomine.</strong></span> 
     </span>
    </p>
   </div>
   <div class='ocr_carea' id='block_1_29' title="bbox 479 2866 1984 2927">
    <p class='ocr_par' dir='ltr' id='par_1_29' title="bbox 479 2866 1984 2927">
     <span class='ocr_line' id='line_1_29' title="bbox 479 2866 1984 2927; baseline 0.003 -7"><span class='ocrx_word' id='word_1_141' title='bbox 479 2866 826 2924; x_wconf 89' lang='lat' dir='ltr'><strong>Domesticus</strong></span> <span class='ocrx_word' id='word_1_142' title='bbox 842 2868 1156 2924; x_wconf 87' lang='lat' dir='ltr'><strong>scholarum</strong></span> <span class='ocrx_word' id='word_1_143' title='bbox 1184 2870 1316 2925; x_wconf 92' lang='lat' dir='ltr'><strong>olim</strong></span> <span class='ocrx_word' id='word_1_144' title='bbox 1352 2869 1527 2925; x_wconf 89' lang='lat' dir='ltr'><strong>ferme</strong></span> <span class='ocrx_word' id='word_1_145' title='bbox 1570 2871 1712 2927; x_wconf 89' lang='lat' dir='ltr'><strong>idem</strong></span> <span class='ocrx_word' id='word_1_146' title='bbox 1741 2871 1984 2927; x_wconf 81' lang='lat' dir='ltr'><strong>officium</strong></span> 
     </span>
    </p>
   </div>
   <div class='ocr_carea' id='block_1_30' title="bbox 408 2942 1989 3033">
    <p class='ocr_par' dir='ltr' id='par_1_30' title="bbox 408 2942 1989 3033">
     <span class='ocr_line' id='line_1_30' title="bbox 408 2942 1989 3033; baseline 0.004 -20"><span class='ocrx_word' id='word_1_147' title='bbox 408 2942 579 3029; x_wconf 72' lang='lat' dir='ltr'><strong>gessit</strong></span> <span class='ocrx_word' id='word_1_148' title='bbox 606 2961 751 3030; x_wconf 90' lang='lat' dir='ltr'><strong>quod</strong></span> <span class='ocrx_word' id='word_1_149' title='bbox 789 2963 952 3016; x_wconf 91' lang='lat' dir='ltr'><strong>modo</strong></span> <span class='ocrx_word' id='word_1_150' title='bbox 976 2977 1203 3033; x_wconf 86' lang='lat' dir='ltr'><strong>magnus</strong></span> <span class='ocrx_word' id='word_1_151' title='bbox 1240 2962 1601 3019; x_wconf 90' lang='lat' dir='ltr'><strong>domesticus.</strong></span> <span class='ocrx_word' id='word_1_152' title='bbox 1635 2962 1788 3018; x_wconf 85' lang='lat' dir='ltr'><strong>Nunc</strong></span> <span class='ocrx_word' id='word_1_153' title='bbox 1837 2964 1989 3019; x_wconf 92' lang='lat' dir='ltr'><strong>nullo</strong></span> 
     </span>
    </p>
   </div>
   <div class='ocr_carea' id='block_1_31' title="bbox 410 3052 944 3124">
    <p class='ocr_par' dir='ltr' id='par_1_31' title="bbox 410 3052 944 3124">
     <span class='ocr_line' id='line_1_31' title="bbox 410 3052 944 3124; baseline 0.004 -19"><span class='ocrx_word' id='word_1_154' title='bbox 410 3066 634 3107; x_wconf 78' lang='lat' dir='ltr'><strong>munere</strong></span> <span class='ocrx_word' id='word_1_155' title='bbox 680 3052 944 3124; x_wconf 80' lang='lat' dir='ltr'><strong>fungitur.</strong></span> 
     </span>
    </p>
   </div>
   <div class='ocr_carea' id='block_1_32' title="bbox 489 3115 2061 3217">
    <p class='ocr_par' dir='ltr' id='par_1_32' title="bbox 489 3115 2061 3217">
     <span class='ocr_line' id='line_1_32' title="bbox 489 3115 2061 3217; baseline 0.002 -21"><span class='ocrx_word' id='word_1_156' title='bbox 489 3142 719 3214; x_wconf 78' lang='lat' dir='ltr'><strong>Magnus</strong></span> <span class='ocrx_word' id='word_1_157' title='bbox 750 3115 1081 3217; x_wconf 63' lang='lat' dir='ltr'><strong>drungarius</strong></span> <span class='ocrx_word' id='word_1_158' title='bbox 1111 3146 1305 3202; x_wconf 87' lang='lat' dir='ltr'><strong>classis</strong></span> <span class='ocrx_word' id='word_1_159' title='bbox 1336 3162 1457 3202; x_wconf 90' lang='lat' dir='ltr'><strong>eam</strong></span> <span class='ocrx_word' id='word_1_160' title='bbox 1508 3148 1778 3202; x_wconf 88' lang='lat' dir='ltr'><strong>rationem</strong></span> <span class='ocrx_word' id='word_1_161' title='bbox 1832 3146 1993 3201; x_wconf 87' lang='lat' dir='ltr'><strong>habet</strong></span> <span class='ocrx_word' id='word_1_162' title='bbox 2017 3115 2061 3175; x_wconf 64' lang='grc' dir='ltr'><strong>θ</strong></span> 
     </span>
    </p>
   </div>
   <div class='ocr_carea' id='block_1_33' title="bbox 410 3236 1993 3308">
    <p class='ocr_par' dir='ltr' id='par_1_33' title="bbox 410 3236 1993 3308">
     <span class='ocr_line' id='line_1_33' title="bbox 410 3236 1993 3308; baseline 0.001 -18"><span class='ocrx_word' id='word_1_163' title='bbox 410 3236 479 3291; x_wconf 84' lang='lat' dir='ltr'><strong>ad</strong></span> <span class='ocrx_word' id='word_1_164' title='bbox 509 3252 766 3308; x_wconf 90' lang='lat' dir='ltr'><strong>magnum</strong></span> <span class='ocrx_word' id='word_1_165' title='bbox 790 3237 1004 3304; x_wconf 91' lang='lat' dir='ltr'><strong>ducem,</strong></span> <span class='ocrx_word' id='word_1_166' title='bbox 1032 3253 1195 3307; x_wconf 88' lang='lat' dir='ltr'><strong>quam</strong></span> <span class='ocrx_word' id='word_1_167' title='bbox 1231 3239 1540 3308; x_wconf 83' lang='lat' dir='ltr'><strong>vigiliarum</strong></span> <span class='ocrx_word' id='word_1_168' title='bbox 1563 3254 1793 3308; x_wconf 84' lang='lat' dir='ltr'><strong>magnus</strong></span> <span class='ocrx_word' id='word_1_169' title='bbox 1819 3238 1993 3294; x_wconf 91' lang='lat' dir='ltr'><strong>drun-</strong></span> 
     </span>
    </p>
   </div>
   <div class='ocr_carea' id='block_1_34' title="bbox 410 3328 1423 3400">
    <p class='ocr_par' dir='ltr' id='par_1_34' title="bbox 410 3328 1423 3400">
     <span class='ocr_line' id='line_1_34' title="bbox 410 3328 1423 3400; baseline 0.005 -20"><span class='ocrx_word' id='word_1_170' title='bbox 410 3328 599 3395; x_wconf 84' lang='lat' dir='ltr'><strong>garius</strong></span> <span class='ocrx_word' id='word_1_171' title='bbox 629 3329 696 3383; x_wconf 83' lang='lat' dir='ltr'><strong>ad</strong></span> <span class='ocrx_word' id='word_1_172' title='bbox 735 3343 995 3400; x_wconf 87' lang='lat' dir='ltr'><strong>magnum</strong></span> <span class='ocrx_word' id='word_1_173' title='bbox 1029 3330 1423 3386; x_wconf 89' lang='lat' dir='ltr'><strong>domesticum.</strong></span> 
     </span>
    </p>
   </div>
   <div class='ocr_carea' id='block_1_35' title="bbox 482 3423 1993 3482">
    <p class='ocr_par' dir='ltr' id='par_1_35' title="bbox 482 3423 1993 3482">
     <span class='ocr_line' id='line_1_35' title="bbox 482 3423 1993 3482; baseline 0.001 -5"><span class='ocrx_word' id='word_1_174' title='bbox 482 3423 835 3479; x_wconf 87' lang='lat' dir='ltr'><strong>Primicerius</strong></span> <span class='ocrx_word' id='word_1_175' title='bbox 863 3424 1002 3478; x_wconf 57' lang='lat' dir='ltr'><strong>aulas</strong></span> <span class='ocrx_word' id='word_1_176' title='bbox 1052 3424 1215 3480; x_wconf 84' lang='lat' dir='ltr'><strong>habet</strong></span> <span class='ocrx_word' id='word_1_177' title='bbox 1268 3429 1326 3479; x_wconf 88' lang='lat' dir='ltr'><strong>in</strong></span> <span class='ocrx_word' id='word_1_178' title='bbox 1374 3425 1826 3480; x_wconf 87' lang='lat' dir='ltr'><strong>circumstatione</strong></span> <span class='ocrx_word' id='word_1_179' title='bbox 1873 3441 1993 3482; x_wconf 88' lang='lat' dir='ltr'><strong>eam</strong></span> 
     </span>
    </p>
   </div>
   <div class='ocr_carea' id='block_1_36' title="bbox 413 3514 1997 3587">
    <p class='ocr_par' dir='ltr' id='par_1_36' title="bbox 413 3514 1997 3587">
     <span class='ocr_line' id='line_1_36' title="bbox 413 3514 1997 3587; baseline 0.002 -20"><span class='ocrx_word' id='word_1_180' title='bbox 413 3514 747 3570; x_wconf 88' lang='lat' dir='ltr'><strong>functionem</strong></span> <span class='ocrx_word' id='word_1_181' title='bbox 774 3515 842 3571; x_wconf 92' lang='lat' dir='ltr'><strong>de</strong></span> <span class='ocrx_word' id='word_1_182' title='bbox 860 3532 967 3585; x_wconf 90' lang='lat' dir='ltr'><strong>qua</strong></span> <span class='ocrx_word' id='word_1_183' title='bbox 990 3516 1095 3587; x_wconf 81' lang='lat'><strong>37</strong></span> <span class='ocrx_word' id='word_1_184' title='bbox 1112 3525 1268 3572; x_wconf 85' lang='lat' dir='ltr'><strong>antea</strong></span> <span class='ocrx_word' id='word_1_185' title='bbox 1289 3517 1517 3572; x_wconf 89' lang='lat' dir='ltr'><strong>dictum.</strong></span> <span class='ocrx_word' id='word_1_186' title='bbox 1550 3517 1678 3586; x_wconf 86' lang='lat' dir='ltr'><strong>Ejus</strong></span> <span class='ocrx_word' id='word_1_187' title='bbox 1694 3519 1854 3571; x_wconf 88' lang='lat' dir='ltr'><strong>etiam</strong></span> <span class='ocrx_word' id='word_1_188' title='bbox 1883 3535 1997 3570; x_wconf 90' lang='lat' dir='ltr'><strong>mn-</strong></span> 
     </span>
    </p>
   </div>
   <div class='ocr_carea' id='block_1_37' title="bbox 412 3604 1989 3677">
    <p class='ocr_par' dir='ltr' id='par_1_37' title="bbox 412 3604 1989 3677">
     <span class='ocr_line' id='line_1_37' title="bbox 412 3604 1989 3677; baseline 0.003 -21"><span class='ocrx_word' id='word_1_189' title='bbox 412 3620 515 3658; x_wconf 88' lang='lat' dir='ltr'><strong>nus</strong></span> <span class='ocrx_word' id='word_1_190' title='bbox 543 3614 626 3659; x_wconf 88' lang='lat' dir='ltr'><strong>est</strong></span> <span class='ocrx_word' id='word_1_191' title='bbox 659 3614 718 3658; x_wconf 90' lang='lat' dir='ltr'><strong>ut</strong></span> <span class='ocrx_word' id='word_1_192' title='bbox 759 3604 898 3660; x_wconf 88' lang='lat' dir='ltr'><strong>inter</strong></span> <span class='ocrx_word' id='word_1_193' title='bbox 924 3620 1116 3665; x_wconf 88' lang='lat' dir='ltr'><strong>omnes</strong></span> <span class='ocrx_word' id='word_1_194' title='bbox 1173 3608 1266 3677; x_wconf 91' lang='lat' dir='ltr'><strong>qui</strong></span> <span class='ocrx_word' id='word_1_195' title='bbox 1294 3607 1346 3661; x_wconf 90' lang='lat' dir='ltr'><strong>in</strong></span> <span class='ocrx_word' id='word_1_196' title='bbox 1378 3607 1503 3661; x_wconf 91' lang='lat' dir='ltr'><strong>aula</strong></span> <span class='ocrx_word' id='word_1_197' title='bbox 1541 3620 1858 3671; x_wconf 82' lang='lat' dir='ltr'><strong>versantur,</strong></span> <span class='ocrx_word' id='word_1_198' title='bbox 1892 3608 1989 3661; x_wconf 88' lang='lat' dir='ltr'><strong>de-</strong></span> 
     </span>
    </p>
   </div>
   <div class='ocr_carea' id='block_1_38' title="bbox 412 3698 1990 3767">
    <p class='ocr_par' dir='ltr' id='par_1_38' title="bbox 412 3698 1990 3767">
     <span class='ocr_line' id='line_1_38' title="bbox 412 3698 1990 3767; baseline 0.002 -17"><span class='ocrx_word' id='word_1_199' title='bbox 412 3706 623 3751; x_wconf 67' lang='lat' dir='ltr'><strong>centem</strong></span> <span class='ocrx_word' id='word_1_200' title='bbox 654 3698 900 3752; x_wconf 88' lang='lat' dir='ltr'><strong>ordinem</strong></span> <span class='ocrx_word' id='word_1_201' title='bbox 934 3699 1259 3756; x_wconf 86' lang='lat' dir='ltr'><strong>constituat.</strong></span> <span class='ocrx_word' id='word_1_202' title='bbox 1319 3699 1791 3767; x_wconf 83' lang='lat' dir='ltr'><strong>Quemadmodum</strong></span> <span class='ocrx_word' id='word_1_203' title='bbox 1843 3702 1990 3754; x_wconf 88' lang='lat' dir='ltr'><strong>enim</strong></span> 
     </span>
    </p>
   </div>
   <div class='ocr_carea' id='block_1_39' title="bbox 412 3791 1994 3863">
    <p class='ocr_par' dir='ltr' id='par_1_39' title="bbox 412 3791 1994 3863">
     <span class='ocr_line' id='line_1_39' title="bbox 412 3791 1994 3863; baseline 0.001 -17"><span class='ocrx_word' id='word_1_204' title='bbox 412 3791 646 3860; x_wconf 76' lang='lat' dir='ltr'><strong>quilibet</strong></span> <span class='ocrx_word' id='word_1_205' title='bbox 698 3806 766 3846; x_wconf 78' lang='lat' dir='ltr'><strong>ex</strong></span> <span class='ocrx_word' id='word_1_206' title='bbox 817 3792 1138 3861; x_wconf 86' lang='lat' dir='ltr'><strong>proceribus</strong></span> <span class='ocrx_word' id='word_1_207' title='bbox 1202 3792 1549 3862; x_wconf 79' lang='lat' dir='ltr'><strong>designatum</strong></span> <span class='ocrx_word' id='word_1_208' title='bbox 1600 3802 1655 3847; x_wconf 85' lang='lat' dir='ltr'><strong>et</strong></span> <span class='ocrx_word' id='word_1_209' title='bbox 1710 3794 1994 3863; x_wconf 87' lang='lat' dir='ltr'><strong>proprium</strong></span> 
     </span>
    </p>
   </div>
   <div class='ocr_carea' id='block_1_40' title="bbox 415 3881 1998 3955">
    <p class='ocr_par' dir='ltr' id='par_1_40' title="bbox 415 3881 1998 3955">
     <span class='ocr_line' id='line_1_40' title="bbox 415 3881 1998 3955; baseline 0.003 -21"><span class='ocrx_word' id='word_1_210' title='bbox 415 3883 594 3936; x_wconf 89' lang='lat' dir='ltr'><strong>locum</strong></span> <span class='ocrx_word' id='word_1_211' title='bbox 624 3881 677 3935; x_wconf 91' lang='lat' dir='ltr'><strong>in</strong></span> <span class='ocrx_word' id='word_1_212' title='bbox 732 3882 1186 3937; x_wconf 83' lang='lat' dir='ltr'><strong>circumstatione</strong></span> <span class='ocrx_word' id='word_1_213' title='bbox 1227 3883 1462 3946; x_wconf 86' lang='lat' dir='ltr'><strong>obtinet,</strong></span> <span class='ocrx_word' id='word_1_214' title='bbox 1512 3885 1583 3936; x_wconf 88' lang='lat' dir='ltr'><strong>ita</strong></span> <span class='ocrx_word' id='word_1_215' title='bbox 1643 3895 1697 3939; x_wconf 89' lang='lat' dir='ltr'><strong>et</strong></span> <span class='ocrx_word' id='word_1_216' title='bbox 1738 3886 1998 3955; x_wconf 68' lang='lat' dir='ltr'><strong>quaelibet</strong></span> 
     </span>
    </p>
   </div>
   <div class='ocr_carea' id='block_1_41' title="bbox 414 3970 1995 4038">
    <p class='ocr_par' dir='ltr' id='par_1_41' title="bbox 414 3970 1995 4038">
     <span class='ocr_line' id='line_1_41' title="bbox 414 3970 1995 4038; baseline 0.004 -15"><span class='ocrx_word' id='word_1_217' title='bbox 414 3970 718 4024; x_wconf 79' lang='lat' dir='ltr'><strong>aulicorum</strong></span> <span class='ocrx_word' id='word_1_218' title='bbox 751 3970 948 4024; x_wconf 87' lang='lat' dir='ltr'><strong>classis</strong></span> <span class='ocrx_word' id='word_1_219' title='bbox 977 3970 1263 4038; x_wconf 90' lang='lat' dir='ltr'><strong>proprium</strong></span> <span class='ocrx_word' id='word_1_220' title='bbox 1304 3971 1356 4024; x_wconf 88' lang='lat' dir='ltr'><strong>in</strong></span> <span class='ocrx_word' id='word_1_221' title='bbox 1428 3972 1551 4026; x_wconf 92' lang='lat' dir='ltr'><strong>aula</strong></span> <span class='ocrx_word' id='word_1_222' title='bbox 1604 3982 1749 4027; x_wconf 85' lang='lat' dir='ltr'><strong>tenet</strong></span> <span class='ocrx_word' id='word_1_223' title='bbox 1792 3975 1995 4029; x_wconf 90' lang='lat' dir='ltr'><strong>locum.</strong></span> 
     </span>
    </p>
   </div>
   <div class='ocr_carea' id='block_1_42' title="bbox 418 4062 1988 4131">
    <p class='ocr_par' dir='ltr' id='par_1_42' title="bbox 418 4062 1988 4131">
     <span class='ocr_line' id='line_1_42' title="bbox 418 4062 1988 4131; baseline 0.001 -15"><span class='ocrx_word' id='word_1_224' title='bbox 418 4062 649 4131; x_wconf 84' lang='lat' dir='ltr'><strong>Barangi</strong></span> <span class='ocrx_word' id='word_1_225' title='bbox 676 4063 820 4117; x_wconf 86' lang='lat' dir='ltr'><strong>enim</strong></span> <span class='ocrx_word' id='word_1_226' title='bbox 858 4062 1093 4115; x_wconf 86' lang='lat' dir='ltr'><strong>ministri</strong></span> <span class='ocrx_word' id='word_1_227' title='bbox 1127 4072 1252 4117; x_wconf 80' lang='lat' dir='ltr'><strong>sunt</strong></span> <span class='ocrx_word' id='word_1_228' title='bbox 1281 4064 1345 4117; x_wconf 91' lang='lat' dir='ltr'><strong>ad</strong></span> <span class='ocrx_word' id='word_1_229' title='bbox 1374 4062 1519 4119; x_wconf 82' lang='lat' dir='ltr'><strong>fores</strong></span> <span class='ocrx_word' id='word_1_230' title='bbox 1574 4066 1854 4120; x_wconf 83' lang='lat' dir='ltr'><strong>conclavis</strong></span> <span class='ocrx_word' id='word_1_231' title='bbox 1885 4067 1988 4119; x_wconf 87' lang='lat' dir='ltr'><strong>im-</strong></span> 
     </span>
    </p>
   </div>
   <div class='ocr_carea' id='block_1_43' title="bbox 348 4154 2001 4225">
    <p class='ocr_par' dir='ltr' id='par_1_43' title="bbox 348 4154 2001 4225">
     <span class='ocr_line' id='line_1_43' title="bbox 348 4154 2001 4225; baseline 0.002 -18"><span class='ocrx_word' id='word_1_232' title='bbox 348 4216 373 4225; x_wconf 40' lang='lat'><strong>-</strong></span> <span class='ocrx_word' id='word_1_233' title='bbox 418 4155 681 4225; x_wconf 82' lang='lat' dir='ltr'><strong>peratorii</strong></span> <span class='ocrx_word' id='word_1_234' title='bbox 710 4164 765 4207; x_wconf 89' lang='lat' dir='ltr'><strong>ct</strong></span> <span class='ocrx_word' id='word_1_235' title='bbox 802 4154 1047 4208; x_wconf 89' lang='lat' dir='ltr'><strong>triclinii.</strong></span> <span class='ocrx_word' id='word_1_236' title='bbox 1082 4154 1136 4207; x_wconf 90' lang='lat' dir='ltr'><strong>In</strong></span> <span class='ocrx_word' id='word_1_237' title='bbox 1186 4154 1310 4208; x_wconf 92' lang='lat' dir='ltr'><strong>aula</strong></span> <span class='ocrx_word' id='word_1_238' title='bbox 1363 4170 1494 4209; x_wconf 86' lang='lat' dir='ltr'><strong>vero</strong></span> <span class='ocrx_word' id='word_1_239' title='bbox 1559 4156 1745 4223; x_wconf 83' lang='lat' dir='ltr'><strong>palatii</strong></span> <span class='ocrx_word' id='word_1_240' title='bbox 1798 4158 2001 4212; x_wconf 88' lang='lat' dir='ltr'><strong>milites</strong></span> 
     </span>
    </p>
   </div>
   <div class='ocr_carea' id='block_1_44' title="bbox 418 4246 2001 4317">
    <p class='ocr_par' dir='ltr' id='par_1_44' title="bbox 418 4246 2001 4317">
     <span class='ocr_line' id='line_1_44' title="bbox 418 4246 2001 4317; baseline 0.001 -16"><span class='ocrx_word' id='word_1_241' title='bbox 418 4256 545 4301; x_wconf 82' lang='lat' dir='ltr'><strong>sunt</strong></span> <span class='ocrx_word' id='word_1_242' title='bbox 568 4246 896 4308; x_wconf 83' lang='lat' dir='ltr'><strong>stationarii,</strong></span> <span class='ocrx_word' id='word_1_243' title='bbox 922 4247 1184 4300; x_wconf 82' lang='lat' dir='ltr'><strong>habentes</strong></span> <span class='ocrx_word' id='word_1_244' title='bbox 1211 4262 1403 4316; x_wconf 88' lang='lat' dir='ltr'><strong>equos,</strong></span> <span class='ocrx_word' id='word_1_245' title='bbox 1424 4248 1621 4316; x_wconf 84' lang='lat' dir='ltr'><strong>quibus</strong></span> <span class='ocrx_word' id='word_1_246' title='bbox 1636 4250 1798 4302; x_wconf 88' lang='lat' dir='ltr'><strong>etiam</strong></span> <span class='ocrx_word' id='word_1_247' title='bbox 1817 4251 2001 4317; x_wconf 77' lang='lat' dir='ltr'><strong>aloga-</strong></span> 
     </span>
    </p>
   </div>
   <div class='ocr_carea' id='block_1_45' title="bbox 419 4336 1999 4417">
    <p class='ocr_par' dir='ltr' id='par_1_45' title="bbox 419 4336 1999 4417">
     <span class='ocr_line' id='line_1_45' title="bbox 419 4336 1999 4417; baseline 0.003 -26"><span class='ocrx_word' id='word_1_248' title='bbox 419 4348 501 4392; x_wconf 77' lang='lat' dir='ltr'><strong>tot</strong></span> <span class='ocrx_word' id='word_1_249' title='bbox 523 4344 741 4407; x_wconf 66' lang='lat' dir='ltr'><strong>praeest.</strong></span> <span class='ocrx_word' id='word_1_250' title='bbox 762 4336 887 4389; x_wconf 83' lang='lat' dir='ltr'><strong>Post</strong></span> <span class='ocrx_word' id='word_1_251' title='bbox 911 4336 1045 4391; x_wconf 88' lang='lat' dir='ltr'><strong>istos</strong></span> <span class='ocrx_word' id='word_1_252' title='bbox 1075 4346 1203 4390; x_wconf 91' lang='lat' dir='ltr'><strong>sunt</strong></span> <span class='ocrx_word' id='word_1_253' title='bbox 1233 4338 1321 4390; x_wconf 87' lang='lat' dir='ltr'><strong>alii</strong></span> <span class='ocrx_word' id='word_1_254' title='bbox 1358 4338 1687 4401; x_wconf 87' lang='lat' dir='ltr'><strong>stationarii,</strong></span> <span class='ocrx_word' id='word_1_255' title='bbox 1715 4340 1807 4394; x_wconf 88' lang='lat' dir='ltr'><strong>sed</strong></span> <span class='ocrx_word' id='word_1_256' title='bbox 1843 4341 1999 4417; x_wconf 85' lang='lat' dir='ltr'><strong>equis</strong></span> 
     </span>
    </p>
   </div>
   <div class='ocr_carea' id='block_1_46' title="bbox 2093 585 2729 656">
    <p class='ocr_par' dir='ltr' id='par_1_46' title="bbox 2093 585 2729 656">
     <span class='ocr_line' id='line_1_46' title="bbox 2093 585 2729 656; baseline 0.002 -18"><span class='ocrx_word' id='word_1_257' title='bbox 2093 586 2333 656; x_wconf 82' lang='grc' dir='ltr'><strong>μεγάλου</strong></span> <span class='ocrx_word' id='word_1_258' title='bbox 2375 585 2433 637; x_wconf 88' lang='grc' dir='ltr'>δο</span> <span class='ocrx_word' id='word_1_259' title='bbox 2441 602 2507 653; x_wconf 90' lang='grc' dir='ltr'>με</span> <span class='ocrx_word' id='word_1_260' title='bbox 2517 586 2729 640; x_wconf 88' lang='grc' dir='ltr'>στίκου.</span> 
     </span>
    </p>
   </div>
   <div class='ocr_carea' id='block_1_47' title="bbox 2174 671 3675 749">
    <p class='ocr_par' dir='ltr' id='par_1_47' title="bbox 2174 671 3675 749">
     <span class='ocr_line' id='line_1_47' title="bbox 2174 671 3675 749; baseline 0.003 -19"><span class='ocrx_word' id='word_1_261' title='bbox 2174 678 2233 730; x_wconf 90' lang='grc' dir='ltr'>Ὁ</span> <span class='ocrx_word' id='word_1_262' title='bbox 2285 678 2458 746; x_wconf 81' lang='grc' dir='ltr'><strong>μέγας</strong></span> <span class='ocrx_word' id='word_1_263' title='bbox 2509 679 2760 739; x_wconf 82' lang='grc' dir='ltr'>παππίας</span> <span class='ocrx_word' id='word_1_264' title='bbox 2813 671 2928 747; x_wconf 72' lang='grc' dir='ltr'><strong>εἷχε</strong></span> <span class='ocrx_word' id='word_1_265' title='bbox 2992 678 3093 746; x_wconf 82' lang='grc' dir='ltr'>μὲν</span> <span class='ocrx_word' id='word_1_266' title='bbox 3149 678 3318 733; x_wconf 82' lang='grc' dir='ltr'>πάλαι</span> <span class='ocrx_word' id='word_1_267' title='bbox 3369 678 3675 749; x_wconf 71' lang='grc' dir='ltr'><strong>ὑπηρεσίαν</strong></span> 
     </span>
    </p>
   </div>
   <div class='ocr_carea' id='block_1_48' title="bbox 2087 767 3056 837">
    <p class='ocr_par' dir='ltr' id='par_1_48' title="bbox 2087 767 3056 837">
     <span class='ocr_line' id='line_1_48' title="bbox 2087 767 3056 837; baseline -0.001 -14"><span class='ocrx_word' id='word_1_268' title='bbox 2087 769 2523 836; x_wconf 86' lang='grc' dir='ltr'>ἀνεπίγνωστον,</span> <span class='ocrx_word' id='word_1_269' title='bbox 2556 767 2652 820; x_wconf 84' lang='grc' dir='ltr'>νῦν</span> <span class='ocrx_word' id='word_1_270' title='bbox 2681 769 2737 821; x_wconf 85' lang='grc' dir='ltr'><strong>δὲ</strong></span> <span class='ocrx_word' id='word_1_271' title='bbox 2772 767 3056 837; x_wconf 74' lang='grc' dir='ltr'><strong>οὐδεμίαν.</strong></span> 
     </span>
    </p>
   </div>
   <div class='ocr_carea' id='block_1_49' title="bbox 2173 856 3415 932">
    <p class='ocr_par' dir='ltr' id='par_1_49' title="bbox 2173 856 3415 932">
     <span class='ocr_line' id='line_1_49' title="bbox 2173 856 3415 932; baseline 0.001 -18"><span class='ocrx_word' id='word_1_272' title='bbox 2173 861 2233 915; x_wconf 86' lang='grc' dir='ltr'>ὐ</span> <span class='ocrx_word' id='word_1_273' title='bbox 2264 861 2505 932; x_wconf 83' lang='grc' dir='ltr'><strong>ἔπαρχος</strong></span> <span class='ocrx_word' id='word_1_274' title='bbox 2534 860 2799 925; x_wconf 79' lang='grc' dir='ltr'><strong>ὡσαύτως</strong></span> <span class='ocrx_word' id='word_1_275' title='bbox 2819 880 2833 895; x_wconf 78' lang='grc' dir='ltr'><strong><em>ο</em></strong></span> <span class='ocrx_word' id='word_1_276' title='bbox 2866 862 2962 917; x_wconf 75' lang='grc' dir='ltr'>νῦν</span> <span class='ocrx_word' id='word_1_277' title='bbox 2999 864 3058 917; x_wconf 78' lang='grc' dir='ltr'><strong>δὲ</strong></span> <span class='ocrx_word' id='word_1_278' title='bbox 3087 863 3211 917; x_wconf 75' lang='grc' dir='ltr'><strong>οὐδὲ</strong></span> <span class='ocrx_word' id='word_1_279' title='bbox 3240 856 3415 927; x_wconf 71' lang='grc' dir='ltr'>οὗτος.</span> 
     </span>
    </p>
   </div>
   <div class='ocr_carea' id='block_1_50' title="bbox 2170 1037 3670 1109">
    <p class='ocr_par' dir='ltr' id='par_1_50' title="bbox 2170 1037 3670 1109">
     <span class='ocr_line' id='line_1_50' title="bbox 2170 1037 3670 1109; baseline 0.001 -17"><span class='ocrx_word' id='word_1_280' title='bbox 2170 1039 2239 1092; x_wconf 86' lang='grc' dir='ltr'><strong>Ἥ</strong></span> <span class='ocrx_word' id='word_1_281' title='bbox 2268 1037 2363 1091; x_wconf 82' lang='grc' dir='ltr'><strong>τοῦ</strong></span> <span class='ocrx_word' id='word_1_282' title='bbox 2405 1039 2645 1108; x_wconf 76' lang='grc' dir='ltr'><strong>μεγάλου</strong></span> <span class='ocrx_word' id='word_1_283' title='bbox 2691 1039 3058 1107; x_wconf 86' lang='grc' dir='ltr'>δρουγγαρίου</span> <span class='ocrx_word' id='word_1_284' title='bbox 3099 1040 3199 1108; x_wconf 78' lang='grc' dir='ltr'><strong>τῆς</strong></span> <span class='ocrx_word' id='word_1_285' title='bbox 3240 1038 3432 1108; x_wconf 80' lang='grc' dir='ltr'>βίγλης</span> <span class='ocrx_word' id='word_1_286' title='bbox 3461 1039 3670 1109; x_wconf 83' lang='grc' dir='ltr'>ὑπηρε-</span> 
     </span>
    </p>
   </div>
   <div class='ocr_carea' id='block_1_51' title="bbox 2089 1128 3669 1200">
    <p class='ocr_par' dir='ltr' id='par_1_51' title="bbox 2089 1128 3669 1200">
     <span class='ocr_line' id='line_1_51' title="bbox 2089 1128 3669 1200; baseline 0.001 -17"><span class='ocrx_word' id='word_1_287' title='bbox 2089 1132 2179 1183; x_wconf 84' lang='grc' dir='ltr'><strong>σία</strong></span> <span class='ocrx_word' id='word_1_288' title='bbox 2215 1130 2495 1199; x_wconf 78' lang='grc' dir='ltr'>εἰρήσεται</span> <span class='ocrx_word' id='word_1_289' title='bbox 2531 1130 2623 1181; x_wconf 67' lang='grc' dir='ltr'>καὶ</span> <span class='ocrx_word' id='word_1_290' title='bbox 2652 1128 2815 1198; x_wconf 78' lang='grc' dir='ltr'>αὑτὴ,</span> <span class='ocrx_word' id='word_1_291' title='bbox 2846 1131 2934 1182; x_wconf 80' lang='grc' dir='ltr'><strong>ὅτε</strong></span> <span class='ocrx_word' id='word_1_292' title='bbox 2973 1130 3068 1183; x_wconf 76' lang='grc' dir='ltr'><strong>καὶ</strong></span> <span class='ocrx_word' id='word_1_293' title='bbox 3112 1131 3145 1199; x_wconf 80' lang='grc' dir='ltr'>ἡ</span> <span class='ocrx_word' id='word_1_294' title='bbox 3177 1128 3273 1182; x_wconf 83' lang='grc' dir='ltr'><strong>τοῦ</strong></span> <span class='ocrx_word' id='word_1_295' title='bbox 3310 1130 3549 1200; x_wconf 77' lang='grc' dir='ltr'><strong>μεγάλου</strong></span> <span class='ocrx_word' id='word_1_296' title='bbox 3580 1133 3669 1185; x_wconf 83' lang='grc' dir='ltr'><strong>δο-</strong></span> 
     </span>
    </p>
   </div>
   <div class='ocr_carea' id='block_1_52' title="bbox 2091 1222 2964 1292">
    <p class='ocr_par' dir='ltr' id='par_1_52' title="bbox 2091 1222 2964 1292">
     <span class='ocr_line' id='line_1_52' title="bbox 2091 1222 2964 1292; baseline 0.005 -18"><span class='ocrx_word' id='word_1_297' title='bbox 2091 1222 2349 1292; x_wconf 89' lang='grc' dir='ltr'>μεστίκου</span> <span class='ocrx_word' id='word_1_298' title='bbox 2386 1222 2419 1291; x_wconf 72' lang='grc' dir='ltr'><strong>ἡ</strong></span> <span class='ocrx_word' id='word_1_299' title='bbox 2453 1223 2534 1284; x_wconf 83' lang='grc' dir='ltr'><strong>είς</strong></span> <span class='ocrx_word' id='word_1_300' title='bbox 2560 1222 2621 1274; x_wconf 77' lang='grc' dir='ltr'>τὸ</span> <span class='ocrx_word' id='word_1_301' title='bbox 2650 1222 2964 1290; x_wconf 87' lang='grc' dir='ltr'>φωσσάτον.</span> 
     </span>
    </p>
   </div>
   <div class='ocr_carea' id='block_1_53' title="bbox 2158 1313 3670 1385">
    <p class='ocr_par' dir='ltr' id='par_1_53' title="bbox 2158 1313 3670 1385">
     <span class='ocr_line' id='line_1_53' title="bbox 2158 1313 3670 1385; baseline 0 -18"><span class='ocrx_word' id='word_1_302' title='bbox 2158 1315 2232 1367; x_wconf 84' lang='grc' dir='ltr'>Τὸ</span> <span class='ocrx_word' id='word_1_303' title='bbox 2264 1313 2358 1366; x_wconf 85' lang='lat'><strong>106</strong></span> <span class='ocrx_word' id='word_1_304' title='bbox 2414 1314 2650 1383; x_wconf 82' lang='grc' dir='ltr'><strong>μεγάλου</strong></span> <span class='ocrx_word' id='word_1_305' title='bbox 2693 1314 3044 1383; x_wconf 77' lang='grc' dir='ltr'>ἐταιριᾶρχου</span> <span class='ocrx_word' id='word_1_306' title='bbox 3096 1314 3429 1384; x_wconf 81' lang='grc' dir='ltr'><strong>ὑπηρέτημα</strong></span> <span class='ocrx_word' id='word_1_307' title='bbox 3475 1314 3670 1385; x_wconf 75' lang='grc' dir='ltr'><strong>ἐλέχθη</strong></span> 
     </span>
    </p>
   </div>
   <div class='ocr_carea' id='block_1_54' title="bbox 2093 1405 3665 1476">
    <p class='ocr_par' dir='ltr' id='par_1_54' title="bbox 2093 1405 3665 1476">
     <span class='ocr_line' id='line_1_54' title="bbox 2093 1405 3665 1476; baseline 0 -17"><span class='ocrx_word' id='word_1_308' title='bbox 2093 1407 2191 1475; x_wconf 80' lang='grc' dir='ltr'><strong>μὲν</strong></span> <span class='ocrx_word' id='word_1_309' title='bbox 2216 1406 2505 1476; x_wconf 80' lang='grc' dir='ltr'>πρότερον,</span> <span class='ocrx_word' id='word_1_310' title='bbox 2537 1406 2625 1458; x_wconf 84' lang='grc' dir='ltr'><strong>ὅτε</strong></span> <span class='ocrx_word' id='word_1_311' title='bbox 2663 1408 2792 1473; x_wconf 67' lang='grc' dir='ltr'>περὶ</span> <span class='ocrx_word' id='word_1_312' title='bbox 2816 1406 2917 1472; x_wconf 83' lang='grc' dir='ltr'>τῆς</span> <span class='ocrx_word' id='word_1_313' title='bbox 2947 1405 3345 1476; x_wconf 79' lang='grc' dir='ltr'><strong>παραστάσεως</strong></span> <span class='ocrx_word' id='word_1_314' title='bbox 3380 1405 3665 1473; x_wconf 74' lang='grc' dir='ltr'><strong>ἐλέγομεν.</strong></span> 
     </span>
    </p>
   </div>
   <div class='ocr_carea' id='block_1_55' title="bbox 2087 1490 3669 1567">
    <p class='ocr_par' dir='ltr' id='par_1_55' title="bbox 2087 1490 3669 1567">
     <span class='ocr_line' id='line_1_55' title="bbox 2087 1490 3669 1567; baseline -0.001 -17"><span class='ocrx_word' id='word_1_315' title='bbox 2087 1498 2307 1567; x_wconf 77' lang='grc' dir='ltr'>Δέχεται</span> <span class='ocrx_word' id='word_1_316' title='bbox 2344 1497 2399 1549; x_wconf 82' lang='grc' dir='ltr'><strong>δὲ</strong></span> <span class='ocrx_word' id='word_1_317' title='bbox 2439 1490 2592 1560; x_wconf 78' lang='lat'><strong>06:0;</strong></span> <span class='ocrx_word' id='word_1_318' title='bbox 2626 1497 2879 1560; x_wconf 73' lang='grc' dir='ltr'>καὶτοὺς</span> <span class='ocrx_word' id='word_1_319' title='bbox 2930 1498 3409 1567; x_wconf 71' lang='grc' dir='ltr'>προεερχομένους</span> <span class='ocrx_word' id='word_1_320' title='bbox 3461 1514 3669 1549; x_wconf 84' lang='grc' dir='ltr'>παντα-</span> 
     </span>
    </p>
   </div>
   <div class='ocr_carea' id='block_1_56' title="bbox 2086 1587 3665 1658">
    <p class='ocr_par' dir='ltr' id='par_1_56' title="bbox 2086 1587 3665 1658">
     <span class='ocr_line' id='line_1_56' title="bbox 2086 1587 3665 1658; baseline 0 -18"><span class='ocrx_word' id='word_1_321' title='bbox 2086 1587 2247 1658; x_wconf 73' lang='grc' dir='ltr'>χόθεν</span> <span class='ocrx_word' id='word_1_322' title='bbox 2290 1588 2575 1656; x_wconf 74' lang='grc' dir='ltr'>φυγάδαςο</span> <span class='ocrx_word' id='word_1_323' title='bbox 2611 1588 2692 1640; x_wconf 73' lang='grc' dir='ltr'><strong>διὸ</strong></span> <span class='ocrx_word' id='word_1_324' title='bbox 2745 1589 2836 1641; x_wconf 58' lang='grc' dir='ltr'><strong>καὶ⁷</strong></span> <span class='ocrx_word' id='word_1_325' title='bbox 2879 1588 3239 1657; x_wconf 77' lang='grc' dir='ltr'>ἑταιριάρχης</span> <span class='ocrx_word' id='word_1_326' title='bbox 3289 1589 3562 1652; x_wconf 76' lang='grc' dir='ltr'>καλεῖται,</span> <span class='ocrx_word' id='word_1_327' title='bbox 3594 1587 3665 1650; x_wconf 73' lang='grc' dir='ltr'>ὠ,</span> 
     </span>
    </p>
   </div>
   <div class='ocr_carea' id='block_1_57' title="bbox 2087 1679 3382 1750">
    <p class='ocr_par' dir='ltr' id='par_1_57' title="bbox 2087 1679 3382 1750">
     <span class='ocr_line' id='line_1_57' title="bbox 2087 1679 3382 1750; baseline 0.002 -18"><span class='ocrx_word' id='word_1_328' title='bbox 2087 1679 2212 1742; x_wconf 79' lang='grc' dir='ltr'>τοὺς</span> <span class='ocrx_word' id='word_1_329' title='bbox 2248 1682 2494 1750; x_wconf 76' lang='grc' dir='ltr'>ἑταίρους</span> <span class='ocrx_word' id='word_1_330' title='bbox 2537 1680 2655 1750; x_wconf 68' lang='grc' dir='ltr'>ἦτοι</span> <span class='ocrx_word' id='word_1_331' title='bbox 2694 1682 2821 1743; x_wconf 79' lang='grc' dir='ltr'>τοὺς</span> <span class='ocrx_word' id='word_1_332' title='bbox 2851 1680 3039 1748; x_wconf 81' lang='grc' dir='ltr'>φίλους</span> <span class='ocrx_word' id='word_1_333' title='bbox 3072 1680 3382 1748; x_wconf 87' lang='grc' dir='ltr'><strong>δεχόμενος.</strong></span> 
     </span>
    </p>
   </div>
   <div class='ocr_carea' id='block_1_58' title="bbox 2126 1770 3645 1843">
    <p class='ocr_par' dir='ltr' id='par_1_58' title="bbox 2126 1770 3645 1843">
     <span class='ocr_line' id='line_1_58' title="bbox 2126 1770 3645 1843; baseline -0.001 -19"><span class='ocrx_word' id='word_1_334' title='bbox 2126 1770 2139 1783; x_wconf 65' lang='grc'><em>“</em></span> <span class='ocrx_word' id='word_1_335' title='bbox 2170 1772 2229 1824; x_wconf 81' lang='grc' dir='ltr'><strong>Ὀ</strong></span> <span class='ocrx_word' id='word_1_336' title='bbox 2284 1772 2576 1841; x_wconf 81' lang='grc' dir='ltr'>λογοθέτης</span> <span class='ocrx_word' id='word_1_337' title='bbox 2627 1773 2721 1825; x_wconf 80' lang='grc' dir='ltr'>τοῦ</span> <span class='ocrx_word' id='word_1_338' title='bbox 2770 1774 2975 1842; x_wconf 71' lang='grc' dir='ltr'>δρόμου</span> <span class='ocrx_word' id='word_1_339' title='bbox 3036 1771 3150 1843; x_wconf 74' lang='grc' dir='ltr'><strong>εἶχε</strong></span> <span class='ocrx_word' id='word_1_340' title='bbox 3204 1773 3301 1839; x_wconf 82' lang='grc' dir='ltr'><strong>μὲν</strong></span> <span class='ocrx_word' id='word_1_341' title='bbox 3352 1774 3521 1826; x_wconf 83' lang='grc' dir='ltr'>πάλαι</span> <span class='ocrx_word' id='word_1_342' title='bbox 3562 1788 3645 1843; x_wconf 13' lang='grc' dir='ltr'>ίκα</span> 
     </span>
    </p>
   </div>
   <div class='ocr_carea' id='block_1_59' title="bbox 2088 1842 3671 1934">
    <p class='ocr_par' dir='ltr' id='par_1_59' title="bbox 2088 1842 3671 1934">
     <span class='ocr_line' id='line_1_59' title="bbox 2088 1842 3671 1934; baseline 0.001 -19"><span class='ocrx_word' id='word_1_343' title='bbox 2088 1856 2245 1927; x_wconf 66' lang='grc' dir='ltr'>οὗτος</span> <span class='ocrx_word' id='word_1_344' title='bbox 2295 1865 2601 1934; x_wconf 80' lang='grc' dir='ltr'>ὑπηρεσίαν</span> <span class='ocrx_word' id='word_1_345' title='bbox 2643 1865 2775 1934; x_wconf 80' lang='grc' dir='ltr'>ἡμῖν</span> <span class='ocrx_word' id='word_1_346' title='bbox 2827 1865 3251 1932; x_wconf 76' lang='grc' dir='ltr'>ἐνεπίγνωστον,</span> <span class='ocrx_word' id='word_1_347' title='bbox 3289 1863 3385 1918; x_wconf 78' lang='grc' dir='ltr'>νῦν</span> <span class='ocrx_word' id='word_1_348' title='bbox 3427 1864 3483 1917; x_wconf 83' lang='grc' dir='ltr'>δὲ</span> <span class='ocrx_word' id='word_1_349' title='bbox 3520 1842 3671 1916; x_wconf 69' lang='lat'><strong>0665-</strong></span> 
     </span>
    </p>
   </div>
   <div class='ocr_carea' id='block_1_60' title="bbox 2092 1955 2242 2024">
    <p class='ocr_par' dir='ltr' id='par_1_60' title="bbox 2092 1955 2242 2024">
     <span class='ocr_line' id='line_1_60' title="bbox 2092 1955 2242 2024; baseline -0.007 -18"><span class='ocrx_word' id='word_1_350' title='bbox 2092 1955 2242 2024; x_wconf 89' lang='grc' dir='ltr'>μίαν.</span> 
     </span>
    </p>
   </div>
   <div class='ocr_carea' id='block_1_61' title="bbox 2160 2043 3669 2119">
    <p class='ocr_par' dir='ltr' id='par_1_61' title="bbox 2160 2043 3669 2119">
     <span class='ocr_line' id='line_1_61' title="bbox 2160 2043 3669 2119; baseline -0.001 -21"><span class='ocrx_word' id='word_1_351' title='bbox 2160 2047 2234 2098; x_wconf 81' lang='grc' dir='ltr'><strong>Τὸ</strong></span> <span class='ocrx_word' id='word_1_352' title='bbox 2289 2045 2385 2099; x_wconf 82' lang='grc' dir='ltr'>τοῦ</span> <span class='ocrx_word' id='word_1_353' title='bbox 2441 2050 2911 2119; x_wconf 83' lang='grc' dir='ltr'>πρωτασηκρῆτις</span> <span class='ocrx_word' id='word_1_354' title='bbox 2966 2048 3299 2118; x_wconf 79' lang='grc' dir='ltr'>ὑπηρέτημα</span> <span class='ocrx_word' id='word_1_355' title='bbox 3361 2045 3518 2115; x_wconf 77' lang='grc' dir='ltr'>δῆλον</span> <span class='ocrx_word' id='word_1_356' title='bbox 3573 2043 3669 2097; x_wconf 83' lang='grc' dir='ltr'>καὶ</span> 
     </span>
    </p>
   </div>
   <div class='ocr_carea' id='block_1_62' title="bbox 2088 2137 3667 2209">
    <p class='ocr_par' dir='ltr' id='par_1_62' title="bbox 2088 2137 3667 2209">
     <span class='ocr_line' id='line_1_62' title="bbox 2088 2137 3667 2209; baseline -0.001 -19"><span class='ocrx_word' id='word_1_357' title='bbox 2088 2139 2186 2191; x_wconf 80' lang='grc' dir='ltr'><strong>ἀπ’</strong></span> <span class='ocrx_word' id='word_1_358' title='bbox 2216 2137 2382 2190; x_wconf 83' lang='grc' dir='ltr'>αὐτοῦ</span> <span class='ocrx_word' id='word_1_359' title='bbox 2404 2137 2500 2190; x_wconf 80' lang='grc' dir='ltr'>τοῦ</span> <span class='ocrx_word' id='word_1_360' title='bbox 2532 2138 2797 2202; x_wconf 74' lang='grc' dir='ltr'>ὀνόματος</span> <span class='ocrx_word' id='word_1_361' title='bbox 2824 2156 2838 2170; x_wconf 77' lang='grc' dir='ltr'>ο</span> <span class='ocrx_word' id='word_1_362' title='bbox 2867 2139 3087 2209; x_wconf 83' lang='grc' dir='ltr'>πρῶτος</span> <span class='ocrx_word' id='word_1_363' title='bbox 3116 2139 3224 2207; x_wconf 74' lang='grc' dir='ltr'><strong>γὰρ</strong></span> <span class='ocrx_word' id='word_1_364' title='bbox 3251 2138 3358 2191; x_wconf 82' lang='grc' dir='ltr'>τῶν</span> <span class='ocrx_word' id='word_1_365' title='bbox 3393 2138 3667 2207; x_wconf 83' lang='grc' dir='ltr'>σεκρέτων</span> 
     </span>
    </p>
   </div>
   <div class='ocr_carea' id='block_1_63' title="bbox 2088 2228 3669 2299">
    <p class='ocr_par' dir='ltr' id='par_1_63' title="bbox 2088 2228 3669 2299">
     <span class='ocr_line' id='line_1_63' title="bbox 2088 2228 3669 2299; baseline 0.001 -19"><span class='ocrx_word' id='word_1_366' title='bbox 2088 2228 2329 2297; x_wconf 78' lang='grc' dir='ltr'>λέγεται.</span> <span class='ocrx_word' id='word_1_367' title='bbox 2360 2228 2515 2281; x_wconf 82' lang='grc' dir='ltr'>Ἔστι</span> <span class='ocrx_word' id='word_1_368' title='bbox 2545 2229 2603 2282; x_wconf 80' lang='grc' dir='ltr'><strong>δὲ</strong></span> <span class='ocrx_word' id='word_1_369' title='bbox 2629 2230 2717 2282; x_wconf 85' lang='grc' dir='ltr'>ὅτε</span> <span class='ocrx_word' id='word_1_370' title='bbox 2752 2229 3105 2299; x_wconf 75' lang='grc' dir='ltr'>συγκρίνουσι</span> <span class='ocrx_word' id='word_1_371' title='bbox 3157 2229 3275 2299; x_wconf 77' lang='grc' dir='ltr'>μετ’</span> <span class='ocrx_word' id='word_1_372' title='bbox 3316 2228 3483 2283; x_wconf 79' lang='grc' dir='ltr'>αὑτοῦ</span> <span class='ocrx_word' id='word_1_373' title='bbox 3515 2229 3669 2298; x_wconf 82' lang='grc' dir='ltr'>βασι-</span> 
     </span>
    </p>
   </div>
   <div class='ocr_carea' id='block_1_64' title="bbox 2087 2320 3411 2391">
    <p class='ocr_par' dir='ltr' id='par_1_64' title="bbox 2087 2320 3411 2391">
     <span class='ocr_line' id='line_1_64' title="bbox 2087 2320 3411 2391; baseline 0.002 -19"><span class='ocrx_word' id='word_1_374' title='bbox 2087 2320 2225 2390; x_wconf 82' lang='grc' dir='ltr'><strong>λικῷ</strong></span> <span class='ocrx_word' id='word_1_375' title='bbox 2253 2321 2464 2390; x_wconf 81' lang='grc' dir='ltr'>ὁρισμῷ</span> <span class='ocrx_word' id='word_1_376' title='bbox 2485 2320 2579 2375; x_wconf 73' lang='grc' dir='ltr'><strong>καὶ</strong></span> <span class='ocrx_word' id='word_1_377' title='bbox 2604 2320 2785 2389; x_wconf 77' lang='grc' dir='ltr'>ἕτεροι</span> <span class='ocrx_word' id='word_1_378' title='bbox 2827 2322 3163 2391; x_wconf 64' lang='grc' dir='ltr'>ἐντιμότεροι</span> <span class='ocrx_word' id='word_1_379' title='bbox 3196 2322 3411 2375; x_wconf 78' lang='grc' dir='ltr'>τούτου.</span> 
     </span>
    </p>
   </div>
   <div class='ocr_carea' id='block_1_65' title="bbox 2160 2410 3666 2483">
    <p class='ocr_par' dir='ltr' id='par_1_65' title="bbox 2160 2410 3666 2483">
     <span class='ocr_line' id='line_1_65' title="bbox 2160 2410 3666 2483; baseline -0.001 -18"><span class='ocrx_word' id='word_1_380' title='bbox 2160 2413 2234 2465; x_wconf 80' lang='grc' dir='ltr'><strong>Τὸ</strong></span> <span class='ocrx_word' id='word_1_381' title='bbox 2263 2413 2358 2467; x_wconf 81' lang='grc' dir='ltr'>τοῦ</span> <span class='ocrx_word' id='word_1_382' title='bbox 2409 2415 2503 2466; x_wconf 71' lang='grc' dir='ltr'><strong>ἐπὶ</strong></span> <span class='ocrx_word' id='word_1_383' title='bbox 2540 2414 2637 2466; x_wconf 87' lang='lat'><strong>106</strong></span> <span class='ocrx_word' id='word_1_384' title='bbox 2684 2415 2778 2467; x_wconf 77' lang='grc' dir='ltr'><strong>ἐπὶ</strong></span> <span class='ocrx_word' id='word_1_385' title='bbox 2808 2413 3043 2480; x_wconf 78' lang='grc' dir='ltr'>στρατοῦ</span> <span class='ocrx_word' id='word_1_386' title='bbox 3091 2412 3442 2483; x_wconf 78' lang='grc' dir='ltr'>ὑπηρέτημα,</span> <span class='ocrx_word' id='word_1_387' title='bbox 3472 2410 3666 2481; x_wconf 77' lang='grc' dir='ltr'><strong>λεχθή-</strong></span> 
     </span>
    </p>
   </div>
   <div class='ocr_carea' id='block_1_66' title="bbox 2092 2503 3667 2576">
    <p class='ocr_par' dir='ltr' id='par_1_66' title="bbox 2092 2503 3667 2576">
     <span class='ocr_line' id='line_1_66' title="bbox 2092 2503 3667 2576; baseline -0.001 -19"><span class='ocrx_word' id='word_1_388' title='bbox 2092 2521 2245 2559; x_wconf 86' lang='grc' dir='ltr'>σεται</span> <span class='ocrx_word' id='word_1_389' title='bbox 2275 2505 2371 2559; x_wconf 62' lang='grc' dir='ltr'><strong>καὶ⁸</strong></span> <span class='ocrx_word' id='word_1_390' title='bbox 2404 2505 2690 2568; x_wconf 80' lang='grc' dir='ltr'>τοῦτο,ὃτε</span> <span class='ocrx_word' id='word_1_391' title='bbox 2722 2507 2817 2559; x_wconf 75' lang='grc' dir='ltr'><strong>καὶ</strong></span> <span class='ocrx_word' id='word_1_392' title='bbox 2847 2504 2941 2559; x_wconf 84' lang='grc' dir='ltr'>τοῦ</span> <span class='ocrx_word' id='word_1_393' title='bbox 2974 2505 3213 2576; x_wconf 79' lang='grc' dir='ltr'>μεγάλου</span> <span class='ocrx_word' id='word_1_394' title='bbox 3249 2505 3574 2575; x_wconf 83' lang='grc' dir='ltr'>δομεστίκου</span> <span class='ocrx_word' id='word_1_395' title='bbox 3608 2503 3667 2556; x_wconf 84' lang='grc' dir='ltr'><strong>τὸ</strong></span> 
     </span>
    </p>
   </div>
   <div class='ocr_carea' id='block_1_67' title="bbox 2090 2597 2518 2665">
    <p class='ocr_par' dir='ltr' id='par_1_67' title="bbox 2090 2597 2518 2665">
     <span class='ocr_line' id='line_1_67' title="bbox 2090 2597 2518 2665; baseline 0.005 -16"><span class='ocrx_word' id='word_1_396' title='bbox 2090 2597 2171 2660; x_wconf 86' lang='grc' dir='ltr'><strong>είς</strong></span> <span class='ocrx_word' id='word_1_397' title='bbox 2213 2597 2518 2665; x_wconf 75' lang='grc' dir='ltr'>φωσσάτον.</span> 
     </span>
    </p>
   </div>
   <div class='ocr_carea' id='block_1_68' title="bbox 2173 2685 3670 2757">
    <p class='ocr_par' dir='ltr' id='par_1_68' title="bbox 2173 2685 3670 2757">
     <span class='ocr_line' id='line_1_68' title="bbox 2173 2685 3670 2757; baseline -0.001 -17"><span class='ocrx_word' id='word_1_398' title='bbox 2173 2686 2237 2739; x_wconf 85' lang='grc' dir='ltr'><strong><em>Ἥ</em></strong></span> <span class='ocrx_word' id='word_1_399' title='bbox 2266 2687 2359 2740; x_wconf 93' lang='lat'><strong>106</strong></span> <span class='ocrx_word' id='word_1_400' title='bbox 2385 2686 2650 2751; x_wconf 76' lang='grc' dir='ltr'>μυστικοῦ</span> <span class='ocrx_word' id='word_1_401' title='bbox 2688 2686 2967 2757; x_wconf 76' lang='grc' dir='ltr'>ὑπηρεσία</span> <span class='ocrx_word' id='word_1_402' title='bbox 3000 2687 3203 2739; x_wconf 78' lang='grc' dir='ltr'>νοεῖται</span> <span class='ocrx_word' id='word_1_403' title='bbox 3235 2686 3328 2737; x_wconf 74' lang='grc' dir='ltr'><strong>καὶ</strong></span> <span class='ocrx_word' id='word_1_404' title='bbox 3362 2685 3460 2738; x_wconf 78' lang='grc' dir='ltr'><strong>ἀπ’</strong></span> <span class='ocrx_word' id='word_1_405' title='bbox 3501 2685 3670 2740; x_wconf 80' lang='grc' dir='ltr'>αὑτοῦ</span> 
     </span>
    </p>
   </div>
   <div class='ocr_carea' id='block_1_69' title="bbox 2089 2776 2502 2847">
    <p class='ocr_par' dir='ltr' id='par_1_69' title="bbox 2089 2776 2502 2847">
     <span class='ocr_line' id='line_1_69' title="bbox 2089 2776 2502 2847; baseline 0.007 -17"><span class='ocrx_word' id='word_1_406' title='bbox 2089 2776 2184 2830; x_wconf 83' lang='grc' dir='ltr'>τοῦ</span> <span class='ocrx_word' id='word_1_407' title='bbox 2214 2778 2502 2847; x_wconf 84' lang='grc' dir='ltr'>ὀνόματος.</span> 
     </span>
    </p>
   </div>
   <div class='ocr_carea' id='block_1_70' title="bbox 2171 2864 3675 2940">
    <p class='ocr_par' dir='ltr' id='par_1_70' title="bbox 2171 2864 3675 2940">
     <span class='ocr_line' id='line_1_70' title="bbox 2171 2864 3675 2940; baseline -0.001 -19"><span class='ocrx_word' id='word_1_408' title='bbox 2171 2869 2231 2921; x_wconf 88' lang='lat'><strong>&#39;0</strong></span> <span class='ocrx_word' id='word_1_409' title='bbox 2256 2870 2578 2939; x_wconf 79' lang='grc' dir='ltr'>δομέστικος</span> <span class='ocrx_word' id='word_1_410' title='bbox 2622 2870 2729 2923; x_wconf 87' lang='grc' dir='ltr'><strong>τῶν</strong></span> <span class='ocrx_word' id='word_1_411' title='bbox 2759 2868 2965 2940; x_wconf 84' lang='grc' dir='ltr'>σχολῶν</span> <span class='ocrx_word' id='word_1_412' title='bbox 3012 2868 3180 2923; x_wconf 80' lang='grc' dir='ltr'>πάλαι</span> <span class='ocrx_word' id='word_1_413' title='bbox 3222 2869 3319 2938; x_wconf 82' lang='grc' dir='ltr'><strong>μὲν</strong></span> <span class='ocrx_word' id='word_1_414' title='bbox 3360 2864 3506 2938; x_wconf 81' lang='grc' dir='ltr'>εῖχεν</span> <span class='ocrx_word' id='word_1_415' title='bbox 3532 2868 3675 2939; x_wconf 81' lang='grc' dir='ltr'>ὑπη-</span> 
     </span>
    </p>
   </div>
   <div class='ocr_carea' id='block_1_71' title="bbox 2093 2958 3672 3032">
    <p class='ocr_par' dir='ltr' id='par_1_71' title="bbox 2093 2958 3672 3032">
     <span class='ocr_line' id='line_1_71' title="bbox 2093 2958 3672 3032; baseline 0 -19"><span class='ocrx_word' id='word_1_416' title='bbox 2093 2962 2282 3031; x_wconf 89' lang='grc' dir='ltr'>ρεσίαν</span> <span class='ocrx_word' id='word_1_417' title='bbox 2328 2961 2517 3032; x_wconf 79' lang='grc' dir='ltr'>σχεδὸν</span> <span class='ocrx_word' id='word_1_418' title='bbox 2550 2962 2615 3032; x_wconf 76' lang='grc' dir='ltr'>ἢν</span> <span class='ocrx_word' id='word_1_419' title='bbox 2640 2962 2668 3014; x_wconf 79' lang='grc' dir='ltr'>ὀ</span> <span class='ocrx_word' id='word_1_420' title='bbox 2713 2961 2887 3032; x_wconf 80' lang='grc' dir='ltr'>μέγας</span> <span class='ocrx_word' id='word_1_421' title='bbox 2930 2960 3251 3028; x_wconf 84' lang='grc' dir='ltr'>δομέστικος</span> <span class='ocrx_word' id='word_1_422' title='bbox 3289 2961 3434 3030; x_wconf 80' lang='grc' dir='ltr'>ἄρτι,</span> <span class='ocrx_word' id='word_1_423' title='bbox 3464 2958 3560 3011; x_wconf 81' lang='grc' dir='ltr'>νῦν</span> <span class='ocrx_word' id='word_1_424' title='bbox 3615 2958 3672 3013; x_wconf 72' lang='grc' dir='ltr'><strong>δὲ</strong></span> 
     </span>
    </p>
   </div>
   <div class='ocr_carea' id='block_1_72' title="bbox 2092 3053 2371 3121">
    <p class='ocr_par' dir='ltr' id='par_1_72' title="bbox 2092 3053 2371 3121">
     <span class='ocr_line' id='line_1_72' title="bbox 2092 3053 2371 3121; baseline 0.007 -16"><span class='ocrx_word' id='word_1_425' title='bbox 2092 3053 2371 3121; x_wconf 74' lang='grc' dir='ltr'>οὐδεμίαν.</span> 
     </span>
    </p>
   </div>
   <div class='ocr_carea' id='block_1_73' title="bbox 2178 3140 3670 3214">
    <p class='ocr_par' dir='ltr' id='par_1_73' title="bbox 2178 3140 3670 3214">
     <span class='ocr_line' id='line_1_73' title="bbox 2178 3140 3670 3214; baseline -0.002 -18"><span class='ocrx_word' id='word_1_426' title='bbox 2178 3142 2236 3196; x_wconf 89' lang='grc' dir='ltr'><strong>Ὀ</strong></span> <span class='ocrx_word' id='word_1_427' title='bbox 2265 3144 2438 3213; x_wconf 82' lang='grc' dir='ltr'>μέγας</span> <span class='ocrx_word' id='word_1_428' title='bbox 2458 3143 2824 3214; x_wconf 81' lang='grc' dir='ltr'>δρουγγάριος</span> <span class='ocrx_word' id='word_1_429' title='bbox 2855 3145 2951 3198; x_wconf 80' lang='grc' dir='ltr'>τοῦ</span> <span class='ocrx_word' id='word_1_430' title='bbox 2975 3146 3162 3198; x_wconf 80' lang='grc' dir='ltr'>στόλου</span> <span class='ocrx_word' id='word_1_431' title='bbox 3194 3143 3285 3196; x_wconf 82' lang='grc' dir='ltr'>τὸν</span> <span class='ocrx_word' id='word_1_432' title='bbox 3318 3142 3482 3195; x_wconf 80' lang='grc' dir='ltr'>αὑτὸν</span> <span class='ocrx_word' id='word_1_433' title='bbox 3513 3140 3670 3210; x_wconf 84' lang='grc' dir='ltr'>λόγον</span> 
     </span>
    </p>
   </div>
   <div class='ocr_carea' id='block_1_74' title="bbox 2096 3232 3671 3305">
    <p class='ocr_par' dir='ltr' id='par_1_74' title="bbox 2096 3232 3671 3305">
     <span class='ocr_line' id='line_1_74' title="bbox 2096 3232 3671 3305; baseline 0 -20"><span class='ocrx_word' id='word_1_434' title='bbox 2096 3234 2210 3304; x_wconf 75' lang='grc' dir='ltr'>ἔχει</span> <span class='ocrx_word' id='word_1_435' title='bbox 2255 3235 2393 3303; x_wconf 82' lang='grc' dir='ltr'>πρὸς</span> <span class='ocrx_word' id='word_1_436' title='bbox 2422 3235 2513 3288; x_wconf 81' lang='grc' dir='ltr'><strong>τὸν</strong></span> <span class='ocrx_word' id='word_1_437' title='bbox 2554 3236 2731 3305; x_wconf 83' lang='grc' dir='ltr'>μέγαν</span> <span class='ocrx_word' id='word_1_438' title='bbox 2776 3235 2976 3289; x_wconf 83' lang='grc' dir='ltr'>δοῦκαν</span> <span class='ocrx_word' id='word_1_439' title='bbox 3006 3236 3065 3289; x_wconf 86' lang='grc' dir='ltr'>ὃν</span> <span class='ocrx_word' id='word_1_440' title='bbox 3084 3238 3112 3288; x_wconf 85' lang='grc' dir='ltr'><strong>ὁ</strong></span> <span class='ocrx_word' id='word_1_441' title='bbox 3139 3235 3238 3304; x_wconf 79' lang='grc' dir='ltr'>τῆς</span> <span class='ocrx_word' id='word_1_442' title='bbox 3270 3234 3463 3305; x_wconf 77' lang='grc' dir='ltr'>βίγλης</span> <span class='ocrx_word' id='word_1_443' title='bbox 3491 3232 3671 3303; x_wconf 77' lang='grc' dir='ltr'>μέγας</span> 
     </span>
    </p>
   </div>
   <div class='ocr_carea' id='block_1_75' title="bbox 2095 3327 3323 3398">
    <p class='ocr_par' dir='ltr' id='par_1_75' title="bbox 2095 3327 3323 3398">
     <span class='ocr_line' id='line_1_75' title="bbox 2095 3327 3323 3398; baseline 0.001 -17"><span class='ocrx_word' id='word_1_444' title='bbox 2095 3327 2459 3398; x_wconf 84' lang='grc' dir='ltr'>δρουγγάριος</span> <span class='ocrx_word' id='word_1_445' title='bbox 2492 3328 2631 3397; x_wconf 77' lang='grc' dir='ltr'>πρὸς</span> <span class='ocrx_word' id='word_1_446' title='bbox 2652 3328 2744 3379; x_wconf 79' lang='grc' dir='ltr'><strong>τὸν</strong></span> <span class='ocrx_word' id='word_1_447' title='bbox 2776 3329 2949 3397; x_wconf 82' lang='grc' dir='ltr'>μέγαν</span> <span class='ocrx_word' id='word_1_448' title='bbox 2981 3329 3323 3395; x_wconf 78' lang='grc' dir='ltr'>δομέστικον.</span> 
     </span>
    </p>
   </div>
   <div class='ocr_carea' id='block_1_76' title="bbox 2181 3418 3674 3491">
    <p class='ocr_par' dir='ltr' id='par_1_76' title="bbox 2181 3418 3674 3491">
     <span class='ocr_line' id='line_1_76' title="bbox 2181 3418 3674 3491; baseline 0 -18"><span class='ocrx_word' id='word_1_449' title='bbox 2181 3418 2238 3473; x_wconf 90' lang='lat'><strong>&#39;0</strong></span> <span class='ocrx_word' id='word_1_450' title='bbox 2285 3422 2691 3491; x_wconf 84' lang='grc' dir='ltr'>πριμμικήριος</span> <span class='ocrx_word' id='word_1_451' title='bbox 2740 3420 2840 3489; x_wconf 86' lang='grc' dir='ltr'>τῆς</span> <span class='ocrx_word' id='word_1_452' title='bbox 2870 3420 3041 3489; x_wconf 79' lang='grc' dir='ltr'>αὐλῆς</span> <span class='ocrx_word' id='word_1_453' title='bbox 3084 3418 3197 3490; x_wconf 80' lang='grc' dir='ltr'>ἔχει</span> <span class='ocrx_word' id='word_1_454' title='bbox 3240 3419 3342 3489; x_wconf 80' lang='grc' dir='ltr'>μὲν</span> <span class='ocrx_word' id='word_1_455' title='bbox 3379 3422 3439 3473; x_wconf 77' lang='grc' dir='ltr'>ὲν</span> <span class='ocrx_word' id='word_1_456' title='bbox 3468 3422 3532 3490; x_wconf 77' lang='grc' dir='ltr'>τῇ</span> <span class='ocrx_word' id='word_1_457' title='bbox 3570 3436 3674 3473; x_wconf 79' lang='grc' dir='ltr'>πα-</span> 
     </span>
    </p>
   </div>
   <div class='ocr_carea' id='block_1_77' title="bbox 2102 3510 3673 3583">
    <p class='ocr_par' dir='ltr' id='par_1_77' title="bbox 2102 3510 3673 3583">
     <span class='ocr_line' id='line_1_77' title="bbox 2102 3510 3673 3583; baseline -0.003 -16"><span class='ocrx_word' id='word_1_458' title='bbox 2102 3513 2359 3583; x_wconf 79' lang='grc' dir='ltr'>ραστάσει</span> <span class='ocrx_word' id='word_1_459' title='bbox 2396 3513 2698 3583; x_wconf 85' lang='grc' dir='ltr'>ὑπηρεσίαν</span> <span class='ocrx_word' id='word_1_460' title='bbox 2749 3513 2869 3565; x_wconf 78' lang='grc' dir='ltr'>οἷαν</span> <span class='ocrx_word' id='word_1_461' title='bbox 2928 3513 3288 3582; x_wconf 82' lang='grc' dir='ltr'>προείπομεν,</span> <span class='ocrx_word' id='word_1_462' title='bbox 3332 3510 3586 3563; x_wconf 74' lang='grc' dir='ltr'>εὐτακτεῐ</span> <span class='ocrx_word' id='word_1_463' title='bbox 3616 3510 3673 3562; x_wconf 82' lang='grc' dir='ltr'><strong>δὲ</strong></span> 
     </span>
    </p>
   </div>
   <div class='ocr_carea' id='block_1_78' title="bbox 2100 3602 3668 3676">
    <p class='ocr_par' dir='ltr' id='par_1_78' title="bbox 2100 3602 3668 3676">
     <span class='ocr_line' id='line_1_78' title="bbox 2100 3602 3668 3676; baseline -0.004 -16"><span class='ocrx_word' id='word_1_464' title='bbox 2100 3609 2193 3660; x_wconf 66' lang='grc' dir='ltr'><strong>καὶ</strong></span> <span class='ocrx_word' id='word_1_465' title='bbox 2221 3607 2347 3667; x_wconf 80' lang='grc' dir='ltr'>τοὺς</span> <span class='ocrx_word' id='word_1_466' title='bbox 2389 3607 2446 3658; x_wconf 72' lang='grc' dir='ltr'>ὲν</span> <span class='ocrx_word' id='word_1_467' title='bbox 2502 3608 2567 3675; x_wconf 83' lang='grc' dir='ltr'>τῇ</span> <span class='ocrx_word' id='word_1_468' title='bbox 2624 3605 2763 3676; x_wconf 77' lang='grc' dir='ltr'><strong>αὐλῇ</strong></span> <span class='ocrx_word' id='word_1_469' title='bbox 2794 3605 3020 3667; x_wconf 82' lang='grc' dir='ltr'>πάντας.</span> <span class='ocrx_word' id='word_1_470' title='bbox 3054 3605 3267 3672; x_wconf 77' lang='grc' dir='ltr'>Ὅτπερ</span> <span class='ocrx_word' id='word_1_471' title='bbox 3300 3603 3407 3671; x_wconf 84' lang='grc' dir='ltr'><strong>γὰρ</strong></span> <span class='ocrx_word' id='word_1_472' title='bbox 3439 3602 3545 3655; x_wconf 86' lang='grc' dir='ltr'>τῶν</span> <span class='ocrx_word' id='word_1_473' title='bbox 3576 3602 3668 3671; x_wconf 82' lang='grc' dir='ltr'><strong>ἀρ-</strong></span> 
     </span>
    </p>
   </div>
   <div class='ocr_carea' id='block_1_79' title="bbox 2041 3696 3672 3779">
    <p class='ocr_par' dir='ltr' id='par_1_79' title="bbox 2041 3696 3672 3779">
     <span class='ocr_line' id='line_1_79' title="bbox 2041 3696 3672 3779; baseline -0.002 -27"><span class='ocrx_word' id='word_1_474' title='bbox 2041 3772 2046 3779; x_wconf 16' lang='lat'><strong><em>.</em></strong></span> <span class='ocrx_word' id='word_1_475' title='bbox 2099 3701 2302 3772; x_wconf 80' lang='grc' dir='ltr'>χόντων</span> <span class='ocrx_word' id='word_1_476' title='bbox 2351 3700 2584 3757; x_wconf 72' lang='grc' dir='ltr'>ἕκαστος</span> <span class='ocrx_word' id='word_1_477' title='bbox 2629 3699 2720 3751; x_wconf 80' lang='grc' dir='ltr'><strong>τὸν</strong></span> <span class='ocrx_word' id='word_1_478' title='bbox 2772 3699 3222 3765; x_wconf 72' lang='grc' dir='ltr'>ἀποτεταγμένον</span> <span class='ocrx_word' id='word_1_479' title='bbox 3266 3697 3359 3750; x_wconf 78' lang='grc' dir='ltr'>καὶ</span> <span class='ocrx_word' id='word_1_480' title='bbox 3392 3696 3528 3748; x_wconf 85' lang='grc' dir='ltr'>ῐδιον</span> <span class='ocrx_word' id='word_1_481' title='bbox 3558 3696 3672 3765; x_wconf 70' lang='grc' dir='ltr'>ἔχει</span> 
     </span>
    </p>
   </div>
   <div class='ocr_carea' id='block_1_80' title="bbox 2099 3788 3670 3863">
    <p class='ocr_par' dir='ltr' id='par_1_80' title="bbox 2099 3788 3670 3863">
     <span class='ocr_line' id='line_1_80' title="bbox 2099 3788 3670 3863; baseline -0.006 -15"><span class='ocrx_word' id='word_1_482' title='bbox 2099 3796 2262 3848; x_wconf 85' lang='grc' dir='ltr'>τόπον</span> <span class='ocrx_word' id='word_1_483' title='bbox 2314 3794 2393 3855; x_wconf 88' lang='grc' dir='ltr'><strong>είς</strong></span> <span class='ocrx_word' id='word_1_484' title='bbox 2454 3792 2554 3862; x_wconf 80' lang='grc' dir='ltr'>τὴν</span> <span class='ocrx_word' id='word_1_485' title='bbox 2596 3795 2962 3863; x_wconf 75' lang='grc' dir='ltr'>παράστασιν,</span> <span class='ocrx_word' id='word_1_486' title='bbox 2993 3790 3136 3841; x_wconf 77' lang='grc' dir='ltr'>οὑτω</span> <span class='ocrx_word' id='word_1_487' title='bbox 3187 3789 3282 3841; x_wconf 76' lang='grc' dir='ltr'><strong>καὶ</strong></span> <span class='ocrx_word' id='word_1_488' title='bbox 3338 3788 3446 3840; x_wconf 83' lang='grc' dir='ltr'>τῶν</span> <span class='ocrx_word' id='word_1_489' title='bbox 3498 3790 3557 3840; x_wconf 75' lang='grc' dir='ltr'>ἐν</span> <span class='ocrx_word' id='word_1_490' title='bbox 3603 3790 3670 3857; x_wconf 78' lang='grc' dir='ltr'>τῇ</span> 
     </span>
    </p>
   </div>
   <div class='ocr_carea' id='block_1_81' title="bbox 2101 3880 3674 3959">
    <p class='ocr_par' dir='ltr' id='par_1_81' title="bbox 2101 3880 3674 3959">
     <span class='ocr_line' id='line_1_81' title="bbox 2101 3880 3674 3959; baseline -0.005 -19"><span class='ocrx_word' id='word_1_491' title='bbox 2101 3888 2236 3959; x_wconf 82' lang='grc' dir='ltr'>αὑλῇ</span> <span class='ocrx_word' id='word_1_492' title='bbox 2288 3887 2496 3951; x_wconf 79' lang='grc' dir='ltr'>τάξεων</span> <span class='ocrx_word' id='word_1_493' title='bbox 2536 3887 2743 3954; x_wconf 80' lang='grc' dir='ltr'>ἑκάστη</span> <span class='ocrx_word' id='word_1_494' title='bbox 2791 3886 2883 3937; x_wconf 85' lang='grc' dir='ltr'><strong>τὸν</strong></span> <span class='ocrx_word' id='word_1_495' title='bbox 2918 3883 3050 3936; x_wconf 74' lang='grc' dir='ltr'>ἴδιον</span> <span class='ocrx_word' id='word_1_496' title='bbox 3080 3881 3248 3953; x_wconf 73' lang='grc' dir='ltr'>αὐλῆς</span> <span class='ocrx_word' id='word_1_497' title='bbox 3290 3883 3556 3952; x_wconf 82' lang='grc' dir='ltr'>κέκτηται</span> <span class='ocrx_word' id='word_1_498' title='bbox 3585 3880 3674 3932; x_wconf 84' lang='grc' dir='ltr'><strong>τό·</strong></span> 
     </span>
    </p>
   </div>
   <div class='ocr_carea' id='block_1_82' title="bbox 2104 3975 3674 4049">
    <p class='ocr_par' dir='ltr' id='par_1_82' title="bbox 2104 3975 3674 4049">
     <span class='ocr_line' id='line_1_82' title="bbox 2104 3975 3674 4049; baseline -0.006 -15"><span class='ocrx_word' id='word_1_499' title='bbox 2104 4000 2225 4036; x_wconf 90' lang='grc' dir='ltr'>πον.</span> <span class='ocrx_word' id='word_1_500' title='bbox 2278 3981 2340 4033; x_wconf 76' lang='grc' dir='ltr'><strong>Οἱ</strong></span> <span class='ocrx_word' id='word_1_501' title='bbox 2395 3981 2493 4049; x_wconf 80' lang='grc' dir='ltr'>μὲν</span> <span class='ocrx_word' id='word_1_502' title='bbox 2548 3981 2658 4049; x_wconf 74' lang='grc' dir='ltr'><strong>γαρ</strong></span> <span class='ocrx_word' id='word_1_503' title='bbox 2718 3978 2998 4048; x_wconf 84' lang='grc' dir='ltr'>Βάραγγοι</span> <span class='ocrx_word' id='word_1_504' title='bbox 3060 3977 3410 4044; x_wconf 85' lang='grc' dir='ltr'>εὑρίσκονται</span> <span class='ocrx_word' id='word_1_505' title='bbox 3461 3975 3674 4045; x_wconf 86' lang='grc' dir='ltr'>ὑπηρε-</span> 
     </span>
    </p>
   </div>
   <div class='ocr_carea' id='block_1_83' title="bbox 2101 4066 3676 4136">
    <p class='ocr_par' dir='ltr' id='par_1_83' title="bbox 2101 4066 3676 4136">
     <span class='ocr_line' id='line_1_83' title="bbox 2101 4066 3676 4136; baseline -0.005 -12"><span class='ocrx_word' id='word_1_506' title='bbox 2101 4073 2319 4135; x_wconf 78' lang='grc' dir='ltr'>τοῦντες</span> <span class='ocrx_word' id='word_1_507' title='bbox 2355 4072 2434 4134; x_wconf 80' lang='grc' dir='ltr'><strong>εἰς</strong></span> <span class='ocrx_word' id='word_1_508' title='bbox 2467 4088 2525 4123; x_wconf 84' lang='grc' dir='ltr'><strong>τε</strong></span> <span class='ocrx_word' id='word_1_509' title='bbox 2563 4070 2658 4131; x_wconf 81' lang='grc' dir='ltr'><strong>τὰς</strong></span> <span class='ocrx_word' id='word_1_510' title='bbox 2705 4068 2875 4136; x_wconf 84' lang='grc' dir='ltr'>ούρας</span> <span class='ocrx_word' id='word_1_511' title='bbox 2910 4068 3003 4121; x_wconf 81' lang='grc' dir='ltr'><strong>τοῦ</strong></span> <span class='ocrx_word' id='word_1_512' title='bbox 3037 4067 3249 4120; x_wconf 86' lang='grc' dir='ltr'>κελλίου</span> <span class='ocrx_word' id='word_1_513' title='bbox 3282 4066 3376 4118; x_wconf 82' lang='grc' dir='ltr'>τοῦ</span> <span class='ocrx_word' id='word_1_514' title='bbox 3411 4066 3676 4135; x_wconf 77' lang='grc' dir='ltr'>βασιλέως</span> 
     </span>
    </p>
   </div>
   <div class='ocr_carea' id='block_1_84' title="bbox 2103 4158 3675 4232">
    <p class='ocr_par' dir='ltr' id='par_1_84' title="bbox 2103 4158 3675 4232">
     <span class='ocr_line' id='line_1_84' title="bbox 2103 4158 3675 4232; baseline -0.004 -15"><span class='ocrx_word' id='word_1_515' title='bbox 2103 4166 2196 4217; x_wconf 71' lang='grc' dir='ltr'>καὶ</span> <span class='ocrx_word' id='word_1_516' title='bbox 2243 4166 2324 4226; x_wconf 86' lang='grc' dir='ltr'><strong>είς</strong></span> <span class='ocrx_word' id='word_1_517' title='bbox 2376 4164 2434 4215; x_wconf 88' lang='grc' dir='ltr'><strong>τὸ</strong></span> <span class='ocrx_word' id='word_1_518' title='bbox 2468 4162 2759 4232; x_wconf 81' lang='grc' dir='ltr'>τρίκλινον,</span> <span class='ocrx_word' id='word_1_519' title='bbox 2788 4163 2846 4212; x_wconf 75' lang='grc' dir='ltr'>ἐν</span> <span class='ocrx_word' id='word_1_520' title='bbox 2875 4162 2940 4230; x_wconf 81' lang='grc' dir='ltr'>τῇ</span> <span class='ocrx_word' id='word_1_521' title='bbox 2973 4160 3110 4230; x_wconf 80' lang='grc' dir='ltr'>αὐλῇ</span> <span class='ocrx_word' id='word_1_522' title='bbox 3158 4159 3215 4211; x_wconf 75' lang='grc' dir='ltr'><strong>δὲ</strong></span> <span class='ocrx_word' id='word_1_523' title='bbox 3260 4158 3356 4211; x_wconf 81' lang='grc' dir='ltr'>τοῦ</span> <span class='ocrx_word' id='word_1_524' title='bbox 3406 4158 3675 4212; x_wconf 84' lang='grc' dir='ltr'>παλατίου</span> 
     </span>
    </p>
   </div>
   <div class='ocr_carea' id='block_1_85' title="bbox 2106 4250 3676 4328">
    <p class='ocr_par' dir='ltr' id='par_1_85' title="bbox 2106 4250 3676 4328">
     <span class='ocr_line' id='line_1_85' title="bbox 2106 4250 3676 4328; baseline -0.006 -17"><span class='ocrx_word' id='word_1_525' title='bbox 2106 4256 2435 4328; x_wconf 81' lang='grc' dir='ltr'>στρατιῶται</span> <span class='ocrx_word' id='word_1_526' title='bbox 2471 4253 2869 4324; x_wconf 74' lang='grc' dir='ltr'>ὀνομαζόμενοι</span> <span class='ocrx_word' id='word_1_527' title='bbox 2901 4252 3046 4304; x_wconf 81' lang='grc' dir='ltr'>οὕτω</span> <span class='ocrx_word' id='word_1_528' title='bbox 3080 4254 3427 4321; x_wconf 77' lang='grc' dir='ltr'>παραμοναὶ,</span> <span class='ocrx_word' id='word_1_529' title='bbox 3458 4250 3676 4320; x_wconf 74' lang='grc' dir='ltr'>ἔχοντες</span> 
     </span>
    </p>
   </div>
   <div class='ocr_carea' id='block_1_86' title="bbox 2105 4338 3675 4415">
    <p class='ocr_par' dir='ltr' id='par_1_86' title="bbox 2105 4338 3675 4415">
     <span class='ocr_line' id='line_1_86' title="bbox 2105 4338 3675 4415; baseline -0.006 -14"><span class='ocrx_word' id='word_1_530' title='bbox 2105 4349 2296 4415; x_wconf 79' lang='grc' dir='ltr'>ἄλογα,</span> <span class='ocrx_word' id='word_1_531' title='bbox 2329 4345 2414 4414; x_wconf 79' lang='grc' dir='ltr'><strong>ἐφ’</strong></span> <span class='ocrx_word' id='word_1_532' title='bbox 2468 4338 2544 4398; x_wconf 84' lang='grc' dir='ltr'>ὧν</span> <span class='ocrx_word' id='word_1_533' title='bbox 2595 4344 2689 4397; x_wconf 76' lang='grc' dir='ltr'><strong>καὶ</strong></span> <span class='ocrx_word' id='word_1_534' title='bbox 2752 4342 3098 4411; x_wconf 85' lang='grc' dir='ltr'>ἀλλαγάτωρ.</span> <span class='ocrx_word' id='word_1_535' title='bbox 3148 4341 3256 4394; x_wconf 82' lang='grc' dir='ltr'><strong>Καὶ</strong></span> <span class='ocrx_word' id='word_1_536' title='bbox 3309 4341 3426 4410; x_wconf 85' lang='grc' dir='ltr'>μετ’</span> <span class='ocrx_word' id='word_1_537' title='bbox 3481 4341 3675 4403; x_wconf 67' lang='grc' dir='ltr'>αὐτοὺς</span> 
     </span>
    </p>
   </div>
   <div class='ocr_carea' id='block_1_87' title="bbox 420 4426 1995 4511">
    <p class='ocr_par' dir='ltr' id='par_1_87' title="bbox 420 4427 1995 4500">
     <span class='ocr_line' id='line_1_87' title="bbox 420 4427 1995 4500; baseline 0.006 -21"><span class='ocrx_word' id='word_1_538' title='bbox 420 4439 649 4494; x_wconf 86' lang='lat' dir='ltr'><strong>carent,</strong></span> <span class='ocrx_word' id='word_1_539' title='bbox 680 4427 876 4479; x_wconf 84' lang='lat' dir='ltr'><strong>habent</strong></span> <span class='ocrx_word' id='word_1_540' title='bbox 911 4436 1089 4480; x_wconf 90' lang='lat' dir='ltr'><strong>tamen</strong></span> <span class='ocrx_word' id='word_1_541' title='bbox 1106 4427 1433 4497; x_wconf 73' lang='lat' dir='ltr'><strong>alogatorem</strong></span> <span class='ocrx_word' id='word_1_542' title='bbox 1462 4446 1476 4483; x_wconf 91' lang='lat'><strong>:</strong></span> <span class='ocrx_word' id='word_1_543' title='bbox 1509 4430 1601 4499; x_wconf 88' lang='lat' dir='ltr'><strong>qui</strong></span> <span class='ocrx_word' id='word_1_544' title='bbox 1625 4431 1850 4500; x_wconf 82' lang='lat' dir='ltr'><strong>spathas</strong></span> <span class='ocrx_word' id='word_1_545' title='bbox 1873 4448 1995 4489; x_wconf 85' lang='lat' dir='ltr'><strong>suas</strong></span> 
     </span>
    </p>
   </div>
   <div class='ocr_carea' id='block_1_88' title="bbox 2098 4426 3679 4511">
    <p class='ocr_par' dir='ltr' id='par_1_88' title="bbox 2104 4426 3679 4511">
     <span class='ocr_line' id='line_1_88' title="bbox 2104 4426 3679 4511; baseline -0.005 -19"><span class='ocrx_word' id='word_1_546' title='bbox 2104 4441 2307 4511; x_wconf 68' lang='grc' dir='ltr'>ἕτεροι,</span> <span class='ocrx_word' id='word_1_547' title='bbox 2347 4441 2665 4508; x_wconf 71' lang='grc' dir='ltr'>παραμοναὶ</span> <span class='ocrx_word' id='word_1_548' title='bbox 2707 4435 2804 4506; x_wconf 78' lang='grc' dir='ltr'>μὲν</span> <span class='ocrx_word' id='word_1_549' title='bbox 2857 4435 2949 4488; x_wconf 75' lang='grc' dir='ltr'>καὶ</span> <span class='ocrx_word' id='word_1_550' title='bbox 3005 4426 3172 4496; x_wconf 77' lang='grc' dir='ltr'>οὗτοι,</span> <span class='ocrx_word' id='word_1_551' title='bbox 3213 4432 3352 4504; x_wconf 81' lang='grc' dir='ltr'>πλὴν</span> <span class='ocrx_word' id='word_1_552' title='bbox 3399 4433 3529 4486; x_wconf 82' lang='grc' dir='ltr'>ἄνευ</span> <span class='ocrx_word' id='word_1_553' title='bbox 3559 4432 3679 4486; x_wconf 79' lang='grc' dir='ltr'><strong>ἁλό-</strong></span> 
     </span>
    </p>
   </div>
   <div class='ocr_carea' id='block_1_89' title="bbox 419 4518 1999 4592">
    <p class='ocr_par' dir='ltr' id='par_1_89' title="bbox 419 4518 1999 4592">
     <span class='ocr_line' id='line_1_89' title="bbox 419 4518 1999 4592; baseline 0.004 -20"><span class='ocrx_word' id='word_1_554' title='bbox 419 4519 673 4574; x_wconf 89' lang='lat' dir='ltr'><strong>manibus</strong></span> <span class='ocrx_word' id='word_1_555' title='bbox 749 4526 989 4588; x_wconf 80' lang='lat' dir='ltr'><strong>gestant.</strong></span> <span class='ocrx_word' id='word_1_556' title='bbox 1069 4518 1272 4576; x_wconf 91' lang='lat' dir='ltr'><strong>Deinde</strong></span> <span class='ocrx_word' id='word_1_557' title='bbox 1325 4531 1454 4575; x_wconf 87' lang='lat' dir='ltr'><strong>sunt</strong></span> <span class='ocrx_word' id='word_1_558' title='bbox 1515 4538 1653 4592; x_wconf 86' lang='lat' dir='ltr'><strong>quos</strong></span> <span class='ocrx_word' id='word_1_559' title='bbox 1708 4525 1999 4579; x_wconf 86' lang='lat' dir='ltr'><strong>nominant</strong></span> 
     </span>
    </p>
   </div>
   <div class='ocr_carea' id='block_1_90' title="bbox 420 4610 1995 4683">
    <p class='ocr_par' dir='ltr' id='par_1_90' title="bbox 420 4610 1995 4683">
     <span class='ocr_line' id='line_1_90' title="bbox 420 4610 1995 4683; baseline 0.007 -20"><span class='ocrx_word' id='word_1_560' title='bbox 420 4620 694 4675; x_wconf 82' lang='lat' dir='ltr'><strong>tzacones,</strong></span> <span class='ocrx_word' id='word_1_561' title='bbox 723 4610 817 4679; x_wconf 93' lang='lat' dir='ltr'><strong>qui</strong></span> <span class='ocrx_word' id='word_1_562' title='bbox 850 4621 903 4663; x_wconf 90' lang='lat' dir='ltr'><strong>et</strong></span> <span class='ocrx_word' id='word_1_563' title='bbox 932 4610 1035 4677; x_wconf 90' lang='lat' dir='ltr'><strong>ipsi</strong></span> <span class='ocrx_word' id='word_1_564' title='bbox 1098 4612 1341 4680; x_wconf 79' lang='lat' dir='ltr'><strong>pilaticia</strong></span> <span class='ocrx_word' id='word_1_565' title='bbox 1414 4624 1656 4683; x_wconf 89' lang='lat' dir='ltr'><strong>portant.</strong></span> <span class='ocrx_word' id='word_1_566' title='bbox 1708 4617 1837 4673; x_wconf 85' lang='lat' dir='ltr'><strong>Post</strong></span> <span class='ocrx_word' id='word_1_567' title='bbox 1894 4620 1995 4675; x_wconf 89' lang='lat' dir='ltr'><strong>hos</strong></span> 
     </span>
    </p>
   </div>
   <div class='ocr_carea' id='block_1_91' title="bbox 420 4700 1995 4776">
    <p class='ocr_par' dir='ltr' id='par_1_91' title="bbox 420 4700 1995 4776">
     <span class='ocr_line' id='line_1_91' title="bbox 420 4700 1995 4776; baseline 0.006 -21"><span class='ocrx_word' id='word_1_568' title='bbox 420 4710 550 4755; x_wconf 88' lang='lat' dir='ltr'><strong>sunt</strong></span> <span class='ocrx_word' id='word_1_569' title='bbox 578 4700 691 4765; x_wconf 87' lang='lat' dir='ltr'><strong>alii,</strong></span> <span class='ocrx_word' id='word_1_570' title='bbox 732 4701 947 4770; x_wconf 87' lang='lat' dir='ltr'><strong>pedites</strong></span> <span class='ocrx_word' id='word_1_571' title='bbox 982 4702 1206 4770; x_wconf 88' lang='lat' dir='ltr'><strong>quidem</strong></span> <span class='ocrx_word' id='word_1_572' title='bbox 1258 4713 1311 4758; x_wconf 90' lang='lat' dir='ltr'><strong>et</strong></span> <span class='ocrx_word' id='word_1_573' title='bbox 1362 4704 1478 4767; x_wconf 85' lang='lat' dir='ltr'><strong>isti,</strong></span> <span class='ocrx_word' id='word_1_574' title='bbox 1532 4722 1673 4776; x_wconf 88' lang='lat' dir='ltr'><strong>quos</strong></span> <span class='ocrx_word' id='word_1_575' title='bbox 1727 4718 1995 4765; x_wconf 90' lang='lat' dir='ltr'><strong>murtatos</strong></span> 
     </span>
    </p>
   </div>
   <div class='ocr_carea' id='block_1_92' title="bbox 418 4794 1995 4871">
    <p class='ocr_par' dir='ltr' id='par_1_92' title="bbox 418 4794 1995 4871">
     <span class='ocr_line' id='line_1_92' title="bbox 418 4794 1995 4871; baseline 0.006 -26"><span class='ocrx_word' id='word_1_576' title='bbox 418 4804 639 4857; x_wconf 82' lang='lat' dir='ltr'><strong>vocant,</strong></span> <span class='ocrx_word' id='word_1_577' title='bbox 671 4808 905 4863; x_wconf 91' lang='lat' dir='ltr'><strong>quorum</strong></span> <span class='ocrx_word' id='word_1_578' title='bbox 936 4794 1165 4864; x_wconf 88' lang='lat' dir='ltr'><strong>quilibet</strong></span> <span class='ocrx_word' id='word_1_579' title='bbox 1194 4794 1298 4850; x_wconf 89' lang='lat' dir='ltr'><strong>fert</strong></span> <span class='ocrx_word' id='word_1_580' title='bbox 1349 4798 1473 4851; x_wconf 87' lang='lat' dir='ltr'><strong>tela.</strong></span> <span class='ocrx_word' id='word_1_581' title='bbox 1537 4797 1855 4854; x_wconf 87' lang='lat' dir='ltr'><strong>Stationarii</strong></span> <span class='ocrx_word' id='word_1_582' title='bbox 1911 4801 1995 4871; x_wconf 89' lang='lat' dir='ltr'><strong>pi-</strong></span> 
     </span>
    </p>
   </div>
   <div class='ocr_carea' id='block_1_93' title="bbox 420 4884 1994 4957">
    <p class='ocr_par' dir='ltr' id='par_1_93' title="bbox 420 4884 1994 4957">
     <span class='ocr_line' id='line_1_93' title="bbox 420 4884 1994 4957; baseline 0.004 -20"><span class='ocrx_word' id='word_1_583' title='bbox 420 4884 535 4938; x_wconf 88' lang='lat' dir='ltr'><strong>leos</strong></span> <span class='ocrx_word' id='word_1_584' title='bbox 572 4899 667 4938; x_wconf 88' lang='lat' dir='ltr'><strong>seu</strong></span> <span class='ocrx_word' id='word_1_585' title='bbox 728 4884 994 4939; x_wconf 88' lang='lat' dir='ltr'><strong>umbellas</strong></span> <span class='ocrx_word' id='word_1_586' title='bbox 1048 4894 1288 4955; x_wconf 87' lang='lat' dir='ltr'><strong>gestant,</strong></span> <span class='ocrx_word' id='word_1_587' title='bbox 1339 4896 1617 4951; x_wconf 86' lang='lat' dir='ltr'><strong>tzacones,</strong></span> <span class='ocrx_word' id='word_1_588' title='bbox 1666 4898 1881 4957; x_wconf 85' lang='lat' dir='ltr'><strong>petasos</strong></span> <span class='ocrx_word' id='word_1_589' title='bbox 1902 4906 1994 4946; x_wconf 89' lang='lat' dir='ltr'><strong>seu</strong></span> 
     </span>
    </p>
   </div>
   <div class='ocr_carea' id='block_1_94' title="bbox 420 4976 1993 5048">
    <p class='ocr_par' dir='ltr' id='par_1_94' title="bbox 420 4976 1993 5048">
     <span class='ocr_line' id='line_1_94' title="bbox 420 4976 1993 5048; baseline 0.005 -19"><span class='ocrx_word' id='word_1_590' title='bbox 420 4978 758 5033; x_wconf 83' lang='lat' dir='ltr'><strong>cnculiones.</strong></span> <span class='ocrx_word' id='word_1_591' title='bbox 783 4976 988 5032; x_wconf 77' lang='lat' dir='ltr'><strong>Ferunt</strong></span> <span class='ocrx_word' id='word_1_592' title='bbox 1020 4980 1186 5032; x_wconf 90' lang='lat' dir='ltr'><strong>etiam</strong></span> <span class='ocrx_word' id='word_1_593' title='bbox 1218 4995 1456 5048; x_wconf 77' lang='lat' dir='ltr'><strong>superne</strong></span> <span class='ocrx_word' id='word_1_594' title='bbox 1482 4982 1691 5035; x_wconf 85' lang='lat' dir='ltr'><strong>coloris</strong></span> <span class='ocrx_word' id='word_1_595' title='bbox 1727 4983 1877 5038; x_wconf 69' lang='lat' dir='ltr'><strong>cmsii</strong></span> <span class='ocrx_word' id='word_1_596' title='bbox 1908 4983 1993 5037; x_wconf 92' lang='lat' dir='ltr'><strong>lo-</strong></span> 
     </span>
    </p>
   </div>
   <div class='ocr_carea' id='block_1_95' title="bbox 422 5072 1999 5144">
    <p class='ocr_par' dir='ltr' id='par_1_95' title="bbox 422 5072 1999 5144">
     <span class='ocr_line' id='line_1_95' title="bbox 422 5072 1999 5144; baseline 0.004 -20"><span class='ocrx_word' id='word_1_597' title='bbox 422 5073 562 5124; x_wconf 83' lang='lat' dir='ltr'><strong>ricas</strong></span> <span class='ocrx_word' id='word_1_598' title='bbox 596 5072 867 5126; x_wconf 86' lang='lat' dir='ltr'><strong>stantibus</strong></span> <span class='ocrx_word' id='word_1_599' title='bbox 893 5072 1167 5137; x_wconf 90' lang='lat' dir='ltr'><strong>leonibus,</strong></span> <span class='ocrx_word' id='word_1_600' title='bbox 1227 5074 1406 5142; x_wconf 86' lang='lat' dir='ltr'><strong>iisque</strong></span> <span class='ocrx_word' id='word_1_601' title='bbox 1454 5074 1631 5139; x_wconf 89' lang='lat' dir='ltr'><strong>albis,</strong></span> <span class='ocrx_word' id='word_1_602' title='bbox 1667 5075 1720 5129; x_wconf 94' lang='lat' dir='ltr'><strong>in</strong></span> <span class='ocrx_word' id='word_1_603' title='bbox 1777 5086 1999 5144; x_wconf 88' lang='lat' dir='ltr'><strong>pectore</strong></span> 
     </span>
    </p>
   </div>
   <div class='ocr_carea' id='block_1_96' title="bbox 423 5161 1999 5230">
    <p class='ocr_par' dir='ltr' id='par_1_96' title="bbox 423 5161 1999 5230">
     <span class='ocr_line' id='line_1_96' title="bbox 423 5161 1999 5230; baseline 0.004 -17"><span class='ocrx_word' id='word_1_604' title='bbox 423 5161 735 5230; x_wconf 79' lang='lat' dir='ltr'><strong>insignitas,</strong></span> <span class='ocrx_word' id='word_1_605' title='bbox 768 5162 862 5230; x_wconf 90' lang='lat' dir='ltr'><strong>qui</strong></span> <span class='ocrx_word' id='word_1_606' title='bbox 912 5171 1106 5217; x_wconf 87' lang='lat' dir='ltr'><strong>contra</strong></span> <span class='ocrx_word' id='word_1_607' title='bbox 1147 5179 1270 5217; x_wconf 84' lang='lat' dir='ltr'><strong>sese</strong></span> <span class='ocrx_word' id='word_1_608' title='bbox 1328 5164 1497 5219; x_wconf 89' lang='lat' dir='ltr'><strong>erecti</strong></span> <span class='ocrx_word' id='word_1_609' title='bbox 1535 5174 1682 5219; x_wconf 89' lang='lat' dir='ltr'><strong>sunt.</strong></span> <span class='ocrx_word' id='word_1_610' title='bbox 1734 5165 1999 5220; x_wconf 86' lang='lat' dir='ltr'><strong>Similiter</strong></span> 
     </span>
    </p>
   </div>
   <div class='ocr_carea' id='block_1_97' title="bbox 421 5253 1994 5328">
    <p class='ocr_par' dir='ltr' id='par_1_97' title="bbox 421 5253 1994 5328">
     <span class='ocr_line' id='line_1_97' title="bbox 421 5253 1994 5328; baseline 0.004 -23"><span class='ocrx_word' id='word_1_611' title='bbox 421 5255 475 5305; x_wconf 88' lang='lat' dir='ltr'><strong>in</strong></span> <span class='ocrx_word' id='word_1_612' title='bbox 501 5262 675 5322; x_wconf 81' lang='lat' dir='ltr'><strong>tergo.</strong></span> <span class='ocrx_word' id='word_1_613' title='bbox 725 5253 897 5307; x_wconf 80' lang='lat' dir='ltr'><strong>Etiam</strong></span> <span class='ocrx_word' id='word_1_614' title='bbox 930 5255 1245 5319; x_wconf 88' lang='lat' dir='ltr'><strong>Cortinarii,</strong></span> <span class='ocrx_word' id='word_1_615' title='bbox 1273 5257 1361 5323; x_wconf 88' lang='lat' dir='ltr'><strong>qui</strong></span> <span class='ocrx_word' id='word_1_616' title='bbox 1419 5265 1473 5312; x_wconf 87' lang='lat' dir='ltr'><strong>et</strong></span> <span class='ocrx_word' id='word_1_617' title='bbox 1518 5258 1623 5326; x_wconf 91' lang='lat' dir='ltr'><strong>ipsi</strong></span> <span class='ocrx_word' id='word_1_618' title='bbox 1682 5261 1994 5328; x_wconf 67' lang='lat' dir='ltr'><strong>praefectum</strong></span> 
     </span>
    </p>
   </div>
   <div class='ocr_carea' id='block_1_98' title="bbox 423 5346 2002 5421">
    <p class='ocr_par' dir='ltr' id='par_1_98' title="bbox 423 5346 2002 5421">
     <span class='ocr_line' id='line_1_98' title="bbox 423 5346 2002 5421; baseline 0.004 -21"><span class='ocrx_word' id='word_1_619' title='bbox 423 5346 648 5407; x_wconf 73' lang='lat' dir='ltr'><strong>habent.</strong></span> <span class='ocrx_word' id='word_1_620' title='bbox 683 5363 843 5417; x_wconf 88' lang='lat' dir='ltr'><strong>quem</strong></span> <span class='ocrx_word' id='word_1_621' title='bbox 899 5348 1153 5403; x_wconf 81' lang='lat' dir='ltr'><strong>comitem</strong></span> <span class='ocrx_word' id='word_1_622' title='bbox 1207 5350 1520 5419; x_wconf 88' lang='lat' dir='ltr'><strong>appellant;</strong></span> <span class='ocrx_word' id='word_1_623' title='bbox 1571 5368 1808 5421; x_wconf 89' lang='lat' dir='ltr'><strong>quorum</strong></span> <span class='ocrx_word' id='word_1_624' title='bbox 1872 5352 2002 5406; x_wconf 81' lang='lat' dir='ltr'><strong>licet</strong></span> 
     </span>
    </p>
   </div>
   <div class='ocr_carea' id='block_1_99' title="bbox 424 5440 1999 5509">
    <p class='ocr_par' dir='ltr' id='par_1_99' title="bbox 424 5440 1999 5509">
     <span class='ocr_line' id='line_1_99' title="bbox 424 5440 1999 5509; baseline 0.002 -14"><span class='ocrx_word' id='word_1_625' title='bbox 424 5440 620 5495; x_wconf 79' lang='lat' dir='ltr'><strong>classis</strong></span> <span class='ocrx_word' id='word_1_626' title='bbox 653 5440 832 5495; x_wconf 89' lang='lat' dir='ltr'><strong>minor</strong></span> <span class='ocrx_word' id='word_1_627' title='bbox 866 5442 960 5507; x_wconf 85' lang='lat' dir='ltr'><strong>si&#39;,</strong></span> <span class='ocrx_word' id='word_1_628' title='bbox 1012 5443 1321 5509; x_wconf 63' lang='lat' dir='ltr'><strong>stationem~</strong></span> <span class='ocrx_word' id='word_1_629' title='bbox 1372 5453 1552 5497; x_wconf 85' lang='lat' dir='ltr'><strong>tamen</strong></span> <span class='ocrx_word' id='word_1_630' title='bbox 1606 5446 1809 5499; x_wconf 88' lang='lat' dir='ltr'><strong>habent</strong></span> <span class='ocrx_word' id='word_1_631' title='bbox 1859 5445 1999 5499; x_wconf 90' lang='lat' dir='ltr'><strong>infra</strong></span> 
     </span>
    </p>
   </div>
   <div class='ocr_carea' id='block_1_100' title="bbox 425 5532 2000 5600">
    <p class='ocr_par' dir='ltr' id='par_1_100' title="bbox 425 5532 2000 5600">
     <span class='ocr_line' id='line_1_100' title="bbox 425 5532 2000 5600; baseline 0.005 -13"><span class='ocrx_word' id='word_1_632' title='bbox 425 5533 607 5588; x_wconf 86' lang='lat' dir='ltr'><strong>locum</strong></span> <span class='ocrx_word' id='word_1_633' title='bbox 668 5532 1004 5600; x_wconf 89' lang='lat' dir='ltr'><strong>imperatorii</strong></span> <span class='ocrx_word' id='word_1_634' title='bbox 1060 5534 1269 5588; x_wconf 89' lang='lat' dir='ltr'><strong>throni.</strong></span> <span class='ocrx_word' id='word_1_635' title='bbox 1345 5535 1687 5592; x_wconf 70' lang='lat' dir='ltr'><strong>Bardariotae</strong></span> <span class='ocrx_word' id='word_1_636' title='bbox 1740 5540 2000 5595; x_wconf 75' lang='lat' dir='ltr'><strong>destinati</strong></span> 
     </span>
    </p>
   </div>
   <div class='ocr_carea' id='block_1_101' title="bbox 426 5624 2005 5702">
    <p class='ocr_par' dir='ltr' id='par_1_101' title="bbox 426 5624 2005 5702">
     <span class='ocr_line' id='line_1_101' title="bbox 426 5624 2005 5702; baseline 0.006 -23"><span class='ocrx_word' id='word_1_637' title='bbox 426 5632 557 5679; x_wconf 78' lang='lat' dir='ltr'><strong>sunt</strong></span> <span class='ocrx_word' id='word_1_638' title='bbox 606 5624 673 5679; x_wconf 79' lang='lat' dir='ltr'><strong>ad</strong></span> <span class='ocrx_word' id='word_1_639' title='bbox 724 5625 1047 5680; x_wconf 85' lang='lat' dir='ltr'><strong>custodiam.</strong></span> <span class='ocrx_word' id='word_1_640' title='bbox 1090 5627 1276 5696; x_wconf 76' lang='lat' dir='ltr'><strong>ianuae</strong></span> <span class='ocrx_word' id='word_1_641' title='bbox 1326 5629 1537 5685; x_wconf 59' lang='lat' dir='ltr'><strong>aulica.</strong></span> <span class='ocrx_word' id='word_1_642' title='bbox 1592 5630 1793 5686; x_wconf 89' lang='lat' dir='ltr'><strong>Omnes</strong></span> <span class='ocrx_word' id='word_1_643' title='bbox 1840 5633 2005 5702; x_wconf 78' lang='lat' dir='ltr'><strong>igitur</strong></span> 
     </span>
    </p>
   </div>
   <div class='ocr_carea' id='block_1_102' title="bbox 427 5715 2003 5794">
    <p class='ocr_par' dir='ltr' id='par_1_102' title="bbox 427 5715 2003 5794">
     <span class='ocr_line' id='line_1_102' title="bbox 427 5715 2003 5794; baseline 0.005 -25"><span class='ocrx_word' id='word_1_644' title='bbox 427 5715 539 5781; x_wconf 85' lang='lat' dir='ltr'><strong>isti,</strong></span> <span class='ocrx_word' id='word_1_645' title='bbox 565 5718 783 5785; x_wconf 84' lang='lat' dir='ltr'><strong>quando</strong></span> <span class='ocrx_word' id='word_1_646' title='bbox 810 5719 1090 5772; x_wconf 77' lang='lat' dir='ltr'><strong>matutina:</strong></span> <span class='ocrx_word' id='word_1_647' title='bbox 1134 5720 1345 5785; x_wconf 78' lang='lat' dir='ltr'><strong>laudes,</strong></span> <span class='ocrx_word' id='word_1_648' title='bbox 1378 5720 1610 5788; x_wconf 68' lang='lat' dir='ltr'><strong>liturgiaa</strong></span> <span class='ocrx_word' id='word_1_649' title='bbox 1656 5731 1711 5778; x_wconf 90' lang='lat' dir='ltr'><strong>et</strong></span> <span class='ocrx_word' id='word_1_650' title='bbox 1775 5740 2003 5794; x_wconf 88' lang='lat' dir='ltr'><strong>vesper-</strong></span> 
     </span>
    </p>
   </div>
   <div class='ocr_carea' id='block_1_103' title="bbox 428 5810 1999 5881">
    <p class='ocr_par' dir='ltr' id='par_1_103' title="bbox 428 5810 1999 5881">
     <span class='ocr_line' id='line_1_103' title="bbox 428 5810 1999 5881; baseline 0.004 -19"><span class='ocrx_word' id='word_1_651' title='bbox 428 5810 555 5863; x_wconf 73' lang='lat' dir='ltr'><strong>tinae</strong></span> <span class='ocrx_word' id='word_1_652' title='bbox 580 5810 962 5877; x_wconf 86' lang='lat' dir='ltr'><strong>decantantur,</strong></span> <span class='ocrx_word' id='word_1_653' title='bbox 1024 5812 1217 5867; x_wconf 88' lang='lat' dir='ltr'><strong>ordine</strong></span> <span class='ocrx_word' id='word_1_654' title='bbox 1267 5814 1468 5879; x_wconf 85' lang='lat' dir='ltr'><strong>quique</strong></span> <span class='ocrx_word' id='word_1_655' title='bbox 1525 5830 1627 5869; x_wconf 89' lang='lat' dir='ltr'><strong>suo</strong></span> <span class='ocrx_word' id='word_1_656' title='bbox 1670 5818 1999 5881; x_wconf 76' lang='lat' dir='ltr'><strong>consistunt,</strong></span> 
     </span>
    </p>
   </div>
   <div class='ocr_carea' id='block_1_104' title="bbox 2096 4526 3679 4603">
    <p class='ocr_par' dir='ltr' id='par_1_104' title="bbox 2096 4526 3679 4603">
     <span class='ocr_line' id='line_1_104' title="bbox 2096 4526 3679 4603; baseline -0.008 -16"><span class='ocrx_word' id='word_1_657' title='bbox 2096 4552 2232 4603; x_wconf 83' lang='grc' dir='ltr'>γων,</span> <span class='ocrx_word' id='word_1_658' title='bbox 2271 4534 2486 4603; x_wconf 74' lang='grc' dir='ltr'>ἔχοντες</span> <span class='ocrx_word' id='word_1_659' title='bbox 2524 4530 2914 4598; x_wconf 79' lang='grc' dir='ltr'>ἀλλαγάτωρα,</span> <span class='ocrx_word' id='word_1_660' title='bbox 2953 4528 3211 4597; x_wconf 82' lang='grc' dir='ltr'>φέροντες</span> <span class='ocrx_word' id='word_1_661' title='bbox 3244 4528 3299 4579; x_wconf 72' lang='grc' dir='ltr'>ἐν</span> <span class='ocrx_word' id='word_1_662' title='bbox 3337 4526 3496 4597; x_wconf 74' lang='grc' dir='ltr'>χερσὶ</span> <span class='ocrx_word' id='word_1_663' title='bbox 3540 4527 3679 4578; x_wconf 84' lang='grc' dir='ltr'>πάν-</span> 
     </span>
    </p>
   </div>
   <div class='ocr_carea' id='block_1_105' title="bbox 2097 4616 3680 4688">
    <p class='ocr_par' dir='ltr' id='par_1_105' title="bbox 2097 4616 3680 4688">
     <span class='ocr_line' id='line_1_105' title="bbox 2097 4616 3680 4688; baseline -0.006 -10"><span class='ocrx_word' id='word_1_664' title='bbox 2097 4644 2187 4688; x_wconf 88' lang='grc' dir='ltr'><strong>τες</strong></span> <span class='ocrx_word' id='word_1_665' title='bbox 2210 4626 2308 4687; x_wconf 74' lang='grc' dir='ltr'>τὰς</span> <span class='ocrx_word' id='word_1_666' title='bbox 2352 4622 2571 4685; x_wconf 77' lang='grc' dir='ltr'>σπάθας</span> <span class='ocrx_word' id='word_1_667' title='bbox 2614 4620 2818 4674; x_wconf 82' lang='grc' dir='ltr'>αὐτῶν.</span> <span class='ocrx_word' id='word_1_668' title='bbox 2852 4616 2986 4672; x_wconf 83' lang='grc' dir='ltr'>Εἶτα</span> <span class='ocrx_word' id='word_1_669' title='bbox 3013 4618 3363 4688; x_wconf 87' lang='grc' dir='ltr'>εὑρίσκονται</span> <span class='ocrx_word' id='word_1_670' title='bbox 3398 4618 3446 4669; x_wconf 91' lang='grc' dir='ltr'><strong>οί</strong></span> <span class='ocrx_word' id='word_1_671' title='bbox 3479 4618 3680 4686; x_wconf 74' lang='grc' dir='ltr'>ὄνομα·</span> 
     </span>
    </p>
   </div>
   <div class='ocr_carea' id='block_1_106' title="bbox 2097 4706 3675 4788">
    <p class='ocr_par' dir='ltr' id='par_1_106' title="bbox 2097 4706 3675 4788">
     <span class='ocr_line' id='line_1_106' title="bbox 2097 4706 3675 4788; baseline -0.006 -18"><span class='ocrx_word' id='word_1_672' title='bbox 2097 4718 2313 4788; x_wconf 76' lang='grc' dir='ltr'>ζόμενοι</span> <span class='ocrx_word' id='word_1_673' title='bbox 2371 4715 2654 4780; x_wconf 74' lang='grc' dir='ltr'>τξάκονες,</span> <span class='ocrx_word' id='word_1_674' title='bbox 2691 4714 2951 4782; x_wconf 80' lang='grc' dir='ltr'>φέροντες</span> <span class='ocrx_word' id='word_1_675' title='bbox 3003 4714 3098 4763; x_wconf 74' lang='grc' dir='ltr'><strong>καὶ</strong></span> <span class='ocrx_word' id='word_1_676' title='bbox 3162 4706 3309 4765; x_wconf 73' lang='grc' dir='ltr'>οὗτοι</span> <span class='ocrx_word' id='word_1_677' title='bbox 3372 4709 3675 4762; x_wconf 81' lang='grc' dir='ltr'>πιλατίκια.</span> 
     </span>
    </p>
   </div>
   <div class='ocr_carea' id='block_1_107' title="bbox 2100 4793 3674 4876">
    <p class='ocr_par' dir='ltr' id='par_1_107' title="bbox 2100 4793 3674 4876">
     <span class='ocr_line' id='line_1_107' title="bbox 2100 4793 3674 4876; baseline -0.007 -14"><span class='ocrx_word' id='word_1_678' title='bbox 2100 4808 2209 4863; x_wconf 76' lang='grc' dir='ltr'><strong>Καὶ</strong></span> <span class='ocrx_word' id='word_1_679' title='bbox 2262 4806 2404 4876; x_wconf 80' lang='grc' dir='ltr'>μετὰ</span> <span class='ocrx_word' id='word_1_680' title='bbox 2454 4804 2677 4867; x_wconf 82' lang='grc' dir='ltr'>τούτους</span> <span class='ocrx_word' id='word_1_681' title='bbox 2734 4804 2938 4873; x_wconf 75' lang='grc' dir='ltr'>ἕτεροι,</span> <span class='ocrx_word' id='word_1_682' title='bbox 2971 4801 3127 4866; x_wconf 74' lang='grc' dir='ltr'>πεζοὶ</span> <span class='ocrx_word' id='word_1_683' title='bbox 3191 4801 3290 4871; x_wconf 83' lang='grc' dir='ltr'><strong>μὲν</strong></span> <span class='ocrx_word' id='word_1_684' title='bbox 3346 4801 3442 4854; x_wconf 81' lang='grc' dir='ltr'>καὶ</span> <span class='ocrx_word' id='word_1_685' title='bbox 3506 4793 3674 4862; x_wconf 77' lang='grc' dir='ltr'>οὗτοι,</span> 
     </span>
    </p>
   </div>
   <div class='ocr_carea' id='block_1_108' title="bbox 2105 4892 3675 4967">
    <p class='ocr_par' dir='ltr' id='par_1_108' title="bbox 2105 4892 3675 4967">
     <span class='ocr_line' id='line_1_108' title="bbox 2105 4892 3675 4967; baseline -0.006 -15"><span class='ocrx_word' id='word_1_686' title='bbox 2105 4900 2493 4967; x_wconf 74' lang='grc' dir='ltr'>ὀνομαζόμενοι</span> <span class='ocrx_word' id='word_1_687' title='bbox 2549 4896 2854 4967; x_wconf 86' lang='grc' dir='ltr'>Μυρτάτοι,</span> <span class='ocrx_word' id='word_1_688' title='bbox 2911 4893 3043 4958; x_wconf 78' lang='grc' dir='ltr'>τόξα</span> <span class='ocrx_word' id='word_1_689' title='bbox 3098 4893 3329 4955; x_wconf 72' lang='grc' dir='ltr'>ἕκαστος</span> <span class='ocrx_word' id='word_1_690' title='bbox 3383 4892 3675 4961; x_wconf 80' lang='grc' dir='ltr'>φέροντες·</span> 
     </span>
    </p>
   </div>
   <div class='ocr_carea' id='block_1_109' title="bbox 2104 4982 3675 5059">
    <p class='ocr_par' dir='ltr' id='par_1_109' title="bbox 2104 4982 3675 5059">
     <span class='ocr_line' id='line_1_109' title="bbox 2104 4982 3675 5059; baseline -0.005 -15"><span class='ocrx_word' id='word_1_691' title='bbox 2104 4991 2161 5044; x_wconf 88' lang='grc' dir='ltr'>αἱ</span> <span class='ocrx_word' id='word_1_692' title='bbox 2197 4992 2380 5059; x_wconf 77' lang='grc' dir='ltr'>μέντοι</span> <span class='ocrx_word' id='word_1_693' title='bbox 2410 4988 2730 5058; x_wconf 75' lang='grc' dir='ltr'>παραμοναὶ</span> <span class='ocrx_word' id='word_1_694' title='bbox 2763 4984 2901 5055; x_wconf 69' lang='grc' dir='ltr'>μετὰ</span> <span class='ocrx_word' id='word_1_695' title='bbox 2931 4985 3209 5049; x_wconf 84' lang='grc' dir='ltr'>σκιαδίων,</span> <span class='ocrx_word' id='word_1_696' title='bbox 3246 4986 3295 5036; x_wconf 81' lang='grc' dir='ltr'>οι</span> <span class='ocrx_word' id='word_1_697' title='bbox 3322 4983 3584 5047; x_wconf 77' lang='grc' dir='ltr'>τξάκονες</span> <span class='ocrx_word' id='word_1_698' title='bbox 3616 4982 3675 5036; x_wconf 83' lang='grc' dir='ltr'><strong>δὲ</strong></span> 
     </span>
    </p>
   </div>
   <div class='ocr_carea' id='block_1_110' title="bbox 2107 5074 3678 5152">
    <p class='ocr_par' dir='ltr' id='par_1_110' title="bbox 2107 5074 3678 5152">
     <span class='ocr_line' id='line_1_110' title="bbox 2107 5074 3678 5152; baseline -0.004 -18"><span class='ocrx_word' id='word_1_699' title='bbox 2107 5081 2247 5152; x_wconf 79' lang='grc' dir='ltr'>μετὰ</span> <span class='ocrx_word' id='word_1_700' title='bbox 2301 5079 2619 5142; x_wconf 82' lang='grc' dir='ltr'>καπασίων,</span> <span class='ocrx_word' id='word_1_701' title='bbox 2690 5076 2987 5146; x_wconf 78' lang='grc' dir='ltr'>φοροῦντες</span> <span class='ocrx_word' id='word_1_702' title='bbox 3054 5076 3149 5127; x_wconf 71' lang='grc' dir='ltr'><strong>καὶ</strong></span> <span class='ocrx_word' id='word_1_703' title='bbox 3204 5076 3394 5128; x_wconf 77' lang='grc' dir='ltr'>ἐπάνω</span> <span class='ocrx_word' id='word_1_704' title='bbox 3447 5074 3678 5128; x_wconf 76' lang='grc' dir='ltr'>κλίϐανα</span> 
     </span>
    </p>
   </div>
   <div class='ocr_carea' id='block_1_111' title="bbox 2100 5168 3676 5245">
    <p class='ocr_par' dir='ltr' id='par_1_111' title="bbox 2100 5168 3676 5245">
     <span class='ocr_line' id='line_1_111' title="bbox 2100 5168 3676 5245; baseline -0.003 -20"><span class='ocrx_word' id='word_1_705' title='bbox 2100 5175 2357 5245; x_wconf 77' lang='grc' dir='ltr'>ὴεράνεα,</span> <span class='ocrx_word' id='word_1_706' title='bbox 2391 5172 2611 5232; x_wconf 83' lang='grc' dir='ltr'>λέοντας</span> <span class='ocrx_word' id='word_1_707' title='bbox 2644 5170 2771 5237; x_wconf 77' lang='grc' dir='ltr'>περὶ</span> <span class='ocrx_word' id='word_1_708' title='bbox 2802 5171 2862 5221; x_wconf 71' lang='grc' dir='ltr'>τὸ</span> <span class='ocrx_word' id='word_1_709' title='bbox 2901 5168 3098 5239; x_wconf 82' lang='grc' dir='ltr'>στῆθος</span> <span class='ocrx_word' id='word_1_710' title='bbox 3128 5169 3321 5238; x_wconf 76' lang='grc' dir='ltr'>ἔχοντα</span> <span class='ocrx_word' id='word_1_711' title='bbox 3353 5168 3676 5237; x_wconf 72' lang='grc' dir='ltr'>ἱσταμένους</span> 
     </span>
    </p>
   </div>
   <div class='ocr_carea' id='block_1_112' title="bbox 2103 5257 3679 5332">
    <p class='ocr_par' dir='ltr' id='par_1_112' title="bbox 2103 5257 3679 5332">
     <span class='ocr_line' id='line_1_112' title="bbox 2103 5257 3679 5332; baseline -0.004 -17"><span class='ocrx_word' id='word_1_712' title='bbox 2103 5265 2355 5327; x_wconf 77' lang='grc' dir='ltr'>λευκοὺς,</span> <span class='ocrx_word' id='word_1_713' title='bbox 2383 5262 2628 5332; x_wconf 86' lang='grc' dir='ltr'>ὁρῶντας</span> <span class='ocrx_word' id='word_1_714' title='bbox 2670 5259 2900 5329; x_wconf 83' lang='grc' dir='ltr'>ἀντικρὺ</span> <span class='ocrx_word' id='word_1_715' title='bbox 2950 5260 3092 5312; x_wconf 83' lang='grc' dir='ltr'>κατὰ</span> <span class='ocrx_word' id='word_1_716' title='bbox 3126 5258 3441 5326; x_wconf 80' lang='grc' dir='ltr'>πρόσωπον.</span> <span class='ocrx_word' id='word_1_717' title='bbox 3484 5257 3679 5311; x_wconf 80' lang='grc' dir='ltr'>Ὡσαύ-</span> 
     </span>
    </p>
   </div>
   <div class='ocr_carea' id='block_1_113' title="bbox 2105 5350 3679 5420">
    <p class='ocr_par' dir='ltr' id='par_1_113' title="bbox 2105 5350 3679 5420">
     <span class='ocr_line' id='line_1_113' title="bbox 2105 5350 3679 5420; baseline -0.003 -14"><span class='ocrx_word' id='word_1_718' title='bbox 2105 5373 2213 5418; x_wconf 91' lang='grc' dir='ltr'><strong>τως</strong></span> <span class='ocrx_word' id='word_1_719' title='bbox 2261 5356 2355 5407; x_wconf 72' lang='grc' dir='ltr'><strong>καὶ</strong></span> <span class='ocrx_word' id='word_1_720' title='bbox 2404 5355 2650 5407; x_wconf 77' lang='grc' dir='ltr'>ὅπισθεν.</span> <span class='ocrx_word' id='word_1_721' title='bbox 2707 5350 2860 5403; x_wconf 62' lang='grc' dir='ltr'>Είσῖν</span> <span class='ocrx_word' id='word_1_722' title='bbox 2914 5351 3007 5404; x_wconf 78' lang='grc' dir='ltr'>καὶ</span> <span class='ocrx_word' id='word_1_723' title='bbox 3052 5350 3429 5420; x_wconf 80' lang='grc' dir='ltr'>Κορτινάριοι,</span> <span class='ocrx_word' id='word_1_724' title='bbox 3463 5350 3679 5420; x_wconf 79' lang='grc' dir='ltr'>ἔχοντες</span> 
     </span>
    </p>
   </div>
   <div class='ocr_carea' id='block_1_114' title="bbox 2108 5443 3677 5516">
    <p class='ocr_par' dir='ltr' id='par_1_114' title="bbox 2108 5443 3677 5516">
     <span class='ocr_line' id='line_1_114' title="bbox 2108 5443 3677 5516; baseline -0.006 -13"><span class='ocrx_word' id='word_1_725' title='bbox 2108 5450 2201 5504; x_wconf 69' lang='grc' dir='ltr'>καὶ</span> <span class='ocrx_word' id='word_1_726' title='bbox 2238 5443 2383 5503; x_wconf 75' lang='grc' dir='ltr'>οὗτοι</span> <span class='ocrx_word' id='word_1_727' title='bbox 2437 5448 2645 5516; x_wconf 78' lang='grc' dir='ltr'>ἔνοχον,</span> <span class='ocrx_word' id='word_1_728' title='bbox 2687 5444 2745 5508; x_wconf 82' lang='grc' dir='ltr'>ὃς</span> <span class='ocrx_word' id='word_1_729' title='bbox 2799 5445 2976 5514; x_wconf 86' lang='grc' dir='ltr'>κόμης</span> <span class='ocrx_word' id='word_1_730' title='bbox 3024 5444 3302 5497; x_wconf 87' lang='grc' dir='ltr'>καλεῖται·</span> <span class='ocrx_word' id='word_1_731' title='bbox 3356 5443 3553 5505; x_wconf 77' lang='grc' dir='ltr'>οἵτινες</span> <span class='ocrx_word' id='word_1_732' title='bbox 3611 5443 3677 5512; x_wconf 81' lang='grc' dir='ltr'><strong>δὴ</strong></span> 
     </span>
    </p>
   </div>
   <div class='ocr_carea' id='block_1_115' title="bbox 2108 5534 3680 5606">
    <p class='ocr_par' dir='ltr' id='par_1_115' title="bbox 2108 5534 3680 5606">
     <span class='ocr_line' id='line_1_115' title="bbox 2108 5534 3680 5606; baseline -0.004 -12"><span class='ocrx_word' id='word_1_733' title='bbox 2108 5542 2211 5594; x_wconf 71' lang='grc' dir='ltr'>κᾶν</span> <span class='ocrx_word' id='word_1_734' title='bbox 2271 5538 2512 5593; x_wconf 75' lang='grc' dir='ltr'>ἐλάττων</span> <span class='ocrx_word' id='word_1_735' title='bbox 2555 5538 2707 5601; x_wconf 81' lang='grc' dir='ltr'>τάξις</span> <span class='ocrx_word' id='word_1_736' title='bbox 2759 5535 3161 5606; x_wconf 86' lang='grc' dir='ltr'>εὑρίσκωνται,</span> <span class='ocrx_word' id='word_1_737' title='bbox 3216 5535 3333 5587; x_wconf 78' lang='grc' dir='ltr'><strong>ἀλλ’</strong></span> <span class='ocrx_word' id='word_1_738' title='bbox 3384 5534 3480 5589; x_wconf 75' lang='grc' dir='ltr'><strong>οὖν</strong></span> <span class='ocrx_word' id='word_1_739' title='bbox 3528 5535 3680 5588; x_wconf 84' lang='grc' dir='ltr'>κάτω</span> 
     </span>
    </p>
   </div>
   <div class='ocr_carea' id='block_1_116' title="bbox 2108 5628 3677 5701">
    <p class='ocr_par' dir='ltr' id='par_1_116' title="bbox 2108 5628 3677 5701">
     <span class='ocr_line' id='line_1_116' title="bbox 2108 5628 3677 5701; baseline -0.005 -14"><span class='ocrx_word' id='word_1_740' title='bbox 2108 5635 2353 5687; x_wconf 81' lang='grc' dir='ltr'>ἵστανται</span> <span class='ocrx_word' id='word_1_741' title='bbox 2391 5634 2488 5701; x_wconf 83' lang='grc' dir='ltr'>τῆς</span> <span class='ocrx_word' id='word_1_742' title='bbox 2543 5630 2892 5701; x_wconf 77' lang='grc' dir='ltr'>προκὺψεως.</span> <span class='ocrx_word' id='word_1_743' title='bbox 2926 5630 2990 5683; x_wconf 83' lang='lat' dir='ltr'><strong>Ol</strong></span> <span class='ocrx_word' id='word_1_744' title='bbox 3046 5628 3103 5681; x_wconf 74' lang='grc' dir='ltr'><strong>δὲ</strong></span> <span class='ocrx_word' id='word_1_745' title='bbox 3152 5628 3538 5699; x_wconf 84' lang='grc' dir='ltr'>Βαρδαριῶται</span> <span class='ocrx_word' id='word_1_746' title='bbox 3595 5628 3677 5691; x_wconf 79' lang='grc' dir='ltr'><strong>είς</strong></span> 
     </span>
    </p>
   </div>
   <div class='ocr_carea' id='block_1_117' title="bbox 2110 5707 3675 5792">
    <p class='ocr_par' dir='ltr' id='par_1_117' title="bbox 2110 5707 3675 5792">
     <span class='ocr_line' id='line_1_117' title="bbox 2110 5707 3675 5792; baseline -0.008 -16"><span class='ocrx_word' id='word_1_747' title='bbox 2110 5724 2209 5792; x_wconf 81' lang='grc' dir='ltr'><strong>τὴν</strong></span> <span class='ocrx_word' id='word_1_748' title='bbox 2255 5724 2351 5790; x_wconf 81' lang='grc' dir='ltr'><strong>τῆς</strong></span> <span class='ocrx_word' id='word_1_749' title='bbox 2402 5721 2573 5789; x_wconf 75' lang='grc' dir='ltr'>αὐλῆς</span> <span class='ocrx_word' id='word_1_750' title='bbox 2615 5720 2810 5789; x_wconf 85' lang='grc' dir='ltr'>Θύραν.</span> <span class='ocrx_word' id='word_1_751' title='bbox 2876 5717 3082 5778; x_wconf 83' lang='grc' dir='ltr'>Πάντες</span> <span class='ocrx_word' id='word_1_752' title='bbox 3130 5710 3223 5768; x_wconf 82' lang='grc' dir='ltr'><strong>οὖν</strong></span> <span class='ocrx_word' id='word_1_753' title='bbox 3276 5707 3447 5777; x_wconf 76' lang='grc' dir='ltr'>οὗτοι,</span> <span class='ocrx_word' id='word_1_754' title='bbox 3481 5715 3575 5766; x_wconf 77' lang='grc' dir='ltr'>καὶ</span> <span class='ocrx_word' id='word_1_755' title='bbox 3627 5714 3675 5764; x_wconf 85' lang='lat' dir='ltr'><strong>0i</strong></span> 
     </span>
    </p>
   </div>
   <div class='ocr_carea' id='block_1_118' title="bbox 2110 5804 3675 5882">
    <p class='ocr_par' dir='ltr' id='par_1_118' title="bbox 2110 5804 3675 5882">
     <span class='ocr_line' id='line_1_118' title="bbox 2110 5804 3675 5882; baseline -0.007 -14"><span class='ocrx_word' id='word_1_756' title='bbox 2110 5814 2414 5881; x_wconf 69' lang='grc' dir='ltr'>εἰρημένοι,</span> <span class='ocrx_word' id='word_1_757' title='bbox 2442 5811 2564 5866; x_wconf 84' lang='grc' dir='ltr'>καθ’</span> <span class='ocrx_word' id='word_1_758' title='bbox 2604 5812 2670 5882; x_wconf 79' lang='grc' dir='ltr'>ἢν</span> <span class='ocrx_word' id='word_1_759' title='bbox 2704 5810 2854 5881; x_wconf 85' lang='grc' dir='ltr'>ὥραν</span> <span class='ocrx_word' id='word_1_760' title='bbox 2886 5811 2912 5862; x_wconf 83' lang='grc' dir='ltr'><strong>ὅ</strong></span> <span class='ocrx_word' id='word_1_761' title='bbox 2949 5824 3006 5861; x_wconf 87' lang='grc' dir='ltr'><strong>τε</strong></span> <span class='ocrx_word' id='word_1_762' title='bbox 3031 5806 3279 5879; x_wconf 84' lang='grc' dir='ltr'>ὀρθρινὸς</span> <span class='ocrx_word' id='word_1_763' title='bbox 3327 5806 3496 5876; x_wconf 75' lang='grc' dir='ltr'>ὕμνος</span> <span class='ocrx_word' id='word_1_764' title='bbox 3539 5804 3675 5875; x_wconf 74' lang='grc' dir='ltr'><strong>ψάλ-</strong></span> 
     </span>
    </p>
   </div>
  </div>
