4050 6652
279 455 347 515 87
1242 462 1340 523 DE
1391 463 1723 525 OFFICIIS
1780 466 2234 530 CPOLITANIS
2298 470 2459 533 CAP.
2502 473 2570 535 V.
3475 472 3545 531 58

283 569 461 635 λεται,
489 570 518 623 6
546 569 648 641 τῆς
675 572 1161 644 λειτουργίας,καὶ
1199 579 1227 630 6
1259 578 1353 631 τοῦ
1388 580 1704 650 ὲσπερινοῦ,
1726 584 1867 636 κατά

1994 587 2285 643 ιτὶιηίοετὶο
2315 589 2453 644 aulae
2485 590 2633 657 ipsos
2692 589 2745 644 in
2793 590 3041 645 ordinem
3106 589 3390 644 decentem
3449 605 3546 641 co-

281 664 438 728 τάξιν
480 664 755 731 ἵστανται,
794 668 1185 730 εὐτακτοῦντος
1235 672 1435 736 αὐτοὺς
1480 672 1576 727 τοῦ
1630 691 1869 746 πριμμι-

286 758 483 827 κηρίου
511 758 609 828 τῆς
642 760 840 830 αὐλῆς,
876 762 1020 815 καθά
1044 762 1287 832 εἴρηται.

366 851 742 921 ’Υπηρετοῦσι
776 854 832 906 δὲ
863 855 914 908 οί
945 856 1297 927 Κορτινάριοι
1328 859 1409 921 είς
1442 856 1542 929 τὴν
1573 859 1669 912 τοῦ
1713 861 1869 929 βασι-

288 944 423 1007 λέως
474 946 706 1016 σκηνὴν,
738 947 861 1017 ἥτις
910 948 1079 1017 κόρτη
1154 949 1509 1020 ὀνομάζεται.
1556 953 1615 1005 '0
1680 952 1869 1022 μέντοι

293 1038 473 1105 κόμης
514 1037 699 1090 αὐτῶν
726 1040 819 1091 καὶ
846 1039 1003 1091 αὑτοὶ
1035 1039 1080 1092 δ’
1111 1033 1257 1094 οὗτοι
1293 1042 1461 1096 πανία
1487 1043 1716 1112 φοροῦσι
1743 1044 1875 1097 κόι-

290 1145 418 1179 κινα
458 1129 525 1181 ὲκ
570 1129 683 1182 τῶν
723 1130 826 1199 τῆς
876 1132 1081 1201 κόρτης
1132 1134 1386 1187 παλαιῶν
1431 1136 1654 1200 πανίων,
1694 1138 1753 1204 ἐξ
1800 1135 1876 1193 ὧν

291 1222 391 1272 καὶ
421 1220 521 1274 ἐπὶ
546 1224 794 1293 κεφαλῆς
824 1226 1091 1294 σκουφίας
1125 1227 1289 1295 μόνον
1319 1227 1559 1297 ὲρυθρὶις
1588 1232 1739 1293 ἐντὸς
1774 1233 1875 1301 μὲν

292 1312 396 1378 τῆς
433 1313 626 1383 αὐλῆς,
681 1316 741 1368 ού
784 1316 893 1386 μὴν
949 1317 1005 1369 δὲ
1058 1320 1153 1370 καὶ
1203 1318 1490 1371 καπάσια·
1537 1321 1615 1373 ἐτι
1664 1338 1724 1373 τε
1782 1324 1879 1377 καὶ

296 1408 540 1471 κάλτζας
609 1411 887 1475 τοιαύτας,
952 1412 1091 1481 μετὰ
1171 1413 1530 1478 παπουτζιῶν
1608 1416 1874 1484 μελάνων.

309 1502 504 1562 Ἕκτος
554 1504 615 1556 δὲ
662 1506 890 1575 φοροῦσι
943 1510 1041 1571 τὰς
1096 1506 1351 1569 τοιαύτας
1426 1512 1691 1579 σκουφίας
1739 1511 1880 1581 μετά

298 1593 612 1647 καπασίων.

367 1684 615 1740 Τοιαῦτα
659 1688 936 1759 ἐνδύματα
981 1694 1184 1765 ἐρυθρά
1220 1697 1496 1751 ινδύονται
1549 1696 1650 1765 μὲν
1703 1695 1799 1748 καὶ
1831 1694 1881 1747 οἱ

297 1777 701 1847 Βαρὼριῶται,
731 1783 819 1835 διά
866 1786 1094 1847 πανίων,
1130 1789 1228 1842 οὐκ
1268 1792 1329 1841 ἐκ
1357 1790 1453 1858 τῆς
1492 1789 1722 1857 κόρτης,
1766 1787 1881 1840 ἀλλ’

296 1867 359 1930 ἐξ
382 1867 625 1933 οἰκείων,
664 1872 758 1924 ἐπὶ
786 1875 1028 1942 κεφαλῆς
1054 1877 1110 1930 δὲ
1132 1878 1400 1949 Περσικὸν
1421 1881 1658 1947 φόρεμα,
1684 1878 1884 1944 ἀγγου-

1970 688 2154 751 gente,
2188 692 2245 736 ut
2269 681 2477 736 dictum
2520 692 2632 738 est.

2041 861 2153 933 38
2177 862 2473 917 Cortinarii
2501 862 2817 918 ministrant
2870 862 2936 917 ad
2987 862 3334 931 imperatoris
3368 862 3548 915 taber-

1974 957 2256 1019 naculum,
2295 958 2440 1026 quod
2506 957 2676 1011 cortis
2716 956 3073 1020 nominatur;
3106 969 3337 1023 quorum
3366 969 3547 1008 comes

1975 1058 2033 1104 et
2064 1048 2169 1116 ipsi
2197 1049 2381 1103 ienuit
2420 1063 2631 1117 pannos
2653 1048 2942 1103 coccineos
2976 1062 3041 1101 ex
3073 1046 3240 1101 cortis
3272 1047 3548 1099 veteribus

1980 1141 2195 1211 pannis,
2229 1148 2282 1194 et
2324 1155 2389 1194 ex
2429 1140 2647 1195 iisdem.
2674 1140 2727 1194 in
2772 1139 2954 1208 capite
2982 1136 3311 1208 galericulos
3349 1135 3551 1187 rubros

1980 1234 2124 1289 intra
2151 1235 2333 1287 aulam
2372 1233 2613 1301 quidem,
2648 1241 2703 1286 at
2736 1246 2851 1285 non
2873 1239 3119 1300 petasos.
3148 1229 3418 1282 Praeterea
3457 1240 3552 1280 ca-

1981 1327 2118 1395 ligas
2171 1326 2413 1393 ejusdem
2474 1326 2690 1395 generis
2734 1340 2859 1379 cum
2906 1323 3081 1393 nigris
3139 1318 3549 1375 calceamentis.

1984 1417 2145 1471 Extra
2177 1418 2356 1471 aulam
2410 1432 2541 1472 vero
2575 1426 2791 1487 gestant
2848 1413 3166 1483 huiusmodi
3222 1411 3552 1483 galericulos

1984 1526 2107 1565 cum
2145 1512 2347 1581 petasis
2372 1525 2470 1566 seu
2498 1510 2904 1565 cuculionibus.

2056 1692 2381 1763 Hujusmodi
2430 1693 2614 1747 rubris
2664 1690 3007 1746 indumentis
3038 1688 3348 1744 vestiuntur
3385 1687 3551 1742 etiam

1987 1787 2341 1849 Bardariotae,
2388 1800 2510 1854 qua:
2550 1786 2799 1839 coniecta
2839 1792 2971 1837 sunt
3011 1798 3076 1836 ex
3111 1781 3326 1848 pannis,
3376 1794 3483 1833 non
3525 1795 3555 1832 a

1988 1885 2136 1930 corte
2169 1876 2423 1944 sumptis,
2462 1875 2555 1931 sed
2591 1891 2658 1929 ex
2690 1874 2951 1945 propriis.
2982 1873 3037 1927 ln
3063 1873 3244 1941 capite
3268 1869 3556 1924 Persicum

304 1966 479 2031 ρωτὸν
508 1963 935 2033 ὀνομαζόμενον,
981 1966 1101 2038 ἕχον
1152 1970 1273 2023 ἀντὶ
1310 1968 1659 2038 μαργελλίων
1691 1966 1885 2019 πάνιον

1994 1979 2266 2041 gestamen
2290 1980 2525 2039 gestant,
2549 1971 2638 2024 cui
2664 1984 2863 2023 nomen
2890 1978 3246 2037 angurotum,
3271 1964 3413 2035 quod
3434 1964 3558 2017 loco

302 2056 572 2123 κίτρινον.
612 2059 935 2128 Κρέμανται
975 2059 1026 2113 δὲ
1062 2060 1155 2114 ἐπὶ
1198 2060 1374 2131 ζώνης
1418 2060 1653 2112 ἑκάστου
1680 2061 1886 2110 τούτων

297 2148 488 2218 λῶροι,
542 2148 637 2210 οῦς
683 2151 910 2204 καλοῦσι
981 2152 1334 2219 μαγκλάὃια,
1400 2151 1688 2222 μαστίζειν
1752 2149 1884 2213 τοὺς

300 2242 493 2304 ἀξίους
543 2243 929 2311 ματτίζεσθαι,
968 2245 1225 2315 φέροντες
1266 2246 1354 2298 ἀεὶ
1405 2244 1704 2299 δικανίκια.
1755 2244 1886 2295 Ὅτε

300 2335 361 2388 δὶ
407 2335 826 2406 κασαλλικεύσῃ
855 2338 883 2390 6
918 2335 1197 2405 βασιλεὺς.
1239 2336 1634 2407 προηγοῦνται,
1660 2337 1756 2389 καὶ
1785 2335 1886 2403 φέ-

306 2444 497 2495 ροντες
530 2428 669 2480 αύτά
722 2428 883 2497 ὄρθια
915 2428 1243 2482 εὐτακτοῦσι
1273 2428 1364 2482 τὸν
1390 2428 1541 2482 λαόν.
1570 2428 1798 2498 Ἔχουσι
1828 2426 1886 2480 δὲ

302 2510 454 2571 οῦτοι
483 2518 579 2572 καὶ
607 2521 1033 2590 πριμμικήριον.
1050 2521 1285 2583 Τούτους
1310 2521 1476 2577 πάλαι
1499 2520 1718 2590 Πέρσας
1749 2518 1890 2572 κατὰ

306 2610 468 2677 γένος
514 2610 675 2674 ὄντας
723 2613 752 2664 6
785 2612 1041 2681 βασιλεὺς
1073 2612 1391 2682 μετοικίσας
1424 2612 1636 2666 ἐκεῖθεν
1682 2617 1764 2675 είς
1795 2612 1888 2665 τὸν

305 2702 612 2772 Βαρδάριον
634 2702 860 2757 ἐκάθισε
885 2703 1150 2774 ποταμὸν,
1173 2705 1267 2774 ἀφ’
1295 2699 1356 2758 οὗ
1381 2705 1477 2758 καὶ
1504 2703 1888 2774 Βαρδαριῶται

310 2793 633 2849 καλοῦνται.
650 2848 657 2853 .

394 2886 458 2939 '0
504 2889 1004 2961 πρωτοσπαθάριος
1049 2889 1269 2959 λέγεται
1298 2891 1381 2944 ὅτι
1411 2883 1477 2959 ἦν
1505 2887 1648 2943 κατὰ
1704 2888 1805 2958 μὲν
1831 2887 1892 2941 τὸ

308 2978 548 3034 παλαιὸν
598 2983 817 3053 πρῶτος
862 2984 973 3036 τῶν
1022 2982 1344 3055 σπαθαρίων
1389 2982 1744 3052 παραμονῶν.
1778 2980 1892 3035 Νῦν

306 3072 363 3124 δὲ
390 3072 661 3141 οὐδεμίαν
690 3074 1000 3144 ὑπηρεσίαν
1032 3075 1168 3143 ἔχει.

392 3166 456 3218 '0
496 3166 672 3235 μέγας
710 3165 895 3236 ἄρχων
936 3166 1057 3219 οὐδὲ
1110 3165 1169 3219 ἓν
1220 3164 1557 3236 ὑπηρέτημα
1605 3165 1890 3235 κέκτηται,

312 3260 405 3312 καὶ
440 3260 468 3313 6
490 3260 665 3323 τατᾶς
690 3258 791 3329 τῆς
823 3260 991 3328 αὐλῆς
1030 3260 1312 3323 ὡσαύτως.

381 3350 453 3406 Οί
498 3352 730 3421 μεγάλοι
778 3350 1056 3415 τζαούσιοι
1107 3353 1450 3419 εὑρίσκονται
1502 3350 1893 3413 εὑτακτοῦντες

309 3444 414 3515 τὴν
444 3443 541 3497 τοῦ
570 3436 833 3513 βασιλέως
865 3444 1140 3510 σύνταξιν,
1170 3444 1274 3497 ὑπὸ
1304 3445 1395 3497 τὸν
1445 3443 1620 3513 μέγαν
1652 3459 1896 3513 πριμμι-

314 3537 513 3606 κήριον
542 3536 717 3598 ὄντες.

394 3627 460 3683 Ὀ
491 3628 745 3700 πραίτωρ
787 3627 882 3681 τοῦ
911 3627 1088 3699 δήμου
1115 3628 1225 3682 οὐδ’
1252 3620 1408 3690 οὗτος
1441 3627 1555 3698 ἔχει
1589 3625 1899 3697 ὑπηρεσίαν

312 3719 463 3772 τινα.

406 3810 465 3863 Ὀ
490 3808 599 3861 τῶν
631 3810 921 3863 οίκειακῶν
950 3809 1244 3880 λογοθέτης
1276 3808 1564 3871 ὡσαύτως.

395 3904 505 3956 Καὶ
548 3905 577 3955 6
624 3901 994 3972 λογαριαστὴς
1036 3901 1134 3971 τῆς
1168 3902 1337 3972 αὐλῆς
1384 3902 1493 3954 οὐδ’
1519 3893 1670 3963 οὗτος
1704 3900 1813 3970 ἔχει
1848 3918 1901 3953 τι

317 3997 660 4067 ὑπηρέτημα
692 3993 809 4050 νῦν.

397 4114 459 4167 '0
494 4110 925 4182 πρωτοκυνηγδς
959 4109 1070 4178 ἔχει
1098 4109 1197 4179 μὲν
1229 4110 1328 4180 τὴν
1358 4111 1667 4179 ὑπηρεσίαν
1695 4107 1904 4178 ταύτην

316 4205 399 4258 ὅτι
452 4203 552 4257 τοῦ
602 4202 866 4272 βασιλέως
920 4201 1012 4253 τὸν
1065 4200 1231 4253 ἵππον
1290 4201 1671 4261 ἀναϐαίνοντος
1721 4200 1902 4264 οὐδεὶς

317 4298 502 4367 ἔτερος
561 4295 664 4365 τὴν
721 4295 926 4348 σκάλαν
970 4294 1193 4362 κατέχει
1235 4295 1282 4346 εί
1326 4294 1403 4363 μὴ
1447 4293 1603 4356 μόνος
1648 4286 1824 4359 οὗτος,
1854 4292 1903 4345 εί

320 4390 515 4456 παρὼν
550 4388 888 4458 εὑρίσκεται,
924 4386 1081 4455 ἄρχει
1123 4386 1179 4438 δὲ
1211 4386 1307 4437 καὶ
1342 4384 1451 4438 τῶν
1490 4384 1747 4452 κυνηγῶν
1793 4385 1905 4437 τῶν

1989 2064 2373 2134 margellarum
2404 2077 2642 2132 pannum
2672 2061 2857 2115 citrini
2887 2060 3091 2114 coloris
3128 2060 3310 2112 habet.
3344 2057 3421 2111 Ex
3457 2072 3556 2110 cu-

1984 2156 2211 2225 juslibet
2248 2156 2445 2209 horum
2487 2169 2624 2208 zona
2661 2152 2899 2222 pendent
2951 2153 3088 2216 lora,
3128 2166 3249 2221 qua:
3292 2158 3562 2204 vocantur

1993 2248 2363 2312 manuclavia,
2408 2246 2512 2300 hoc
2545 2254 2631 2300 est
2666 2244 2848 2298 baculi
2890 2260 2991 2299 seu
3022 2243 3209 2311 virga,
3247 2250 3308 2295 ut
3335 2239 3563 2307 ﬂagellis

1991 2343 2186 2414 dignos
2228 2340 2525 2408 ﬂagellent.
2571 2339 2801 2407 Semper
2840 2336 3024 2390 l‘erunt
3066 2334 3307 2388 baculos.
3348 2333 3564 2386 Praece-

1991 2438 2148 2499 dunt,
2182 2436 2401 2505 quando
2432 2435 2729 2502 imperator
2756 2430 2986 2501 equitat,
3012 2436 3067 2482 et
3098 2427 3327 2482 baculos
3350 2436 3564 2478 erectos

1993 2530 2196 2593 ferunt,
2246 2538 2304 2582 ut
2337 2526 2676 2582 constituant
2705 2525 2954 2577 ordinem
2989 2522 3041 2573 in
3089 2520 3313 2589 populo.
3352 2516 3567 2571 Habent

1992 2635 2045 2678 et
2077 2623 2166 2678 isti
2197 2620 2574 2692 primicerium
2603 2632 2782 2688 ;qnos
2808 2617 3019 2685 origine
3044 2615 3239 2669 Persas
3266 2613 3569 2681 imperator

1995 2717 2119 2772 inde
2160 2713 2441 2770 transtulit
2476 2713 2542 2767 ad
2584 2711 2903 2766 Bardarium
2939 2708 3171 2770 ﬂumen,
3202 2721 3231 2761 a
3258 2720 3369 2775 quo
3400 2704 3565 2758 etiam

1994 2808 2440 2863 Bardariotarum
2482 2819 2686 2859 nomen
2723 2802 2958 2857 inditum
2988 2807 3095 2854 est.

2066 2897 2551 2968 Protospatharius
2601 2896 2704 2951 hoc
2755 2907 2955 2948 nomen
3014 2888 3245 2958 adeptus
3296 2895 3400 2950 est,
3434 2886 3567 2955 quia

1996 2992 2127 3047 olim
2164 2992 2267 3045 fuit
2298 2990 2512 3060 primus
2555 2989 2698 3043 inter
2729 2986 3040 3057 spatharios
3084 2979 3461 3037 stationarios.
3511 2978 3568 3030 In

1997 3084 2258 3156 prasvnti
2287 3084 2496 3139 nullum
2531 3083 2768 3137 ofﬁcium
2807 3081 2964 3152 gerit.

2068 3177 2179 3247 39
2200 3174 2385 3245 Neque
2412 3191 2642 3245 magnus
2673 3175 2928 3244 princeps
2955 3171 3189 3226 olIicium
3217 3165 3438 3238 aliquod
3476 3165 3572 3220 ha-

1921 3266 1963 3324 C
1998 3271 2109 3335 bet,
2154 3278 2210 3323 ut
2238 3284 2337 3323 nec
2364 3277 2503 3323 tatas
2533 3269 2693 3322 aulae.

2072 3368 2251 3437 Magni
2301 3367 2494 3421 tzausii
2529 3367 2854 3422 comitatum
2894 3361 3246 3435 imperatoris
3292 3358 3572 3422 ordinant,

2000 3466 2055 3511 et
2078 3456 2311 3510 subsunt
2339 3471 2537 3525 magno
2570 3454 2913 3525 primicerio.

2074 3640 2281 3695 Prmtor
2314 3640 2497 3710 populi
2531 3647 2681 3693 caret
2709 3636 3011 3693 iunctione.
3273 3654 3291 3682 κ

2076 3823 2341 3879 Similiter
2365 3821 2638 3892 logotheta
2675 3820 2750 3875 rei
2784 3819 3105 3874 raitiiliaris.

2075 3915 2260 3984 Neque
2294 3913 2621 3982 logariastes
2647 3912 2782 3966 aula:
2812 3912 3001 3980 aliquo
3037 3924 3269 3964 munere
3307 3906 3577 3977 fungitur.

2077 4115 2297 4170 Primus
2328 4120 2648 4167 venatorum
2674 4110 2778 4165 hoc
2812 4109 3057 4164 muneris
3094 4109 3259 4162 habet
3292 4124 3304 4159 :
3339 4107 3580 4175 impera-

2010 4219 2126 4263 tore
2154 4222 2353 4277 equum
2385 4204 2711 4259 ascendente
2740 4202 2921 4256 nullus
2942 4201 3104 4265 alius,
3126 4202 3219 4255 sed
3249 4200 3366 4269 ipse
3398 4197 3577 4266 solus,

2008 4302 2056 4357 si
2088 4314 2326 4370 praesens
2350 4299 2440 4362 sit,
2467 4295 2746 4367 stapedem
2772 4303 2939 4351 tenet.
2966 4294 3167 4349 Praeest
3197 4294 3580 4356 venatoribus,

2009 4409 2147 4465 quos
2182 4409 2381 4447 canum
2416 4406 2718 4459 mangones
2751 4390 3017 4445 vocitant.
3073 4387 3132 4443 Si
3162 4388 3440 4457 contingat
3474 4388 3582 4441 ali-

318 4480 637 4549 λετομένων
683 4479 1139 4546 σκυλλομάγγων.
1173 4478 1234 4529 Ei
1279 4477 1334 4530 δέ
1367 4494 1498 4529 ποτε
1542 4477 1889 4547 κυνηγετοῦν-

2011 4484 2155 4556 quod
2189 4500 2255 4539 ex
2292 4484 2632 4539 vestimentis
2673 4482 3022 4551 imperatoris
3063 4480 3332 4550 sanguine
3363 4479 3580 4549 aspergi

318 4590 409 4634 τος
432 4571 531 4624 τοῦ
565 4570 833 4640 βασιλέως
861 4569 1201 4639 αἱμαχθῆναι
1242 4569 1423 4639 συμϐῇ
1452 4586 1509 4621 τι
1535 4568 1644 4621 τῶν
1674 4570 1889 4639 ίματίωη

2013 4578 2066 4632 in
2100 4576 2404 4641 venatione,
2452 4575 2652 4645 accipit
2692 4573 2829 4629 illud
2863 4588 2926 4629 ex
2960 4588 3187 4628 munere
3215 4587 3317 4627 suo
3363 4573 3580 4642 primus

321 4663 515 4733 αῦτοῦ,
544 4664 819 4735 λαμϐάνει
848 4665 1009 4719 τοῦτο
1044 4663 1170 4717 καθ’
1216 4662 1527 4733 ὑπηρεσίαν
1553 4665 1582 4716 6
1615 4679 1905 4733 πρωτοκυ-

322 4758 510 4825 νητός.

400 4873 463 4924 'O
493 4872 813 4940 σκουτέριος
845 4872 1105 4942 βαστάζει
1154 4872 1216 4927 τὸ
1257 4872 1528 4927 erasnm
1562 4871 1655 4925 xui.
1685 4870 1778 4925 τοῦ
1810 4871 1908 4942 βα-

324 4964 514 5026 σιλέως
574 4965 921 5034 σκουτάριον,
954 4965 1015 5017 ού
1066 4965 1229 5034 μόνον
1286 4967 1366 5028 είς
1425 4966 1523 5027 τὰς
1576 4964 1903 5036 προκύψεις,

496 5056 598 5109 κᾶν
641 5057 777 5108 ὅπου
808 5060 836 5110 6
872 5056 1131 5127 βασιλεὺς
1177 5057 1513 5127 ἀπέρχηται.
1541 5055 1909 5126 Εὑρίσκονται

324 5152 378 5204 δὲ
432 5152 574 5220 μετὰ
620 5151 715 5203 τοῦ
763 5151 1034 5205 διὸελλίου
1083 5152 1180 5204 καὶ
1244 5152 1447 5214 πάντες
1497 5153 1545 5204 οί
1597 5150 1902 5221 Βάραγγοι.

328 5244 448 5295 Είτε
500 5239 597 5297 οὖν
645 5246 726 5304 είς
772 5246 834 5297 τδ
864 5245 1153 5312 φωσσάτον
1196 5246 1224 5296 6
1253 5244 1509 5314 βασιλεὺς
1557 5242 1903 5313 εὑρίσκεται,

328 5333 435 5386 εἴτε
481 5335 576 5386 καὶ
620 5333 886 5405 ἀλλαχοῦ,
927 5337 989 5388 τὸ
1029 5335 1297 5389 διὸἐλλιον
1332 5336 1567 5390 πάντοτε
1598 5334 1907 5404 ἔμπροσθεν

328 5425 492 5478 αὑτοῦ
520 5425 773 5495 φέρεται.

405 5539 469 5590 Ὀ
494 5540 802 5608 ἀμηράλιος
836 5540 941 5593 ὑπὸ
970 5541 1061 5593 τὸν
1110 5541 1284 5609 μέγαν
1327 5539 1530 5594 δοῦκαν
1565 5538 1904 5608 εὑρίσκεται,

336 5632 541 5699 ἡγεῖται
569 5632 625 5684 δὲ
652 5631 749 5684 τοῦ
775 5633 965 5685 στόλου
1003 5634 1232 5695 παντός.

416 5742 475 5794 ’0
500 5740 594 5795 ἐπὶ
622 5741 734 5793 τῶν
762 5743 1002 5812 δεήσεων
1040 5744 1260 5815 δέχεται
1309 5744 1409 5808 τάς
1460 5744 1569 5797 τῶν
1613 5742 1911 5798 αίτούντων

336 5834 427 5886 καὶ
454 5834 567 5888 τῶν
591 5835 970 5905 ἀδικουμένων
1018 5838 1322 5909 ἀναφορὰς,
1352 5838 1717 5910 καόαλλαρίου
1742 5839 1911 5909 ,διερ-

336 5926 564 5995 χομένου
591 5927 687 5980 τοῦ
724 5927 1016 5999 βασιλέως.

2013 4680 2328 4724 venatorum
2338 4708 2353 4721 .

2087 4871 2325 4928 Scutifer
2348 4870 2455 4926 [ert
2475 4870 2735 4925 vexillum
2764 4876 2819 4923 et
2851 4865 3201 4937 imperatoris
3232 4872 3445 4919 scutum
3475 4878 3581 4916 non

2015 4968 2192 5023 solum
2226 4968 2293 5021 ad
2321 4967 2439 5020 loca
2467 4964 2669 5034 quibus
2698 4964 2751 5015 in
2783 4963 2982 5015 throno
3007 4959 3257 5013 sublimis
3287 4956 3461 5022 sedct,
3488 4958 3585 5010 sed

2015 5072 2343 5130 quocunque
2369 5070 2426 5110 se
2452 5054 2668 5110 confert
2700 5053 3019 5122 imperator.
3052 5051 3257 5106 Omnes
3287 5065 3453 5119 porro
3488 5047 3589 5102 Ba-

2014 5151 2167 5221 rangi
2202 5151 2268 5205 ad
2294 5149 2403 5203 hoc
2426 5147 2684 5201 vexillum
2710 5145 3113 5200 defendendum
3140 5154 3269 5199 sunt
3303 5143 3587 5197 destinati.

2014 5244 2142 5298 Sive
2177 5242 2340 5313 igitur
2372 5241 2670 5310 imperator
2698 5240 2769 5295 sit
2804 5239 2858 5292 in
2882 5237 3149 5301 exercitu,
3176 5238 3288 5290 sive
3322 5234 3472 5301 alibi,
3497 5249 3591 5288 ve-

2013 5338 2203 5392 xillum
2243 5353 2457 5405 semper
2486 5336 2563 5390 illi
2593 5343 2972 5406 praeponatur.

2082 5536 2393 5590 Ameralius
2426 5550 2625 5605 magno
2665 5534 2792 5590 duci
2821 5535 3100 5599 subditur,
3133 5534 3382 5604 regitque
3415 5538 3586 5585 totam

2013 5628 2270 5684 classem.

2086 5743 2342 5815 Magister
2372 5742 2680 5813 supplicum
2713 5743 3046 5808 libellorum,
3074 5739 3298 5811 quando
3344 5738 3589 5806 Impera-

2016 5844 2105 5890 tor
2122 5834 2359 5905 equitat,
2385 5833 2813 5904 supplicationes
2832 5849 3021 5890 eorum
3046 5832 3141 5903 qui
3164 5836 3357 5903 petunt
3381 5827 3589 5898 quique

2019 5927 2224 5999 injuria
2256 5925 2435 5982 all'ccti
2469 5937 2595 5984 sunt
2627 5927 2838 5996 recipit.
