4050 6596
505 427 573 493 59
1684 411 1954 478 CODINI
1994 408 2091 472 CU
2101 403 2513 468 ROPALAT/E
3669 386 3740 451 60

573 538 947 613 “Quaestor
967 535 1098 594 olim
1120 536 1357 593 habebat
1383 533 1806 600 oﬂicium,nunc
1839 526 2074 588 nullum.
2105 526 2152 584 Δ

577 721 808 775 Funetio
841 720 1021 791 magni
1049 719 1408 774 adnumiastae
1439 715 1824 789 explicabitur,
1854 714 2074 786 quando

505 823 698 884 agetur
729 813 799 869 de
833 814 1013 870 ofﬁcio
1045 811 1338 869 domestici
1378 813 1433 868 in
1477 809 1750 868 exercitu.

574 995 876 1066 Logotheta
907 995 1208 1052 castrensis
1237 995 1445 1052 nullum
1480 993 1851 1050 ministerium
1881 994 2072 1051 habet.

576 1173 796 1230 Primus
825 1173 1206 1243 accipitrarius
1231 1179 1431 1243 praeest
1466 1169 1574 1226 illis
1593 1169 1951 1226 venatoribus
1976 1171 2072 1239 qui

506 1281 635 1321 aves
665 1267 864 1322 ferunt.
897 1266 1087 1324 Gestat
1135 1281 1358 1338 quoque
1401 1263 1778 1320 chirotbecam
1824 1264 1877 1318 in
1912 1279 2072 1334 zona,

507 1367 567 1414 ut
598 1369 758 1414 antea
781 1361 1014 1416 dictum.

578 1453 872 1522 LOgotlieta
903 1469 1125 1525 gregum
1162 1469 1256 1511 seu
1283 1457 1556 1526 pecuariae
1594 1455 1817 1512 functus
1850 1454 2074 1526 quidem

505 1545 635 1599 olim
663 1545 841 1600 fuerat
866 1545 1066 1612 officio,
1099 1563 1246 1602 nunc
1275 1564 1406 1604 vero
1435 1549 1606 1604 nullo.

576 1637 804 1709 Magnus
833 1641 1104 1710 interpres
1133 1650 1218 1698 est
1259 1641 1472 1712 primus
1503 1643 1887 1714 interpretum,
1935 1655 2076 1712 quos

506 1733 669 1802 vulgo
701 1734 987 1789 nominant
1015 1735 1404 1804 dragomanos.

577 1825 885 1880 Acolutltus
929 1827 1293 1894 harangorum
1337 1827 1628 1898 praefectus
1663 1837 1768 1883 est.
1809 1826 2074 1897 Sequitur

2254 521 2312 575 '0
2337 519 2635 589 κοιαίστωρ
2656 509 2770 586 εἶχε
2793 514 2892 584 μὲν
2915 509 3087 565 πάλαι
3111 506 3208 564 καὶ
3228 496 3383 571 οὗτος
3410 502 3735 575 ὕπηρεσίαν,

2175 612 2272 667 νῦν
2301 613 2358 666 δὲ
2393 609 2668 681 οὐδαμῶς.

2245 707 2321 760 Τὸ
2343 704 2436 758 τοῦ
2469 701 2705 775 μεγάλου
2740 695 3136 769 ἀδνουμιαστοῦ
3167 692 3499 765 ὑπηρέτημα
3542 687 3740 759 λεχθή-

2084 844 2112 860 _
2178 814 2330 851 σεται
2359 795 2414 850 δὲ
2440 793 2626 854 τοῦτο,
2661 789 2898 868 ὁπηνίκα
2926 787 3021 842 τοῦ
3055 785 3297 858 μεγάλου
3322 780 3646 852 δομεστίκου
3677 776 3742 830 τὸ

2175 889 2256 950 είς
2285 886 2344 940 τὸ
2377 883 2680 954 φωσσάτον.

2259 978 2318 1032 '0
2346 977 2653 1048 λογοθέτης
2666 974 2759 1030 τοῦ
2807 969 3209 1044 στρατιωτικοῦ
3240 966 3502 1038 οὐδεμίαν
3530 965 3744 1034 ὑπηρε-

2177 1072 2300 1126 σίαν
2330 1071 2462 1143 ἔχει.

2258 1164 2317 1218 '0
2371 1160 2880 1235 πρωτοῖερακάριος
2923 1157 3082 1229 ἄρχει
3127 1155 3239 1210 τῶν
3278 1152 3553 1222 φερόντων
3578 1148 3741 1218 δρνεα

2176 1255 2456 1325 κυνηγῶν,
2497 1255 2652 1327 φέρει
2705 1252 2763 1307 δὲ
2811 1254 2906 1306 καὶ
2954 1251 3258 1322 χειρόρτιον
3310 1246 3402 1300 ἐπὶ
3437 1245 3635 1309 ζώνης,
3665 1239 3744 1302 ὥς

2178 1348 2521 1418 προείρηται.

2259 1439 2317 1494 '0
2347 1439 2637 1510 λογοοέτης
2685 1438 2796 1492 τῶν
2846 1438 3059 1506 ἀγελῶν
3107 1433 3219 1505 εἶχε
3249 1434 3342 1487 καὶ⁸
3382 1425 3535 1494 οὗτος
3575 1429 3745 1484 παλαι

2099 1576 2108 1580 -
2177 1531 2502 1603 ὑπηρεσίαν,
2537 1530 2632 1584 νῦν
2670 1531 2726 1585 δὲ
2755 1529 3028 1599 οὐδαμῶς.

2261 1625 2320 1680 '0
2355 1623 2525 1695 μέγας
2558 1624 2958 1695 διερμηνευτής
3001 1625 3118 1677 εστι
3162 1620 3378 1690 πρῶτος
3419 1618 3529 1671 τῶν
3569 1617 3746 1687 ἑρμη-

2177 1719 2335 1780 νέων,
2361 1718 2454 1780 οὓς
2491 1717 2685 1780 κοινῶς
2717 1714 3044 1786 ὀνομάζουσι
3083 1714 3482 1785 δραγομάνους.

2259 1812 2318 1866 '0
2351 1813 2642 1874 ἀκόλουθος
2682 1811 3000 1882 εὑρίσκεται
3043 1808 3143 1878 μὲν
3171 1807 3356 1875 ἔνοχος
3385 1804 3492 1858 τῶν
3521 1800 3745 1870 Βαράγ-

643 1878 646 1879 ν
930 1878 1293 1894 __-,-_,-‘,_-,_-_
1338 1878 1626 1898 τμη-η,
1669 1878 1768 1883 --μ
1819 1878 2060 1897 --Ἰ-,φ

501 1915 894 1991 imperatorem
925 1929 1051 1973 ante
1097 1919 1242 1977 illos.
1274 1918 1351 1974 Ea
1385 1921 1550 1976 etiam
1582 1920 1652 1975 de
1675 1933 1840 1976 causa
1885 1920 2075 1975 aeolu-

2184 1904 2616 1976 γων,ἀκο).ουθεί
2640 1903 2695 1956 δὲ
2841 1902 3049 1972 βασιλεῖ
3077 1897 3388 1992 ἔμπροσθεν
3418 1895 3599 1948 αὐτῶν
3619 1908 3633 1924 ⁶
3661 1892 3749 1947 διά.

505 2011 654 2077 thus,
696 2011 804 2067 hoc
839 2020 924 2067 est
955 2023 1196 2077 secutor,
1233 2013 1563 2084 appellatur.

573 2102 746 2160 Judex
795 2106 1089 2170 exercitus,
1131 2107 1174 2160 si
1226 2106 1526 2175 imperator
1561 2104 1634 2161 sit
1689 2105 1743 2159 in
1798 2103 2070 2169 exercitu,

505 2207 862 2254 occurrentes
902 2199 1310 2253 controversias
1359 2198 1622 2263 militum,
1659 2197 1777 2252 sive
1819 2197 1888 2252 de
1916 2196 2075 2266 equis

506 2287 620 2344 sive
648 2290 714 2344 de
753 2292 923 2347 armis
946 2291 1062 2347 sive
1083 2292 1148 2345 de
1185 2291 1362 2352 praeda
1385 2292 1500 2346 sive
1524 2291 1591 2346 de
1619 2289 1724 2346 alia
1747 2304 2076 2361 quacunque

504 2383 788 2453 cognoscit
815 2397 880 2437 ac
918 2383 1202 2453 componit

573 2562 868 2618 fraefectus
902 2563 1082 2633 allagii
1113 2564 1294 2620 locum
1324 2561 1534 2618 obtinet
1556 2562 1610 2618 in
1651 2560 1920 2618 comitatu
1961 2559 2069 2616 im-

505 2658 800 2728 peratorio,
835 2669 889 2714 et
917 2659 1106 2716 subest
1133 2673 1331 2728 magno
1358 2655 1697 2726 primicerio.

577 2841 975 2910 Protallagator
1025 2838 1282 2895 similiter
1313 2839 1608 2909 subjicitur
1643 2851 1838 2905 magno
1887 2835 2078 2905 primi-

505 2935 674 3000 cerio,
712 2944 763 2990 et
781 2935 1100 2989 comitatuin
1131 2932 1400 3003 sequitur,
1430 2939 1491 2986 ut
1522 2930 1567 2986 si
1599 2930 1730 3001 quis
1760 2945 1882 2985 eum
1919 2928 2075 2984 dese-

506 3036 612 3094 rat,
644 3035 863 3082 revocet
895 3033 947 3081 et
979 3026 1032 3080 in
1058 3025 1382 3081 comitatum
1416 3023 1639 3078 reducat
1671 3021 1774 3092 ὧι
1801 3019 2079 3076 debitum-

507 3134 612 3186 que
628 3119 875 3173 ordinem
902 3127 1213 3173 conservet.
1238 3117 1295 3172 Si
1318 3131 1449 3172 vero
1475 3129 1708 3184 magnus
1733 3111 2078 3183 primicerius

507 3212 690 3281 aliquo
725 3227 791 3266 ex
828 3210 1096 3265 militibus
1137 3210 1433 3264 comitatus
1470 3222 1608 3278 opus
1655 3206 1877 3271 habeat,
1913 3203 2082 3274 signi-
2109 3242 2152 3300 ϐ

507 3304 631 3358 licat
673 3302 725 3356 id
773 3301 1212 3372 protallagatori,
1243 3301 1338 3372 qui
1367 3315 1494 3355 eum
1528 3299 1782 3355 accersit.

578 3485 808 3555 Magnus
837 3485 1251 3542 administrator
1283 3485 1485 3538 nullum
1519 3483 1855 3539 functionem
1891 3482 2079 3539 habet.

576 3581 1068 3651 Orplianotrophus
1097 3581 1226 3634 olim
1255 3580 1491 3636 habebat
1513 3595 1700 3635 curam
1726 3579 2079 3650 pupillorum,

507 3690 654 3730 nunc
689 3676 836 3730 omni
868 3673 1047 3730 oilicio
1080 3687 1256 3729 caret.

576 3857 996 3913 Protonotarius
1048 3859 1165 3928 ipso
1196 3871 1298 3912 suo
1347 3856 1572 3911 nomine
1607 3851 1949 3910 innotescit:
1989 3857 2073 3907 est

505 3952 652 4006 enim
690 3953 903 4020 primus
935 3952 1277 4006 notariorum
1308 3951 1424 4006 sive
1463 3949 1793 4004 scribarum.

578 4045 711 4112 Ejus
734 4045 828 4116 qui
859 4061 889 4100 a
917 4045 1181 4100 memoria
1211 4043 1424 4098 functio
1453 4044 1585 4098 olim
1615 4051 1756 4104 erat,
1787 4051 1850 4098 ut
1888 4056 2082 4098 eorum

507 4139 599 4210 qui
634 4141 684 4193 in
719 4139 1160 4210 expeditionibus
1205 4149 1258 4194 et
1287 4139 1418 4193 alibi
1469 4137 1734 4208 praeclare
1775 4150 1837 4191 se
1873 4137 2082 4204 gessis-

509 4241 652 4296 sent,
680 4233 896 4287 nomina
919 4233 1279 4294 describeret,
1307 4246 1509 4300 eosque
1536 4227 1854 4296 imperatori
1884 4229 1937 4282 in
1967 4242 2081 4283 tne-

509 4324 740 4378 tnoriain
769 4333 1066 4386 revocaret,
1098 4339 1208 4393 quo
1231 4322 1397 4391 juslis
1419 4322 1722 4377 honoribus
1759 4329 1815 4376 et
1841 4319 2082 4390 praemiis

509 4416 876 4472 adicerentur.
929 4416 988 4472 In
1044 4417 1302 4488 praesenti
1337 4416 1544 4471 nullam
1588 4414 1930 4471 funt-tionem
1981 4414 2079 4470 ha-

510 4509 621 4563 bet.

583 4600 924 4656 Domestieus
953 4616 1236 4656 murorum
1273 4602 1414 4656 hanc
1444 4598 1779 4654 iunctionem
1813 4597 1996 4663 habet,
2025 4605 2084 4652 ut
2110 4600 2163 4664 ι)

509 4694 553 4748 si
590 4709 697 4762 qua
737 4694 905 4749 urbes
945 4695 1294 4764 reparatione
1343 4699 1564 4762 egeant,
1606 4691 1659 4746 id
1713 4692 2083 4761 reparandum

509 4796 686 4840 CUI‘CI.

583 4871 794 4928 Praases
821 4872 1059 4928 cubiculi
1087 4871 1428 4943 imperatorii
1457 4880 1654 4942 praeest
1680 4872 1901 4942 quidem
1930 4867 2088 4926 cubi-

511 4965 760 5034 culariis,
786 4967 879 5021 sed
904 4967 1150 5036 subjacet
1174 4966 1474 5023 accubitori
1502 4965 1765 5020 cubiculi.

584 5148 792 5205 Praeses
823 5149 1063 5204 vestiarii
1101 5149 1396 5221 subjicitur
1426 5146 1904 5216 protovestiaritae.
1945 5143 2088 5213 Ope-

518 5262 634 5301 ram
691 5261 846 5302 suam
888 5233 1035 5301 locat
1091 5248 1144 5298 in
1199 5255 1554 5313 acceptorum
1612 5254 2092 5312 expensorumque

521 5348 880 5409 proventuuut
915 5338 1217 5392 rationibus
1241 5336 1590 5392 annotandis.

593 5520 847 5578 Vestiarii
881 5536 1080 5575 munus
1109 5527 1408 5588 occupatur
1437 5519 1490 5572 in
1518 5516 1675 5571 mari.
1709 5513 1845 5569 Nam
1873 5513 2095 5583 quando

520 5619 820 5688 imperator
838 5615 1242 5685 expeditionem
1268 5611 1376 5684 42
1409 5610 1675 5664 marinam
1717 5607 1968 5677 suscipit.
1991 5606 2095 5661 iste

523 5720 720 5783 praest
755 5709 965 5764 triremi
993 5723 1114 5778 qua:
1143 5709 1458 5762 vestiarium
1494 5701 1899 5774 (imperatoris)
1922 5699 2093 5755 vehit.

527 5810 677 5863 Pone
706 5805 956 5874 sequitur
990 5803 1268 5857 triremem
1306 5797 1740 5868 imperatoriam.

601 5898 968 5956 llctaeriarclta
1007 5897 1252 5968 quidem,
1279 5905 1336 5950 ut
1369 5905 1492 5950 ante
1519 5893 1725 5948 dictum
1757 5899 1859 5959 est,
1893 5889 1957 5945 ad
1991 5889 2096 5945 cir-

2182 2017 2262 2054 τοι
2293 1997 2448 2052 τοῦτο
2473 1999 2564 2052 καὶ
2593 1996 2883 2059 ἀκόλουθος
2913 1994 3154 2061 λέγεται.

2265 2093 2323 2146 '0
2372 2092 2564 2163 κριτὴς
2607 2089 2701 2144 τοῦ
2748 2088 3043 2158 φοσσάτου,
3094 2086 3190 2139 τοῦ
3240 2083 3505 2155 βασιλέως
3562 2081 3643 2143 είς
3688 2080 3751 2132 τὸ

2184 2185 2474 2254 φωσσάτον
2503 2181 2918 2254 εὑρισκομένου,
2951 2181 3048 2242 τὰς
3083 2177 3589 2247 παρεμπιπτούσας
3614 2175 3753 2226 ὑπο·-

2185 2280 2364 2344 θέσεις
2406 2281 2514 2343 τοῖς
2548 2276 2907 2348 στρατιώταις
2938 2270 3048 2324 εῐτε
3086 2268 3217 2338 περὶ
3248 2268 3458 2334 ἀλόγων
3507 2265 3618 2318 εἴτε
3654 2264 3754 2335 ἁρ-

2187 2373 2376 2443 μάτων
2409 2373 2520 2426 εἵτε
2565 2370 2660 2425 καὶ⁵
2691 2368 2938 2439 κούρσων
2963 2363 2995 2428 ἢ
3032 2363 3161 2433 περὶ
3191 2360 3435 2415 τοιούτου
3485 2358 3628 2424 τινὸς
3657 2375 3755 2412 κα-

2185 2467 2344 2538 θιστᾷ
2377 2467 2472 2520 καὶ
2505 2464 2769 2531 ἐξετάζει.

2266 2565 2326 2618 '0
2370 2562 2554 2631 ἄρχων
2596 2557 2688 2611 τοῦ
2741 2557 2998 2625 ἀλλαγίου
3053 2557 3136 2619 εις
3188 2553 3290 2623 τὴν
3341 2549 3438 2604 τοῦ
3491 2543 3757 2618 βασιλέως

2185 2657 2498 2728 εὑρίσκεται
2551 2651 2652 2721 μὲν
2699 2649 2984 2716 σύνταξιν
3033 2648 3128 2704 καὶ
3167 2645 3274 2700 ὑπὸ
3330 2644 3424 2696 τὸν
3468 2641 3646 2708 μέγαν
3699 2635 3758 2687 δὲ

2185 2745 2613 2818 πριμμικήριον.
3393 2781 3398 2786 .

2257 2832 2750 2906 Πρωταλ).αγάτωρ
2799 2831 3062 2894 ὡσαύτως
3110 2828 3214 2884 ὐπδ
3247 2826 3338 2881 τδν
3380 2824 3558 2895 μέγαν
3589 2836 3760 2890 πριμ-

2191 2930 2468 2999 μικήριον,
2504 2927 2645 2995 πλὴν
2686 2923 2974 2978 ἀκολουθεῖ
3022 2921 3248 2976 ὄπισθεν
3284 2919 3382 2988 τῆς
3430 2913 3758 2979 συντάξεως,

2187 3023 2273 3076 ἵνα
2312 3020 2414 3075 κᾶν
2446 3016 2896 3087 ἁπολιμπάνηταί
2927 3033 3012 3075 τις
3055 3015 3247 3082 αὐτῆς,
3285 3010 3430 3082 φέρῃ
3470 3001 3627 3070 οὗτος
3665 3017 3762 3058 και

2186 3113 2533 3184 ἀποκαθιστᾷ
2581 3111 2661 3174 είς
2703 3110 2801 3181 τὴν
2857 3105 3115 3172 σύνταξιν
3160 3105 3258 3159 καὶ
3306 3102 3567 3171 εὐτακτῇ.
3609 3097 3667 3150 El
3700 3096 3759 3148 δὲ

2187 3211 2280 3263 καὶ
2303 3209 2330 3260 ὁ
2355 3206 2526 3276 μέγας
2550 3203 2956 3275 πριμμικήριος
2992 3202 3051 3253 ὲν
3077 3199 3234 3272 χρείᾳ
3260 3196 3402 3259 τινὸς
3420 3195 3627 3258 γένοιτο
3653 3188 3763 3244 τῶν

2153 3300 2299 3369 ,ἀπὸ
2339 3298 2562 3368 ταύτης,
2607 3295 2744 3364 πρὸς
2785 3293 2877 3348 τὸν
2921 3289 3428 3364 πρωταλλαγάτορα
3474 3286 3624 3353 λέγει
3667 3280 3764 3335 καὶ

2191 3393 2350 3447 καλεῖ
2382 3389 2594 3444 τοῦτον.

2277 3481 2334 3535 '0
2369 3481 2543 3551 μέγας
2577 3476 2856 3550 διοικητὴς
2882 3473 3140 3545 οὐδεμίαν
3175 3465 3476 3539 ὑπηρεσίαν
3499 3465 3632 3534 ἔχει.

2270 3575 2332 3628 '0
2359 3573 2770 3646 ὀρφανοτρόφος
2794 3566 2862 3640 ἦν
2899 3567 2998 3638 μὲν
3029 3559 3333 3635 φροντίζων
3356 3557 3453 3613 καὶ
3480 3551 3766 3624 ἐπιμελού-

2193 3685 2353 3740 μενος
2385 3668 2552 3722 πάλαι
2584 3665 2691 3719 τῶν
2716 3661 2990 3734 ὀρφανῶν,
3027 3659 3123 3712 νῦν
3165 3655 3224 3709 δὲ
3273 3648 3525 3722 οὐδαμῶς
3559 3647 3764 3715 κέκτηο

2190 3760 2277 3814 ταί
2315 3777 2435 3814 τινα
2487 3757 2817 3828 ὐπηρησίαν.

2270 3853 2331 3908 '0
2370 3850 2804 3924 πρωτονοτάριος
2830 3845 2986 3918 δῆλος
3021 3843 3133 3910 καὶ,
3160 3841 3267 3896 ἀπὸ
3317 3836 3412 3892 τοῦ
3463 3833 3724 3904 ὀνόματος
3745 3844 3762 3862 ⁸

2193 3945 2412 4018 πρῶτος
2440 3943 2547 4014 γὰρ
2574 3942 2684 3995 τῶν
2723 3939 2990 4009 νοταρίων
3032 3938 3154 4008 ἦτοι
3191 3934 3299 3988 τῶν
3338 3928 3762 4003 γραμματικῶν.

2264 4036 2340 4090 Τὸ
2363 4036 2456 4088 τοῦ
2482 4034 2574 4087 ἐπὶ
2596 4032 2703 4086 τῶν
2725 4030 3085 4100 ἁναμνήσεων
3108 4026 3440 4098 ὑπηρέτημα
3464 4021 3632 4077 πάλαι
3665 4019 3768 4089 μὲν

2189 4125 2263 4200 ἦν
2286 4127 2379 4183 τοῦ
2405 4124 2827 4194 ἀπογράφεσθαι
2849 4121 2979 4184 τοὺς
3001 4122 3059 4174 ὲν
3087 4121 3206 4182 ταῖς
3241 4117 3522 4187 στρατιαῖς
3547 4115 3640 4168 καὶ
3672 4113 3770 4167 αλ-

2191 4220 2359 4293 λαχοῦ
2411 4217 2820 4288 ἀριστεύοντας,
2869 4214 2965 4268 καὶ
3012 4210 3456 4282 ἀναμιμνήσκειν
3504 4205 3565 4262 τδ
3622 4204 3764 4275 ὑπὲρ

2191 4315 2372 4371 αὐτῶν
2403 4312 2482 4384 τῷ
2512 4311 2744 4383 βασιλεῖ,
2791 4309 2877 4362 ἵνα
2910 4304 3230 4376 λαμϐάνωσι
3255 4303 3354 4365 τὰς
3379 4295 3770 4370 προσηκούσας

2190 4409 2396 4480 τιμάς·
2465 4404 2609 4461 κατὰ
2667 4403 2724 4458 δὲ
2794 4401 2855 4455 τὸ
2917 4399 3090 4468 παρὸν
3152 4395 3412 4464 οὐδεμίαν
3465 4389 3771 4460 ὑπηρεσίαν

2191 4502 2326 4573 ἔχει.

2269 4595 2330 4648 'U
2358 4593 2678 4660 δομὲστικος
2708 4586 2936 4658 τειχέων
2969 4583 3083 4654 ἔχει
3119 4579 3281 4636 τοῦτο
3312 4579 3372 4634 τὸ
3408 4576 3767 4647 ὑπηρέτημα,

2188 4690 2270 4742 ὅτι
2293 4685 2346 4739 εἴ
2370 4701 2515 4747 τινος
2541 4682 2607 4736 τὰ
2637 4681 2851 4751 κάστρα
2881 4675 3289 4748 περιποιήσεως
3311 4672 3540 4736 δέοιντο,
3575 4669 3772 4734 ἐπιμε-

2192 4778 2400 4834 λεῖσθαι
2432 4776 2588 4829 τοῦτο
2615 4773 2695 4836 είς
2733 4772 2793 4824 τὸ
2832 4767 3248 4845 ἁνακτίζεσθαι.

2276 4869 2335 4922 '0
2363 4863 2783 4936 προκαθήμενος
2810 4857 2906 4913 τοῦ
2937 4857 3196 4920 κοιτῶνος
3230 4873 3322 4909 του
3356 4850 3638 4924 βασιλικοῦ
3673 4849 3776 4914 ἄρα·

2195 4978 2278 5034 χει
2315 4960 2412 5031 μὲν
2459 4957 2568 5010 τῶν
2611 4951 3004 5024 κοιτωναρίων,
3056 4949 3375 5019 εὑρίσκεται
3427 4944 3484 4997 δὲ
3537 4942 3643 4996 ὑπὸ
3682 4942 3774 4995 τὸν

2192 5053 2286 5107 τοῦ
2318 5049 2572 5110 κοιτῶνος
2604 5042 3127 5117 παρακοιμὼμενον.

2272 5144 2334 5197 '0
2371 5139 2789 5211 προκαθήμενος
2815 5133 2910 5188 τοῦ
2954 5130 3266 5205 βεστιαρίου
3301 5131 3406 5184 ὑπὸ
3437 5129 3527 5182 τὸν
3557 5142 3775 5198 πρωτο-

2198 5233 2548 5304 ὄεοτιαρίτην
2597 5230 2940 5298 εὑρίσκεται,
3005 5226 3269 5295 ὑπηρετεῖ
3317 5222 3372 5276 δὲ
3420 5220 3516 5274 καὶ
3568 5221 3645 5281 είς
3678 5217 3775 5279 τὰς

2199 5327 2614 5400 προφερομένας
2645 5323 2739 5377 καὶ
2770 5319 3139 5390 ὲξερχομένας
3175 5316 3413 5380 εἰσόδους
3447 5331 3507 5366 τε
3534 5313 3627 5366 καὶ
3657 5309 3778 5375 ἑξό-

2198 5421 2342 5484 δους.

2265 5511 2338 5563 ’Ὅ
2383 5507 2696 5579 βεστιάριος
2758 5503 2872 5574 ἔχει
2921 5501 3252 5571 ὑπηρέτημα
3305 5495 3617 5552 θαλάσσιον.
3668 5491 3778 5544 Τοῦ

2199 5603 2308 5674 γὰρ
2361 5599 2624 5672 βασιλέως
2664 5597 2808 5651 κατὰ
2852 5594 3129 5648 Θάλασσαν
3179 5585 3572 5659 στρατεύοντος
3618 5583 3778 5674 ἄρχει

2203 5673 2358 5756 οὗτος
2385 5691 2476 5746 τοῦ
2507 5692 2568 5743 τὸ
2598 5687 2903 5757 βεστιάριον
2938 5685 3198 5752 φέροντος
3223 5679 3517 5750 κατέργου,
3549 5673 3782 5730 ἀκολου·-

2206 5790 2291 5842 θεῖ
2327 5805 2387 5840 τε
2421 5784 2650 5838 κατόπιν
2684 5779 2777 5832 τοῦ
2816 5775 3096 5848 βασιλικοῦ
3131 5773 3427 5845 κατέργου.

2290 5879 2350 5932 '0
2392 5873 2750 5945 ἑταιριάρχης
2794 5869 3060 5939 ὑπηρετεῖ
3103 5866 3202 5937 μὲν
3241 5867 3321 5930 είς
3366 5865 3465 5936 τὴν
3496 5865 3783 5936 παράστα.
