4050 6596
293 429 366 497 Gl
1268 439 1368 501 DE
1410 440 1743 503 OFFICIIS
1774 438 2245 508 CPOLITANIS.
2299 445 2460 508 CAP.
2495 447 2597 512 VI.
3495 456 3569 520 6"2

297 569 410 614 σιν,
440 551 515 612 ὡς
546 549 906 622 προείρηται,
943 558 1314 626 συνυπηρετεῖ
1340 558 1398 612 δὲ
1421 561 1518 612 καὶ
1556 557 1636 629 τῷ
1675 558 1883 629 μεγάλῳ

2000 562 2423 617 cumstationem
2460 565 2758 622 ministrat.
2793 565 2969 621 Simul
3002 575 3183 620 autem
3224 585 3346 624 cum
3374 589 3570 646 magno

297 645 629 714 ὲιῖαιριάρχῃ
669 644 816 716 ὑπὲρ
851 646 961 700 τῶν
1001 649 1357 719 προσφύγων.

378 825 444 878 Ὃ
471 825 575 894 τῆς
621 827 793 896 αὐλῆς
846 828 1214 899 λογαριαστὴς
1256 829 1534 899 λογίζεται
1563 831 1690 893 τοὺς
1737 831 1795 882 ἐν
1820 833 1885 899 τῇ

1992 653 2356 709 betarriarcha
2391 672 2574 711 curam
2607 659 2745 729 gerit
2777 674 2968 714 eorum
2995 659 3089 728 qui
3121 660 3392 734 refugium
3422 684 3574 738 quae-

1991 755 2140 801 runt.

2063 833 2412 907 Logariastes
2460 843 2598 898 aulae
2646 855 2900 902 numerat
2949 857 3004 904 et
3054 859 3340 921 computat
3369 866 3567 906 omnes

297 921 442 992 αὗλῇ
503 921 938 991 εὑρισκομένους
983 924 1194 988 πάντας
1239 925 1563 995 ρογάτορας,
1615 925 1663 977 εί
1709 923 1883 975 λείπει

1995 933 2192 990 milites
2228 938 2320 1004 qui
2371 937 2424 992 in
2461 941 2585 995 aula
2632 943 2902 1011 stipendia
2947 956 3206 1011 merent;
3244 957 3299 1001 et
3347 947 3560 1016 dispicit

291 1017 402 1069 τινὶ
451 1017 563 1069 ἀπὸ
590 1018 691 1084 τῆς
720 1017 888 1088 ρόγας
938 1016 1105 1071 αὑτοῦ
1135 1018 1169 1088 ἢ
1221 1018 1598 1084 ἐξεδούλευσεν
1634 1018 1774 1088 ὑπὲρ
1798 1011 1888 1072 εῶν

292 1110 598 1180 ἐρογεύθη.

361 1203 865 1274 Στρατοπεδάρχης
916 1203 1025 1256 τῶν
1072 1203 1492 1269 μονοκαϐάλλων
1545 1202 1881 1274 ὑπηρέτημα

291 1289 409 1363 εἶχε
467 1293 740 1349 τοιοῦτον.
776 1290 965 1348 Ἦσαν
996 1295 1054 1348 ἐν
1089 1297 1204 1360 τοῖς
1252 1296 1396 1348 κατὰ
1445 1294 1660 1364 θέματα
1693 1295 1888 1358 τόποις

295 1385 597 1452 φωσσάτου
635 1383 918 1453 τάγματα,
954 1387 1004 1438 oi
1041 1385 1138 1454 μὲν
1185 1384 1644 1454 μεγαλοαλογῖται
1685 1387 1889 1455 ὀνομα-

299 1476 548 1546 ζόμενοι,
602 1479 650 1529 οί
681 1477 738 1531 δὲ
789 1477 1170 1549 τρικάόαλλοι,
1213 1479 1262 1530 oi
1310 1478 1368 1532 δέ
1425 1478 1760 1542 δικάϐαλλοι,
1793 1479 1888 1532 καὶ

290 1568 478 1638 ἕτεροι
515 1567 934 1636 μονοκάϐαλλοι.
964 1565 1074 1623 Ἦν
1103 1569 1199 1624 οῦν
1238 1563 1394 1633 οὗτος
1424 1573 1451 1624 6
1488 1571 1889 1642 στρατοπεδάρ-

294 1676 399 1727 χης
433 1659 768 1730 φροντιστὴς
793 1660 888 1713 καὶ
921 1660 1260 1732 ἐπιμελητὴς
1288 1665 1467 1730 μόνων
1505 1661 1614 1715 τῶν
1657 1679 1888 1730 μονοκα-

299 1753 542 1808 ϐάλλων.

377 1845 440 1899 '0
470 1845 584 1898 τῶν
614 1845 1040 1918 τζαγγρατόρων
1065 1849 1554 1920 στρατοπεδάρχης
1581 1851 1885 1920 φροντίζων

1988 1039 2119 1078 num
2155 1028 2283 1093 quid
2318 1029 2482 1084 alicui
2520 1033 2586 1086 de
2621 1033 2892 1101 stipendio
2919 1037 3082 1102 desit,
3129 1047 3224 1093 aut
3253 1055 3378 1093 nunt
3408 1041 3566 1109 plene

1987 1117 2318 1174 satisfecerit
2345 1137 2441 1189 pro
2467 1123 2739 1192 stipendio
2771 1129 2910 1196 quod
2945 1131 3176 1198 accepit.

2061 1208 2528 1281 Stratopedarcha
2581 1218 2817 1272 militum
2879 1221 2969 1290 qui
3027 1235 3140 1274 uno
3189 1221 3366 1276 solum
3425 1238 3567 1290 equo

1990 1309 2246 1370 utuntur,
2299 1305 2614 1375 hujusmodi
2659 1326 2858 1364 munus
2895 1313 3087 1380 gessit.
3120 1313 3291 1367 Erant
3329 1314 3380 1367 in
3431 1313 3568 1368 locis

1990 1395 2291 1451 thematum
2326 1402 2605 1454 exercitus
2636 1402 2877 1470 agmina,
2911 1419 3150 1473 quorum
3186 1405 3278 1459 alii
3321 1406 3565 1474 appella-

1991 1486 2191 1542 bantur
2242 1492 2730 1561 μεγαλοαλογῖται,
2771 1495 2861 1549 alii
2897 1513 2924 1550 a
2974 1497 3152 1550 tribus
3203 1498 3363 1564 equis
3397 1497 3568 1550 trica-

1994 1579 2147 1645 balli,
2187 1581 2277 1635 alii
2306 1599 2335 1636 a
2369 1584 2584 1638 duobus
2620 1585 2898 1649 dicahalli,
2930 1587 3021 1640 alii
3059 1587 3125 1641 ah
3155 1602 3264 1640 uno
3307 1600 3570 1639 monoca-

1989 1671 2142 1726 halli.
2175 1670 2240 1728 Et
2268 1673 2360 1728 isti
2390 1674 2491 1730 soli
2539 1677 2888 1746 pertinebant
2927 1678 2992 1732 ad
3037 1694 3224 1734 curam
3257 1679 3570 1748 stratoped-

1985 1765 2188 1820 archae.

2059 1857 2494 1929 Tzangratorum
2535 1876 2723 1916 curam
2753 1863 3005 1918 similiter
3035 1865 3175 1935 gerit
3197 1879 3388 1920 eorum
3424 1873 3568 1919 stra-

293 1936 561 2000 ὡσαύτως
587 1939 682 1990 καὶ
713 1939 1142 2009 ἐπιμελούμενος
1157 1943 1388 2008 τούτων,
1413 1942 1506 1994 καὶ
1528 1943 1556 1996 6
1581 1943 1690 1996 τῶν
1721 1961 1883 2015 μουρ-

1995 1949 2350 2016 lopedarcba,
2397 1961 2458 2005 ut
2488 1961 2542 2006 et
2590 1964 2960 2009 murtatorum
2995 1957 3315 2011 eorumdem
3357 1967 3565 2011 strato-

291 2029 476 2082 τάτων
510 2032 1001 2102 στρατοπεδάρχης
1023 2033 1050 2085 6
1059 2032 1252 2100 μοίως.

375 2121 439 2173 ὐ
499 2123 989 2195 στρατοπεδάρχης
1049 2125 1159 2178 τῶν
1211 2126 1490 2190 τζακόνων
1539 2129 1885 2199 ἐπιμελεῖται

295 2212 408 2263 τῶν
438 2214 523 2274 είς
556 2214 626 2264 τὰ
652 2213 868 2284 κάστρα
899 2215 1311 2286 εὑρισκομένων
1350 2216 1657 2286 φυλάξεων,
1687 2219 1886 2284 οἵτινες

293 2306 558 2370 τξᾶκονσς
579 2305 967 2376 ὀνομάζονται.

381 2398 446 2453 '0
480 2400 912 2478 προκαθήμενος
946 2400 1057 2454 τῶν
1090 2402 1347 2471 μεγάλων
1383 2405 1661 2460 παλατίων
1687 2410 1885 2478 ἐπιμε-

293 2477 713 2563 immittam,
758 2493 853 2546 καὶ
893 2493 1002 2547 τῶν
1042 2495 1365 2568 Βλαχερνῶν
1393 2499 1674 2555 παλατίων
1707 2477 1886 2556 esse-

290 2606 403 2646 τως
445 2587 897 2658 προκαθήμενος.

362 2680 490 2732 Τῶν
519 2680 774 2749 θεμάτων
798 2675 1122 2752 δομέστικος
1150 2679 1220 2754 ἦν
1248 2685 1418 2740 πάλαι
1451 2688 1752 2756 φροντίζων
1783 2693 1880 2745 καὶ

290 2773 740 2842 ἐπιμελούμενος
781 2774 892 2828 τῶν
921 2776 1014 2829 τοῦ
1062 2776 1329 2847 δημοσίου
1361 2778 1732 2849 πραγμάτων.
1772 2782 1884 2835 Καὶ

290 2865 343 2919 οι
377 2865 700 2934 δομέστικοι
734 2865 843 2919 τῶν
871 2884 930 2920 τε
958 2867 1293 2924 ἀνατολικῶν
1323 2871 1416 2923 καὶ
1445 2871 1680 2924 δυτικῶν
1719 2871 1885 2942 θεμά·

290 2975 406 3011 των
436 2958 770 3026 φροντισταὶ
799 2958 1061 3023 ὡσαύτως
1088 2961 1183 3013 καὶ
1211 2963 1543 3035 ἐπιμεληταὶ
1567 2965 1676 3018 τῶν
1702 2966 1884 3019 ἐκεῖσε

288 3051 579 3120 δημοσίων
617 3052 982 3121 πραγμάτων.

364 3146 439 3198 T6
467 3146 565 3197 τοῦ
601 3144 844 3214 μεγάλου
877 3147 1171 3218 μυρταῖτου
1203 3148 1535 3221 ὑπηρέτημα
1580 3151 1885 3221 ἀνεπίγνω·

292 3239 420 3290 στὸν
449 3239 625 3294 ἐστιν.

359 3332 436 3384 T6
467 3333 564 3386 τοῦ
602 3335 1034 3404 πρωτοκόμητος
1059 3336 1356 3391 θαλάσσιόν
1384 3338 1575 3393 ἐστιν.
1610 3339 1879 3411 Εὑρίσκε-

287 3441 383 3478 ται
410 3421 575 3489 οὗτος
602 3427 709 3480 τῶν
735 3430 792 3480 ἐν
817 3427 896 3498 τῷ
941 3427 1209 3501 βασιλικῷ
1242 3430 1414 3502 στόλῳ
1443 3431 1661 3486 πάντων
1699 3433 1882 3504 κομή-

289 3537 400 3571 των
437 3519 680 3589 πρῶτος.

363 3613 480 3664 Καὶ
549 3613 613 3665 τὺ
667 3612 764 3667 τοῦ
813 3614 1180 3684 δρουγγαρίου
1237 3615 1498 3679 ὡσαύτως
1553 3616 1877 3674 θαλάσσιον.

290 3705 542 3775 Δροῦγγα
581 3706 819 3776 ποσότης
855 3707 1126 3761 τοσούτων
1157 3707 1319 3762 τινῶν
1365 3710 1753 3780 ἑρμηνεύεται,
1811 3706 1880 3783 ἦς

290 3800 322 3867 ἡ
356 3799 502 3868 ἀρχὴ
531 3801 560 3852 6
591 3800 834 3862 τοιοῦτος
863 3801 1257 3873 δρουγγάριος.

362 3891 425 3944 ΟΞ
461 3890 882 3961 προκαθήμενοι
909 3895 1006 3947 καὶ
1041 3894 1091 3946 οἱ
1126 3896 1578 3966 καστροφύλακες
1607 3898 1880 3970 ὑπηρέται

291 3983 532 4053 ἑκάστης
569 3983 690 4036 κατ’
728 3984 885 4051 ἀξίαν
911 3985 1022 4038 τῶν
1052 3987 1290 4042 πόλεων.

360 4077 512 4139 Ἕως
535 4071 638 4131 ὦδε
668 4079 860 4131 πασῶν
883 4080 936 4131 al
961 4080 1288 4151 ὑπηρεσίαι.

817 4172 1223 4228 ΚΕΦΑΛΑΙΟΝ
1263 4175 1356 4244 q'.

293 4264 434 4337 asp}
494 4263 610 4328 τῆς
649 4262 780 4337 Δτῶνξ
812 4264 1194 4320 δεσποτικῶν
1251 4268 1471 4335 ἑορτῶν
1501 4271 1748 4337 τάξεως.
1781 4272 1882 4326 καί

359 4333 483 4408 τῶν
530 4335 666 4408 arari
708 4335 898 4399 αὑτὰς
953 4333 1340 4406 τελουμένωιίρ
1373 4333 1613 4403 winter,
1663 4333 1733 4394 si
1784 4337 1882 4408 αἷς

360 4404 835 4480 διαλαμϐάνεται
865 4404 1147 4480 καί-περί
1165 4409 1268 4462 τοῦ
1296 4411 1561 4480 μεγάλου
1601 4404 1880 4479 δομιεστίὲ

361 4493 475 4550 κρυ
504 4476 867 4550 ὑπηρσςίας,
891 4477 997 4550 τοῦ
1025 4494 1090 4550 te
1110 4476 1487 4550 πικέρνη’καί
1514 4476 1880 4550 δομεὸντίκου

361 4543 476 4609 τῆς
505 4543 802 4614 τραπέζης
834 4547 928 4600 καί
967 4547 1073 4600 τοῦ
1096 4548 1194 4600 ἐπὶ
1225 4543 1543 4618 τραπέζης.

362 4639 445 4707 τῇ
498 4639 577 4692 κδ’
611 4640 704 4692 τοῦ
765 4641 1106 4711 Δεκεμϐρίου
1163 4646 1353 4713 μηνὸς,
1406 4646 1530 4722 καθ’
1579 4646 1716 4719 ἢνή
1771 4647 1880 4702 τῶν

293 4731 753 4799 Χριστουγέννων
782 4735 1096 4804 παραμονὴ,
1123 4733 1217 4788 τοῦ
1255 4735 1517 4806 βασιλέως
1550 4739 1630 4800 είς
1669 4739 1760 4791 τὸν
1788 4738 1882 4808 δρ-

293 4815 421 4884 θρον
453 4817 534 4886 μὴ
566 4817 879 4885 ἐξελθόντος
933 4823 1078 4876 κατά
1105 4824 1206 4892 τὴν
1238 4823 1297 4890 ἐξ
1336 4824 1495 4891 ἔθους
1527 4826 1677 4898 αύτῷ
1711 4828 1880 4898 συνή-

295 4911 468 4976 θειαν,
502 4911 620 4964 ἀλλ’
657 4912 714 4964 ἐν
760 4912 837 4981 τῷ
867 4913 1031 4969 αὐτοῦ
1077 4917 1274 4986 κελλίῳ
1321 4919 1750 4988 εὑρισκομένου,
1786 4922 1883 4991 φέ-

297 5019 448 5072 ρουσι
485 5002 633 5074 μετὰ
657 5003 756 5072 τὴν
784 5006 1047 5059 ἀπόλυσιν
1083 5010 1131 5060 οί
1161 5012 1499 5080 κανονάρχαι
1532 5013 1626 5065 καὶ
1655 5012 1880 5067 ίστῶσιν

295 5097 725 5162 εἰκονοστάσιον,
759 5097 840 5161 είς
864 5097 891 5153 6
920 5099 1224 5169 κρέμανται
1257 5100 1411 5170 ἅγιαι
1454 5104 1660 5168 εἰκόνες
1691 5104 1791 5174 τῆς
1821 5123 1881 5158 τε

297 5190 609 5259 γεννήσεως
640 5187 736 5241 τοῦ
774 5189 1013 5254 Χριστοῦ
1039 5193 1133 5244 καὶ
1159 5192 1344 5263 ἕτεραι
1364 5197 1511 5264 τρεῖς
1537 5195 1568 5265 ἢ
1596 5196 1882 5267 τέσσαρες.

300 5283 656 5352 Ἐμπροσοεν
702 5283 763 5335 δὲ
805 5283 996 5336 τούτου
1037 5285 1343 5355 άναλόγιον,
1381 5287 1464 5356 ἐφ’
1504 5280 1564 5342 οῦ
1612 5290 1884 5343 ἐπίκειται

299 5372 454 5440 ἅγιον
495 5372 851 5441 Εὑαγγέλιον.
885 5376 991 5428 Καὶ
1033 5378 1083 5429 οἱ
1119 5377 1219 5447 μὲν
1271 5379 1436 5448 ἱερεῖς
1468 5379 1714 5434 ἵστανται
1749 5380 1886 5452 πλη-

300 5466 411 5518 σίον
442 5465 552 5518 τῶν
579 5467 754 5534 ἁγίων
784 5468 1012 5522 εἰκόνων
1037 5473 1174 5540 μετὰ
1197 5472 1304 5524 τῶν
1336 5474 1630 5542 ίερατικῶν
1652 5473 1879 5538 στολῶν,

300 5560 347 5610 οἱ
377 5557 421 5611 δ’
462 5558 817 5626 ἀναγνῶσται
857 5561 1022 5630 μέσον
1059 5562 1154 5617 τοῦ
1179 5567 1460 5634 τρικλίνου
1495 5567 1633 5620 κατὰ
1657 5547 1882 5636 πρόσω-

301 5665 402 5701 πον
455 5651 547 5702 τοῦ
582 5649 854 5719 βασιλέως
907 5653 1043 5720 μετά
1096 5654 1207 5705 τῶν
1241 5655 1474 5724 ἱματίων
1525 5656 1622 5708 καὶ
1666 5655 1885 5726 ἐπιρρι-

303 5744 548 5813 πταρίων
577 5743 784 5810 αὐτῶν,
828 5743 1128 5816 φοροῦντες
1158 5748 1252 5801 καὶ
1287 5750 1521 5820 καμίσια
1564 5747 1750 5801 ἐπάνω
1776 5746 1885 5801 τῶν

307 5833 555 5903 ίμστῖων,
606 5838 633 5890 6
669 5837 860 5907 μέντοι
914 5839 1309 5908 πρωτοψάλτης
1351 5842 1448 5895 καὶ
1490 5842 1517 5894 6
1565 5839 1886 5911 δομέστικος

303 5929 493 5999 λευκὰ,
529 5933 556 5986 6
579 5930 968 6004 λαμπαδάριος
999 5932 1051 5986 δὲ
1085 5935 1301 6006 κρατῶν
1324 5935 1382 5990 τὸ
1414 5934 1651 6007 χρυσοῦν
1680 5933 1882 6005 6:66;:-

1907 3268 1955 3330 C

1911 4614 1958 4671 D

1990 2038 2288 2107 pedarcba.

2062 2129 2520 2201 Stratopedarcba
2585 2143 2881 2190 tzaconum
2915 2147 3138 2192 curator
3178 2145 3264 2194 est
3295 2139 3569 2195 custodia-

1987 2241 2108 2279 rum
2147 2224 2202 2280 in
2232 2227 2480 2292 urbibus,
2512 2231 2606 2299 qui
2666 2239 2925 2286 tzacones
2957 2233 3336 2288 nominantur.

2060 2402 2269 2458 Praeses
2296 2419 2621 2473 magnorum
2645 2405 2972 2475 palatiorum
3006 2409 3195 2462 eadem
3225 2408 3424 2479 palatia
3453 2410 3556 2463 sub

1989 2511 2089 2552 sua
2123 2511 2254 2552 cura
2287 2498 2470 2561 habet,
2512 2508 2572 2551 ut
2596 2505 2649 2552 et
2678 2513 2886 2567 praeses
2919 2499 3245 2570 palatiorum
3278 2516 3401 2569 quae
3431 2509 3565 2556 sunt

1989 2589 2044 2643 in
2077 2587 2419 2642 lilacheruis.

2056 2678 2164 2751 43
2193 2678 2538 2734 Domesticus
2568 2679 2872 2736 thematum
2903 2682 3030 2736 olim
3051 2698 3182 2737 cura
3207 2698 3304 2738 sua
3329 2684 3572 2753 publicas

1991 2786 2080 2827 res
2114 2772 2638 2841 comprehendebat.
2692 2773 2758 2826 Et
2792 2773 3081 2829 domestici
3113 2775 3463 2830 orientalium
3515 2784 3571 2828 et
3603 2759 3614 2772 ’

1987 2863 2405 2919 occidentalium
2445 2865 2745 2921 thematum
2782 2867 3040 2922 similiter
3093 2879 3372 2924 curatores
3400 2877 3558 2923 erant

1988 2956 2332 3027 publicorum
2362 2959 2711 3028 negotiorum
2746 2973 2868 3029 quae
2901 2959 2974 3014 ibi
2998 2962 3426 3032 enascebantur.

2059 3138 2238 3208 Magni
2273 3141 2539 3212 myrtaitae
2570 3156 2769 3197 munus
2795 3149 2878 3197 est
2914 3140 3278 3213 incognitum.

2057 3323 2448 3379 Protocomitis
2479 3321 2690 3377 iunctio
2725 3324 2791 3377 ad
2828 3337 2980 3377 mare
3015 3331 3226 3391 spectat
3259 3337 3273 3374 :
3304 3329 3391 3375 est
3421 3320 3570 3376 enim

1986 3413 2038 3468 in
2073 3415 2420 3485 imperatoris
2449 3415 2624 3470 classe
2652 3415 2916 3468 comitum
2947 3413 3194 3469 omnium
3231 3412 3463 3480 primus.

2055 3599 2349 3670 Drungarii
2381 3597 2618 3653 ofﬁcium
2642 3597 3008 3654 consimiliter
3037 3598 3104 3651 ad
3133 3612 3282 3651 mare
3305 3597 3567 3666 pertinet.

1988 3695 2206 3764 Drunga
2260 3701 2346 3748 est
2374 3700 2561 3747 certus
2597 3705 2862 3746 numerus
2901 3690 3162 3755 militum,
3211 3689 3414 3759 quibus
3447 3687 3572 3743 talis
3606 3766 3608 3768 ν

1983 3785 2315 3855 drungarius
2347 3783 2602 3852 imperat.

2054 3876 2326 3932 Praesides
2369 3875 2658 3929 civitatum
2684 3883 2739 3928 et
2765 3883 3082 3928 castrorum
3111 3872 3373 3928 custodes
3407 3869 3574 3925 mini-

1984 3971 2084 4027 stri
2115 3977 2244 4024 sunt
2277 3982 2374 4036 pro
2418 3969 2688 4035 cujusque
2722 3966 2967 4020 civitatis
3000 3966 3287 4035 dignitate.

2006 4079 2008 4082 '
2055 4063 2350 4134 [lucusque
2378 4061 2622 4115 omnium
2659 4058 3196 4114 administrationes.

2593 4150 2827 4208 CAPUT
2883 4150 2975 4205 Vl.

1987 4251 2064 4304 De
2087 4248 2286 4305 Christi
2323 4247 2538 4300 Domini
2572 4247 2825 4317 festorum
2880 4241 3063 4317 ordine
3093 4251 3143 4317 et
3175 4239 3373 4317 ritibus
3398 4240 3450 4294 in
3470 4240 3572 4317 eis-

2055 4325 2172 4374 dem
2203 4312 2583 4380 observandis:
2622 4327 2734 4370 tum
2769 4315 2834 4368 de
2871 4314 3048 4382 magni
3101 4312 3374 4366 domestici
3415 4312 3573 4364 mini-

2053 4393 2238 4450 sterio,
2267 4390 2331 4444 de
2360 4391 2634 4457 pincerna,
2679 4391 2742 4440 de
2784 4385 3074 4440 domestico
3116 4399 3305 4439 meum
3333 4392 3380 4437 et
3404 4383 3570 4436 eidem

2054 4477 2249 4517 mensa:
2285 4460 2588 4530 prwposito.

2056 4624 2258 4679 Mensis
2283 4621 2597 4678 Decembris
2638 4619 2710 4673 24
2745 4618 3056 4674 celebratur
3084 4617 3266 4687 vigilia
3303 4614 3573 4668 Nativita-

1992 4715 2062 4771 tis
2095 4715 2322 4779 Christi,
2377 4715 2712 4783 imperatore
2764 4708 2829 4763 ad
2879 4707 3207 4762 matutinutn
3263 4704 3569 4760 secundum

1983 4809 2243 4864 usitatam
2278 4808 2382 4862 sibi
2414 4803 2876 4861 consuetudinem
2906 4816 3014 4854 non
3045 4813 3290 4869 egresso,
3325 4795 3437 4868 44
3474 4795 3570 4850 sed

1986 4915 2088 4957 suo
2147 4903 2203 4956 in
2239 4893 3108 4956 conclavicommorante.~Finito
3134 4891 3396 4944 matutino
3424 4888 3577 4942 ettli-

1988 4996 2159 5049 misso
2187 5001 2332 5048 ctetu
2367 4990 2734 5046 canonarchze
2765 4987 3038 5056 imagines
3072 4983 3309 5037 atl‘erunt
3341 4991 3395 5036 et
3422 4980 3578 5035 tabu-

1991 5089 2162 5142 latum
2197 5087 2436 5156 erigunt,
2481 5099 2545 5139 ex
2587 5098 2700 5154 quo
2761 5080 3000 5151 pendent
3036 5086 3239 5133 sancta:
3301 5073 3575 5140 imagines

1995 5181 2302 5237 nativitatis
2329 5179 2534 5234 Christi
2569 5187 2623 5232 et
2663 5177 2781 5231 aliae
2815 5183 2928 5228 tres
2966 5172 3048 5227 vel
3079 5179 3337 5243 quatuor.
3368 5168 3571 5222 Coram

1998 5274 2102 5328 hoc
2132 5272 2402 5342 pulpitum
2437 5280 2540 5335 est,
2573 5268 2629 5322 in
2662 5283 2771 5338 quo
2809 5274 3061 5320 sanctum
3094 5261 3452 5332 Evangelium
3488 5272 3576 5312 re-

1995 5366 2233 5439 positum
2271 5365 2436 5431 jacet.
2485 5362 2549 5416 Et
2595 5360 2914 5415 sacerdotes
2947 5355 3168 5426 quidem
3221 5361 3369 5409 stant
3405 5365 3574 5422 prope

1993 5468 2213 5524 sanctas
2251 5458 2520 5526 imagines
2567 5471 2689 5509 cum
2723 5452 3161 5509 sacerdotalibus
3208 5449 3336 5504 suis
3359 5447 3516 5501 stolis
3555 5462 3571 5498 :

1992 5560 2044 5605 at
2080 5550 2320 5605 lectores
2345 5559 2492 5604 stant
2522 5550 2575 5603 in
2607 5547 2788 5604 medio
2816 5545 3056 5601 triclinio
3083 5559 3112 5599 e
3141 5551 3440 5610 conspectu
3472 5541 3574 5592 im-

1995 5644 2266 5712 peratoris
2299 5660 2424 5698 cum
2463 5643 2580 5698 suis
2623 5643 2825 5697 tunicis
2858 5649 2909 5696 et
2959 5637 3155 5708 capitis
3205 5633 3565 5706 tegminibus,

1994 5737 2236 5792 ferentes
2263 5751 2483 5806 quoque
2515 5736 2742 5791 camisia
2770 5749 2937 5804 super
2963 5741 3165 5796 vestes,
3201 5725 3572 5798 prompsaltes

1995 5831 2215 5900 quidem
2246 5841 2299 5884 et
2329 5831 2669 5885 domesﬁcus
2694 5828 2949 5892 candida,
2983 5821 3358 5894 lampadarius
3386 5828 3570 5872 autem

1995 5932 2189 5979 tenens
2218 5936 2442 5979 auream
2479 5923 2714 5989 hastam,
2767 5921 2856 5976 cui
2893 5933 3086 5975 cereus
3128 5925 3210 5972 cst
3258 5911 3573 5984 impositus,
