4050 6602
466 393 537 455 63
1002 363 1011 370 ’
1661 399 1923 462 conm
1962 400 2485 463 cnnamum
3651 394 3719 457 64

462 516 728 585 magister
774 524 825 569 et
869 529 1064 568 omnes
1093 520 1351 568 cantores
1398 528 1713 585 purpurea;
1748 518 1840 571 sed
1871 531 2032 572 cano-

2145 518 2364 581 πουλον,
2398 516 2427 570 6
2473 519 2722 588 μαῖστωρ
2770 516 2863 570 καὶ
2893 485 3093 579 πάντες
3117 514 3166 569 οἱ
3194 514 3397 586 ψάλται
3434 519 3716 588 πορφυρᾶ.

463 610 686 690 ηετοιιᾳι
720 624 845 664 cum
882 607 1018 662 solis
1044 607 1245 664 tunicis
1275 597 1512 671 adstant,
1539 619 1592 661 et
1619 609 1795 678 capite
1820 619 2037 680 aperto.

462 703 592 760 Post
646 703 763 758 haec
795 701 1290 771 protovestiarites,
1344 716 1576 772 magnus
1633 701 2036 766 hetariarcha,

462 795 814 863 primicerius
854 795 1014 857 aulae,
1047 795 1417 848 hetzeriarchat
1438 803 1489 847 et
1515 805 1786 861 quotquot
1812 794 2039 850 haculos

461 888 649 943 terunt
681 897 735 940 et
781 886 1150 941 ministerium
1192 885 1421 950 obeunt,
1459 887 1816 940 introducunt
1846 901 2040 956 proce-

463 997 550 1036 res
574 981 638 1035 ad
672 980 1022 1051 imperatoris
1055 981 1584 1044 circumstationem,
1607 980 1784 1036 donec
1812 981 2038 1050 implea-

462 1084 550 1128 tur
581 1074 802 1128 domus.
835 1071 1031 1126 Postea
1066 1071 1346 1140 egreditur
1369 1071 1668 1140 imperator
1689 1086 1753 1124 ex
1780 1086 1877 1126 suo
1899 1086 2037 1126 con-

463 1166 625 1230 clavi,
680 1179 881 1234 magno
917 1164 1223 1218 domestico
1259 1163 1323 1216 ad
1358 1165 1579 1233 januam
1607 1173 1788 1218 stante
1831 1170 1882 1217 et
1929 1163 2035 1218 im-

461 1258 739 1328 peratoris
769 1273 954 1311 ensem
985 1256 1214 1310 ferente.
1250 1254 1422 1318 Igitur
1449 1255 1614 1310 simul
1650 1271 1714 1310 ac
1736 1255 2037 1324 imperator

461 1361 710 1418 apparet,
754 1357 1009 1404 cantores
1054 1349 1237 1403 statim
1293 1356 1499 1402 canunt
1539 1347 1670 1402 illud
1703 1362 1719 1400 :
1757 1367 1776 1400 ι
1813 1346 2037 1402 Diutur-

462 1455 592 1494 num
627 1438 795 1494 faciat
826 1439 968 1495 Deus
1001 1439 1292 1508 imperium
1327 1448 1502 1494 tuum.
1537 1458 1556 1491 ι
1587 1440 1802 1505 Quibus
1835 1455 2036 1495 canen-

461 1531 609 1586 tibus
635 1530 933 1595 imperator
967 1531 1136 1596 vadit,
1168 1542 1501 1602 sanctasque
1531 1532 1798 1602 imagines
1823 1533 2038 1588 oscula-

460 1630 568 1678 tur.
599 1621 805 1677 Deinde
838 1638 1127 1693 regressus
1179 1631 1288 1679 stat
1338 1639 1510 1694 prope
1546 1623 1800 1679 thronum
1848 1641 2034 1692 suum,

459 1732 661 1786 magno
691 1717 993 1771 domestico
1040 1717 1109 1771 ad
1150 1717 1439 1772 sinistrum
1495 1718 1850 1786 imperatoris
1890 1719 2035 1773 latus

457 1819 638 1864 stante
667 1824 792 1864 cum
825 1811 1016 1879 spatha
1046 1824 1142 1864 seu
1172 1825 1304 1864 ense
1327 1809 1702 1879 imperatorio,
1736 1820 1794 1863 ut
1827 1811 2033 1866 dictum

455 1909 558 1954 est.
579 1900 686 1972 45
717 1901 1108 1970 Lampadarius
1135 1911 1315 1956 autem
1341 1901 1477 1955 infra
1502 1917 1754 1971 magnum
1782 1902 2040 1958 domesti-

455 2009 578 2046 cum
600 1992 704 2048 fert
721 2009 945 2048 aureum
965 2005 1186 2049 contum
1207 2009 1332 2048 cum
1349 1993 1571 2049 ardente
1589 1994 1857 2065 lampade;
1879 1993 2036 2065 cujus

456 2085 732 2153 lampadis
763 2102 1034 2154 supremae
1085 2098 1270 2156 partes
1310 2087 1496 2142 tinctae
1539 2096 1666 2142 sunt
1705 2088 2029 2154 cinnabari;

454 2179 695 2234 medium
725 2197 855 2236 vero
889 2195 984 2250 per
1009 2182 1281 2236 bracteam
1317 2180 1630 2235 inauratum
1667 2188 1768 2241 est.
1799 2195 1921 2248 qua:
1951 2179 2034 2233 in-

454 2286 546 2328 tus
579 2289 773 2329 cruces
804 2275 1097 2330 coccineae
1132 2274 1184 2328 in
1215 2275 1405 2329 orbem
1439 2282 1816 2342 repraesentat.
1860 2273 2029 2328 Facto

455 2366 623 2434 igitur
658 2365 917 2420 horarum
948 2367 1127 2430 initio,
1164 2365 1405 2420 famulus
1437 2365 1678 2419 vestiarii
1711 2365 1892 2418 statim
1925 2365 2029 2418 im-

452 2457 722 2524 peratoris
759 2467 1037 2527 sceptrum
1080 2455 1281 2525 atlert;
1325 2455 1468 2528 quod
1509 2471 1742 2526 magnus
1772 2455 2030 2526 primice-

453 2547 569 2603 rius
603 2547 922 2618 imperatori
952 2549 1208 2620 porrigit.

524 2819 825 2876 Sciendum
859 2829 946 2878 est
1005 2821 1390 2892 imperatorem
1442 2821 1496 2876 in
1535 2821 1872 2891 qumidianis
1925 2821 2033 2874 cir-

449 2909 914 2965 cumstationibus
932 2910 1148 2966 dicere:
1176 2911 1490 2967 Proferatnr
1509 2921 1788 2980 sceptrum
1815 2927 2022 2967 meum.

449 2999 516 3055 Et
547 3016 672 3056 mox
725 3001 989 3058 famulum
1039 3005 1284 3059 vestiarii
1316 3005 1447 3058 illud
1515 3002 1733 3068 atl'erre,
1765 3013 1824 3057 ut
1866 3012 2024 3059 antea

450 3094 710 3149 diximus.
736 3094 1012 3151 Catterum
1069 3097 1123 3151 in
1160 3096 1337 3164 festis,
1365 3097 1588 3168 quando
1647 3098 2028 3152 circumstatio

450 3186 784 3252 instituitur,
820 3197 1116 3259 postquam
1151 3190 1458 3259 imperator
1485 3198 1591 3245 stat
1620 3205 1722 3246 suo
1747 3191 1801 3244 in
1829 3190 1972 3244 solio
2005 3207 2021 3257 ;

2144 608 2210 666 Ol
2241 609 2574 679 κανονάρχαι
2601 607 2654 659 ἒὲ
2681 609 2817 674 μετὰ
2844 606 3077 678 ἱματίων
3109 603 3286 675 μόνων
3311 605 3404 656 καὶ
3432 604 3718 668 άσκεπεῐς.

2143 699 2254 752 Kal
2305 700 2445 766 μετὰ
2476 700 2648 753 ταῦτα
2680 702 2709 754 6
2761 698 3296 768 πρωτοσεστιαρίτης
3333 714 3416 760 τε,
3465 701 3494 753 ό
3543 700 3719 770 μέγας

2141 791 2517 861 ἐταιριάρχης,
2562 793 2590 844 6
2656 793 3062 862 πριμμικήριος
3093 791 3190 860 τῆς
3234 790 3428 860 αὐλῆς,
3483 791 3532 843 οἱ
3568 792 3716 845 ἔται-

2143 881 2389 953 ριάρχαι,
2423 884 2517 935 καὶ
2540 882 2654 936 ὅσοι
2690 885 2917 952 φέρουσι
2946 883 3007 935 16
3033 881 3333 935 δικανίκιον
3363 882 3457 934 καὶ
3497 883 3708 954 ὑπηρε-

2137 972 2342 1038 τοῦσιν,
2384 974 2663 1041 εἰσάγουσι
2712 975 2839 1037 τοὺς
2882 974 3148 1044 ἄρχοντας
3179 975 3260 1034 εἰς
3296 973 3394 1044 τὴν
3418 976 3514 1028 τοῦ
3551 976 3707 1046 βασι-

2139 1064 2278 1130 λέως
2302 1068 2649 1134 παράστασιν
2671 1067 2810 1120 ὥστε
2835 1067 3022 1120 τοῦτον
3049 1067 3404 1138 πληρωθῆναι
3430 1069 3520 1123 τὸν
3537 1067 3705 1124 οἷκον.

2139 1159 2254 1211 Καὶ
2301 1159 2441 1227 μετὰ
2471 1159 2628 1214 τοῦτο
2673 1159 2955 1230 ἐξέρχεται
2993 1163 3021 1214 6
3073 1159 3327 1229 βασιλεὺς
3355 1161 3447 1214 τοῦ
3490 1162 3704 1217 κελλὶου

2140 1250 2335 1316 αὐτοῦ,
2366 1253 2460 1305 τοῦ
2497 1253 2737 1320 μεγάλου
2764 1252 3088 1321 δομεστίκου
3121 1255 3201 1314 εἰς
3225 1252 3322 1324 τὴν
3355 1253 3526 1324 θύραν
3561 1255 3711 1309 ιστα-

2141 1341 2302 1407 μένου
2337 1335 2430 1395 καὶ
2456 1342 2554 1412 τὴν
2581 1342 2676 1396 τοῦ
2711 1341 2974 1412 βασιλέως
3002 1343 3260 1412 φέροντος
3289 1344 3520 1414 σπάθην.
3555 1345 3709 1414 ’Δμα

2139 1427 2236 1484 οὖν
2263 1434 2340 1504 τῷ
2379 1435 2470 1485 16v
2502 1433 2728 1502 βασιλέα
2762 1435 2997 1504 φανῆναι
3025 1437 3073 1488 οἱ
3099 1435 3298 1505 ψάλται
3344 1437 3542 1490 αὐτίκα
3571 1437 3711 1504 ψάλ-

2137 1523 2293 1576 λουσι
2331 1524 2391 1576 τὸ
2423 1524 2775 1595 πολυχρόνιον
2805 1542 2820 1558 ο
2854 1523 3165 1596 ψαλλόντων
3192 1525 3248 1580 δὲ
3271 1526 3478 1580 τούτων
3502 1529 3529 1580 6
3557 1529 3711 1592 βασι-

2138 1613 2265 1677 λεὺς
2297 1615 2596 1685 ἀπέρχεται
2644 1618 2740 1670 καὶ
2768 1617 3076 1680 ἀσπάζεται
3123 1618 3221 1680 τὰς
3267 1617 3426 1685 ἁγίας
3467 1618 3708 1678 εἰκόνας.

2138 1701 2253 1758 Εἶθ’
2285 1707 2627 1777 ὑποστρέψας
2657 1709 2874 1762 ἵσταται
2905 1709 3134 1778 πλησίον
3157 1708 3251 1762 τοῦ
3285 1709 3476 1779 θρόνου
3515 1709 3707 1774 αὐτοῦ,

2138 1797 2230 1851 τοῦ
2264 1798 2361 1870 μὲν
2393 1800 2629 1869 μεγάλου
2665 1800 2984 1870 δομεστίκου
3028 1800 3170 1854 κατὰ
3197 1801 3260 1853 16
3287 1800 3572 1872 ἀριστερὸν
3608 1800 3708 1870 μέν

2146 1905 2236 1957 ρος
2279 1889 2568 1958 ἱσταμένου
2601 1887 2694 1943 τοῦ
2750 1890 3013 1960 βασιλέως
3045 1890 3181 1961 μετὰ
3225 1893 3324 1962 τῆς
3365 1891 3595 1962 σπάθης,
3633 1891 3708 1954 ὡς

2141 1977 2379 2047 εἴρηται,
2421 1977 2513 2031 τοῦ
2546 1978 2602 2031 δὲ
2639 1978 3018 2048 λαμπαδαρίου
3067 1980 3310 2034 κάτωθεν
3341 1981 3434 2035 τοῦ
3469 1980 3707 2050 μεγάλου

2137 2066 2459 2137 δομεστίκου
2499 2070 2560 2122 τὸ
2581 2069 2950 2139 διϐάμπουλον
2985 2071 3104 2141 μεθ’
3144 2074 3398 2143 ήμμένης
3433 2073 3708 2141 λαμπάδος

2137 2160 2413 2228 φέροντος,
2449 2156 2514 2232 ἧς
2541 2161 2604 2232 δὴ
2631 2162 2912 2231 λαμπάδος
2942 2164 3008 2215 τὰ
3051 2162 3148 2231 μὲν
3180 2163 3324 2232 άκρα
3353 2166 3460 2219 εἰσὶ
3483 2163 3570 2217 διὰ
3596 2180 3710 2216 κιν-

2134 2251 2416 2322 ναὸάρεως
2452 2253 2795 2324 βεϐαμμένα,
2839 2257 2899 2306 16
2923 2254 2978 2306 δὲ
3010 2253 3174 2324 μέσον
3208 2255 3294 2308 διὰ
3321 2254 3578 2308 πεταλίου
3618 2272 3710 2307 κε-

2135 2346 2490 2415 χρυσωμένον
2549 2344 2765 2416 ἔχοντος
2793 2347 3060 2418 σταυροὺς
3107 2348 3256 2412 ἐντὸς
3305 2347 3488 2417 κύκλῳ
3522 2347 3705 2401 κοκκιο

2134 2453 2280 2498 νους.
2315 2432 2430 2506 Τῆς
2463 2435 2555 2489 οὖν
2582 2437 2693 2490 τών
2717 2438 2876 2508 ώρῶν
2902 2438 3172 2508 ὲνάρξεως
3214 2437 3517 2508 γενομένης
3552 2439 3709 2508 φέρει

2137 2526 2337 2582 αὐτίκα
2377 2528 2740 2583 παιὸόπουλον
2773 2529 2866 2583 τοῦ
2899 2529 3212 2600 βεστιαριου
3238 2527 3300 2581 16
3321 2528 3414 2581 τοῦ
3443 2528 3708 2600 βασιλέως

2131 2619 2448 2685 δικανικιον,
2483 2623 2620 2691 ὅπερ
2661 2622 2842 2676 λαόὼν
2869 2625 2896 2676 6
2941 2621 3118 2692 μέγας
3163 2623 3565 2692 πριμμικήριος
3608 2622 3708 2690 φέ-

2134 2729 2243 2782 ρων
2275 2713 2458 2766 δίδωσι
2491 2714 2570 2785 τῷ
2610 2714 2838 2786 βασιλεῖ.
3457 2784 3461 2787 _

2221 2805 2420 2859 ἰστέον
2449 2806 2505 2859 δὲ
2537 2807 2619 2860 ὅτι
2651 2808 2732 2869 εἰς
2761 2807 2860 2877 μὲν
2885 2808 2984 2872 τὰς
3005 2807 3133 2861 καθ’
3159 2808 3396 2880 ἑκάστην
3415 2807 3708 2876 γινομένας

2133 2895 2510 2965 παραστάσεις
2531 2898 2558 2950 6
2588 2896 2844 2967 βασιλεὺς
2873 2899 3021 2968 λέγει
3049 2899 3132 2954 ὅτι
3162 2901 3223 2953 16
3250 2899 3548 2953 δικανίκιόν
3580 2915 3703 2968 μου,

2134 2987 2225 3039 καὶ
2256 2985 2412 3057 φέρει
2445 2987 2602 3040 τοῦτο
2643 2989 2736 3043 τοῦ
2781 2991 3096 3062 βεστιαρίου
3146 2991 3526 3059 παιδόπουλον,
3558 2989 3702 3043 καθὰ

2135 3077 2375 3148 εἴρηται.
2409 3077 2531 3132 Ἐπὶ
2554 3080 2609 3133 δὲ
2627 3080 2736 3134 τῶν
2762 3082 2985 3152 ἑορτῶν,
3013 3083 3141 3138 ὃταν
3172 3084 3511 3153 παράστασις
3545 3083 3704 3152 γένη-

2136 3186 2251 3233 ται,
2283 3171 2421 3239 μετὰ
2452 3173 2511 3224 τὸ
2539 3173 2629 3225 τὸν
2670 3173 2895 3242 βασιλέα
2923 3175 3002 3238 εἰς
3029 3175 3120 3228 τὸν
3162 3175 3348 3246 θρόνον
3381 3174 3544 3228 αὑτοῦ
3579 3191 3706 3230 στι-

451 3280 657 3336 omisso
687 3281 804 3348 illo,
851 3281 1168 3339 Proferatur
1219 3294 1498 3353 sceptrum
1547 3299 1756 3350 meum,
1792 3299 2028 3356 magnus

2137 3259 2319 3328 θῆναι,
2346 3263 2440 3314 καὶ⁵
2475 3265 2641 3344 χωρὶς
2676 3266 2770 3319 τοῦ
2802 3266 2976 3319 εἰπεῖν
3010 3269 3175 3321 αὑτὸν
3203 3269 3287 3322 ὅτι
3322 3267 3382 3321 16
3407 3267 3705 3322 δικανίκιόν

452 3373 802 3441 primicerius
828 3377 1167 3445 compellans
1203 3376 1500 3439 famulum,
1525 3374 1774 3440 Famule,
1804 3377 1985 3446 inquit
2009 3393 2023 3432 :

452 3477 508 3522 et
531 3468 823 3522 confestim
877 3479 1151 3539 sceptrum
1210 3480 1480 3540 apportat.
1513 3469 1674 3525 Ratio
1725 3471 1887 3542 hujus
1919 3479 2026 3535 est,

454 3547 581 3630 quia
613 3561 667 3616 in
719 3561 1062 3630 quotidianis
1110 3564 1371 3617 matutini
1405 3573 1462 3618 et
1513 3577 1862 3632 vesperarum
1915 3563 2028 3618 cir-

454 3655 935 3720 cumstationibus,
961 3667 1248 3726 postquam
1278 3657 1663 3713 honoratiores
1687 3673 1754 3712 ex
1794 3657 2033 3727 proceri-

456 3746 556 3801 bus
584 3747 635 3801 in
666 3748 1118 3804 circumstatione
1149 3750 1260 3818 jam
1295 3760 1596 3821 praesentes
1619 3759 1774 3817 sunt,
1827 3751 1903 3806 ait
1927 3751 2031 3804 im-

456 3848 727 3906 perator:
770 3859 789 3892 ι
847 3839 1162 3896 Proferatur
1224 3853 1502 3906 sceptrum
1547 3858 1728 3898 meum
1766 3861 1780 3907 ;
1819 3861 1837 3893 ι
1887 3842 2031 3912 quod

455 3935 778 3994 argumento
795 3937 878 3982 est
899 3928 1177 3998 populum,
1201 3930 1294 3998 qui
1316 3929 1546 3986 inferius
1565 3931 1843 3996 consistit,
1863 3931 2028 3986 etiam

457 4012 860 4082 ingressurum.
912 4015 981 4071 At
1011 4018 1064 4070 in
1115 4019 1330 4088 magnis
1364 4019 1519 4076 testis
1545 4035 1738 4076 omnes
1774 4035 2030 4091 proceres

462 4112 517 4157 et
546 4106 743 4176 reliqui
798 4108 1030 4172 intrant,
1057 4125 1158 4165 nec
1189 4126 1328 4178 opus
1355 4120 1438 4165 est
1467 4125 1526 4166 ut
1550 4113 1847 4182 imperator
1864 4129 2030 4182 scep-

456 4204 600 4250 trum
671 4213 832 4251 suum
877 4199 1175 4268 deposcat:
1222 4201 1326 4255 hoc
1349 4204 1495 4255 enim
1555 4218 1736 4258 sciens
1798 4219 2031 4275 magnus

456 4288 801 4358 primicerius
841 4290 1080 4361 injussus
1115 4292 1384 4362 praecipit,
1417 4304 1470 4348 et
1503 4293 1738 4348 aﬂ‘erunt
1764 4295 1922 4350 illud.

527 4463 1182 4534 Cauunturigiturhorm.
1206 4477 1266 4522 ut
1292 4468 1468 4524 moris
1496 4480 1602 4534 est,
1628 4471 1822 4542 prima,
1849 4474 2031 4538 tertia,

457 4567 610 4612 sexta
632 4567 680 4612 et
719 4573 863 4614 nona
883 4557 992 4631 46
1019 4575 1144 4615 cum
1173 4563 1448 4631 tropariis.
1475 4561 1555 4616 Ad
1583 4564 1837 4621 ultimum
1874 4581 2032 4623 nonae

2139 3371 2264 3423 μου,
2306 3353 2453 3425 λέγει
2489 3357 2518 3410 6
2538 3359 2711 3428 μέγας
2734 3362 3167 3431 πριμμικήριος,
3203 3360 3581 3426 παιδόπουλον,
3607 3361 3702 3414 καὶ

2133 3445 2290 3515 φέρει
2330 3446 2510 3502 τοῦτο.
2555 3450 2616 3502 '0
2648 3451 2703 3503 δὲ
2737 3451 2868 3522 περὶ
2913 3451 3106 3504 τούτου
3142 3451 3296 3519 λόγος
3334 3445 3487 3514 οὗτός
3535 3452 3704 3513 ἐστιν,

2132 3545 2215 3599 ὅτι
2269 3546 2350 3608 εις
2385 3546 2483 3608 τὰς
2515 3545 2635 3597 καθ’
2666 3545 2880 3616 ἡμέραν
2927 3545 3034 3598 τῶν
3066 3545 3280 3617 ὄρθρων
3328 3544 3702 3615 παραστάσεις

2131 3639 2223 3690 καὶ
2253 3638 2364 3690 τῶν
2390 3636 2711 3708 ἑσπερινιῖω,
2747 3638 2884 3706 μετὰ
2907 3637 2969 3690 16
3004 3637 3131 3699 τοὺς
3158 3635 3412 3705 ὲντιμους
3458 3636 3566 3688 τῶν
3597 3636 3700 3704 ἀρ·

2131 3732 2333 3800 χόντων
2361 3733 2441 3794 εἰς
2469 3731 2569 3800 τὴν
2598 3731 2941 3800 παράστασιν
2982 3728 3264 3791 εἰσελθεῖν,
3297 3727 3447 3796 λέγει
3484 3727 3513 3780 6
3545 3727 3701 3798 βασι-

2130 3821 2256 3886 λεὺς
2287 3823 2372 3876 ὅτι
2399 3823 2459 3876 16
2483 3823 2784 3878 δικανίκιόν
2814 3839 2934 3894 μου,
2967 3823 3192 3892 σημεῖον
3223 3821 3281 3874 ὃν
3303 3821 3464 3874 τοῦτο
3486 3820 3580 3874 τοῦ
3609 3822 3701 3875 καὶ

2131 3916 2221 3969 16v
2251 3916 2650 3986 παρακάτωθεν
2682 3915 2810 3969 λαδν
2854 3916 3134 3970 εἰσελθεῖν.
3169 3914 3326 3968 Κατὰ
3360 3915 3416 3966 δὲ
3462 3914 3561 3979 τὰς
3600 3931 3703 3987 μεο

2131 4007 2302 4074 γάλας
2327 4006 2432 4058 τῶν
2460 4006 2662 4075 ἑορτῶν
2691 4005 2888 4067 πάντες
2930 4005 3188 4074 ἄρχοντές
3212 4023 3271 4059 τε
3304 4006 3396 4059 καὶ
3427 4005 3477 4059 οι
3525 4005 3703 4058 λοιποὶ

2131 4097 2492 4166 εἰσέρχονται,
2526 4097 2620 4152 καὶ
2651 4096 2750 4148 οὐκ
2778 4095 2893 4148 ἔστι
2919 4097 3077 4166 χρεία
3109 4096 3198 4150 διὰ
3235 4095 3396 4150 τοῦτο
3421 4096 3513 4150 16v
3551 4095 3708 4166 βασι-

2130 4188 2229 4242 λέα
2260 4189 2497 4258 ζητῆσαι
2528 4188 2587 4240 16
2625 4188 2925 4242 δικανίκιον
2954 4188 3118 4242 αὐτοῦ
3143 4206 3158 4222 ο
3198 4189 3320 4243 τόδε
3354 4189 3464 4260 γὰρ
3491 4189 3644 4253 εἰδὼς
3676 4191 3705 4243 6

2135 4282 2310 4352 μέγας
2345 4283 2750 4354 πριμμικήριος
2783 4282 2931 4352 λέγει
2980 4283 3360 4359 άνερωτήτως,
3391 4285 3482 4336 καὶ
3511 4283 3705 4355 φέρου-

2135 4394 2219 4430 σιν
2242 4377 2411 4446 αὐτῷ.

2203 4469 2511 4524 Ψάλλονται
2540 4465 2632 4524 οὖν
2679 4471 2734 4524 αἱ
2765 4465 2926 4543 ὧραι,
2957 4469 3035 4532 ώς
3077 4469 3218 4534 ἔθος,
3241 4470 3276 4540 ἦ
3307 4485 3366 4521 τε
3411 4468 3626 4538 πρώτη,
3669 4470 3703 4537 ἡ

2134 4559 2396 4632 τριθέκτη
2436 4560 2592 4633 καὶὴ
2647 4561 2866 4631 έννάτη,
2904 4560 3042 4630 μετά
3083 4560 3195 4613 τῶν
3241 4560 3575 4630 τροπαρίων.
3614 4559 3704 4622 El;

459 4651 930 4720 horaetroparium
957 4653 1089 4708 dicit
1115 4654 1476 4723 protopsaltes
1517 4672 1533 4710 :
1571 4673 1590 4708 ι
1634 4655 1819 4713 Gloria
1878 4657 2029 4714 Patri

2141 4654 2324 4724 μέντοι
2380 4655 2441 4708 16
2478 4655 2794 4708 τελευταῖον
2821 4653 2918 4724 τῆς
2967 4651 3192 4724 ὲννάτης
3231 4653 3381 4723 ὦρας
3406 4653 3704 4724 τροπάριον

457 4751 512 4796 et
536 4741 674 4796 Filio
703 4754 759 4798 et
793 4742 1020 4813 Spiritui
1047 4755 1241 4801 sancto
1268 4762 1284 4809 ;
1314 4764 1332 4797 ι
1368 4755 1425 4801 et
1462 4747 1808 4804 decantatur.
1861 4749 2030 4804 Addi-

459 4846 547 4892 tur
578 4836 773 4892 deinde
821 4845 875 4892 et
910 4837 1056 4892 hoc:
1091 4856 1110 4891 ι
1140 4838 1208 4893 Ει
1257 4855 1404 4895 nunc
1453 4850 1507 4894 et
1539 4855 1757 4910 semper
1792 4857 1807 4908 ;
1847 4859 1867 4893 ι
1931 4859 2031 4898 nec

457 4929 701 4984 secundo
739 4938 996 4984 cantatur
1021 4931 1346 4996 troparium,
1393 4931 1594 4993 legitur
1624 4943 1806 4987 autem
1854 4949 1884 4987 a
1935 4950 2032 4988 ca-

458 5021 758 5086 nonarcha,
788 5023 884 5091 qui
907 5032 1027 5090 post
1055 5022 1345 5078 lectionem
1388 5023 1474 5078 sic
1509 5023 1759 5092 profatur
1789 5040 1803 5078 :
1844 5043 1862 5076 ι
1900 5025 2032 5080 Diu-

458 5123 682 5169 turnum
719 5114 887 5173 faciat
926 5113 1074 5170 Deus
1106 5126 1413 5184 praepotens
1463 5123 1519 5170 et
1565 5112 1814 5171 sanetum
1865 5120 2036 5186 impe-

457 5204 598 5260 rium
632 5213 876 5261 vestrum
924 5205 993 5260 ad
1043 5207 1246 5262 multos
1286 5222 1480 5262 annos.
1543 5227 1562 5259 ο
1608 5207 1819 5262 Rursus
1871 5209 2033 5262 tertia

457 5297 575 5351 vice
613 5315 628 5352 :
668 5315 686 5348 ι
721 5296 1048 5352 Diuturnum
1076 5297 1239 5353 faciat
1268 5300 1409 5354 Deus
1439 5314 1468 5352 a
1497 5299 1604 5354 Deo
1633 5310 1920 5368 acceptum
1979 5311 2036 5354 et

457 5405 486 5444 a
517 5390 625 5446 Deo
654 5391 987 5447 custoditum
1013 5402 1322 5462 praepotens
1357 5401 1410 5446 et
1435 5401 1688 5446 sanctum
1734 5391 2028 5462 imperium

456 5493 699 5541 vestrum
726 5485 795 5541 ad
829 5486 1032 5541 multos
1061 5502 1258 5545 annos.
1291 5505 1309 5538 ι
1347 5485 1551 5542 Deinde
1581 5487 1892 5542 acclamant
1926 5487 2036 5541 clr-

457 5587 798 5636 cumstantes
845 5595 860 5634 :
904 5598 922 5631 ι
990 5578 1319 5634 Diuturnum
1365 5579 1533 5634 faciat
1591 5579 1736 5634 Deus
1781 5590 2031 5634 sanctum

2137 4745 2282 4815 λέγει
2331 4749 2359 4800 6
2392 4747 2786 4817 πρωτοψάλτης
2819 4746 2880 4798 τὸ
2920 4744 3080 4810 Δόξα,
3109 4746 3203 4798 καὶ
3239 4745 3525 4816 ψάλλεται.
3574 4745 3706 4802 Εἶτα

2139 4840 2234 4892 καὶ
2261 4840 2319 4892 16
2346 4841 2454 4892 Kal
2483 4839 2578 4893 νῦν
2603 4839 2694 4891 καὶ
2721 4838 2827 4893 άει.
2849 4837 2959 4891 Kal
2987 4837 3048 4890 οὐ
3073 4837 3331 4902 ψάλλεται
3356 4838 3420 4893 ὲκ
3453 4839 3704 4910 δευτέρου

2142 4933 2242 5000 μὲν
2271 4931 2333 4986 16
2367 4933 2684 5003 τροπάριον,
2725 4930 3154 4999 ἀναγινώσκεται
3201 4931 3258 4983 δὲ
3291 4931 3394 4984 ὑπὸ
3423 4931 3518 4985 τοῦ
3548 4950 3709 4987 κανο-

2139 5026 2382 5096 νάρχουο
2443 5026 2500 5088 ὃς
2532 5025 2626 5079 καὶ
2683 5026 2821 5094 μετὰ
2870 5024 2931 5077 16
2984 5025 3292 5092 ἀναγνῶναι
3340 5025 3486 5094 λέγει
3527 5025 3706 5079 οὕτω·

2145 5135 2163 5168 ι
2188 5118 2545 5186 Πολυχρόνιον
2565 5117 2833 5187 ποιήσαιό
2858 5117 2991 5180 θεὸς
3012 5115 3110 5185 τὴν
3138 5115 3406 5187 κραταιάν
3435 5118 3527 5170 καὶ
3548 5118 3708 5185 ἁγίαν

2141 5209 2417 5280 βασιλειαν
2448 5212 2547 5272 σᾶς
2573 5212 2650 5274 εἰς
2679 5210 2847 5264 πολλὰ
2871 5210 2986 5280 ἔτη.
3020 5228 3037 5262 t
3064 5212 3174 5264 Kal
3204 5210 3362 5263 πάλιν
3389 5211 3450 5263 ὲκ
3481 5211 3664 5280 τρίτου
3689 5227 3704 5243 ο

2145 5319 2163 5352 ι
2198 5303 2556 5372 Πολυχρόνιον
2609 5303 2832 5370 ποιήσαι
2868 5303 2894 5354 6
2924 5302 3058 5364 856;
3105 5300 3204 5371 τὴν
3236 5301 3706 5371 θεοπρόόληπτον,

2141 5394 2471 5448 θεόστεπτον
2502 5396 2595 5447 καὶ
2643 5393 3064 5464 θεοφροὺρητον,
3109 5395 3383 5464 κραταιάν
3417 5394 3511 5448 καὶ
3546 5393 3709 5460 ἁγίαν

2145 5486 2421 5558 βασιλειαν
2455 5489 2551 5550 σᾶς
2578 5489 2654 5548 εἰς
2683 5487 2854 5540 πολλὰ
2877 5485 2970 5558 ἐτη
2992 5503 3007 5520 ο
3043 5505 3061 5539 ι
3092 5487 3186 5539 καὶ
3211 5486 3473 5556 ψάλλεται
3503 5486 3564 5540 16
3591 5504 3711 5559 τρο-

2147 5580 2346 5650 πάριον
2376 5579 2554 5642 αὖθις,
2589 5579 2714 5631 ἐπεὶ
2737 5578 2798 5631 τὸ
2828 5577 2944 5632 Νῦν
2980 5578 3074 5632 καὶ
3105 5577 3190 5632 ἀεὶ
3217 5579 3546 5650 προερρέθη.

459 5676 750 5743 imperium
787 5685 1029 5731 vestrum
1071 5678 1137 5731 ad
1167 5678 1368 5732 multos
1416 5692 1616 5731 annos.
1650 5695 1670 5729 ι
1726 5675 2065 5745 Canilurque
2105 5675 2141 5730 il
2170 5677 2238 5731 ud
2293 5676 2592 5747 troparium
2645 5675 2872 5742 iterum,
2931 5691 3058 5730 cum
3122 5675 3297 5729 illud:
3354 5693 3372 5727 t
3420 5673 3578 5728 Nunc
3649 5688 3709 5740 ει

459 5786 701 5843 semper,
731 5792 750 5826 ι
781 5783 940 5827 antea
966 5781 1313 5834 decantatum
1346 5772 1526 5826 fuerit.

534 5864 784 5923 Psalmos
804 5867 1059 5922 horarum
1077 5867 1202 5936 legit
1227 5865 1662 5932 archidiaconus,
1686 5865 2027 5936 prepltetiam

2211 5860 2350 5926 Τοὺς
2385 5859 2483 5932 μὲν
2522 5859 2615 5914 οὖν
2642 5859 2892 5930 ψαλμοὺς
2935 5858 3044 5913 τῶν
3083 5857 3241 5930 ώρῶν
3288 5854 3704 5924 ἀναγινώσκειὸ
