4050 6568
310 409 338 463 ί
349 406 384 468 5
1292 409 1390 472 DE
1429 408 1762 472 OFFICIIS
1804 408 2276 474 CPOLITANIS.
2321 411 2482 474 CAP.
2520 411 2618 472 VI.
3533 411 3601 474 06

305 518 712 589 ἀρχιδιάκονος,
759 519 864 587 τὴν
909 521 1252 592 προφητείαν
1282 523 1376 576 καὶ
1414 523 1507 576 τὸν
1555 523 1855 578 ἀπόστολον

1981 577 1982 583 η
2015 532 2067 576 et
2109 523 2420 592 apostolum
2467 520 2990 593 protapostolarins.
3027 520 3441 593 Evavaugeliis
3473 527 3588 594 pri-

303 612 899 680 πρωταποστολάριοκ
930 611 1038 665 τῶν
1061 613 1116 664 δὲ
1145 613 1494 680 Εὑαγγελίων
1523 614 1584 666 τὸ
1613 614 1714 683 μὲν
1745 616 1899 683 πρῶ-

301 721 402 757 τον
428 706 454 758 6
484 707 895 775 πρωτοπαπιῇ,
931 705 998 758 τὰ
1034 707 1089 759 δὲ
1120 705 1282 759 λοιπὰ
1312 707 1476 773 ἱερεῖς
1513 708 1713 777 ἕτεροι.

376 797 537 850 Μετᾶ
569 798 627 850 δὲ
661 799 764 867 τὴν
815 797 1083 851 ἀπόλυσιν
1125 798 1235 850 τῶν
1283 797 1444 868 ὡρῶν
1485 798 1580 852 τοῦ
1630 797 1896 869 βασιλέως

303 887 646 950 ἀπελθόντος
677 884 834 952 αὖθις
861 890 956 942 καὶ
991 888 1093 950 τὰς
1117 888 1282 956 ἀγίας
1309 889 1526 948 εἰκόνας
1567 890 1899 958 ἀσπασαμέ-

298 998 423 1042 νου,
462 981 558 1033 καὶ
597 982 740 1050 μετά
765 981 927 1034 τοῦτο
969 983 1048 1044 είς
1075 982 1138 1035 τὸ
1171 980 1384 1034 κελλίον
1411 981 1578 1035 αὐτοῦ
1627 983 1896 1037 είσελθὸν-

295 1091 418 1139 τος,
453 1075 652 1127 λύεται
679 1076 714 1144 ἠ
741 1076 1084 1145 παράστασις
1115 1075 1312 1145 μέχρις
1346 1074 1413 1127 ἂν
1447 1078 1478 1144 ἡ
1512 1077 1612 1142 τῆς
1645 1076 1894 1147 λειτουρ-

297 1167 431 1234 γίας
491 1170 854 1234 προσήκουσα
901 1167 1032 1238 ἔλθῃ
1081 1167 1218 1238 ὥρα,
1269 1169 1365 1222 καὶ
1412 1169 1534 1222 τότε
1563 1169 1827 1238 ψάλλεται
1865 1173 1894 1226 6

301 1260 600 1328 ἐσπερινδς
629 1260 818 1329 ὕμνος.
841 1260 1060 1314 Γίνεται
1102 1260 1285 1330 μέντοι
1319 1261 1479 1314 τοῦτο
1509 1261 1704 1328 οὕτως,
1733 1264 1892 1334 εῐπερ

299 1352 461 1419 τύχοι
491 1351 631 1406 οὖσα
663 1353 696 1421 ἠ
745 1352 910 1422 ἑορτὴ
939 1354 998 1405 ὲν
1023 1353 1157 1426 ἀλλῃ
1187 1354 1286 1423 τῆς
1331 1353 1626 1424 ἑϐδομάδος
1663 1355 1848 1429 ἡμέρᾳ
1873 1371 1887 1387 ’

299 1445 440 1496 εἰδὲ
479 1447 538 1497 ὲν
589 1445 846 1514 σαϐϐάτῳ
887 1443 921 1514 ἢ
977 1447 1242 1515 κυριακῇ,
1271 1445 1381 1499 τῶν
1426 1447 1586 1514 ὡρῶν
1641 1449 1734 1502 καὶ
1776 1449 1889 1502 τῶν

299 1538 627 1607 τροπαρίων
675 1538 1033 1607 ψαλλομένων
1080 1538 1349 1609 πάρεστιν
1396 1539 1496 1609 μὲν
1541 1541 1568 1593 6
1604 1540 1886 1611 βασιλεὺς,

300 1631 364 1684 ού
392 1631 504 1700 μὴν
528 1627 712 1683 δὲ’καὶ
749 1632 828 1692 είς
858 1630 960 1702 τὴν
1005 1631 1372 1701 λειτουργίαν,
1404 1632 1520 1687 ἀλλ’
1557 1635 1664 1706 ἰδίᾳ
1693 1635 1890 1704 ψάλλε-

297 1739 392 1774 ται
428 1724 596 1790 αὕτη.
637 1723 703 1775 'H
740 1724 795 1776 δέ
819 1740 882 1791 γε
924 1724 1070 1776 αἰτία
1096 1711 1190 1777 τοῦ
1215 1723 1288 1794 μὴ
1320 1727 1574 1795 παρεῖναι
1597 1726 1763 1780 αὐτὸν
1795 1727 1888 1796 βα-

2013 629 2162 666 muln
2203 612 2430 682 quidem
2496 612 2628 684 legit
2675 623 2991 683 protopapa,
3031 613 3239 682 reliqua
3291 613 3379 668 alii
3411 631 3599 672 sacer-

2007 707 2188 762 dotes.
3179 774 3190 782 γ

2059 800 2258 857 Finitis
2272 800 2444 865 horis,
2462 799 2792 869 imperatore
2821 814 3014 855 rursus
3035 799 3271 856 abeunte
3293 810 3348 855 et
3372 811 3595 858 sanctas

2005 893 2277 964 imagines
2305 893 2658 947 exosculante
2683 907 2955 960 suumque
2991 893 3248 947 conclave
3292 902 3594 962 repetente,

2004 985 2241 1039 Solvitur
2259 985 2659 1047 circumstatio,
2681 985 2856 1039 donec
2875 984 3056 1039 debita
3085 984 3319 1055 liturgiae
3344 986 3477 1040 hora
3495 986 3596 1038 ad-

2001 1077 2237 1132 venerit.
2277 1077 2345 1132 Et
2377 1088 2506 1132 tunc
2548 1076 2856 1145 psalluntur
2889 1092 3146 1145 vespera.
3182 1077 3246 1130 Et
3281 1077 3382 1132 hoc
3408 1076 3482 1130 ita
3511 1076 3595 1138 ﬁt,

2002 1170 2048 1240 si
2109 1169 2307 1225 festum
2340 1169 2395 1224 in
2435 1170 2756 1239 septimanae
2791 1169 2936 1224 diem
2986 1170 3212 1224 incidat.
3251 1169 3307 1224 Si
3355 1185 3485 1223 vero
3517 1170 3594 1223 le-

2001 1271 2145 1316 stnnr
2167 1261 2221 1314 iu
2240 1262 2534 1316 Sabhatum
2549 1270 2644 1316 aut
2662 1262 2998 1316 Dominicam
3014 1262 3154 1316 diem
3179 1260 3453 1327 inciderit,
3469 1278 3590 1316 cum

2001 1354 2148 1410 hora:
2169 1365 2224 1411 et
2252 1356 2489 1426 troparia
2541 1357 2928 1422 concinuntur,
2968 1357 3123 1411 adest
3147 1355 3367 1425 quidem
3424 1358 3590 1424 impeo

2000 1458 2172 1512 rator,
2197 1447 2290 1503 sed
2312 1462 2416 1500 non
2434 1447 2484 1500 in
2503 1447 2746 1518 liturgia,
2765 1463 2884 1515 quae
2901 1448 3153 1517 privatim
3176 1445 3588 1517 peragitur.ﬂ.7

1996 1538 2176 1592 Causa
2194 1554 2294 1593 cur
2311 1538 2608 1607 imperator
2627 1539 2858 1608 liturgize
2876 1556 2983 1594 non
3002 1542 3068 1596 sit
3090 1555 3331 1610 praesens
3347 1547 3432 1594 est
3455 1541 3578 1599 ista.

1995 1630 2125 1698 quia
2171 1631 2297 1684 aliis
2331 1631 2577 1700 quinque
2609 1632 3067 1686 antecedentibus
3100 1631 3296 1686 diebus
3322 1638 3586 1685 cantatur

1994 1723 2233 1792 primum
2268 1723 2616 1793 vespertinus
2649 1724 2906 1794 hymnus,
2935 1735 2986 1779 et
3018 1735 3142 1794 post
3182 1726 3330 1780 hunc
3366 1723 3585 1793 liturgia

301 1815 458 1869 σελέα
515 1818 610 1868 καὶ
657 1815 739 1879 είς
786 1817 886 1886 τὴν
935 1815 1287 1885 λειτουργίαν
1317 1817 1464 1870 ἐστὶν
1510 1817 1592 1871 δτι
1625 1820 1724 1881 τὰς
1783 1820 1876 1888 μὲι

1995 1813 2300 1882 perficitur.
2340 1815 2394 1869 Si
2447 1831 2574 1869 vero
2605 1816 2804 1871 festum
2843 1817 2896 1870 in
2934 1817 3234 1871 Sabbatum
3269 1817 3350 1870 vel
3396 1817 3583 1870 Domi-

300 1909 475 1972 ἄλλας
516 1910 679 1963 πέντε
735 1910 952 1980 ἡμέρας
988 1908 1251 1980 ψάλλεται
1292 1909 1572 1979 πρῶτον⁹ὁ
1603 1912 1876 1982 ἑσπερινὸς

1997 1905 2181 1960 nicum
2207 1907 2350 1962 diem
2410 1907 2678 1971 incurrat,
2703 1909 2836 1964 hora
2879 1911 3036 1964 tertia
3065 1910 3168 1964 diei
3197 1908 3414 1979 liturgia
3441 1913 3582 1962 cele-

299 2001 477 2068 ὖμνος
508 2003 605 2055 καὶ
663 2002 782 2072 μετ’
813 2003 978 2056 αὐτὸν
1014 2005 1056 2073 ,ἡ
1101 2003 1436 2073 λειτουργία,
1481 2005 1530 2058 εί
1562 2005 1619 2058 δὲ
1660 2007 1718 2060 ιν
1752 2007 1892 2060 Σαϐ-

301 2094 455 2163 ϐάτῳ
489 2093 642 2163 τύχοι
669 2095 702 2166 ἢ
734 2097 997 2166 κυριακῇ,
1032 2095 1113 2158 είς
1145 2096 1334 2165 τρίτην
1357 2095 1507 2167 ὤραν
1543 2098 1645 2167 τῆς
1683 2099 1891 2169 ἡμέρας

300 2189 515 2254 γίνεται
544 2189 579 2258 ἡ
605 2187 938 2257 λειτουργία.
970 2189 1068 2242 Διά
1095 2206 1181 2242 τοι
1212 2187 1374 2242 τοῦτο
1402 2189 1499 2244 καὶ
1544 2191 1698 2245 οὐδὲν
1723 2191 1888 2256 σώζει

297 2279 617 2348 ψάλλεσθαι
675 2279 774 2352 τὴν
819 2280 1082 2351 τοιαύτην
1130 2281 1263 2352 ὃλην
1317 2282 1643 2338 ἀκολουθίαν
1687 2285 1799 2338 τῶν
1828 2303 1887 2338 τε

295 2374 466 2446 ὡρῶν
495 2374 727 2427 καὶτῶν
777 2374 1116 2445 τροπαρίων,
1169 2377 1256 2430 διὰ
1299 2376 1359 2430 τὸ
1409 2377 1672 2446 πλείστην
1721 2374 1886 2445 εἶναι,

294 2469 391 2520 καὶ
436 2465 499 2532 ἐξ
541 2467 788 2537 ἀνάγκης
818 2468 1083 2537 ψάλλεται
1117 2471 1214 2538 μὲν
1254 2471 1470 2541 πρῶτον
1504 2473 1537 2543 ἡ
1571 2471 1888 2542 λειτουργία

299 2559 470 2624 ίδίως,
500 2560 580 2621 ὡς
612 2560 753 2614 κατά
791 2561 885 2614 τὸν
907 2563 1240 2632 τεταγμένον
1267 2564 1480 2630 καιρὸν,
1503 2563 1598 2618 καὶ
1625 2563 1755 2618 ἄνευ
1784 2566 1885 2636 τῆς

292 2652 389 2704 τοῦ
428 2651 698 2720 βασιλέως
730 2653 1050 2725 ἆπιδημίας,
1081 2654 1223 2708 κατά
1250 2654 1306 2709 δὲ
1339 2655 1439 2726 τὴν
1467 2655 1564 2710 τοῦ
1594 2657 1882 2729 ἑσπερινοῦ

294 2744 452 2814 ὥραν
489 2747 516 2798 6
551 2746 807 2813 βασιλεὺς
836 2747 1059 2820 ἔρχεται
1085 2750 1167 2811 είς
1204 2748 1303 2819 τὴν
1330 2749 1650 2820 ἐκκλησίαν.

365 2838 495 2890 Τῶν
523 2840 622 2893 οὖν
663 2843 980 2911 τροπαρίων
1022 2842 1374 2911 ψαλλομένων
1405 2844 1433 2896 6
1475 2843 1576 2914 μὶν
1631 2843 1884 2915 βασιλεὺς

293 2933 459 3000 φορεῖ
487 2931 734 2986 σκιάδιον
769 2933 866 2986 καὶ
913 2933 1012 3004 τὴν
1040 2933 1418 3005 καθημερινὴν
1447 2937 1644 3007 στολὴν
1687 2939 1877 3004 αὑτοῦ,

292 3027 394 3076 καὶ
430 3025 478 3075 οἱ
509 3024 774 3095 ἄρχοντες
803 3025 861 3078 δὲ
884 3025 1146 3089 ὡσαύτως
1166 3042 1182 3059 ο
1220 3027 1362 3080 κατά
1391 3026 1450 3080 δὲ
1480 3027 1572 3082 τὸν
1593 3029 1881 3100 ἑσπερινδν

290 3117 384 3168 καὶ
435 3117 540 3188 τὴν
584 3116 934 3186 λειτουργίαν
988 3116 1250 3171 ἀλλάσσει
1291 3117 1485 3189 ῥοῦχον
1528 3136 1879 3192 μαργαριτα-

294 3209 496 3276 ρὲῖνον.
553 3210 715 3280 Φορεῖ
745 3208 803 3263 δὲ
834 3209 927 3262 ἐπὶ
975 3208 1219 3280 κεφαλῆς
1259 3207 1320 3262 τὸ
1359 3208 1553 3263 δοκοῦν
1587 3211 1740 3282 αύτῷ
1782 3213 1876 3280 (ρό-
1903 3245 1946 3304 c

289 3318 456 3369 ρεμα,
488 3300 603 3370 ἧως
645 3300 677 3369 ἢ
726 3299 1078 3371 κρινωνίανῆ
1122 3299 1493 3371 τετράφυλλον
1531 3301 1562 3373 ἦ
1593 3319 1646 3355 τι
1681 3303 1878 3373 ⁴ἕτερον

285 3393 477 3462 ὅμοιον
507 3392 723 3457 τούτοις
741 3408 755 3424 ο
779 3393 831 3447 οἱ
860 3394 918 3446 δὲ
946 3395 1209 3464 ἄρχοντες
1235 3393 1569 3464 σκαράνικα,
1599 3394 1876 3464 φακεώλια

285 3487 381 3538 καὶ
407 3485 688 3539 καδΰάδια
721 3486 816 3540 καὶ
843 3485 1188 3556 ἐπιλούρικα,
1216 3484 1446 3550 ἕκαστος
1485 3485 1627 3540 κατὰ
1657 3486 1754 3558 τὴν
1782 3487 1877 3542 τά-

289 3577 371 3641 ξιν
408 3577 601 3631 αὐτοῦ.

356 3755 730 3826 1Ἰταλλομένης
777 3751 874 3809 οὖν
925 3756 1026 3823 τῆς
1075 3757 1446 3827 λειτουργίας,
1496 3758 1529 3828 ἢ
1583 3758 1744 3828 μόνον
1776 3758 1870 3814 τοῦ

290 3853 604 3925 ἐσπερινοῢ,
640 3853 686 3905 εί
723 3855 782 3906 ὲν
818 3851 1130 3923 σαδύάτῳῆ
1157 3855 1395 3924 κυριακῇ
1423 3853 1595 3924 τύχοι,
1621 3854 1696 3918 ὡς
1720 3856 1871 3926 εῐρηο

288 3965 398 4008 ται,
423 3948 475 4000 ol
513 3947 924 4018 προρῤηθέντες
953 3946 1213 4015 ἄρχοντες
1253 3947 1303 4000 οἱ
1338 3947 1430 4000 καὶ
1457 3947 1554 4014 τῆς
1586 3948 1868 4018 παραστάο

287 4055 420 4101 σεως
459 4038 734 4109 ὑπηρέται
763 4037 834 4090 τὰ
866 4035 1120 4106 βασιλικά
1151 4036 1411 4108 φέροντες
1441 4039 1730 4109 φλάμουλα
1768 4041 1869 4111 τῆς

286 4129 614 4201 προκύψεως
636 4127 829 4182 ίστῶσι
851 4128 1213 4198 καταντικρύ.
1247 4129 1313 4180 ’Δ
1334 4129 1396 4200 δὴ
1421 4130 1514 4183 καὶ
1538 4133 1646 4184 elal.
1673 4130 1865 4193 ταῦτα,

282 4225 340 4276 τὸ
377 4224 483 4293 μὲν
509 4222 567 4275 ἒν
599 4221 1062 4292 ἀρχιστράτηγος,
1093 4220 1156 4273 τὸ
1185 4219 1241 4275 δὲ
1274 4220 1462 4291 ἕτερον
1501 4223 1712 4286 είκόνας
1742 4223 1866 4292 ἕχον

286 4317 489 4380 πολλὰς
514 4316 665 4378 θείας
698 4313 973 4384 ίεραρχῶν
1000 4312 1410 4381 ὀκτάγλωσσον,
1452 4316 1590 4384 ὅπερ
1623 4315 1866 4368 καλεῖται

281 4407 628 4462 ὁκταπύδιον.
674 4406 838 4459 ’Λλλο
865 4405 1098 4474 σταυρὸς
1137 4404 1276 4475 ἔχων
1305 4405 1523 4471 είκόνας
1551 4407 1658 4461 τῶν
1694 4410 1864 4477 ἁγίων

279 4501 570 4570 τεσσάρων
623 4497 880 4569 μεγάλων
909 4495 1230 4568 μαρτύρων,
1263 4498 1603 4569 Δημητρίου,
1650 4500 1860 4569 Προκο-

1995 1996 2210 2054 bratur.
2262 1997 2629 2064 Quamobrem
2685 2001 2958 2072 integrum
3016 2017 3123 2055 non
3162 2008 3248 2056 est.
3289 2009 3348 2054 ut
3386 2002 3578 2072 hujus-

1994 2089 2144 2145 modi
2221 2099 2391 2146 totum
2463 2092 2702 2148 oﬁicium
2765 2094 3027 2149 horarum
3095 2103 3152 2150 et
3215 2096 3580 2164 tropariorum

1993 2181 2359 2253 persolvatur,
2379 2198 2444 2238 eo
2473 2184 2618 2255 quod
2644 2186 2714 2240 sit
2731 2185 2886 2241 valde
2909 2177 3201 2256 prolixum.
3223 2185 3360 2241 llinc
3387 2203 3582 2242 neces-

1993 2272 2140 2327 sario
2164 2274 2316 2342 prius
2365 2274 2588 2345 liturgia
2636 2277 2864 2332 seorsim
2923 2281 3270 2342 decantatur,
3313 2288 3574 2347 tanquam

1989 2375 2197 2422 statuto
2221 2379 2486 2439 tempore,
2527 2378 2581 2424 et
2605 2371 2726 2427 sine
2755 2372 3108 2441 imperatoris
3157 2374 3470 2442 praesentia.
3503 2375 3577 2424 At

1989 2457 2138 2513 circa
2176 2475 2528 2531 vesperarum
2590 2462 2784 2517 horam
2821 2463 3124 2532 imperator
3156 2463 3225 2518 ad
3284 2463 3574 2519 ecclesiam

1989 2565 2049 2605 se
2084 2550 2325 2608 confert.

2059 2829 2195 2884 Dum
2237 2830 2400 2902 igitur
2452 2833 2692 2902 troparia
2728 2833 3060 2904 psalluntur,
3113 2835 3416 2906 imperator
3467 2835 3574 2892 fert

1986 2921 2186 2991 pileum
2239 2935 2290 2976 et
2341 2924 2720 2993 quotidianum
2753 2941 2916 2981 suum
2975 2927 3259 2982 amictum.
3300 2927 3567 2984 Similiter

1983 3023 2035 3067 et
2079 3029 2337 3084 proceres
2384 3015 2568 3070 auliri.
2606 3016 2760 3070 Circa
2810 3019 3156 3088 vespertinas
3203 3035 3335 3074 vero
3382 3022 3571 3075 laudes

1982 3114 2037 3160 et
2061 3092 2345 3177 liturgiam
2383 3117 2562 3162 mutat
2595 3124 2754 3163 suum
2792 3110 3046 3170 ruchum,
3073 3111 3179 3167 hoc
3201 3114 3567 3168 estcxtimum

1984 3195 2389 3266 indumentum,
2441 3201 2755 3266 margaritis
2802 3213 3170 3259 contextum:
3227 3205 3330 3260 fert
3381 3221 3564 3262 autem

1983 3289 2036 3344 in
2064 3291 2243 3360 capite
2272 3293 2418 3360 quod
2475 3294 2763 3348 aliubescit
2801 3287 3106 3364 gestamen,
3140 3307 3268 3366 puta
3319 3300 3400 3353 \el
3457 3301 3564 3354 cri-

1983 3382 2206 3434 n0niam
2241 3382 2323 3436 vel
2361 3386 2754 3456 tetraphyllum
2792 3390 2876 3444 vel
2901 3389 3031 3458 quid
3062 3388 3327 3445 assitnile.
3359 3394 3559 3448 Proce-

1978 3487 2066 3526 res
2092 3489 2221 3527 vero
2246 3485 2463 3545 gestant
2493 3480 2802 3541 scaranica,
2839 3481 3144 3550 phaceolia,
3194 3486 3459 3540 cabbadia
3505 3496 3561 3541 et

1979 3563 2270 3645 epilorica,
2298 3568 2529 3622 cuilibet
2554 3569 2854 3625 secundum
2886 3571 3136 3626 ordinem
3165 3581 3220 3626 ct
3242 3573 3560 3643 dignitatem

1975 3672 2157 3710 suam.

2051 3748 2187 3803 Dum
2221 3750 2392 3819 igitur
2434 3752 2659 3824 litttrgia
2694 3755 2974 3824 peragitur
3005 3765 3100 3811 aut
3123 3757 3258 3812 solve
3290 3761 3559 3826 w-sperti-

1974 3857 2056 3896 nm
2081 3841 2272 3896 laudes
2299 3844 2681 3902 decantaatur.
2711 3842 2755 3897 si
2791 3842 2988 3898 festum
3023 3846 3265 3900 Satibato
3317 3857 3408 3900 aut
3437 3846 3547 3900 Do-

1975 3935 2182 3988 ininico
2203 3934 2292 3987 die
2335 3944 2612 3998 occurrat,
2651 3936 2936 3989 utdictum
2989 3947 3094 4000 est,
3179 3940 3559 4008 praenominali

1975 4039 2249 4094 proceres.
2282 4023 2376 4093 qui
2424 4025 2589 4077 etiam
2648 4025 3121 4081 circumstationis
3178 4030 3554 4086 moderatores

1971 4127 2123 4182 sunt,
2151 4128 2367 4186 gestant
2392 4117 2668 4171 ﬂammula
2695 4133 2760 4172 ex
2787 4117 3018 4172 adverso
3054 4120 3396 4190 imperatorii
3451 4141 3550 4178 so-

1970 4213 2048 4275 lii,
2085 4227 2206 4280 quae
2239 4223 2366 4267 sunt
2395 4212 2522 4266 ista.
2558 4209 2735 4265 Unum
2776 4212 2993 4280 quidem
3030 4212 3142 4284 48
3195 4214 3550 4269 arcltis:ratc-

1971 4320 2071 4374 gus
2096 4305 2446 4374 appellatum,
2506 4306 2737 4360 alterum
2781 4306 2988 4360 habens
3047 4307 3246 4363 nmitas
3307 4309 3551 4364 divinas-

1967 4411 2077 4465 que
2135 4412 2421 4450 sacrorum
2462 4397 2782 4463 pontiﬁcum
2821 4396 3088 4465 imagines
3144 4397 3362 4467 lingulis
3403 4410 3549 4464 Octo,

1966 4489 2110 4558 quod
2148 4498 2344 4543 vacant
2371 4490 2761 4558 octapodium;
2796 4490 3020 4544 tertium
3049 4505 3186 4544 crux
3217 4499 3321 4554 est,
3345 4491 3550 4549 habens

278 4593 399 4644 πίου
426 4591 524 4644 καὶ
553 4589 872 4660 Θεοδώρων,
898 4589 1088 4660 ἕτερον
1113 4587 1238 4658 ἕχον
1269 4590 1360 4643 τὸν
1392 4589 1548 4658 ἅγιον
1581 4590 1860 4661 Γεὼργιον

1981 4582 2234 4651 ηηιιιείηιιε
2267 4592 2585 4636 sanctorum
2610 4592 2846 4650 quatuor
2871 4597 3187 4651 magnOrum
3225 4599 3549 4656 martyrum,

277 4685 543 4753 ἔφιππον,
597 4682 729 4738 ἄλλο
777 4683 1148 4754 δρακόντειον,
1174 4684 1268 4738 καὶ
1312 4683 1498 4753 ἕτερον
1541 4683 1598 4737 δὲ
1626 4684 1722 4755 τὴν
1763 4686 1857 4738 τοῦ

279 4777 546 4846 βασιλέως
589 4774 712 4846 ἔχον
743 4775 948 4846 στήλην
993 4775 1255 4846 ἔφιππον.
1297 4776 1365 4828 ’Δ
1407 4776 1474 4846 δὴ
1512 4775 1686 4832 ταῦτά
1718 4779 1858 4831 είσιν

277 4870 506 4922 ἕκαστον
533 4868 640 4921 ἁνά
659 4867 774 4932 δύο,
806 4869 926 4939 ἦτοι
953 4868 1092 4937 ἐμοῦ
1117 4867 1185 4939 ιβ’
1202 4869 1292 4922 τὸν
1321 4867 1575 4940 ἀριθμόν.
1611 4870 1859 4941 Ἐμπρο-

279 4963 399 5013 σθεν
431 4960 491 5013 δὲ
519 4959 628 5012 τῶν
661 4961 918 5012 τοιούτων
944 4960 1276 5030 φλαμούλων
1307 4961 1627 5028 προΐσταται
1648 4965 1675 5017 6
1698 4979 1857 5017 σκου-

277 5055 456 5123 τέριος
489 5052 775 5124 βαστάζων
803 5053 862 5106 τὸ
889 5052 1174 5118 δισέλλιον,
1204 5053 1232 5106 ὃ
1257 5053 1321 5124 δὴ
1346 5054 1423 5106 ἔνι
1459 5056 1619 5123 μόνον
1649 5054 1728 5120 ἓν,
1761 5058 1856 5110 καὶ

276 5147 331 5198 τδ
362 5145 688 5214 σκουτάριον
715 5145 777 5196 τὸ
806 5143 1110 5214 βασιλικόν.
1142 5140 1249 5198 Ἦν
1281 5145 1380 5215 μὲν
1407 5142 1500 5200 οὖν
1532 5146 1700 5199 πάλαι
1728 5164 1852 5200 συν-

277 5235 456 5304 ήθεια,
488 5235 579 5287 ὅτε
616 5235 650 5304 ἡ
682 5231 775 5286 τοῦ
811 5233 1075 5303 βασιλέως
1117 5233 1366 5299 σύνταξις
1395 5231 1534 5306 ἦσαν
1579 5235 1858 5305 ἑξακισχί-

277 5325 401 5388 λιοι,
429 5320 575 5396 ἦσαν
601 5324 726 5379 καθ’
767 5323 826 5377 ἓν
849 5325 1083 5377 ἕκαστον
1121 5323 1432 5393 φλάμου).ον
1480 5327 1853 5381 πεντακόσιοι.

277 5417 388 5470 Νὖν
404 5418 465 5470 δὲ
485 5417 556 5469 τὰ
585 5416 686 5485 μὲν
706 5416 934 5482 τοιαῦτα
964 5413 1248 5485 φλάμουλα
1280 5414 1506 5484 φέρουσι
1543 5415 1638 5467 καὶ
1668 5415 1857 5468 ίστῶσι

276 5509 631 5580 καταντικρὺ,
676 5508 752 5568 ὡς
785 5508 1025 5577 εἴρηται,
1061 5508 1161 5577 τῆς
1203 5508 1564 5576 ’προκύψεως⁹
1617 5509 1772 5572 ἐκτὸς
1800 5508 1856 5561 δὲ

277 5601 474 5652 ὁπὸταν
521 5597 818 5668 στρατεύει
858 5600 884 5649 6
915 5595 1193 5666 βασιλεὺς,
1235 5601 1376 5651 κατά
1419 5598 1713 5665 ἀναλογίαν
1758 5599 1857 5666 τῆς

276 5689 571 5756 ποσότητος
608 5687 710 5756 τῆς
756 5687 922 5739 αύτοῦ
963 5687 1265 5752 συντάξεως
1307 5686 1418 5756 ἔχει
1461 5687 1557 5741 καὶ
1605 5687 1854 5757 φλάμου-

275 5783 361 5834 λον
390 5779 446 5832 ἓν
479 5780 647 5849 τυχῖιν
689 5777 724 5848 ἢ
751 5777 866 5832 δύο.
901 5779 1168 5834 Ὀπισθεν
1196 5777 1252 5830 δὲ
1281 5781 1388 5832 τῶν
1421 5777 1678 5831 τοιούτων
1702 5779 1857 5848 βασι-

274 5875 435 5928 λικῶν
462 5872 795 5943 ’,ρλαμούὶων
819 5873 1063 5932 ἵστανται
1093 5873 1162 5926 τὰ
1188 5872 1295 5926 τῶν
1321 5872 1598 5925 δεσποτῶν
1626 5877 1715 5926 καὶ
1747 5873 1824 5925 τῶ
1841 5895 1855 5924 ι

1965 4672 2248 4740 Demetrii,
2283 4672 2532 4742 Procopii
2564 4681 2618 4727 et
2652 4673 2940 4743 utriusque
2957 4668 3229 4728 Theodori
3254 4692 3266 4736 ;
3294 4677 3438 4731 aliud
3461 4693 3548 4731 re-

1965 4779 2308 4835 prwscntans
2341 4765 2405 4822 S.
2445 4766 2743 4836 Georgium
2775 4776 3108 4835 equestrem,
3136 4767 3288 4822 aliud
3313 4770 3547 4824 dracon-

1964 4867 2135 4920 teum,
2160 4855 2293 4910 illud
2329 4855 2676 4924 imperatoris
2708 4855 2936 4924 emgiem
2963 4872 3107 4925 equo
3130 4858 3420 4913 insidentis
3453 4877 3549 4915 ex-

1965 4948 2183 5004 hibens.
2222 4948 2352 5003 Bina
2393 4960 2450 5004 et
2487 4948 2614 5002 bina
2640 4959 2768 5002 sunt
2797 4950 3004 5012 omnia,
3034 4951 3134 5005 hoc
3159 4959 3242 5004 est
3288 4953 3545 5008 universe

1963 5040 2268 5094 duodecim.
2298 5041 2440 5094 Ante
2461 5053 2581 5106 quae
2621 5039 2895 5094 ﬂammula
2926 5049 3034 5095 stat
3082 5043 3332 5109 scutifer,
3366 5042 3546 5099 ferens

1963 5130 2223 5184 divelium
2239 5143 2336 5184 seu
2355 5131 2608 5185 vexillum
2631 5131 3061 5201 imperatorium,
3079 5135 3218 5204 quod
3234 5135 3302 5189 ab
3318 5133 3440 5189 aliis
3462 5151 3547 5191 sc-

1961 5223 2192 5290 paratim
2212 5232 2266 5276 et
2287 5222 2564 5292 singulare
2591 5232 2828 5288 tenetur,
2853 5241 2976 5280 cum
2998 5227 3340 5296 imperatoris
3363 5241 3541 5286 scuto.

1963 5314 2126 5380 Olim,
2158 5315 2380 5384 quando
2409 5315 2728 5384 praesidium
2780 5318 3129 5387 imperatoris
3159 5337 3254 5375 sex
3290 5323 3538 5378 millibus

1964 5409 2516 5472 constabat,aderant
2536 5409 2711 5464 cuivis
2739 5409 3024 5467 ﬂammulo
3048 5415 3356 5484 quingenti.
3382 5415 3539 5476 Nunc

1964 5513 2092 5553 vero
2126 5498 2251 5552 talia
2292 5496 2569 5552 llammula
2602 5498 2784 5553 ferunt
2816 5511 2870 5554 et
2919 5513 3173 5558 statuunt
3223 5519 3254 5559 e
3319 5507 3540 5576 regione

1963 5591 2300 5660 imperatorii
2333 5591 2482 5654 solii,
2517 5601 2578 5646 ut
2616 5592 2888 5650 diximus.
2934 5594 3098 5650 Extra
3134 5612 3282 5659 vero.
3316 5599 3537 5668 quando

1961 5685 2256 5755 imperator
2287 5685 2342 5740 in
2368 5685 2718 5755 expeditione
2755 5697 3030 5756 versatur,
3071 5705 3256 5743 secum
3284 5691 3531 5744 circum-

1963 5775 2066 5830 fert
2095 5792 2193 5846 pro
2225 5776 2505 5832 exercitus
2535 5778 2909 5848 magnitudine
2959 5795 3125 5834 unum
3158 5781 3243 5833 vel
3295 5781 3530 5834 alterum

1960 5871 1990 5924 ﬂ
2013 5871 2321 5924 tumulum.
2343 5869 2511 5925 Retro
2525 5871 2841 5939 huiusmodi
2873 5872 3230 5940 imperatoria
3253 5871 3530 5928 llammula
