4050 6600
531 419 600 484 67
1728 414 1993 476 CODINI
2033 415 2552 478 CUROPALAT/E
3679 413 3750 478 68

531 535 782 588 visuntur
842 529 1116 587 ﬂammnla
1173 530 1526 600 despotarum
1586 537 1640 584 et
1694 543 2004 600 procerum,
2042 536 2097 582 at

2201 527 2495 598 ἀρχόντων,
2554 527 2616 580 οὐ
2650 526 2754 597 μὴν
2787 526 2882 580 καὶ
2935 526 3079 581 κατὰ
3127 524 3302 592 τάξιν.
3357 522 3575 579 Τούτων
3617 524 3664 579 δ’
3697 520 3764 579 αὖ

531 641 640 679 non
679 634 829 680 certo
866 625 1076 680 ordine.
1108 623 1258 680 Pone
1289 625 1393 679 ista
1433 623 1852 694 conspiciuntur
1906 622 2095 692 populi

529 732 623 772 seu
649 717 1014 771 tribunorum.

592 809 862 863 Caeterum
897 820 1182 879 postquam
1249 807 1496 878 praedicti
1547 808 1734 877 hymni
1777 808 1935 864 ﬁnem
1998 821 2091 862 ac-

524 911 811 970 ceperunt,
839 917 1027 957 omnes
1058 912 1316 956 cantores
1339 911 1393 956 et
1421 903 1656 958 lectores
1689 903 1896 958 multos
1919 917 2094 956 annos

525 995 842 1062 imperatori
907 1003 1294 1064 apprecantur,
1332 994 1554 1063 quando
1587 994 1878 1050 ecclesiam
1907 994 2095 1064 ingre-

522 1084 674 1139 ditur
707 1085 1044 1140 adorationis
1077 1100 1266 1148 causa,
1299 1094 1354 1139 et
1402 1094 1460 1140 ut
1505 1102 1699 1156 panem
1741 1087 2092 1142 benedictum

523 1189 723 1233 sumat.
758 1179 957 1232 Deinde
987 1178 1125 1233 redit
1146 1179 1447 1249 imperator
1478 1179 1543 1232 ad
1572 1180 1770 1233 solium
1803 1181 2093 1244 elevatius,

523 1282 576 1324 et
606 1271 893 1326 confestim
931 1273 1084 1326 adest
1112 1273 1402 1329 universus
1450 1273 1752 1342 imperialis
1778 1273 1889 1346 49
1915 1275 2094 1328 clerus

525 1379 649 1417 cum
703 1365 1034 1434 supradictis
1083 1366 1417 1424 indumentis
1474 1367 1613 1432 suis,
1672 1376 1725 1422 et
1777 1377 1924 1422 stant
1968 1379 2096 1422 ante

523 1454 821 1512 ﬂammula.
854 1459 1001 1512 inter
1048 1457 1165 1512 haec
1200 1469 1408 1526 autem,
1438 1460 1668 1526 clerum,
1731 1459 1978 1531 inquam,
2043 1470 2098 1515 et

522 1548 823 1613 ﬂammula,
888 1558 1034 1604 stant
1077 1566 1270 1607 omnes
1319 1554 1412 1622 qui
1471 1552 1730 1606 dicuntur
1787 1555 2090 1622 pmgniutte,

524 1635 719 1709 nen‘tpe
747 1627 1038 1706 tubicines,
1073 1641 1482 1708 buccinatores,
1518 1643 1855 1715 cymbalistae
1883 1653 1936 1699 et
2003 1660 2095 1698 su-

533 1725 782 1796 rulistae;
815 1741 868 1787 et
904 1733 956 1786 lti
984 1733 1082 1788 soli
1119 1751 1132 1788 :
1187 1750 1308 1788 nam
1341 1751 1406 1790 ex
1459 1737 1842 1791 minutioribus
1896 1737 2098 1792 instru-

525 1823 724 1876 mentis
752 1840 819 1878 nc
846 1841 1012 1878 unum
1082 1825 1302 1895 quidem
1334 1828 1508 1884 adest.
1562 1827 1754 1885 Postea
1797 1828 2092 1884 adveniunt

524 1928 744 1983 quoque
784 1931 1042 1984 proceres
1091 1919 1344 1974 similiter
1388 1936 1511 1975 cum
1536 1921 1652 1975 suis
1677 1921 2094 1991 gestaminibus,

527 2014 784 2076 stantque
819 2009 1016 2078 singuli
1075 2010 1376 2065 secundum
1425 2013 1669 2066 ordinem
1709 2013 2096 2083 etdignitatem

527 2113 705 2165 suam,
735 2109 898 2169 prout
926 2102 977 2155 in
1014 2103 1250 2158 triclinio
1299 2103 1418 2158 ﬁeri
1464 2106 1768 2159 consuevit.
1835 2103 2100 2160 Similiter

525 2199 580 2243 et
613 2189 845 2263 Barangi
877 2209 892 2256 ;
955 2203 1101 2249 stant
1132 2195 1169 2249 ii
1220 2211 1441 2265 quoque
1473 2197 1525 2250 itt
1558 2197 1748 2251 eadem
1779 2198 1900 2251 aula
1932 2213 2100 2268 prope

527 2282 809 2338 columnas
839 2285 982 2351 solii,
1017 2286 1255 2342 ferentes
1293 2303 1516 2343 secures
1541 2304 1670 2345 snas
1737 2290 1930 2359 palmis
1956 2290 2097 2344 suis.

524 2371 662 2426 Cum
690 2382 873 2427 autem
898 2389 1137 2444 superne
1171 2391 1240 2430 ex
1277 2377 1420 2432 solio
1458 2379 1751 2433 eleVatiore
1807 2379 2102 2447 imperatur

529 2479 587 2517 se
619 2465 1066 2532 conspiciendum
1101 2468 1330 2537 praebet,
1353 2469 1821 2536 transferunteas,
1845 2478 1901 2524 ut
1925 2470 2095 2527 moris

525 2564 630 2618 est,
669 2555 722 2610 in
745 2557 1001 2612 humeros
1029 2575 1181 2614 suos.

595 2644 939 2701 Ascendente
971 2647 1134 2717 igitur
1165 2648 1493 2717 imperatore
1519 2651 1572 2704 in
1601 2650 1821 2715 solium,
1855 2660 1913 2705 ut
1937 2650 2089 2721 prius

523 2739 834 2806 expositum
853 2750 956 2805 est,
987 2741 1148 2795 simul
1166 2743 1469 2796 ascendunt
1487 2743 1650 2798 etiam
1676 2745 1936 2814 despotae,
1956 2761 2101 2814 prm-

526 2837 679 2882 terea
711 2829 1081 2898 lampadarius
1111 2847 1231 2886 cum
1257 2842 1420 2888 conto
1441 2843 1491 2888 et
1523 2834 1641 2888 face
1667 2847 1722 2890 et
1747 2837 2019 2906 lampade.
2043 2853 2093 2896 et

525 2921 1001 2988 protovestiarius.
1033 2922 1098 2976 Et
1125 2934 1411 2992 postquam
1440 2926 1556 2980 vela
1578 2941 1673 2981 seu
1696 2928 1934 2984 cortinas
1973 2946 2101 2988 sus-

523 3013 828 3082 penderunt
853 3016 998 3069 circa
1023 3017 1218 3070 solium
1245 3017 1610 3086 imperatoris,
1643 3021 2098 3088 protovestiarius

526 3106 762 3175 pilaticia
792 3107 1100 3163 siveclavas
1128 3109 1450 3163 ltonorarias
1475 3125 1637 3164 manu
1668 3111 1858 3166 dextra
1899 3114 1952 3168 in
2003 3131 2100 3170 sn-

2199 620 2424 676 ὄπισθεν
2453 620 2523 674 τὰ
2554 621 2660 674 τῶν
2687 619 3008 690 δημάρχων.

2269 803 2426 857 Μετὰ
2451 801 2509 856 δὲ
2539 802 2638 874 τὴν
2669 801 2936 856 ἀπόλυσιν
2980 801 3088 855 τῶν
3126 801 3546 873 προρρηθέντων
3583 799 3772 869 ὓμνων

2199 895 2400 956 πάντες
2433 894 2634 962 ψάλται
2665 909 2723 946 τε
2757 895 2850 947 καὶ
2880 896 2930 947 οἱ
2956 894 3300 961 ἀναγνῶσται
3323 893 3773 963 πολυχρονίζουσι

2196 988 2288 1041 τὸν
2320 987 2546 1056 βασιλέα
2570 987 2954 1056 εἰσερχόμενον
2977 988 3032 1038 ὲν
3055 989 3117 1056 τῇ
3155 986 3424 1056 ἐκκλησίᾳ
3461 988 3765 1056 προσκυνῆ·

2199 1096 2291 1133 σαι
2319 1079 2416 1132 καὶ
2447 1078 2740 1148 ἀντίδωρον
2764 1076 3055 1146 λήψεσθαι.
3085 1075 3215 1130 Εἶτα
3237 1076 3526 1146 ἀνέρχεται
3552 1078 3580 1128 ὁ
3617 1076 3774 1145 βασι-

2195 1171 2323 1234 λεὺς
2352 1171 2444 1223 ἐπὶ
2472 1171 2572 1240 τῆς
2599 1170 2946 1239 προκύψεως,
2979 1171 3071 1222 καὶ
3093 1169 3291 1222 αὐτίκα
3318 1168 3536 1238 ἔρχεται
3561 1171 3588 1222 ό
3621 1168 3774 1236 βασι-

2197 1263 2347 1326 λικὸς
2381 1263 2530 1326 ἅπας
2574 1262 2779 1333 κλῆρος
2830 1263 2968 1333 μετὰ
2998 1262 3104 1315 τῶν
3161 1260 3584 1332 προρρηθέντων
3616 1260 3774 1313 ὲνδυο

2200 1357 2388 1425 μάτων
2449 1355 2650 1419 αὐτῶν,
2700 1358 2793 1408 καὶ
2851 1354 3101 1406 ἵστανται
3155 1352 3464 1423 ἔμπροσθεν
3498 1352 3606 1404 τῶν
3633 1351 3773 1419 φλα-

2201 1450 2438 1519 μούλων.
2469 1447 2690 1512 Μεταξὺ
2723 1447 2780 1502 δὲ
2808 1447 3014 1500 τούτων
3043 1446 3129 1516 δὴ,
3173 1446 3280 1498 τῶν
3308 1445 3404 1498 τοῦ
3439 1445 3639 1514 κλήρου
3677 1444 3776 1497 καὶ

2198 1543 2377 1596 αὐτῶν
2399 1543 2464 1612 δὴ
2493 1542 2600 1595 τῶν
2623 1539 2973 1610 φλαμούλων,
3008 1539 3256 1592 ἵστανται
3301 1538 3501 1601 πάντες
3527 1539 3574 1589 οἱ
3619 1537 3776 1604 λεγό-

2202 1654 2350 1707 μενοι
2383 1635 2738 1703 παιγνιῶται,
2761 1633 2882 1702 ἦτοι
2933 1632 3289 1699 σαλπιγκταὶ,
3327 1629 3771 1700 βουκκινὰτορες,

2198 1729 2566 1796 ἀνακαρισταὶ
2597 1728 2690 1778 καὶ
2721 1723 3125 1796 σουρουλισταὶ,
3152 1721 3298 1774 οὗτοι
3326 1722 3418 1774 καὶ
3450 1721 3602 1789 μόνοι
3625 1735 3639 1749 ·
3666 1717 3774 1770 ἀπὸ

2202 1821 2308 1888 γὰρ
2340 1820 2448 1872 τῶν
2482 1818 2694 1872 λεπτῶν
2720 1817 2970 1885 ὀργάνων
2999 1815 3113 1868 οὐδέ
3149 1815 3207 1866 ἓν
3232 1813 3615 1885 παραγίνεται.
3639 1806 3776 1863 Εἵτα

2200 1913 2453 1983 ἔρχονται
2481 1909 2743 1973 ὡσαύτως
2771 1909 2911 1979 μετὰ
2942 1907 3053 1960 τῶν
3079 1905 3427 1976 φορεμάτων,
3455 1906 3550 1958 καὶ
3590 1904 3777 1957 ἵσταν·

2200 2025 2292 2061 ται
2328 2006 2554 2058 ἔκαστοι
2585 2000 2728 2055 κατά
2771 1999 2872 2070 τὴν
2910 1998 3064 2063 τάξιν
3094 1997 3293 2062 αὐτῶν,
3325 1995 3466 2048 καθὰ
3497 1995 3589 2047 καὶ
3615 1994 3671 2046 ὲν
3696 1992 3776 2062 τῷ

2201 2101 2483 2173 τρικλίνῳ.
2530 2097 2765 2167 Ὁμοίως
2801 2097 2896 2150 καὶ
2940 2096 2991 2148 οἱ
3020 2095 3325 2164 Βάραγγοι,
3381 2091 3475 2144 καὶ
3523 2091 3774 2142 ἵστανται

2202 2195 2294 2248 καὶ
2327 2184 2472 2245 οὗτοι
2512 2192 2571 2243 ἐν
2616 2192 2684 2259 τῇ
2729 2188 2866 2258 αὐλῇ
2905 2187 3132 2256 πλησίον
3165 2187 3274 2238 τῶν
3299 2185 3399 2248 τῆς
3447 2181 3775 2252 προκύψεως

2201 2284 2443 2349 κιονίων,
2471 2283 2732 2353 φέροντες
2765 2281 2863 2342 τὰς
2894 2279 3127 2341 πελέκας
3157 2276 3338 2330 αὐτῶν
3363 2276 3456 2328 ἐπὶ
3491 2276 3598 2327 τῶν
3637 2290 3776 2342 καρ-
3845 2342 3848 2343 ν

2203 2379 2472 2446 ποχείρων
2502 2375 2684 2429 αὐτῶν
2711 2393 2724 2407 ·
2766 2372 2862 2425 τοῦ
2903 2371 3167 2441 βασιλέως
3197 2368 3254 2421 δὲ
3282 2366 3489 2422 ἄνωθεν
3527 2367 3633 2419 ἀπὸ
3673 2365 3773 2432 τῆς

2203 2466 2528 2537 προκύψεως
2574 2465 2835 2534 φανέντος
2889 2464 3136 2531 αἵρουσιν
3187 2459 3357 2524 αὐτὰς
3405 2459 3642 2521 πάντες,
3695 2454 3774 2521 ὡς

2201 2561 2344 2627 ἔθος,
2371 2561 2464 2612 ἐπὶ
2491 2559 2600 2611 τῶν
2633 2558 2802 2627 ὤμων
2829 2555 3031 2608 αὐτῶν.

2282 2654 2677 2724 Ἀνερχομένου
2725 2649 2818 2704 οὖν
2862 2650 2958 2703 τοῦ
2992 2647 3276 2718 βασιλέως,
3327 2646 3402 2708 ὡς
3453 2643 3770 2714 δεδήλωται,

2201 2749 2280 2812 εἰς
2312 2748 2411 2818 τὴν
2440 2743 2712 2816 πρόκυψιν
2739 2742 3154 2812 συνανέρχονται
3186 2740 3281 2792 καὶ
3312 2738 3361 2792 οἵ
3385 2737 3664 2798 δεσπόται,
3690 2732 3773 2786 ἔτι

2199 2842 2256 2896 δὲ
2303 2846 2332 2894 ὁ
2369 2838 2746 2910 λαμπαδάριος
2781 2836 2922 2904 μετὰ
2973 2832 3066 2887 τοῦ
3121 2829 3492 2901 διϐαμπούλου
3535 2829 3630 2880 καὶ
3673 2829 3773 2896 τῆς

2201 2934 2485 2996 λαμπάδος
2521 2931 2618 2985 καὶ
2657 2932 2685 2984 ό
2718 2925 3238 3000 πρωτοὸεστιάριος.
3269 2923 3374 2975 Καὶ
3423 2920 3611 2989 ἐπειδὴ
3640 2918 3772 2989 κρέ-

2206 3044 2404 3099 μανται
2438 3024 2711 3094 βηλόθυρα
2736 3024 2815 3085 εἰς
2841 3021 2940 3090 τὴν
2963 3018 3236 3089 πρόκυψιν
3258 3015 3359 3084 τὴν
3386 3013 3478 3067 τοῦ
3507 3011 3772 3084 βασιλέως

2201 3120 2548 3174 καλύπτοντα
2581 3118 2838 3188 θεωρίαν,
2873 3121 2898 3170 ό
2942 3114 3442 3185 πρωτοὸεστιάριος
3489 3110 3772 3172 πιλατῑκια

527 3200 676 3253 blimi
700 3215 963 3269 suspensa
990 3208 1178 3257 tenens
1202 3201 1292 3271 (de
1315 3202 1513 3272 quibus
1532 3204 1691 3272 paulo
1709 3217 1831 3274 post
1849 3206 2097 3280 dicetur)

2205 3211 2423 3283 κρατῶν
2445 3211 2828 3283 ἁπῃωρημένα
2855 3225 2919 3276 γε
2949 3208 3079 3262 δντα
3108 3207 3250 3260 κατὰ
3281 3206 3378 3276 τὴν
3414 3203 3593 3269 δεξιὰν
3616 3204 3772 3272 χεῖρα

527 3292 886 3360 cmittensque
902 3308 996 3362 per
1010 3293 1272 3348 cortinam
1293 3295 1490 3364 pepnlo
1504 3297 1758 3364 ostendit;
1775 3315 1884 3368 quo
1899 3301 2100 3356 indicio

527 3383 795 3449 significat
812 3384 1316 3454 imperatoremjam
1337 3385 1391 3439 in
1412 3387 1604 3442 solium
1625 3391 2096 3447 ascendisse.Cum

2205 3305 2392 3369 αὑτοῦ,
2414 3305 2540 3376 περὶ
2569 3298 2644 3357 ὧν
2673 3301 2790 3372 μετ’
2814 3301 2993 3366 ὀλίγον
3020 3301 3338 3371 ῥηθήσεται,
3368 3296 3614 3352 ἐκϐαλὼν
3635 3295 3775 3349 αὐτὰ

2206 3399 2314 3452 ἀπὸ
2341 3396 2436 3451 τοῦ
2469 3395 2767 3467 βηλοθύρου
2811 3394 3053 3448 δείκνυσι
3088 3392 3222 3464 πρὸς
3263 3390 3354 3443 τὸν
3403 3389 3554 3454 λαδν,
3599 3387 3774 3458 δηλῶν

525 3493 654 3545 ergo
673 3477 741 3530 im
752 3487 969 3546 pcrator
987 3478 1041 3532 in
1059 3478 1195 3532 solio
1213 3495 1374 3534 suum
1398 3491 1623 3534 stemma
1647 3483 1728 3536 vel
1757 3484 1900 3536 aliud
1923 3495 2097 3554 gesta-

2204 3490 2290 3544 διὰ
2321 3488 2512 3542 τούτου
2537 3489 2619 3541 ὅτι
2655 3488 2885 3557 ἀνῆλθεν
2913 3489 2938 3538 ὁ
2964 3484 3212 3555 βασιλεὺς
3247 3483 3324 3545 εἰς
3351 3481 3452 3551 τὴν
3479 3479 3772 3548 πρόκυψιν.

527 3585 651 3625 men
687 3580 994 3640 gestaturus
1022 3580 1126 3636 est.
1153 3573 1604 3641 protovestiarius
1625 3574 1732 3645 5o
1757 3591 1820 3631 ex
1845 3578 2101 3634 ruchario

526 3673 810 3733 acceptum
837 3663 1153 3733 imperatori
1193 3680 1256 3719 ex
1290 3665 1472 3720 ofticio
1505 3681 1603 3722 suo
1627 3667 1680 3720 id
1705 3667 1883 3724 oﬂ‘crt.
1918 3668 2104 3740 Neque

527 3755 704 3810 solum
721 3758 1008 3811 occasione
1027 3757 1220 3812 borum
1240 3757 1523 3824 festorum,
1539 3759 1634 3814 sed
1651 3776 1863 3830 semper
1876 3762 1956 3817 sic
1973 3763 2102 3831 agit.

2210 3583 2402 3643 Ὀντος
2428 3575 2522 3634 οὖν
2547 3581 2604 3632 ἐν
2625 3583 2692 3649 τῆ
2717 3577 2988 3648 προκύψει
3021 3576 3114 3629 τοῦ
3150 3573 3417 3645 βασιλέως
3443 3574 3537 3625 καὶ
3561 3571 3621 3623 τὸ
3648 3573 3776 3623 ὲαυο

2210 3672 2305 3724 τοῦ
2333 3671 2550 3740 στέμμα
2577 3670 2611 3739 ἦ
2647 3688 2698 3722 τι
2729 3669 2836 3722 τῶν
2859 3669 3034 3724 ἄλλων
3067 3665 3227 3720 αὑτοῦ
3267 3668 3589 3734 φορεμὰτων
3621 3664 3776 3734 φορέ-

2213 3780 2327 3816 σειν
2359 3762 2662 3833 μέλλοντος,
2687 3765 2721 3816 δ
2760 3760 3263 3832 πρωτοὸεστιάριος
3305 3757 3600 3828 λαμϐάνων
3646 3754 3776 3808 αὐτὸ

525 3850 633 3903 ἀπὸ
658 3850 766 3903 τῶν
799 3849 892 3904 τοῦ
927 3854 1248 3923 ρουχαρειου
1289 3853 1576 3924 ὑπηρετῶν
1606 3855 1791 3909 δίδωσι
1816 3853 1893 3926 τῷ
1927 3855 2164 3926 βασιλεῖ.
2195 3855 2271 3914 Οὔ
2305 3859 2467 3925 μόνον
2490 3859 2548 3913 δὲ
2575 3857 2718 3912 κατὰ
2752 3855 2844 3911 τὸν
2904 3854 3146 3911 τοιοῦτον
3205 3852 3315 3907 τῶν
3382 3851 3588 3924 ἑορτῶν
3654 3867 3776 3906 και-

527 3947 642 4021 ρὸν,
687 3948 822 4001 ἀλλὰ
851 3950 945 4003 καὶ⁹
981 3949 1067 4003 ἀεὶ
1094 3947 1237 4004 οὕτω
1276 3952 1447 4005 ποιεῖ.

595 4038 769 4094 liabet
798 4049 850 4094 et
882 4041 982 4096 hoc
1007 4043 1282 4111 proprium
1321 4053 1482 4114 atque
1508 4043 1796 4110 eximium,
1827 4052 1886 4098 ut
1943 4043 1988 4099 si
2040 4048 2094 4097 in

521 4143 674 4187 veste
707 4132 789 4186 vel
835 4132 977 4201 pileo
1015 4135 1364 4202 imperatoris
1424 4134 1661 4203 aliquod
1706 4133 2094 4188 animalculum

513 4226 720 4280 'viderit
752 4227 832 4278 vel
859 4226 1030 4278 lutum
1063 4225 1146 4279 vel
1168 4225 1314 4279 aliud
1350 4226 1481 4295 quid
1512 4227 1779 4289 assimile,
1840 4227 2095 4294 deposito

509 4317 719 4385 capitis
747 4315 831 4370 sui
856 4326 1170 4384 legumento
1204 4331 1299 4370 sru
1329 4317 1490 4386 pileo,
1522 4325 1741 4370 extenta
1779 4333 1942 4371 manu
1963 4318 2095 4372 illud

526 4410 679 4461 tollat
709 4418 803 4461 aut
837 4415 1051 4478 purget,
1085 4409 1212 4461 licet
1241 4406 1393 4478 prius
1424 4406 1744 4462 facultatem
1799 4422 1906 4462 non
1957 4408 2098 4464 obti-

525 4500 726 4553 nuerit.
761 4498 914 4565 Quod
950 4499 1076 4553 huic
1105 4499 1203 4553 soli
1235 4515 1556 4553 concessum
1594 4509 1698 4563 est,
1731 4501 1944 4554 caeteris
1977 4516 2095 4555 om-

526 4593 684 4645 nibus
709 4591 1025 4660 proceribus
1057 4589 1176 4659 ejus
1210 4589 1442 4644 faciendi
1495 4599 1758 4657 potestate
1814 4591 2095 4660 denegata.
2129 4619 2180 4680 υ

597 4685 752 4738 Scire
787 4694 999 4754 Oportet
1028 4683 1160 4738 illud
1189 4682 1332 4752 quod
1371 4698 1516 4737 nunc
1562 4693 1791 4736 vocatur
1841 4690 2094 4746 stemma,

516 4779 651 4832 olim
685 4778 1012 4849 appellatum
1037 4777 1460 4833 esserrdiadcma.
1497 4775 1552 4830 Id
1580 4785 1762 4830 autem
1816 4785 1934 4829 erat
1987 4775 2095 4830 lata

521 4876 654 4924 vitta
684 4887 748 4925 ex
786 4870 1084 4924 uniunibus
1118 4878 1172 4924 et
1203 4867 1531 4938 margaritis.
1569 4869 1743 4936 posita
1777 4867 2002 4937 quidem
2031 4866 2085 4919 in

525 4965 878 5029 imperatoris
910 4962 1114 5028 fronte,
1146 4961 1240 5016 sed
1274 4961 1420 5015 circa
1448 4960 1670 5028 occiput
1689 4967 1837 5014 retro
1863 4959 2026 5028 ligata
2081 4975 2095 5010 :

515 5058 670 5110 .tunde
706 5064 759 5109 et
793 5055 1139 5118 diadematis,
1167 5054 1322 5123 quasi
1352 5054 1500 5108 dicas
1531 5052 1834 5123 ligamenti,
1901 5067 2096 5104 nomen

517 5148 763 5202 obtinuit
797 5163 810 5200 :
843 5147 985 5217 quod
1019 5147 1274 5217 paulatim
1310 5156 1574 5200 mutatum
1603 5148 1774 5200 evasit
1806 5147 1910 5198 tale
1937 5146 2096 5214 quale

525 5240 689 5294 hodie
724 5241 940 5303 visitur,
961 5249 1013 5293 et
1046 5241 1362 5293 nominatur
1421 5248 1671 5293 stemma.
1735 5237 1906 5292 Porro
1947 5238 2092 5306 quod

525 5349 670 5389 nunc
699 5343 926 5388 vocatur
957 5333 1227 5398 diadema,
1260 5334 1386 5388 olim
1412 5349 1545 5387 zona
1581 5331 1833 5386 militaris
1873 5331 2096 5385 diceba-

523 5436 634 5488 tur,
669 5425 878 5496 insigne
910 5426 1153 5480 ltonmis.
1190 5423 1561 5497 llinctyranni
1597 5423 2092 5479 venerandusmar-

509 5529 695 5589 .tyres,
721 5519 813 5590 qui
850 5517 1579 5574 Christutn-confitebantur
1624 5528 1748 5572 ante
1781 5519 1962 5572 omnia
1988 5516 2099 5586 pri-

511 5610 729 5664 ﬂabant
758 5625 891 5663 zona
931 5619 984 5663 ct
1017 5622 1235 5678 torque,
1269 5619 1323 5664 et
1356 5617 1540 5679 postea
1564 5610 1848 5662 tradebant
1872 5606 2098 5662 tortori-

525 5704 650 5757 bus.
698 5701 970 5773 Στρεπτὸν
999 5704 1240 5772 (torques
1267 5704 1283 5770 )
1317 5717 1444 5755 vero
1468 5712 1545 5756 est
1572 5716 1764 5755 aurum
1784 5700 2088 5762 diductum,

518 5811 585 5848 ex
624 5796 797 5850 tribus
828 5795 982 5864 quasi
1006 5795 1268 5849 funiculis
1296 5804 1630 5859 contextum,
1661 5792 1802 5862 quod
1843 5791 2090 5846 ferebant

520 5891 576 5943 in
611 5891 772 5943 collo.
813 5887 1041 5954 Quando
1098 5889 1261 5958 igitur
1315 5889 1607 5958 imperator
1675 5886 1775 5941 iert
1831 5894 2086 5951 stemma,

2277 4044 2436 4112 Ἔχει
2464 4042 2518 4094 δὲ
2552 4039 2648 4093 καὶ
2677 4038 2840 4092 τοῦτο
2872 4037 3002 4091 ἴδιον
3028 4038 3122 4090 καὶ
3154 4037 3450 4107 ἐξαίρετον,
3481 4036 3564 4089 ὅτι
3589 4034 3685 4088 ὲάν
3721 4048 3774 4087 τι

2199 4134 2437 4201 ζωΰφιον
2466 4132 2550 4204 ῐδῃ
2582 4131 2615 4199 ἢ
2667 4130 2838 4199 πηλὸν
2869 4130 2903 4199 ἢ
2943 4130 3074 4183 ἄλλο
3104 4146 3157 4181 τι
3188 4129 3319 4200 περὶ
3363 4129 3423 4180 τὸ
3458 4127 3650 4198 ρῡχου
3679 4125 3773 4180 τοῦ

2202 4226 2486 4297 βασιλέως,
2518 4223 2580 4276 τὸ
2613 4224 2853 4277 σκιάδιον
2886 4223 3168 4278 ἐκϐάλλων
3195 4222 3294 4291 τὴν
3322 4223 3477 4291 χεῖρα
3528 4219 3774 4279 ἐκτείνας

2200 4319 2413 4390 ἐπαίρει
2439 4318 2470 4388 ἢ
2505 4317 2607 4371 καθ
2622 4317 2757 4387 ηιιρει
2788 4317 2947 4370 τοῦτο
2978 4315 3360 4386 ἁνερωτήτως,
3414 4311 3641 4381 μηδενὸς
3666 4310 3774 4364 τῶν

2203 4414 2378 4467 ἄλλων
2415 4411 2671 4465 ἁπάντων
2693 4411 2968 4480 ἀρχόντων
2991 4409 3176 4463 ἄδειαν
3200 4407 3410 4477 ἔχοντος
3430 4404 3589 4458 τοῦτο
3619 4403 3778 4474 ποιῆ-

2209 4524 2321 4570 σαι,
2353 4506 2402 4558 si
2439 4506 2516 4576 μὴ
2543 4506 2734 4558 τούτου
2771 4505 2864 4556 καὶ
2901 4504 3087 4574 μόνου.

2274 4685 2369 4736 Δεῖ
2407 4680 2782 4751 δὲ’γινώσκειν
2809 4681 2890 4734 ὅτι
2920 4681 3058 4748 ὅπερ
3109 4678 3355 4731 καλεῖται
3389 4676 3488 4732 νῦν
3528 4677 3763 4747 στέμμα,

2203 4775 2518 4847 ὠνομάζετο
2566 4775 2737 4828 πάλαι
2781 4773 3039 4842 διάδημα.
3091 4771 3263 4824 Τοῦτο
3317 4771 3375 4825 δὲ
3427 4766 3494 4840 ἦν
3559 4769 3774 4840 βλάτιον

2208 4869 2344 4938 μετὰ
2386 4867 2549 4921 λίθων
2578 4867 2674 4919 καὶ
2712 4865 3035 4935 μαργάρων,
3087 4865 3230 4917 κατὰ
3259 4863 3318 4916 τὸ
3369 4861 3462 4914 τοῦ
3514 4861 3776 4931 βασιλέως

2208 4960 2462 5029 μέτωπον
2506 4959 2758 5027 κείμενον
2797 4957 2917 5026 μὲν,
2955 4957 3244 5026 δεδεμένον
3290 4956 3334 5008 δ’
3369 4954 3594 5007 ὄπισθεν
3647 4953 3778 5023 περὶ

2204 5052 2294 5105 τὸν
2343 5052 2665 5120 ἐγκέφαλον,
2699 5050 2780 5102 διὸ
2808 5049 2902 5102 καὶ
2943 5049 3188 5102 ἐκαλεῖτο
3215 5046 3453 5116 διάδημα
3478 5061 3492 5076 ο
3539 5045 3680 5115 ὅπερ
3711 5045 3774 5096 ὲκ

2203 5143 2294 5196 τοῦ
2321 5143 2462 5195 κατὰ
2499 5141 2696 5212 μικρὸν
2731 5139 2994 5208 ὸμειφθὲν
3033 5141 3248 5205 ἐγένετο
3297 5129 3408 5190 οἷον
3448 5136 3643 5206 ὁρᾶται
3675 5135 3776 5202 τὴν

2207 5234 2468 5304 σήμερον,
2502 5235 2598 5286 καὶ
2623 5231 2946 5299 ὀνομάζεται
2990 5231 3234 5298 στέμμα.
3267 5230 3333 5281 Ὃ
3359 5227 3422 5281 ’δὲ
3460 5227 3556 5281 νῦν
3599 5225 3777 5279 καλεί-

2203 5343 2294 5378 ται
2321 5325 2580 5395 διάδημα,
2631 5325 2847 5390 ἐλέγετο
2882 5323 3050 5375 πάλαι
3086 5321 3229 5392 ζώνη
3283 5318 3647 5391 στρατιωτικὴ
3681 5317 3776 5387 δη-

2203 5416 2368 5469 λοῦσα
2400 5417 2568 5487 τιμήν
2591 5432 2606 5448 ο
2637 5415 2758 5468 ὅθεν
2785 5415 2879 5468 καὶ
2901 5418 2947 5467 οἱ
2985 5414 3242 5484 τύραννοι
3277 5411 3494 5482 πρῶτον
3526 5409 3772 5481 ἀφῄρουν

2201 5509 2298 5576 τῆς
2327 5507 2504 5578 ζώνης
2560 5505 2784 5560 καὶτοῦ
2833 5503 3108 5575 στρεπτοῦ
3158 5506 3284 5565 τοὺς
3327 5504 3434 5555 τῶν
3481 5499 3772 5570 μαρτύρων

2198 5601 2452 5669 ἐντίμους
2493 5598 2588 5652 τὸν
2619 5597 2852 5668 Χριστὸν
2901 5594 3320 5664 ὁμολογοῦντας,
3363 5591 3554 5645 ἔπειτα
3593 5604 3771 5658 παρε-

2196 5690 2372 5743 δίδουν
2405 5689 2630 5752 τούτους
2665 5689 3036 5758 βασανισταῖς.
3063 5686 3340 5756 Στρεπτὺν
3373 5683 3430 5737 δέ
3457 5685 3606 5735 ἐστιν
3637 5681 3766 5752 ἐλη-

2197 5783 2426 5852 λαμένος
2475 5781 2700 5850 χρυσὸς,
2746 5782 2814 5834 ὲκ
2858 5780 3027 5849 τριῶν
3077 5777 3461 5846 πεπλεγμένος
3511 5774 3764 5846 καθάπερ

2199 5877 2470 5946 σχοινίων,
2502 5875 2643 5944 ὅπερ
2675 5874 2906 5943 ἐφόρουν
2939 5873 3032 5926 ἐπὶ
3083 5870 3379 5940 τραχήλου.
3415 5868 3541 5921 Ὅτε
3580 5865 3709 5933 γοῦν
3734 5866 3764 5919 ὁ
