4050 6596
271 425 344 485 69
1245 425 1342 485 DE
1371 421 1698 484 OFFICIIS
1737 423 2214 488 CPOLITANIS.
2249 425 2412 486 CAP.
2450 427 2551 489 VI.
3455 429 3524 491 70

273 535 522 605 βασιλεὺς
550 534 615 587 τὸ
652 534 876 604 στέμμα
906 536 1087 605 φορεῖ,
1122 534 1311 604 ἕτερόν
1343 553 1396 588 τι
1422 534 1626 603 ἔνδυμα
1667 534 1729 588 ού
1761 551 1856 604 φο-

1959 535 2103 590 aliud
2136 537 2517 592 indumentum
2543 552 2653 592 non
2684 545 2858 609 gestat
2882 547 3075 608 prater
3096 552 3314 594 saccum
3337 549 3392 595 et
3411 542 3535 597 dia-

282 629 366 696 ρεί
390 627 439 679 εἰ
477 627 551 696 μὴ
592 627 687 680 τὸν
719 629 930 681 σάκκον
965 627 1059 681 καὶ
1092 628 1153 680 τὸ
1189 627 1446 699 διάδημα.
1484 627 1593 680 Καὶ
1639 627 1728 680 ὁτὲ
1761 627 1861 694 μὲν

276 725 474 791 ταῦτα,
506 726 598 777 ὁτὲ
622 725 679 779 δὲ
704 725 1075 796 έπιλουρίκιον
1100 725 1194 778 καὶ
1223 725 1532 794 φακεωλίδα
1557 727 1734 794 φορεῖ,
1768 725 1863 780 άλ-

276 816 394 866 λοτε
440 815 744 870 καὸὁάδιον
792 817 887 870 καὶ
931 817 1150 884 φυαλὶν,
1187 817 1278 868 ἐπὶ
1326 816 1382 868 δὲ
1418 817 1659 885 κεφαλῆς
1695 817 1860 886 φορέ-

277 924 430 974 ματα
460 907 719 977 διάφορα,
755 909 887 960 ποτὲ
923 909 1022 978 μὲν
1051 908 1111 962 τὸ
1139 909 1536 977 ὀνομαζόμενον
1565 925 1862 978 τροπαιου-

273 997 424 1064 γίαν.
465 998 600 1050 ποτὲ
644 997 702 1051 δὲ
734 999 1186 1064 Ίουστινιάνειον,
1227 1000 1289 1054 ιν
1319 999 1497 1060 ἄλλοις
1540 1001 1595 1054 δὲ
1630 1001 1888 1071 ύπέρτε-’

275 1106 389 1157 ρον,
421 1083 498 1142 ὧν
535 1090 605 1144 τὰ
661 1091 918 1160 σχήματα
965 1091 1216 1145 ἑκάστων
1267 1092 1368 1146 οὐκ
1415 1092 1534 1146 ἔστι
1569 1091 1665 1146 νῦν
1716 1093 1860 1148 κατὰ

275 1181 444 1251 μέρος
474 1182 680 1251 λέγειν.

341 1271 490 1324 ’Δπδ
522 1272 624 1341 μὲν
655 1272 764 1324 τῶν
795 1272 1058 1326 τοιούτων
1099 1272 1428 1344 φορεμάτων
1460 1275 1624 1342 φορεῖ
1650 1275 1678 1326 6
1705 1272 1857 1340 βασι-

272 1365 404 1426 λεὺς
437 1359 530 1415 οἷα
573 1363 641 1416 ἄν
691 1362 977 1432 βούλοιτο,
1009 1364 1102 1417 τὸν
1144 1363 1202 1416 δέ
1235 1380 1298 1430 γε
1345 1363 1579 1432 σταυρὸν
1622 1365 1677 1414 ὲν
1708 1361 1859 1434 δεξιᾷ

272 1453 579 1523 ςέρειὰεὶ,
621 1454 680 1506 ὲν
705 1453 762 1506 δὲ
821 1457 888 1524 τῇ
923 1453 1188 1523 ἀριστερᾷ
1239 1451 1454 1522 βλάτιαν
1510 1450 1698 1504 κῶεικι
1753 1452 1860 1504 ὲοι-

273 1545 402 1609 κὸς,
463 1545 756 1614 δεδεμένον
807 1545 948 1614 μετὰ
1007 1544 1342 1615 μανδυλίουο
1383 1543 1411 1596 ὅ
1465 1544 1682 1612 βλάτιον
1744 1543 1857 1613 ἔχει

272 1639 444 1706 χῶμα
482 1637 658 1698 ἐντὸς,
705 1637 803 1690 καὶ
859 1637 1109 1690 καλεῖται
1167 1636 1393 1694 ἀκακία.
1446 1638 1556 1689 Καὶ
1614 1635 1706 1688 τὸν
1758 1635 1856 1704 μὲν

274 1729 524 1795 σταυρὸν
567 1729 594 1780 ὁ
630 1727 888 1797 βασιλεὺς
921 1729 1101 1798 φέρων
1122 1728 1190 1781 δι’
1225 1727 1395 1780 αὑτοῦ
1449 1728 1695 1781 δείκνυσι
1756 1727 1856 1796 τὴν

270 1823 353 1883 εἰς
385 1819 639 1888 Χριστὸν
670 1818 868 1872 ἑαυτοῦ
901 1818 1110 1885 πίστιν,
1171 1819 1260 1872 διὰ
1291 1817 1383 1872 τοῦ
1418 1821 1730 1889 πέμματος
1758 1818 1855 1890 τὴν

268 1911 465 1980 τιμὴν,
502 1910 595 1964 διὰ
633 1911 734 1979 τῆς
768 1909 944 1980 ζώνης
974 1911 1030 1982 (ἡ
1063 1911 1180 1974 νύν,
1213 1909 1288 1972 ὡς
1341 1909 1580 1980 εῐρηται,
1612 1911 1854 1964 καλεῖται

268 2001 541 2072 διάδημα)
572 2000 636 2054 τὸ
657 2000 1000 2070 στρατιώτην
1021 1995 1162 2052 εἶναι
1192 1997 1378 2062 αὐτὸν,
1406 1999 1495 2052 διὰ
1515 2000 1608 2051 τοῦ
1648 2000 1854 2052 σάκκου

274 2097 522 2164 μέῦανος
551 2094 706 2156 ὄντος
729 2092 911 2164 τὸτῆς
963 2093 1246 2161 βασιλείας
1297 2093 1554 2166 κρύφιον,
1607 2094 1696 2147 διὰ
1757 2092 1855 2146 τοῦ

279 2187 573 2259 χώματος,
617 2187 868 2242 καλεῖται
928 2187 1146 2252 ἀκακία,
1211 2187 1287 2250 ῶς
1339 2187 1588 2257 εἴπομεν,
1656 2187 1716 2239 τὸ
1763 2185 1855 2240 τὸν

271 2281 514 2346 βασιλέα
542 2281 798 2335 ταπεινὸν
827 2276 968 2332 εἷναι
995 2279 1069 2343 ὡς
1100 2279 1297 2349 θνητὸν
1320 2281 1415 2333 καὶ
1443 2281 1520 2352 μὴ
1549 2280 1640 2333 διὰ
1675 2280 1735 2332 τὸ
1754 2279 1856 2348 τῆς

272 2374 563 2444 βασιλείας
598 2373 733 2443 ὕψος
785 2372 1110 2443 ἑπαίρεσθαι
1167 2373 1266 2426 καὶ
1323 2372 1709 2442 μεγαλαυχεῖν,
1767 2371 1857 2424 διὰ

271 2471 366 2524 τοῦ
397 2470 698 2539 μανδυλίου
728 2471 788 2522 to
806 2470 1015 2536 ταύτης
1047 2467 1281 2522 ἄστατον
1341 2469 1436 2522 καὶ
1473 2468 1536 2522 τὺ
1595 2466 1859 2538 μεταϐαί-

270 2580 385 2615 νειν
440 2563 542 2630 ἀφ’
577 2563 770 2630 ἑτέρου
842 2561 924 2624 είς
977 2561 1188 2631 ἕτερον,
1245 2561 1332 2614 διὰ
1373 2563 1472 2631 τῆς
1520 2561 1736 2630 σπάθης
1795 2560 1858 2614 τὸ

279 2650 725 2716 έξουσιαστικόν.
760 2650 870 2702 Καὶ
922 2649 1020 2719 τὴν
1050 2649 1310 2718 λαμπάδα
1358 2650 1620 2717 φέρουσιν
1652 2647 1858 2718 ἐμπροο

272 2745 402 2798 σθεν
432 2744 607 2798 αὐτοῦ
638 2744 728 2796 διὰ
749 2743 809 2796 τὸ
836 2743 1046 2812 φάσκον
1078 2743 1263 2810 λόγιον
1298 2743 1378 2794 ὅτι
1403 2741 1558 2795 Οὕτω
1586 2741 1856 2810 λαμψάτω

270 2836 331 2888 τὸ
359 2836 480 2905 φῶς
506 2835 662 2904 ὑμῶν
696 2835 1006 2904 ἔμπροσθεν
1029 2835 1138 2888 τῶν
1168 2835 1496 2906 ἀνθρώπων.
1528 2836 1674 2898 ὃπως
1701 2836 1854 2887 ίδωσι

268 2929 342 2980 τὰ
371 2927 523 2980 καλά
552 2927 707 2996 ὑμῶν
733 2928 870 2996 ἔργα
905 2928 996 2980 καὶ
1027 2927 1296 2994 δοξάζωσι
1328 2926 1420 2980 τὸν
1451 2927 1674 2996 Πατέρα
1699 2926 1855 2997 ὑμῶν

269 3019 366 3071 τὸν
399 3021 461 3071 ὲν
491 3021 610 3073 τοῖς
631 3018 904 3086 οὐρανοῖς.

345 3111 508 3164 Μετὰ
569 3110 758 3178 μέντοι
815 3110 908 3163 τὸν
969 3109 1197 3179 βασιλέα
1243 3107 1474 3174 ἀλλάξαι
1527 3107 1598 3160 τὰ
1656 3107 1854 3162 ἑαυτοῦ

273 3203 595 3273 φορέματα,
623 3202 651 3254 6
682 3199 1192 3272 πρωτοϐεστιάριος
1256 3200 1546 3270 ἐμφανίζει
1578 3194 1734 3262 αὖθις
1789 3200 1853 3250 τὰ

273 3294 593 3360 πιλατίκια,
625 3296 724 3364 τὴν
754 3294 849 3347 τοῦ
878 3293 1142 3363 βασιλέως
1185 3292 1454 3360 δεικνύων
1503 3292 1848 3360 έτοιμασίαν.

273 3389 388 3458 Τὴν
412 3388 474 3440 δὲ
495 3386 714 3457 σπάθην
737 3384 900 3439 αὑτοῦ
929 3385 1084 3453 φέρει
1114 3385 1554 3456 ἁρχοντόπουλον
1585 3384 1850 3448 ἀσκεπὲς,
1893 3398 1918 3407 “

273 3481 385 3532 τῶν
431 3479 604 3546 ἐγγὺς
645 3479 1039 3548 προσηκόντων
1088 3477 1168 3548 τῷ
1203 3477 1450 3547 βασιλεῖ’
1484 3478 1511 3530 6
1540 3477 1648 3546 γὰρ
1679 3476 1854 3545 μέγας

271 3571 605 3642 δομέστικος
638 3570 856 3622 ἵσταται
881 3568 980 3622 καὶ
1016 3560 1170 3632 οὗτος
1209 3569 1352 3640 μετὰ
1389 3568 1496 3622 τῶν
1513 3567 1719 3621 λοιπῶν
1749 3567 1854 3638 ἀρ-

275 3668 483 3737 χόντων
520 3666 580 3716 ὲν
612 3665 678 3733 τῇ
707 3661 871 3732 αύλῇ.

345 3755 576 3817 Σταθεὶς
605 3748 700 3806 οὖν
734 3754 760 3808 6
810 3751 1067 3823 βασιλεὺς
1103 3751 1196 3804 ἐπὶ
1235 3751 1334 3821 τῆς
1366 3749 1694 3820 προκύψεως
1722 3747 1851 3817 φαί-

275 3867 425 3903 νεται
463 3847 575 3900 ἀπὸ
602 3845 711 3898 τῶν
743 3845 989 3913 γονάτων
1019 3845 1113 3898 καὶ
1145 3844 1278 3906 ἄνω,
1330 3844 1388 3895 ὲν
1458 3842 1558 3913 μὲν
1582 3845 1649 3913 τῇ
1704 3841 1854 3912 δεξιᾷ

274 3945 363 3996 τὸν
393 3939 633 4011 σταυρὸν
660 3939 864 4009 φέρων,
900 3939 957 3990 ἐν
995 3937 1051 3990 δὲ
1084 3940 1150 4008 τῇ
1181 3935 1570 4008 ἀριστερᾷτὴν
1592 3935 1850 4000 ἀκακίαν,

274 4037 346 4099 ῶς
369 4034 698 4102 δεδήλωται.
737 4030 888 4085 Αύτὰ
922 4027 1098 4083 ταῦτα
1122 4031 1329 4098 φορεῖὸ
1364 4028 1623 4098 βασιλεὺς
1682 4029 1775 4080 καὶ
1827 4028 1852 4079 6

274 4129 386 4189 υἱὸς
436 4124 630 4190 αὑτοῦ,
661 4123 709 4176 εί
737 4121 1076 4190 ἐστεμμένος
1116 4121 1456 4193 εὑρίσκεταιο
1491 4123 1538 4172 εἰ
1569 4119 1625 4172 δὲ
1659 4119 1756 4188 μὴ.
1794 4119 1852 4171 τὸ

277 4219 516 4289 σύνηθες
584 4216 778 4287 ροὖχον
831 4214 1022 4280 αὑτοῦ,
1082 4214 1174 4266 καὶ
1229 4213 1319 4266 ἐπ’
1365 4213 1497 4266 αὐτὸ
1558 4211 1854 4280 λεγόμενον

275 4313 473 4382 φυαλὶν
533 4310 677 4380 μετὰ
703 4308 868 4361 λίθων
901 4309 993 4362 καὶ
1051 4305 1378 4378 μαργάρων.
1425 4305 1552 4358 Ἐπὶ
1607 4305 1852 4372 κεφαλῆς

272 4410 324 4461 δὲ
362 4408 525 4477 φέρει
555 4405 845 4472 στέφανον,
879 4400 1210 4472 φαινόμενος
1271 4399 1367 4453 καὶ
1396 4391 1551 4462 οὗτος
1602 4397 1711 4451 ἀπὸ
1742 4397 1854 4449 τῶν

274 4503 526 4569 γονάτων
560 4501 654 4550 καὶ
674 4494 807 4550 ἄνω.
839 4492 960 4548 Τῶν
990 4493 1046 4547 δὲ
1077 4491 1358 4546 δεσποτῶν
1387 4491 1457 4544 τὰ
1519 4490 1618 4559 μὲν
1677 4487 1845 4542 λοιπὰ

271 4595 381 4646 τῶν
407 4591 681 4660 σωμάτων
708 4586 1068 4658 κρύπτονται,
1093 4585 1202 4638 άπὸ
1233 4584 1288 4638 δὲ
1311 4583 1405 4638 τοῦ
1463 4582 1696 4655 στήθους
1750 4583 1846 4635 καὶ
1881 4571 1926 4624 ο

273 4687 384 4736 ἀνω
412 4683 723 4750 φαίνονται.

342 4777 505 4831 Μετὰ
534 4773 667 4842 γοῦν
695 4775 757 4826 τὸ
784 4773 1182 4843 ἐτοιμασθῆναι
1209 4771 1301 4825 τὸν
1327 4771 1553 4842 βασιλέα
1596 4771 1689 4824 καὶ
1725 4787 1853 4823 στα-

275 4873 454 4940 θῆναι,
508 4871 538 4922 6
575 4867 1076 4936 πρωτοὸεστιὰριος
1105 4865 1396 4934 ἐμφανίζει
1428 4864 1594 4918 πάλιν
1627 4866 1690 4918 ἐκ
1734 4865 1854 4934 τρί-

273 4980 363 5016 του
399 4962 471 5015 τὰ
501 4959 808 5025 πιλατίκια,
845 4958 1022 5028 δηλῶν
1053 4957 1143 5012 διὰ
1165 4957 1356 5013 τούτου
1400 4957 1483 5010 ὃτι
1507 4957 1534 5008 6
1594 4956 1854 5026 βασιλεὺς

274 5057 475 5125 ἐστάθη
510 5055 592 5116 είς
620 5052 720 5122 τὴν
753 5050 1051 5121 πρόκυψιν.
1083 5051 1194 5104 Καὶ
1260 5050 1541 5120 παρευθὺς
1575 5049 1852 5116 ἀνοίγουσι

275 5150 340 5200 τὰ
368 5145 677 5218 βηλόθυρα,
711 5144 809 5197 καὶ
861 5143 992 5197 οὔτε
1027 5145 1056 5196 6
1103 5142 1608 5214 πρωτοόεστιάριος
1655 5141 1778 5194 οὔτε
1826 5141 1854 5193 6

271 5239 654 5310 λαμπαδάριος
708 5235 833 5290 οὔτε
897 5237 1006 5305 μὴν
1082 5238 1110 5288 6
1165 5236 1264 5306 τὴν
1321 5235 1608 5304 βασιλικὴν
1665 5235 1848 5305 φέρων

274 5335 490 5406 σπάθην
518 5331 806 5400 φαίνονται
835 5329 993 5394 ὅλως,
1028 5329 1075 5380 εί
1115 5329 1188 5400 μὴ
1233 5330 1266 5399 ἡ
1305 5330 1485 5397 σπάθη
1523 5329 1660 5398 μόνη
1696 5328 1846 5397 καὶὴ

272 5428 521 5496 λαμπάς.
564 5426 719 5493 Ἀμα
761 5421 895 5489 γοῦν
923 5425 981 5474 τὸ
1024 5421 1314 5491 ἀνοιγῆναι
1366 5422 1563 5482 ταῦτα,
1615 5421 1712 5474 καὶ
1755 5421 1847 5473 τὸν

274 5509 500 5590 βασιλέα
546 5519 643 5572 καὶ
695 5517 861 5586 μόνον
922 5515 1183 5585 φανῆναι,
1239 5515 1401 5578 εὐθὺς
1451 5515 1748 5584 ψάλλουσιν
1797 5515 1847 5566 οἱ

270 5615 467 5680 ψάλται
523 5613 588 5666 τὸ
639 5610 1018 5680 πολυχρόνιον,
1085 5607 1197 5661 τῶν
1246 5608 1493 5678 ὀργάνων
1542 5610 1842 5679 ἠχούντων,

269 5704 418 5772 διαφέ
428 5722 535 5776 ρων
560 5703 757 5763 ὄντων,
789 5699 866 5762 ὡς
889 5700 1130 5768 εἴρηται.
1163 5699 1225 5750 Oi
1261 5699 1444 5767 μέντοι
1474 5697 1673 5766 ψάλται
1703 5699 1842 5768 μετὰ

271 5799 326 5849 τὸ
364 5796 763 5866 πολυχρονίσαι
819 5791 1125 5854 σιωπῶσιν,
1175 5794 1243 5843 τὰ
1284 5792 1490 5860 ὄργανα
1554 5791 1608 5844 δὲ
1646 5791 1842 5861 ἦχούσι

273 5892 426 5960 μέχρι
471 5894 561 5944 καὶ
599 5889 800 5952 ἱκανῆς
833 5885 1000 5955 ῶρας.
1037 5882 1165 5938 Εἶτα
1213 5885 1304 5938 τοῦ
1359 5886 1622 5954 βασιλέως
1654 5887 1835 5956 ἠρέμα

1965 628 2120 682 dema
2155 644 2169 693 ;
2204 637 2256 684 et
2282 629 2578 698 aliquando
2603 629 2826 698 quidem
2857 631 2993 694 haec.
3027 632 3324 702 aliquando
3357 634 3536 703 epilo-

1968 721 2140 775 ricum
2171 737 2266 775 seu
2287 723 2599 791 superulam
2618 733 2668 777 et
2699 725 3044 793 phaceolium
3071 735 3264 794 gestat,
3287 728 3539 797 aliquan-

1963 815 2035 870 do
2060 815 2382 871 cabbadium
2408 824 2461 870 et
2491 817 2731 887 phyalin.
2769 818 2824 871 In
2877 819 3055 887 capite
3107 819 3320 874 diversa
3373 821 3536 874 habet

1964 906 2286 974 gestamina,
2322 905 2424 976 51
2460 908 2731 961 interdum
2767 909 2817 963 id
2851 909 2994 978 quod
3029 921 3255 964 vocatur
3298 921 3537 980 tropaeu-

1963 998 2108 1061 chia,
2127 999 2420 1066 aliquando
2435 999 2866 1068 Justinianeum,
2892 1001 3188 1070 aliquando
3208 1003 3534 1072 hyperteron

1963 1089 2166 1144 dictum
2204 1107 2219 1156 ;
2249 1105 2484 1160 quorum
2512 1092 2713 1162 ﬁguras
2733 1095 3100 1163 particulatim
3127 1095 3405 1150 declarare
3425 1112 3532 1152 nou

1961 1191 2046 1238 est
2075 1183 2238 1252 hujus
2272 1183 2398 1238 loci.

2035 1273 2111 1328 Ex
2149 1276 2230 1329 his
2248 1275 2414 1344 igitur
2435 1275 2832 1345 gestaminibus
2849 1285 3025 1346 gestat
3045 1277 3345 1346 imperator
3361 1279 3538 1349 quod-

1960 1381 2173 1436 cunque
2203 1368 2450 1423 voluerit.
2483 1370 2550 1422 At
2582 1383 2800 1422 crucem
2838 1368 2893 1421 in
2919 1369 3109 1423 dextra
3143 1383 3358 1437 semper
3407 1385 3537 1439 por-

1962 1465 2057 1521 tat,
2085 1458 2137 1512 in
2169 1459 2392 1513 sinistra
2414 1474 2541 1514 vero
2564 1473 2808 1528 pannum
2849 1459 3090 1514 sericum
3119 1459 3294 1514 codici
3327 1460 3530 1523 simile,

1960 1549 2186 1618 ligatum
2219 1551 2451 1613 mantili,
2478 1551 2750 1621 habetque
2786 1553 2931 1606 intus
2966 1561 3188 1616 terram,
3213 1561 3268 1607 et
3311 1562 3538 1607 vocatur

1960 1640 2164 1695 acacia.
2204 1639 2270 1695 Et
2305 1657 2530 1698 crucem
2567 1645 2786 1713 quidem
2820 1644 3004 1700 ferens
3037 1645 3340 1714 imperator
3377 1661 3534 1700 suam

1960 1731 2016 1786 in
2051 1731 2335 1788 Christum
2369 1733 2685 1790 manifestat
2710 1734 2894 1800 fidem,
2921 1743 3207 1790 stemmate
3266 1743 3539 1804 protesta-

1963 1838 2052 1883 tur
2074 1829 2338 1884 honorem
2369 1845 2569 1896 ;zona,
2603 1847 2745 1898 quae,
2783 1839 2840 1885 ut
2873 1847 3066 1886 sumus
3085 1831 3318 1901 prmfati,
3347 1832 3534 1888 diade-

1962 1936 2046 1975 ma
2075 1934 2320 1985 vocatur.
2349 1937 2406 1978 se
2435 1922 2658 1978 militem
2688 1924 3008 1993 profitetur;
3054 1939 3217 1979 sacco
3272 1925 3535 1982 subfnsw

1959 2013 2226 2084 (violaceo
2258 2015 2516 2070 nimirum
2555 2016 2634 2070 vel
2669 2032 2947 2085 purpureo
2985 2019 3005 2086 )
3033 2017 3249 2086 imperii
3282 2019 3534 2073 obscuri-

1959 2115 2126 2161 tatem
2157 2115 2212 2161 et
2245 2118 2514 2162 secretum
2553 2126 2568 2174 ;
2598 2110 2845 2177 pulvere,
2877 2109 2996 2180 qui,
3026 2120 3084 2163 ut
3115 2110 3386 2175 diximus,
3408 2126 3534 2165 aca-

1958 2196 2039 2252 cia
2064 2208 2436 2270 nuncupatur.
2459 2199 2852 2269 imperatorem
2876 2201 3137 2256 humilem
3160 2218 3283 2257 esse
3307 2212 3367 2257 ut
3392 2218 3535 2258 mor-

1960 2289 2145 2352 talem,
2179 2304 2353 2358 neque
2385 2299 2609 2360 propter
2639 2291 2851 2360 imperii
2879 2292 3269 2348 sublimitatem
3323 2293 3529 2358 efferri,

1961 2395 2140 2452 neque
2165 2382 2463 2436 insolenter
2491 2399 2548 2436 se
2577 2383 2816 2451 jactare.
2847 2385 2947 2440 Per
2981 2386 3205 2440 mantile
3254 2387 3531 2456 significa-

1961 2484 2050 2530 tur
2081 2475 2324 2542 ejusdem
2365 2477 2579 2545 imperii
2609 2478 2974 2533 inconstantia
3004 2491 3057 2533 et
3083 2495 3203 2534 mos
3231 2480 3298 2533 ab
3330 2495 3440 2534 uno
3464 2481 3532 2535 ad

1960 2569 2129 2624 alium
2162 2571 2504 2630 transeundi.
2551 2571 2654 2626 Per
2687 2587 2871 2626 ensem
2932 2572 3210 2627 indicatur
3267 2583 3530 2642 potestas.

1960 2661 2290 2733 Lampadem
2313 2663 2605 2732 prmferunt
2624 2663 2938 2733 imperatori
2959 2675 3180 2735 prepter
3201 2667 3332 2721 illud
3375 2667 3536 2724 Chri-

1961 2755 2033 2811 sti
2058 2755 2262 2811 dictum
2295 2773 2308 2810 :
2341 2755 2463 2809 iSie
2488 2756 2769 2810 luceatlux
2788 2766 2964 2811 vestra
2987 2772 3171 2811 coram
3194 2759 3536 2826 hominibus,

1961 2861 2018 2906 ut
2050 2851 2267 2906 videant
2293 2867 2458 2920 Opera
2490 2860 2671 2906 vestra
2705 2852 2868 2918 bona,
2891 2861 2944 2906 et
2985 2853 3292 2923 glorificent
3317 2855 3532 2912 Patrem

1959 2955 2226 3011 vestrum,
2255 2945 2348 3015 qui
2373 2945 2428 2998 in
2455 2945 2610 3000 cmlis
2637 2955 2744 3000 est.
2781 2964 2800 2997 ι

2035 3128 2327 3197 Postquam
2351 3126 2644 3193 imperator
2669 3137 2768 3179 sua
2789 3123 3106 3180 indumenta
3131 3127 3384 3192 mutavit,
3406 3143 3535 3199 pro-

1882 3224 1924 3282 C
1960 3221 2310 3276 tovestiarius
2343 3220 2542 3274 iterum
2583 3217 2826 3287 pilaticia
2866 3219 3109 3273 ostendit
3147 3237 3299 3290 ;quo
3359 3225 3531 3292 signi-

1958 3313 2082 3368 ficat
2111 3313 2493 3377 imperatorem
2510 3309 2622 3378 jam
2656 3317 2904 3378 paratum
2941 3325 3085 3367 esse.
3113 3313 3281 3381 Cujus
3306 3314 3411 3384 52
3436 3331 3534 3369 en-

1955 3420 2069 3459 sem
2099 3413 2284 3473 aperto
2313 3403 2488 3472 capite
2523 3401 2625 3456 fert
2648 3404 2864 3473 juvenis
2888 3404 3180 3473 primarius
3196 3422 3260 3459 ex
3285 3407 3390 3462 illis
3439 3409 3531 3477 qui

1957 3499 2344 3567 imperatorem
2370 3510 2568 3565 genere
2615 3511 2782 3566 prope
2825 3496 3534 3571 attinguntmammagnus

1955 3591 2286 3646 domesticus
2313 3597 2420 3646 stat
2441 3598 2498 3646 et
2525 3591 2647 3660 ipse
2675 3604 2801 3645 cum
2847 3584 3058 3647 caatéris
3109 3596 3427 3663 proceribus
3474 3596 3530 3651 in

1955 3685 2100 3740 aula.

2028 3779 2194 3833 Stans
2224 3777 2389 3848 igitur
2419 3777 2721 3846 imperator
2761 3775 2813 3829 in
2838 3775 2978 3832 solio
3009 3778 3341 3847 conspicuus
3365 3788 3449 3836 est
3499 3799 3528 3836 a

1955 3871 2183 3939 genibus
2213 3878 2265 3921 et
2297 3882 2481 3936 supra,
2528 3866 2716 3920 dextra
2745 3881 2988 3928 crucem,
3017 3867 3238 3924 sinistra
3291 3873 3530 3928 acaciam

1956 3971 2200 4029 portans.
2234 3967 2292 4011 ut
2321 3967 2481 4011 antea
2511 3957 2740 4011 dictum.
2799 3957 3000 4012 Eadem
3062 3963 3367 4028 gestamina
3427 3965 3534 4018 fert

1957 4053 2140 4108 itidem
2172 4049 2518 4119 imperatoris
2553 4049 2721 4110 ﬁlius,
2750 4048 2794 4103 si
2851 4049 2922 4102 sit
2946 4061 3240 4105 coronatus
3267 4069 3280 4104 :
3318 4053 3400 4107 sin
3429 4055 3532 4107 mi-

1956 4161 2078 4208 nus,
2113 4145 2378 4199 usitatum
2412 4142 2514 4197 sibi
2546 4141 2928 4194 indumentum
2967 4143 3150 4207 habet,
3179 4155 3234 4198 et
3265 4159 3430 4214 super
3457 4147 3524 4201 il-

1954 4239 2044 4293 lud
2078 4236 2223 4307 quod
2259 4236 2464 4291 dicitur
2495 4233 2690 4303 capitis
2721 4234 2980 4302 tegimen,
3013 4249 3078 4290 ex
3135 4236 3434 4293 unionibus
3475 4249 3529 4294 et

1957 4331 2268 4400 margaritis
2294 4329 2628 4384 confectum.
2662 4327 2852 4396 Capite
2884 4338 3089 4384 sentum
3120 4339 3318 4398 gestat.
3346 4331 3531 4402 Appa-

1955 4434 2036 4477 ret
2063 4433 2117 4477 et
2139 4423 2240 4477 iste
2261 4421 2462 4491 p0pulo
2483 4435 2512 4474 a
2532 4419 2764 4488 genibus
2789 4430 2843 4473 et
2867 4435 3054 4490 supra.
3081 4421 3333 4491 Despota:
3358 4439 3386 4478 a
3406 4440 3528 4494 pec.

1957 4521 2073 4567 tore
2099 4522 2154 4567 et
2181 4527 2344 4582 supra
2371 4511 2733 4578 asnectabiles
2773 4519 2901 4566 sunt
2936 4522 3189 4570 :caeterze
3240 4530 3539 4584 corporum.

1955 4614 2136 4674 partes
2161 4604 2524 4658 occultantur.

2029 4779 2322 4848 Postquam
2355 4777 2522 4845 igitur
2551 4777 2855 4846 imperator
2881 4785 3102 4844 paratus
3156 4786 3240 4830 est
3290 4786 3343 4830 et
3397 4787 3539 4842 stat,

1956 4869 2404 4941 protovestiarius
2430 4868 2588 4922 tertio
2623 4865 2859 4935 pilaticia
2881 4865 3140 4928 ostendit,
3160 4866 3408 4922 indit-aus
3430 4870 3531 4923 hoc

1955 4964 2111 5032 signo
2142 4961 2527 5031 imperatorem
2561 4959 2672 5030 jam
2709 4960 2760 5012 in
2808 4957 2948 5012 solio
3013 4966 3182 5022 stare,
3235 4962 3541 5030 statimque-

1954 5054 2289 5109 diducuntur
2316 5053 2581 5117 cortinae;
2611 5059 2664 5104 et
2697 5065 2875 5120 neque
2920 5051 3380 5119 protovestiarius
3436 5068 3534 5108 ne-

1953 5163 2060 5220 que
2086 5144 2478 5216 lampadarius,
2513 5159 2692 5211 neque
2717 5144 2810 5212 qui
2841 5152 3021 5220 portat
3053 5159 3240 5200 ensem
3273 5147 3534 5214 imperia-

1959 5241 2088 5302 lem,
2119 5238 2329 5308 uspiam
2364 5245 2649 5307 apparent,
2679 5235 2772 5290 sed
2804 5237 2954 5292 solus
2990 5238 3139 5292 ensis
3189 5249 3245 5293 et
3301 5239 3532 5305 lampas.

1959 5331 2098 5402 Ergo
2125 5330 2289 5385 simul
2318 5343 2380 5384 ac
2407 5329 2631 5383 cortina:
2660 5328 2994 5396 panduntur,
3028 5338 3082 5384 et
3111 5333 3426 5400 imperator.
3456 5332 3530 5388 is-

1955 5439 2062 5493 que
2095 5423 2267 5485 solus,
2299 5422 2658 5491 conspicitur,
2689 5421 2874 5474 statim
2899 5431 3156 5478 cantores
3188 5433 3414 5479 cantant
3459 5425 3536 5479 il-

1954 5516 2046 5571 lud
2077 5535 2088 5571 :
2121 5533 2139 5567 ι
2173 5515 2501 5569 Diuturnum
2532 5512 2694 5568 faciat
2743 5513 2887 5569 Deus
2940 5514 3229 5584 imperium
3284 5525 3459 5581 tuum,
3499 5535 3529 5566 ι

1952 5608 2340 5664 resonantibus
2368 5609 2608 5677 organis.
2647 5623 2768 5676 qua
2797 5607 2946 5662 varia
2982 5617 3128 5672 sunt,
3165 5618 3223 5662 ut
3252 5619 3413 5662 antea
3440 5610 3531 5663 di-

1951 5713 2121 5758 ctum.
2147 5702 2410 5756 Cantores
2443 5702 2607 5770 igitur
2637 5712 2757 5771 post
2789 5701 3087 5756 multorum
3118 5715 3385 5755 annorum
3423 5717 3523 5771 ap-

1951 5796 2322 5866 precationem
2352 5796 2749 5850 conticescunt.
2785 5795 2852 5849 At
2901 5809 3104 5862 organa
3161 5794 3298 5848 satis
3347 5797 3530 5851 multo

1953 5897 2196 5954 tempore
2225 5895 2594 5956 perstrepunt.
2634 5885 2837 5940 Deinde
2871 5886 3201 5954 imperatore
3247 5882 3352 5954 53
3397 5901 3525 5940 scu-
