4050 6608
521 407 584 473 71

1711 419 1982 484 CODINI
2021 425 2547 489 CUROPALATA!

3691 435 3756 500 ΤΞ

518 525 624 578 sim
662 520 882 576 mantile
916 536 1076 578 suum
1096 533 1350 580 movente
1385 537 1600 582 cessant
1629 537 1683 584 et
1719 531 1837 599 ipsa
1869 543 1962 600 ;et
1983 551 2077 588 rnr

2205 538 2266 591 τδ
2325 539 2613 607 μανδύλιον
2671 541 2974 610 κτήσαντος
3033 545 3350 615 παραυτίκα
3419 549 3516 603 καὶ
3587 551 3759 605 ταῦτα

519 628 614 668 sus
645 613 1192 680 iucipiuntcantores
1223 619 1670 674 accommodatas
1715 619 1856 676 festo
1904 639 2077 678 versui

2198 631 2491 698 παύουσιν,
2515 635 2611 687 καὶ
2639 636 2900 704 ἄρχονται
2953 613 3129 692 πάλιν
3163 641 3214 692 οί
3263 638 3484 708 ψάλται,
3523 644 3762 714 προσφό-

515 704 828 767 decantare,
851 715 904 758 et
935 705 1098 773 paulo
1121 717 1245 775 post
1275 708 1406 762 illud
1441 725 1456 762 :
1483 727 1502 761 ι
1523 709 1778 767 Christus
1805 726 1964 770 natus
1985 725 2092 782 est,

2203 740 2330 793 ρους
2363 723 2618 792 λέγοντες
2649 729 2868 798 στίχους
2898 732 2964 799 τῇ
2999 731 3184 801 ἑορτῇ.
3220 732 3310 785 καὶ
3363 733 3481 803 μετ’
3533 735 3712 802 ὀλίγον
3741 754 3758 768 ·

515 797 608 865 qui
641 805 692 850 te
721 797 1108 866 imperatorem
1133 802 1438 865 coronavit,
1479 821 1498 852 ι
1537 813 1592 856 ct
1621 813 1744 871 post
1765 805 1866 860 hoc
1888 807 2077 862 sticlmi

2203 835 2222 866 ι
2257 817 2492 888 Χριστὸς
2523 797 2790 892 ἐγεννήθη
2812 823 2840 874 6
2859 797 3159 892 στέᾠαξσέ
3183 797 3429 894 βασιλέα,
3457 845 3474 878 ι
3513 827 3609 880 καὶ
3625 797 3764 897 μετὰ

515 905 610 944 seu
637 889 942 944 versus.'Et
960 907 1148 945 rursus
1173 893 1314 946 idem
1343 903 1426 947 sat
1447 895 1610 962 longo
1639 905 1898 966 tempore.
1929 900 2094 953 Dein-

515 983 580 1035 de
605 985 824 1036 nomina
855 986 1244 1053 imperatorum
1278 997 1332 1040 et
1361 989 1772 1057 imperatricum
1803 992 1958 1047 bonis
1977 1009 2098 1063 pre-

513 1075 822 1130 cationibus
865 1075 1190 1134 aﬂiciuntur.
1211 1077 1331 1143 Quo
1372 1091 1590 1148 peracto
1623 1092 1872 1138 cantores
1899 1084 2094 1138 iterum

514 1167 714 1221 multos
727 1182 900 1221 annos
913 1168 1228 1224 concinunt.
1251 1171 1460 1236 Quibus
1477 1173 1654 1228 adhuc
1669 1175 1992 1230 canentibus
2005 1193 2101 1231 ex-

513 1259 831 1328 penduntur
859 1269 913 1315 ct
937 1262 1266 1318 clauduntur
1285 1259 1512 1319 cortina:
1541 1266 1914 1336 imperatoris;
1939 1285 2098 1340 orga-

513 1354 600 1407 nis
631 1359 810 1408 denuo
853 1359 918 1408 ad
947 1356 1218 1410 modicum
1247 1367 1460 1428 tempus
1489 1361 1872 1416 resonantibus
1900 1371 2097 1416 exeunt

511 1445 786 1500 ﬂammula
815 1463 910 1501 seu
948 1449 1165 1502 vexilla.
1189 1448 1252 1501 Et
1279 1450 1627 1518 imperatoria
1657 1453 1877 1521 quidem
1905 1454 2096 1508 ferun-

515 1549 604 1590 tur
631 1539 684 1592 in
707 1540 1051 1606 vestiarium,
1087 1542 1178 1595 ubi
1225 1545 1499 1598 asservari
1551 1545 1730 1599 solent
1763 1563 1777 1613 ;
1805 1561 2092 1616 procerum

511 1647 642 1686 vero
677 1635 958 1702 quodlibet
989 1635 1054 1688 ad
1077 1637 1323 1705 proprias
1354 1637 1624 1706 cujusque
1647 1641 1792 1693 ades
1823 1639 2090 1694 defertur.

512 1727 858 1782 Descendens
887 1729 1178 1799 imperator
1205 1731 1270 1784 ad
1307 1747 1546 1786 mensam
1575 1749 1633 1787 se
1655 1734 1890 1794 confert.
1917 1734 2098 1802 quoti-

509 1822 730 1874 dianum
757 1821 1018 1876 amictum
1047 1822 1226 1878 ferens
1261 1841 1275 1880 :
1302 1834 1358 1878 at
1377 1841 1637 1894 proceres
1657 1843 1822 1898 supra
1841 1831 2088 1897 exposita

509 1922 724 1982 gestant
747 1917 1073 1983 gestamina.

580 2006 850 2062 Caeterum
883 2011 1060 2063 oratio
1111 2010 1178 2063 de
1223 2026 1414 2066 mensa
1473 2011 1760 2068 differatur
1813 2015 2086 2070 nonnihil.

509 2099 774 2165 Quoniam
803 2117 932 2156 vero
961 2103 1330 2171 pilaticiorum
1360 2108 1696 2162 mentionem
1731 2121 1890 2164 antea
1945 2110 2085 2164 feci-

509 2209 656 2258 mus,
685 2195 936 2252 dicamus
981 2200 1136 2266 prius
1173 2198 1244 2253 de
1276 2199 1406 2267 illis,
1445 2211 1501 2255 ut
1528 2204 1882 2271 postmodum
1917 2209 2084 2265 etiam

506 2283 575 2338 de
609 2301 800 2340 mensa
825 2288 1182 2344 disseramus.

573 2377 749 2448 Cyrus
779 2395 1034 2450 magnus,
1069 2397 1162 2437 rex
1216 2381 1533 2452 Persarum,
1578 2387 1722 2444 illius
1780 2387 2084 2464 Cambysa,

503 2479 631 2538 post
663 2471 872 2526 obitum
905 2474 1156 2546 Astyagis
1191 2477 1279 2531 avi
1305 2478 1388 2532 sui
1415 2479 1742 2537 hereditate
1772 2485 1942 2540 etiam
1985 2503 2084 2542 ae-

505 2561 736 2629 quisivit
765 2563 1058 2632 imperium
1095 2567 1235 2636 ejus.
1271 2569 1377 2624 hoc
1407 2581 1492 2624 est
1528 2571 1807 2629 Medorum
1832 2593 2081 2648 regnum.

504 2651 642 2706 Cum
670 2653 836 2723 igitur
867 2653 1158 2712 Persarum
1195 2676 1328 2729 gens
1361 2677 1527 2730 parva
1619 2675 1764 2721 esset
1817 2681 1870 2725 et
1915 2671 2082 2727 vitam

503 2746 843 2812 pastoritiam
883 2758 1090 2818 ageret,
1122 2750 1322 2821 Cyrus,
1355 2757 1561 2811 relictis
1595 2759 1885 2817 Persarum
1913 2767 2082 2822 mori-

504 2835 630 2901 bus,
659 2835 914 2890 utebatur
949 2838 1058 2892 ritu
1085 2845 1550 2900 etconsuctudiue
1577 2847 1880 2916 Medorum,
1898 2865 2086 2925 utpote

503 2923 684 2992 gentis
716 2940 924 2994 magna:
956 2939 1010 2983 et
1041 2933 1362 3000 magniﬁcae.
1387 2935 1589 2994 liorum
1622 2957 1748 2996 vero
1773 2923 1985 3014 judices
2011 2947 2086 3004 fe-

504 3017 698 3071 rebant
721 3017 828 3090 54
857 3023 1114 3090 epilorica
1145 3040 1239 3080 seu
1280 3032 1592 3098 superulas,
1627 3043 1679 3090 et
1712 3035 1770 3089 in
1804 3041 1988 3108 capite
2019 3043 2084 3096 li-

504 3124 668 3164 neum
703 3121 914 3181 tegmen
943 3115 1318 3184 phaceolidem
1336 3125 1690 3191 appellatum.
1713 3127 1788 3183 Ex
1836 3134 2083 3200 quolibet

2119 1875 2164 1934 Β

2198 907 2360 962 τοῦτο
2397 913 2636 980 στίχους,
2672 913 2768 966 καὶ
2821 916 2985 970 πάλιν
3019 916 3153 969 αὐτὸ
3214 917 3374 988 μέχρι
3435 919 3530 971 καὶ
3576 921 3764 990 ἱκανῆς

2197 997 2370 1068 ὥρας.
2403 998 2536 1054 Εἶτα
2580 1005 3120 1077 γίνεταιὴεύφημία
3169 1010 3281 1062 τῶν
3317 1010 3597 1078 ὀνομάτων
3654 1013 3764 1064 τῶν

2201 1091 2472 1161 βασιλέων
2503 1098 2599 1149 καὶ
2643 1099 2754 1150 τῶν
2783 1098 3104 1166 δεσποινῶν,
3169 1098 3288 1170 μεθ’
3341 1102 3410 1172 ἢν
3451 1103 3766 1175 πολυχρονί-

2200 1185 2386 1247 ζουσιν
2417 1183 2578 1251 αὖθις
2630 1189 2680 1242 οί
2710 1189 2935 1259 ψάλται.
2973 1191 3179 1245 Τούτου
3213 1193 3260 1246 δ’
3316 1193 3396 1248 ἔτι
3427 1195 3764 1264 ψαλλομένιυ

2199 1277 2444 1331 κλείουσι
2469 1280 2537 1332 τά
2573 1279 2874 1352 βηλόθυρα.
2911 1284 3082 1336 Πάλιν
3103 1285 3160 1338 δὲ
3186 1285 3295 1338 τῶν
3323 1286 3571 1357 ὀργάνων
3623 1294 3764 1359 πρὸς

2197 1371 2377 1440 ὀλίγον
2400 1373 2678 1442 ἠχούντων
2709 1375 3024 1430 ἐκϐαίνουσι
3073 1378 3143 1431 τὰ
3176 1379 3484 1448 φλάμουλα.
3549 1381 3654 1434 Καὶ
3691 1383 3762 1436 τὰ

2201 1465 2305 1534 μὲν
2335 1466 2596 1536 βασιλικά
2631 1467 3044 1537 διακομίζονται
3075 1473 3154 1535 είς
3195 1473 3255 1526 τδ
3287 1473 3761 1545 βεστιάριον,δπου

2197 1557 2538 1628 εὑρίσκεται,
2601 1563 2670 1614 τὰ
2727 1561 2783 1614 δὲ
2829 1563 2938 1616 τῶν
2981 1564 3259 1634 ἀρχόντων
3319 1569 3378 1619 ὲν
3435 1572 3546 1630 τοῖς
3593 1570 3765 1633 οίκοις

2200 1653 2472 1706 ἑκάστων.
2519 1653 2820 1707 Κατελθὼν
2873 1655 2930 1708 δὲ
2987 1660 3014 1709 6
3057 1656 3312 1725 βασιλεὺς
3347 1659 3646 1730 ἀπέρχεται
3685 1663 3766 1725 είς

2197 1742 2294 1812 τὴν
2328 1742 2608 1810 τράπεζαν
2641 1745 2766 1796 κατ’
2796 1743 2934 1812 ἔθος,
2985 1745 3169 1815 φορῶν
3229 1748 3608 1819 καθημερινὴν
3644 1769 3766 1804 στο-

2195 1835 2314 1906 λὴν,
2351 1841 2398 1890 οἰ
2440 1839 2496 1892 δὲ
2531 1839 2793 1909 ἄρχοντες
2836 1840 2904 1893 τὰ
2955 1841 3338 1912 προρρηθέντα
3371 1841 3573 1896 τούτων
3603 1845 3765 1914 φορί-

2197 1948 2366 2000 ματα.

2276 2023 2334 2078 Ὀ
2370 2025 2556 2092 μέντοι
2575 2027 2676 2096 τῆς
2699 2027 2980 2098 τραπέζης
3003 2028 3161 2096 λόγος
3180 2029 3524 2099 άναμεινάτω
3544 2029 3760 2100 μικρόν·

2189 2116 2314 2169 ἐπεὶ
2345 2116 2400 2169 δὲ
2431 2117 2760 2172 πιλατικίων
2793 2121 3281 2192 προεμνήσθημεν,
3317 2123 3563 2193 εἴπωμεν
3618 2123 3762 2178 κατὰ

2193 2207 2410 2278 πρῶτον
2441 2208 2570 2278 περὶ
2615 2211 2817 2275 αὐτῶν,
2853 2211 3050 2265 ἔπειτα
3101 2213 3188 2267 ἵνα
3237 2217 3333 2268 καὶ
3393 2217 3521 2285 περὶ
3553 2217 3760 2288 ταύτης

2189 2297 2548 2368 δηλώσωμεν.
3385 2301 3396 2308 “

2275 2387 2336 2440 ’0
2370 2391 2546 2460 Κῦρος
2577 2393 2604 2443 6
2629 2393 2824 2461 μέγας.
2847 2398 2875 2448 6
2909 2396 3015 2450 τῶν
3039 2398 3267 2467 Περσῶν
3313 2401 3586 2470 βασιλεὺς,
3640 2403 3757 2466 υἱὸς

2187 2479 2264 2533 ὢν
2300 2481 2396 2534 τοῦ
2441 2483 2769 2552 Καμϐύσου,
2827 2488 2969 2557 μετὰ
3024 2491 3257 2546 θάνατον
3313 2492 3613 2562 Ἀστυάγου
3661 2495 3754 2548 τοῦ

2188 2571 2416 2627 πάππου
2441 2575 2608 2630 αὐτοῦ
2642 2579 3000 2650 ἐκληρώσατο
3037 2584 3131 2636 καλ⁵
3157 2585 3259 2652 τὴν
3319 2585 3530 2641 ἐκείνου
3580 2587 3756 2659 ἀρχὴν

2188 2664 2308 2734 ἤτοι
2338 2666 2461 2728 τοὺς
2485 2667 2727 2736 Μήδους.
2757 2671 2880 2724 Τῶν
2911 2673 3092 2728 τοίνυν
3119 2675 3346 2745 Περσῶν
3377 2677 3564 2742 ἔθνους
3583 2679 3756 2734 όντων

2191 2761 2416 2828 μικροῦ,
2448 2763 2544 2816 καὶ
2593 2767 2887 2836 νομαδικὸν
2922 2767 3038 2837 βίον
3074 2769 3315 2835 ζώντων,
3377 2773 3404 2826 6
3441 2773 3640 2844 Κύρος
3689 2774 3754 2844 δὴ

2185 2843 2340 2913 οὗτος
2372 2852 2441 2904 τά
2463 2854 2572 2907 τῶν
2611 2857 2840 2925 Περσῶν
2869 2858 3036 2930 ἔθιμα
3092 2861 3430 2930 καταλείψας
3476 2865 3590 2927 τοῖς
3644 2866 3752 2918 τῶν

2185 2943 2388 3012 Μήδων
2419 2947 2714 3022 ἐχρήσατο,
2749 2951 2990 3019 μεγάλου
3033 2951 3186 3016 ὄντος
3234 2952 3420 3018 ἔθνους
3451 2957 3547 3010 καὶ
3581 2975 3754 3028 μεγα-

2185 3037 2516 3106 λοπρεποῦς,
2549 3035 2625 3093 ὧν
2652 3041 2714 3111 δὴ
2745 3043 2792 3094 oi
2826 3045 3012 3113 κριταὶ
3039 3045 3270 3114 ἐφόρουν
3304 3047 3627 3124 ἐπιλούρικα
3657 3053 3752 3104 καὶ

2185 3129 2279 3182 ἐπὶ
2316 3132 2563 3202 κεφαλῆς
2597 3134 2933 3200 φακεωλίδα.
2970 3135 3060 3188 Ἐν
3095 3132 3186 3190 οὖν
3221 3138 3510 3210 φακεωλίῳ
3538 3139 3754 3211 ἑκάστῳ

503 3203 788 3272 phaceolio
823 3211 1092 3284 pendebat
1125 3229 1154 3266 a
1181 3216 1402 3271 sinistra
1425 3231 1577 3288 parte
1603 3227 1941 3294 mcirgellium
1968 3231 2077 3285 sive

2187 3221 2462 3290 κρέματαί
2489 3241 2546 3276 τε
2571 3225 2710 3278 κατὰ
2742 3227 2802 3279 τὸ
2865 3228 3157 3299 ἀριστερὸν
3211 3203 3375 3304 μέρος
3429 3203 3753 3304 μαργέλλιον

505 3291 718 3350 iin'ibria
749 3311 813 3351 ex
849 3302 1128 3370 margella,
1167 3304 1389 3362 alteram
1425 3324 1614 3366 aurem
1646 3291 1764 3384 ejus
1787 3319 1876 3385 qui
1905 3331 2082 3389 gesta-

503 3384 596 3438 bat
628 3387 910 3457 obtegens.
936 3391 1057 3457 Quo
1086 3396 1502 3464 signiﬁcabatur
1526 3420 1714 3461 aurem
1737 3384 1954 3474 quidem
1991 3431 2080 3468 re-

503 3485 698 3532 tectam
728 3486 1144 3540 accusatoribus
1172 3490 1310 3554 dari,
1343 3504 1539 3549 tectam
1579 3515 1703 3553 vero
1753 3518 1940 3558 aurem
1991 3523 2080 3560 ac-

503 3571 730 3637 cusatis,
764 3575 854 3628 sed
877 3576 1216 3645 absentibus,
1247 3589 1535 3642 reservari.
1569 3591 1801 3646 Excollo
1826 3597 2077 3664 judicum

502 3663 812 3730 pendebant
841 3667 890 3720 in
919 3672 1113 3725 sericis
1149 3673 1252 3728 iiiis
1284 3681 1560 3746 mai-genia
1592 3699 1728 3738 auro
1749 3663 1933 3743 ductili
1959 3705 2078 3745 tex-

501 3759 578 3805 ta.
607 3753 916 3824 Longitudo
939 3772 1054 3814 erat
1087 3765 1356 3831 spithania
1393 3778 1594 3836 minor.
1645 3779 1874 3834 latitudo
1918 3785 2077 3838 unius

499 3843 662 3909 pahni
692 3861 708 3910 ;
743 3863 864 3914 qure
893 3865 986 3904 rex
1019 3851 1298 3910 Medorum
1334 3861 1562 3928 ferebat,
1601 3869 1854 3924 sitniiiter
1901 3883 1956 3926 et
1991 3875 2080 3942 ju-

499 3935 664 3990 diccs.
695 3938 1160 4004 Quemadmodum
1201 3952 1363 4020 igitur
1397 3956 1522 4010 olim
1555 3965 1889 4019 exercituum
1911 3967 2076 4026 duces

496 4032 748 4091 ferebant
775 4047 1019 4110 torques,
1047 4045 1139 4112 qui
1168 4057 1324 4099 erant
1357 4049 1578 4105 honoris
1607 4055 1839 4124 ἱιιιιίι-εε,
1887 4062 1966 4114 sic
2021 4071 2076 4116 et

497 4127 742 4195 pilaticia
777 4131 1038 4186 honorem
1093 4137 1340 4205 judicum
1397 4143 1839 4202 mami'estabunt.
1898 4153 2074 4222 Cyrus

497 4219 662 4285 igitur
711 4238 936 4291 regnum
995 4225 1272 4282 Medorum
1331 4232 1559 4300 adeptus
1615 4253 1804 4291 eorum
1855 4219 2073 4312 otioque

493 4318 986 4373 consuetudinibus
1021 4323 1300 4388 utebatur,
1336 4335 1394 4376 ut
1418 4341 1575 4379 antea
1607 4333 1918 4398 expositum
1965 4347 2068 4391 est.

493 4408 676 4462 Armis
711 4423 839 4462 vero
871 4410 926 4463 in
955 4409 1206 4481 Assyrios
1225 4421 1658 4485 sumptéseorutn
1681 4423 1866 4478 itidem
1906 4429 2072 4496 impe-

495 4499 634 4552 rium
688 4504 978 4570 occupavit
1024 4505 1201 4574 tnajus
1225 4507 1451 4577 imperio
1483 4511 1785 4580 Medorum,
1814 4535 1842 4572 α
1872 4525 2068 4589 quibus

491 4593 656 4644 etiam
677 4595 969 4649 nonnullas
993 4603 1413 4656 consuetudines
1441 4617 1720 4662 mutuatus
1741 4623 1821 4664 cst
1851 4629 1864 4677 ;
1891 4628 1950 4668 se
1991 4618 2074 4683 ip-

493 4700 613 4738 smn
636 4701 766 4740 vero
783 4685 1076 4743 Persarum
1102 4707 1286 4762 regem
1331 4699 1642 4766 appetzavit,
1679 4705 1924 4760 tribuens
1972 4709 2075 4764 hoc

491 4778 702 4845 paterni
719 4783 870 4850 regni
893 4782 1108 4846 honori,
1129 4785 1252 4840 licet
1280 4789 1460 4842 minus
1483 4805 1623 4846 esset
1645 4795 1872 4864 imperio
1889 4799 2074 4856 Medo-

491 4883 610 4922 rum
630 4879 682 4924 et
701 4873 1075 4944 Assyriorum,
1105 4889 1164 4931 ut
1191 4881 1396 4934 dictum
1427 4895 1528 4938 est.
1561 4885 1704 4956 Ergo
1734 4906 1761 4942 a
1791 4889 1957 4947 Medis
1981 4911 2072 4949 ac-

489 4963 627 5027 cepit
648 4965 984 5031 phaceolium
1021 4980 1070 5020 et
1101 4972 1442 5040 epiloricum,
1469 4979 1536 5028 ab
1566 4979 1807 5047 Assyriis
1825 4985 2066 5037 scaraui-

489 5069 636 5116 cum.
663 5056 986 5114 cabbadium
1007 5072 1060 5115 et
1080 5063 1412 5122 draconibus
1449 5069 1765 5140 insignitum
1803 5075 2062 5131 ﬂaunnu-

487 5147 600 5202 lunt
633 5165 728 5204 seu
766 5153 1019 5206 vexillum
1057 5173 1072 5222 ;
1110 5167 1163 5210 et
1197 5161 1358 5214 abeo
1395 5172 1637 5232 tempore
1675 5183 1793 5222 mos
1825 5171 2063 5226 obtinuit

489 5249 547 5295 ιιι
567 5255 760 5297 omnes
786 5257 906 5312 post
924 5245 1122 5318 Cyrum
1151 5253 1556 5318 appellarentur
1575 5275 1728 5328 reges
1749 5261 2060 5328 Persarum.

486 5347 661 5404 usque
690 5339 754 5390 ad
785 5337 1208 5410 Darium,qu-.-m
1241 5362 1362 5398 cum
1385 5348 1687 5406 Alexander
1709 5351 2061 5410 Macedonum

484 5443 578 5482 rex
616 5431 934 5497 devicisset,
967 5437 1170 5503 pariter
1197 5448 1248 5492 et
1275 5457 1441 5511 regno
1461 5441 1564 5515 55
1587 5447 1704 5515 ejus
1728 5448 1930 5515 potitus
1954 5457 2059 5504 est.

483 5523 728 5592 Cumque
757 5537 984 5594 magnus
1014 5525 1407 5584 Constantinus
1435 5542 1487 5586 et
1517 5541 1663 5586 esset
1690 5543 1743 5588 et
1781 5535 2061 5592 diceretur

481 5615 780 5683 imperator
811 5615 1207 5685 Romanorum,
1239 5639 1585 5680 successores
1606 5627 1721 5694 ejus
1765 5643 1938 5699 usque
1993 5631 2060 5684 ad

479 5705 596 5760 hanc
619 5716 865 5779 tempora
902 5711 1261 5782 imperatores
1295 5713 1667 5774 Romanorum
1691 5721 2005 5779 salutautur
2031 5742 2048 5792 ;

478 5807 534 5852 et
563 5817 689 5856 cum
719 5803 1025 5860 Alexander
1051 5807 1214 5872 fuerit
1249 5825 1342 5864 rex
1379 5809 1760 5876 Macedonum.
1794 5815 2048 5872 Macedo-

479 5893 566 5948 nia
598 5902 778 5950 autem
819 5897 1190 5956 liomanorum
1225 5903 1574 5972 imperatoris
1609 5909 1664 5963 in
1699 5909 1906 5966 ditioue
1955 5912 2046 5978 sit,

2109 4565 2148 4616 ἶ)

2188 3316 2576 3385 συρματέῑνον,
2607 3317 2668 3370 τὸ
2695 3319 2886 3387 ἕτερον
2945 3321 3039 3373 τοῦ
3095 3322 3390 3392 φοροῦντος
3439 3325 3549 3378 τῶν
3597 3325 3753 3382 ὢτων

2184 3409 2486 3473 καλύπτον,
2511 3410 2708 3479 δηλοῦν
2739 3413 2815 3476 ὡς
2840 3413 2901 3465 τὸ
2940 3413 3040 3482 μὲν
3071 3415 3311 3479 ἀσκεπὲς
3334 3415 3441 3468 τῶν
3461 3417 3756 3484 ἐγκαλούν-

2182 3519 2291 3554 των
2326 3502 2464 3568 lori,
2507 3504 2566 3556 τὸ
2593 3503 2648 3555 δὲ
2680 3504 3018 3573 σκεπόμενον
3065 3502 3158 3570 οὖς
3201 3506 3310 3559 τῶν
3345 3494 3755 3579 κατηγορουμέξ

2182 3613 2288 3648 νων
2322 3596 2441 3662 μὲν,
2501 3597 2575 3666 μὴ
2623 3599 2912 3667 παρόντων
2945 3598 3022 3653 δέ.
3073 3599 3195 3653 Ἐπὶ
3243 3600 3299 3653 δὲ
3340 3601 3612 3673 τραχήλου
3643 3603 3750 3654 τῶν

2182 3687 2390 3756 κριτῶν
2421 3687 2734 3758 ἐκρέμαντο
2759 3689 2852 3742 δύο
2898 3690 3022 3744 τινὰ
3055 3691 3143 3744 διὰ
3175 3691 3434 3744 σιτανίων
3464 3692 3748 3746 πιλατίκια

2180 3779 2476 3850 λεγόμενα,
2521 3783 2664 3852 ἅπερ
2707 3784 2814 3836 εἰσὶ
2849 3771 3154 3854 μαργέλλια
3185 3785 3322 3853 μετὰ
3351 3785 3651 3855 σύρματος,
3691 3788 3752 3839 τὸ

2184 3875 2283 3944 μὲν
2315 3876 2488 3944 μῆκος
2523 3876 2806 3946 σπιθαμῆς
2851 3877 3090 3944 ἔλαττον,
3124 3879 3184 3930 τὸ
3234 3877 3292 3930 δὲ
3337 3877 3539 3942 πλάτος
3575 3881 3753 3934 παλα-

2183 3971 2380 4036 μιαῖον.
2408 3969 2650 4020 Ἀτιναό
2671 3970 2779 4023 τῶν
2807 3971 3006 4040 Μήδων
3029 3970 3220 4039 ἐφόρει
3249 3970 3524 4041 βασιλεὺς,
3550 3972 3751 4042 ὁμοίως

2179 4063 2274 4113 καὶ
2306 4061 2355 4112 oi
2387 4061 2596 4130 κριταί.
2629 4061 2842 4132 ’Ὥσπερ
2872 4051 3231 4132 οὖν’ὲςρόρουν
3278 4063 3442 4116 πάλαι
3499 4065 3548 4118 oi
3591 4082 3753 4132 στρα-

2177 4153 2336 4222 τηγοὶ
2373 4154 2638 4222 στρεπτὰ,
2688 4155 2787 4226 τὴν
2823 4157 2989 4227 τιμὴν
3023 4156 3230 4210 τούτων
3276 4155 3559 4226 δηλοῦντα,
3609 4156 3750 4210 οὕτω

2177 4247 2376 4300 καὶτὰ
2408 4247 2694 4302 πιλατίκια
2729 4249 2828 4313 τὴν
2871 4249 3038 4319 τιμὴν
3082 4249 3191 4302 τῶν
3237 4249 3443 4318 κριτῶν
3501 4248 3744 4319 ἐδηλουν.

2186 4339 2248 4394 Ὀ
2282 4339 2465 4393 τοίνυν
2499 4340 2679 4410 Κῦρος
2702 4341 2927 4412 τὴντῶν
2955 4343 3157 4412 Μήδων
3187 4343 3359 4413 ἀρχὴν
3382 4343 3744 4412 κτησάμενος,

2177 4415 2252 4495 ὧς
2275 4433 2596 4503 δεδήλωται,
2633 4435 2727 4487 καὶ
2762 4437 2874 4498 τοῖς
2905 4435 3054 4488 ἔθεσι
3105 4435 3314 4488 τούτων
3362 4437 3594 4507 ἐχρῆτο·
3647 4453 3747 4490 πο-

2175 4526 2425 4594 λεμήσας
2456 4526 2512 4579 δὲ
2553 4526 2744 4580 ἔπειτα
2765 4528 2987 4590 καὶτοῖς
3021 4527 3331 4598 Ἀσσυρίοις
3349 4529 3742 4599 συμπαρέλαϐε

2181 4621 2280 4687 μὲν
2318 4620 2412 4671 καὶ
2447 4620 2545 4689 τὴν
2576 4619 2783 4673 τούτων
2825 4619 3021 4690 ἀρχὴν,
3059 4619 3232 4690 μείζω
3281 4620 3377 4688 τῆς
3406 4621 3514 4672 τῶν
3545 4621 3744 4692 Μήδων

2175 4711 2368 4770 οὖσαν,
2404 4713 2498 4779 ἀφ’
2532 4705 2606 4764 ὧν
2637 4713 2730 4763 καί
2777 4729 2901 4765 τινα
2933 4711 3138 4764 τούτων
3171 4711 3334 4782 ἔθιμα
3371 4711 3582 4777 ἔλαϐεν,
3617 4709 3762 4766 ἑαυ-’

2173 4803 2265 4856 τὸν
2295 4803 2350 4856 δὲ
2378 4803 2603 4874 βασιλέα
2655 4805 2882 4875 Περσῶν
2927 4802 3178 4873 ὠνόμαζε
3221 4805 3389 4873 τιμῆς
3433 4805 3597 4858 ἕνεκα
3647 4806 3746 4875 τῆς

2177 4892 2268 4946 τοῦ
2301 4895 2508 4964 πατρὸς
2539 4893 2736 4963 ἀρχῆς,
2769 4893 2816 4944 εί
2847 4893 3074 4946 καὶτῶν
3106 4894 3308 4964 Μήδων
3355 4893 3449 4946 καλ.
3483 4893 3590 4945 τῶν
3619 4891 3746 4945 ’Λσο

2177 4987 2382 5056 συρίων
2419 4987 2659 5040 ἐλάττων
2692 4982 2759 5055 ἦν
2791 4985 2952 5053 αὐτὴ.
2985 4985 3062 5048 ὡς
3113 4985 3350 5056 εἴρηται.
3377 4987 3486 5039 Καὶ
3507 4986 3615 5068 άπὸ
3643 4985 3744 5056 μὲν

2169 5079 2272 5146 τῆς
2307 5077 2418 5130 τῶν
2447 5077 2652 5146 Μήδων
2677 5079 2854 5149 ἀρχῆς
2889 5077 3052 5129 ἔλαϐε
3099 5077 3160 5132 τό
3196 5095 3254 5130 τε
3317 5079 3623 5146 φακειὶιλιον
3649 5081 3743 5133 καὶ

2168 5169 2230 5222 τὸ
2257 5168 2633 5238 ὲπιλούρικον,
2702 5169 2810 5223 ἀπὸ
2863 5168 2921 5221 δὲ
2976 5171 3074 5238 τῆς
3139 5171 3252 5222 τῶν
3305 5171 3613 5239 Ἀσσυρίων
3681 5171 3744 5221 τὺ

2175 5261 2514 5329 σκαράνικον
2543 5263 2603 5314 τό
2633 5279 2690 5314 τε
2717 5261 3015 5314 καϐϐάδιον
3037 5263 3130 5314 καὶ
3147 5261 3209 5314 τὸ
3229 5261 3578 5332 δρακόντειον
3609 5261 3744 5329 φλά-

2171 5352 2393 5420 μουλον.
2443 5353 2554 5406 Καὶ
2604 5353 2792 5406 ἔκτοτε
2832 5353 3178 5422 ἐπεκράτησε
3203 5355 3329 5417 τοὺς
3390 5356 3528 5424 μετά
3559 5353 3742 5424 Κῦρον

2167 5447 2380 5510 πάντας
2412 5445 2671 5515 βασιλέας
2702 5445 2992 5499 καλεῖσθαι
3027 5447 3275 5520 Περσῶν,
3316 5448 3478 5517 μέχρι
3519 5449 3608 5501 καὶ
3645 5448 3740 5502 τοῦ

2166 5539 2421 5607 Δαρείου,
2457 5539 2517 5592 ὃν
2579 5539 3104 5611 καταστρεψάμενος
3172 5539 3522 5608 Ἀλέξανδρος
3561 5540 3588 5591 6
3629 5539 3740 5593 τῶν
3817 5617 3824 5622 _

2164 5632 2492 5686 Μακεδόνων
2533 5632 2788 5702 βασιλεὺς
2821 5632 2948 5702 ἔσχε
2991 5633 3092 5701 τὴν
3120 5631 3298 5702 ἀρχὴν
3327 5633 3545 5686 τούτου.
3578 5631 3740 5686 Ἐπεὶ

2163 5723 2220 5775 δὲ
2245 5725 2272 5776 6
2301 5724 2476 5794 μέγας
2503 5726 2922 5787 Κωνσταντῖνος
2971 5724 3067 5777 καὶ
3093 5719 3162 5794 ἦν
3195 5726 3291 5776 καὶ
3330 5725 3548 5791 ἐλέγετο
3583 5723 3734 5795 βασι-

2163 5813 2288 5876 λεὺς
2335 5815 2650 5884 Ῥωμαίων,
2677 5817 2914 5887 βασιλεῖς
2941 5817 3050 5870 τῶν
3103 5817 3394 5887 Ῥωμαίων
3431 5817 3730 5872 καλοῦνται

2166 5907 2329 5979 μέχρι
2360 5909 2454 5961 τοῦ
2488 5907 2582 5961 νῦν
2611 5909 2702 5962 καὶ
2738 5911 2785 5962 οἱ
2812 5911 3025 5964 ἐκείνου
3048 5909 3282 5981 διάδοχοι
3331 5910 3592 5980 βασιλεῖς.
3627 5913 3738 5964 Καὶ
