4050 6604
262 432 339 493 '13

1162 425 1261 489 DE
1302 424 1639 487 OFFICIIS
1678 420 2164 484 CPOLITANIS.
2192 446 2261 458 --
2293 420 2462 482 CAP.
2500 421 2631 482 Vli.

3449 421 3525 487 τι

264 543 457 613 ἐπειδὴ
483 545 512 595 6
535 543 635 611 μὲν
664 541 1025 613 Ἀλέξανδρος
1058 542 1171 595 τῶν
1201 542 1532 597 Μακεδόνων
1590 536 1657 613 ἧν
1693 542 1848 612 βασι-

1957 539 2254 596 Orientalcs
2279 542 2463 612 populi
2500 556 2696 612 magno
2726 541 2929 597 honore
2959 541 3201 597 alliciunt
3224 543 3515 609 imperato-

262 638 419 699 λεὺς,
453 638 487 705 ἡ
514 635 571 687 δὲ
606 636 923 690 Μακεδονεα
953 637 1059 689 ὑπὸ
1109 636 1207 702 τὴν
1238 634 1332 688 τοῦ
1384 636 1651 705 βασιλέως
1714 635 1850 688 Ῥω-

268 728 452 797 μαίων
486 729 649 797 χεῖρα
690 728 1039 797 εὑρὲσκεται,
1067 728 1135 781 τὰ
1195 728 1297 798 μὲν
1332 727 1444 796 ἑῷα
1491 726 1619 797 ἔθνη
1646 725 1848 780 διδόασι

266 822 367 889 τὴν
417 819 592 890 τιμὴν
623 820 707 890 τῷ
758 820 974 889 βασιλεῖ
1019 819 1096 881 ὡς
1134 819 1367 889 διαδόχῳ
1418 816 1513 871 τοῦ
1576 816 1848 887 πατρικοῦ

267 916 423 967 οῐκου
457 914 556 966 τοῦ
594 913 979 982 Ἀλεξάνδρου,
1015 911 1082 964 τά
1113 911 1161 964 δ’
1218 909 1287 964 αὖ
1341 910 1574 978 ἑσπέρια
1629 908 1703 969 ὡς
1754 907 1850 960 τοῦ

269 1006 517 1074 μεγάλου
547 1006 962 1059 Κωνσταντίνου
995 1003 1248 1074 διαδόχῳ.
1296 1003 1408 1056 Καὶ
1448 1001 1577 1072 περὶ
1609 1001 1709 1071 μὲν
1732 999 1851 1053 τού-

264 1115 376 1154 των
415 1100 617 1162 οὕτως.
846 1150 849 1151 ,
1249 1123 1258 1131 ·

773 1190 1172 1246 ΚΕΦᾹΛΑΙΟΝ
1228 1186 1303 1245 Z'.

487 1330 629 1399 Περὶ
672 1328 779 1397 τῆς
810 1330 918 1383 τοῦ
958 1331 1269 1397 ,ϐασιλέως
1302 1331 1635 1413 κτραπέζης.

342 1465 674 1517 Ἐπανιτέον
697 1465 752 1517 δὲ
783 1460 941 1529 αὖθις
967 1466 1086 1518 ὅθεν
1104 1464 1427 1534 ἐξήλθομεν.
1448 1466 1559 1519 Τοῦ
1585 1464 1854 1535 βασιλέως

275 1558 377 1625 μὲν
432 1553 529 1609 οῦν
564 1558 645 1617 εἰς
696 1556 795 1621 τὴν
838 1557 1119 1625 τράπεζαν
1167 1558 1499 1619 ἀπελθόντος
1549 1557 1643 1609 καὶ
1677 1554 1848 1607 καθι-

276 1665 495 1709 σαντος,
533 1649 895 1718 ὑπηρετοῦσιν
918 1648 1068 1718 αὐτῷ
1120 1649 1146 1701 ὅ
1186 1666 1247 1702 τε
1319 1648 1642 1716 δομέστικος
1676 1646 1771 1700 καὶ
1825 1647 1854 1697 6

276 1742 371 1790 ἐπὶ
415 1740 517 1807 τῆς
552 1740 837 1808 τραπέζης
861 1756 875 1769 '
906 1739 1052 1793 οὗτοι
1086 1740 1180 1793 καὶ
1218 1743 1326 1807 γὰρ
1361 1738 1757 1808 ὑπηρετοῦσιν,
1806 1739 1854 1789 εἰ

1955 647 2069 686 rem
2105 640 2360 702 tanquam
2381 648 2752 688 successorem
2782 634 2833 687 in
2862 644 3080 703 paterna
3100 634 3263 689 domo
3287 636 3525 689 Alexar-

1953 722 2035 776 dri
2069 736 2156 778 :at
2191 724 2374 793 populi
2404 725 2776 780 Occidentales
2824 727 3075 781 eumdem
3136 728 3518 796 imperatorem

1953 814 2109 869 valde
2142 817 2330 869 colunt
2367 831 2465 871 ceu
2492 814 2840 870 Constantini
2888 816 3063 889 Magni
3120 833 3523 874 successorem.

1955 906 2019 962 Et
2047 907 2112 961 de
2146 908 2229 961 bis
2254 909 2474 977 quidem
2510 912 2581 963 ita
2606 909 2809 965 dictum
2849 920 2988 965 esto.

2550 1182 2778 1240 CAPUT
2820 1183 2929 1242 \‘ll.

2715 1271 2754 1299 ο

2412 1317 2487 1373 De
2507 1335 2683 1373 mensa
2714 1322 3069 1384 imperatoris.

2025 1454 2383 1513 Redeundum
2412 1458 2607 1512 iterum
2636 1468 2719 1515 est
2751 1460 2894 1514 unde
2924 1460 3153 1531 digressi
3180 1476 3394 1516 sumus.
3423 1460 3525 1514 lm-

1957 1550 2194 1621 pcratori
2225 1552 2487 1621 ergojam
2522 1551 2587 1605 ad
2627 1568 2871 1606 mensam
2931 1554 3171 1623 profecto
3206 1554 3525 1608 ministrant

1958 1644 2299 1699 domesticus
2363 1655 2408 1697 et
2475 1644 2763 1712 praefectus
2792 1661 3012 1700 mensze.
3047 1647 3134 1700 Isti
3185 1648 3331 1701 enim
3366 1646 3528 1699 mini-

1958 1745 2153 1798 strant.
2202 1737 2245 1790 si
2281 1747 2577 1804 praesentes
2630 1737 2765 1801 sint,
2821 1737 3287 1804 quemadmodum
3320 1751 3374 1793 et
3407 1740 3525 1807 pino

274 1832 551 1901 παρόντες
588 1832 961 1901 εὑρίσκονται,
998 1832 1186 1899 ὥσπερ
1213 1833 1275 1901 δὴ
1314 1832 1410 1884 καὶ
1453 1834 1481 1884 6
1529 1831 1851 1899 πιγκέρνης.

1962 1843 2149 1884 cerna.
2186 1827 2358 1882 Porro
2390 1838 2541 1881 extra
2580 1829 2874 1881 triclinium
2912 1831 3110 1884 multos
3140 1846 3314 1886 annos
3338 1847 3528 1901 appre-

274 1924 749 1993 Πολυχρπηνξζουσι
788 1923 843 1976 δὲ
884 1924 1071 1977 τοῦτον
1101 1923 1209 1988 ἔξω
1248 1922 1344 1978 τοῦ
1399 1922 1679 1994 τρικὶίνου
1735 1922 1853 1975 ὅσοι

276 2016 514 2084 φοροῦσι
590 2016 807 2069 σκιάδια
874 2017 1301 2085 χρυσοκόκκινα,
1364 2018 1460 2071 καὶ
1516 2015 1854 2070 εἰσελθοῦσιν

276 2108 451 2177 ὁρίζει
472 2109 501 2158 6
534 2108 785 2175 βασιλεὺς
810 2108 891 2168 εἰς
918 2110 1082 2164 πολλά
1106 2110 1224 2176 ἔτη,
1242 2110 1338 2162 καὶ
1363 2110 1718 2179 ἀπέρχονται.
1747 2109 1855 2161 Καὶ

281 2197 395 2265 μετ’
429 2198 640 2261 αὐτοὺς
658 2202 1142 2271 πολυχρονίζουσιν
1180 2202 1229 2254 οἱ
1263 2203 1599 2272 συρματέῖνα
1628 2200 1857 2270 φοροῦν-

278 2306 391 2351 τες.
425 2290 540 2342 Καὶ
567 2291 712 2358 μετά
736 2293 797 2343 τὸ
828 2292 1220 2361 πολυχρονῐσαι
1255 2293 1348 2344 καὶ
1384 2293 1627 2358 τούτους,
1650 2295 1678 2345 6
1708 2310 1856 2362 πρω-

276 2379 695 2451 τοδσστιαρῐτης
721 2384 860 2451 πρὸς
886 2387 953 2453 τῇ
986 2382 1130 2453 πύλῃ
1164 2384 1481 2452 ἱστάμενος,
1531 2383 1564 2452 ἢ
1618 2386 1665 2436 ei
1697 2383 1854 2453 τύχοι

274 2472 491 2525 λείπειν
524 2475 714 2538 αὑτὸν,
754 2477 781 2526 6
811 2475 985 2543 μέγας
1034 2476 1393 2545 ἐταιριάρχης
1429 2475 1460 2545 ἢ
1489 2476 1516 2527 6
1546 2476 1857 2545 πριμμικὴ-

277 2582 392 2633 pta;
419 2566 525 2633 τῆς
550 2566 723 2635 αὐλῆς
748 2566 899 2633 λέγει
929 2567 1068 2637 πρὸς
1092 2567 1290 2631 αὐτούς
1325 2582 1341 2598 ⁸
1380 2585 1398 2619 ι
1441 2569 1534 2630 Εἰς
1566 2567 1736 2620 πολλά
1759 2569 1853 2635 ἐτη

274 2657 497 2726 ὁρίζειὸ
529 2658 796 2727 αὐθέντης
827 2661 933 2729 μᾶς
966 2662 993 2712 6
1018 2658 1292 2728 βασιλεύς.
1333 2678 1350 2711 ι
1383 2662 1446 2713 Οἱ
1481 2660 1538 2713 δὲ
1600 2660 1693 2713 καὶ
1744 2663 1856 2713 εἰσ-

273 2749 525 2812 ελθόντες
562 2750 955 2820 προσκυνοῦσι,
1017 2752 1116 2805 καὶ
1159 2753 1499 2821 ἀπέρχονται
1547 2752 1642 2805 καὶ
1686 2751 1854 2806 οὗτοι.

278 2842 518 2895 Ἔπειτα
550 2844 1035 2912 πολυγρονξζουσιν
1074 2846 1123 2898 oi
1173 2844 1374 2913 ἐφεξῆς
1408 2844 1696 2913 ἄρχοντες.
1743 2846 1854 2899 Καὶ

273 2935 324 2987 οι
359 2935 465 3005 μὲν
501 2936 803 3006 φοροῦντες
832 2937 1047 2991 σκιάδια
1079 2939 1482 3007 χρυσοκόκκινα
1513 2941 1607 2992 xxi.
1643 2955 1855 3006 συρμα-

275 3026 425 3078 τέἲνα
460 3026 823 3095 ἀπέρχονται,
856 3026 932 3090 ὡς
964 3027 1200 3095 εἴρηται,
1235 3026 1376 3096 πλὴν
1422 3027 1519 3080 τοῦ
1560 3030 1852 3099 πιγκέρνηο

278 3116 573 3184 περιμένει
606 3119 717 3183 γὰρ
752 3108 913 3176 οὗτος
950 3116 1313 3185 ὑπηρετήσων
1350 3120 1440 3172 ἐπὶ
1461 3119 1561 3188 τῆς
1580 3119 1853 3187 τραπέζης

276 3206 351 3274 τῷ
376 3206 615 3274 βασιλεῖ.
650 3208 790 3270 Τοὺς
824 3209 881 3261 δὲ
934 3206 1200 3261 κλαπωτά
1228 3208 1555 3279 φοροῦντας,
1614 3211 1664 3262 οἱ
1726 3227 1855 3279 προ-

275 3297 616 3368 δηλωθέντες
671 3298 968 3368 ὑπηρέται,
1033 3300 1158 3361 τοὺς
1210 3300 1413 3363 τόπους
1463 3300 1705 3353 ἑκάστων
1736 3303 1859 3354 τού.

275 3408 385 3444 των
434 3390 835 3468 γινώσιιοντες,
883 3393 1143 3461 φέρουσιν
1176 3393 1396 3456 αὐτοὺς,
1454 3394 1548 3446 καὶ
1583 3393 1856 3463 πολυχρο-

278 3482 489 3545 νιζουσι
544 3483 641 3534 καὶ
716 3478 901 3535 οὕτωσ
949 3481 1067 3537 εἶτα
1122 3483 1343 3552 λέγουσι
1412 3487 1547 3556 πρὸς
1609 3485 1805 3548 αὐτούς
1838 3502 1852 3517 ⁸

286 3594 305 3626 ι
347 3576 440 3637 εἰς
473 3575 649 3627 πολλά
680 3575 775 3643 ἔτη
806 3574 1026 3645 ὁρίζειὸ
1048 3577 1316 3646 αὐθέντης
1350 3578 1457 3644 μᾶς
1483 3580 1510 3631 6
1541 3576 1810 3647 βασιλεύς.
1831 3596 1850 3629 ι

282 3667 394 3720 Καὶ
442 3668 546 3719 οὐκ
579 3665 943 3737 ἀπέρχονται,
985 3667 1103 3721 ἀλλ’
1135 3668 1384 3723 ἵστανται
1437 3670 1517 3732 εἰς
1554 3668 1649 3740 τὴν
1679 3671 1858 3739 παρά-

281 3776 495 3814 στασιν.

359 3851 423 3905 ’Θ
454 3852 512 3905 δέ
548 3868 611 3919 γε
642 3854 976 3918 ⁴ιεοτεσειτάτος
1008 3855 1117 3907 τῶν
1146 3856 1205 3907 ὲν
1256 3854 1473 3927 Γα).ατᾷ
1526 3856 1852 3921 Γενουῖτῶν,

281 3946 375 3999 καὶ
413 3945 577 4006 οὗτος
600 3947 683 4007 εἰς
711 3945 803 3998 τὸν
833 3945 1026 4016 καιρὸν
1061 3945 1161 4015 τῆς
1216 3947 1575 4016 προσκύψεως
1605 3950 1702 4000 σὺν
1746 3950 1854 4006 τοῖς

283 4037 401 4106 μετ’
442 4036 614 4090 αὑτοῦ
662 4036 891 4106 ἄρχουσι
948 4038 1088 4107 μετά
1145 4038 1258 4091 τῶν
1318 4038 1523 4091 λοιπῶν
1575 4039 1855 4108 ἀρχόντων

281 4131 711 4200 εὑρισκόμενος,
748 4133 1155 4199 προσκαρτεριῖ
1191 4131 1355 4202 μέχρι
1389 4132 1480 4184 καὶ
1511 4133 1609 4199 τῆς
1650 4134 1856 4203 τραπέ-

279 4224 402 4294 ζης.
436 4225 548 4276 Καὶ
582 4224 719 4291 μετά
748 4222 808 4276 τὸ
869 4221 1136 4291 σταθῆναι
1170 4225 1297 4285 τοὺς
1329 4223 1600 4293 ἄρχοντας
1642 4226 1724 4287 εἰς
1757 4223 1854 4293 τὴν

278 4313 639 4382 παράστασιν
674 4312 840 4381 μέχρι
888 4312 984 4364 καὶ
1040 4312 1136 4366 τοῦ
1189 4314 1433 4382 μεγάλου
1489 4314 1852 4383 δρουγγαρίου

276 4406 369 4458 τοῦ
404 4406 623 4467 στόλου,
649 4405 898 4466 ἐλθόντες
951 4404 1008 4457 δὲ
1051 4405 1146 4458 καὶ
1201 4405 1347 4457 οῦτοι
1402 4406 1853 4477 πολυχρονεζουσι

1960 1927 2156 1973 cantur
2191 1933 2382 1973 omnes
2424 1919 2514 1988 qui
2557 1917 2731 1973 ferunt
2772 1920 2926 1974 aurei
2961 1931 3011 1974 et
3042 1922 3281 1976 coccinei
3322 1923 3525 1976 coloris

1957 2010 2169 2078 pileos;
2227 2011 2428 2079 quibus
2487 2012 2750 2082 ingressis
2787 2012 2948 2065 etiam
2984 2011 3278 2081 imperator
3324 2014 3527 2066 multm

1957 2117 2131 2156 annos
2156 2113 2426 2171 precatur,
2462 2114 2515 2157 et
2535 2106 2760 2160 abeunt.
2794 2104 2920 2160 Post
2959 2106 3095 2160 istos
3139 2107 3193 2161 in
3225 2108 3547 2161 multorum.

1956 2208 2227 2249 annorum
2253 2198 2615 2262 precationem
2638 2206 2997 2267 prormnpunt
3024 2198 3095 2251 illi
3122 2200 3212 2268 qui
3234 2214 3370 2253 auro
3396 2199 3528 2253 duc-

1957 2287 2032 2340 tili
2059 2297 2235 2341 textos
2266 2288 2434 2358 pileos
2462 2298 2718 2356 gestant.
2741 2288 2856 2353 Qua
2880 2288 3029 2343 finita
3051 2289 3525 2358 protovestiarites

1956 2380 2021 2434 ad
2040 2381 2259 2446 ianuam
2281 2391 2447 2441 stans,
2470 2380 2550 2433 vel
2574 2382 2616 2433 si
2642 2380 2781 2433 forte
2800 2380 2967 2444 absit,
2995 2396 3224 2449 magnus
3249 2381 3525 2434 ltetmr'ar-

1956 2472 2055 2525 cba
2081 2470 2286 2541 ve156
2304 2470 2644 2539 primicerius
2664 2471 2821 2535 aulae,
2846 2471 2927 2525 sic
2946 2469 3139 2524 :dl‘atur
3161 2470 3318 2524 illos:
3357 2488 3374 2520 ι
3392 2469 3527 2523 Mul-

1960 2573 2041 2615 ιον
2090 2577 2262 2617 annos
2304 2564 2527 2617 mandat
2564 2561 2718 2617 Vobis
2748 2562 3105 2633 imperatorn
3146 2567 3239 2631 qui
3288 2562 3523 2628 ingressi

1959 2656 2339 2724 imperatorem
2360 2664 2708 2719 venerantur,
2737 2669 2975 2723 moxque
3001 2655 3282 2710 recedunt.
3316 2654 3523 2709 Deinde.

1958 2746 2156 2801 multos
2183 2762 2357 2803 annos
2386 2756 2806 2818 comprecantur
2828 2757 3223 2818 consequentes
3249 2763 3524 2818 proceres.

1957 2833 2021 2890 Et
2049 2837 2265 2908 quidem
2322 2840 2356 2893 ii
2393 2839 2485 2907 qui
2537 2838 2693 2908 pileis
2739 2841 2887 2894 aurei
2923 2849 2975 2892 et
3012 2841 3256 2896 coccinei
3290 2843 3522 2900 coloris.

1957 2943 2092 2982 auro
2125 2930 2523 2997 nempeductili
2561 2931 2754 2996 textis,
2792 2932 3034 3001 insigniti
3087 2944 3250 3003 sunt,
3286 2937 3486 2993 abeunt
3510 2979 3525 3003 ,

1960 3030 2016 3073 ut
2046 3020 2249 3075 dictmn
2285 3029 2369 3075 est
2392 3061 2405 3080 .
2427 3030 2656 3091 excepto
2689 3022 2979 3090 pincerna,
3002 3025 3093 3093 qui
3128 3037 3310 3081 manet
3340 3037 3527 3096 utpote.

1960 3110 2328 3166 inservitnrus
2353 3127 2551 3166 meusze
2597 3113 2964 3180 imperatoris.
2992 3116 3114 3171 Illos
3141 3134 3269 3173 vero
3302 3122 3392 3189 qui
3424 3123 3528 3176 tilia

1963 3204 2145 3255 aureis
2168 3202 2464 3273 solidisque
2497 3216 2815 3275 compactos
2848 3208 3019 3275 pileos
3051 3218 3287 3278 gestant,
3326 3228 3526 3283 supra-

1959 3291 2089 3346 dicti
2158 3295 2416 3359 ministri,
2478 3297 2628 3364 guari
2656 3297 2779 3365 quis
2832 3298 3005 3354 cuivis
3042 3300 3194 3357 locus
3229 3317 3526 3374 competat.

1958 3384 2276 3452 adducunt;
2324 3388 2416 3456 qui
2468 3389 2853 3457 imperatorem
2900 3393 3199 3450 multorum
3254 3412 3523 3453 annorum
3592 3428 3597 3433 ι

1960 3476 2139 3531 fausta
2165 3479 2557 3535 acclamatione
2574 3482 2845 3549 salutant;
2874 3485 2941 3539 ad
2963 3502 3101 3555 quos
3133 3489 3255 3544 isti:
3298 3490 3525 3543 (Multos

1958 3583 2133 3625 annos
2155 3570 2374 3623 mandat
2403 3572 2557 3627 vobis
2582 3574 2880 3644 imperator
2916 3589 3127 3633 noster.
3160 3599 3177 3632 ι
3215 3578 3323 3637 Nec
3347 3582 3527 3639 disce-

1958 3661 2116 3727 dunt,
2135 3662 2226 3718 sed
2257 3664 2620 3722 circumstant
2650 3668 2703 3721 in
2729 3669 3199 3729 circumstatione.

2028 3845 2334 3900 Potestalus
2362 3856 2543 3902 autem
2582 3863 2677 3904 seu
2705 3863 2899 3919 praetor
2930 3851 3304 3911 Genuensium
3336 3858 3388 3912 in
3416 3857 3526 3913 Ga-

1957 3937 2061 3991 lata
2107 3951 2204 3992 seu
2250 3938 2385 3993 Pera
2429 3938 2817 4008 habitantium,
2866 3945 2981 4013 ipse
3025 3946 3188 4002 etiam
3226 3950 3343 4009 suis
3397 3969 3522 4005 cum

1956 4031 2279 4100 proceribus
2334 4031 2477 4084 inter
2531 4032 2802 4101 primores
2859 4037 3068 4093 aulicos
3118 4039 3430 4109 imperatori
3470 4046 3522 4098 in

1956 4122 2093 4177 solio
2119 4122 2327 4176 sedenti
2362 4139 2603 4191 pnesens
2629 4136 2899 4194 repertus,
2933 4140 3217 4198 permanet
3249 4148 3421 4202 usque
3453 4136 3522 4188 ad

1957 4229 2221 4269 mensam.
2258 4216 2317 4269 Et
2347 4225 2632 4287 postquam
2668 4217 2829 4273 aulici
2857 4234 3109 4288 proceres
3133 4238 3323 4279 omnes
3348 4240 3523 4294 usque

1955 4305 2022 4358 ad
2060 4320 2313 4373 magnum
2364 4306 2723 4379 drungarium
2784 4310 2980 4365 classis
3008 4327 3108 4366 suo
3144 4314 3348 4385 quique
3400 4316 3521 4371 loco

1955 4397 2284 4464 consistunt,
2327 4400 2628 4457 adveniunt
2661 4411 2713 4456 et
2741 4403 2853 4469 isti,
2897 4418 2960 4459 ac
2986 4406 3301 4475 imperatori
3325 4410 3525 4465 multos

276 4498 610 4559 Λατινικῶς.
668 4496 1017 4560 Εἱσελθοντος
1064 4496 1159 4550 οὖν
1218 4500 1314 4550 καὶ
1374 4499 1852 4569 προσκυνήσαντος

1959 4506 2133 4545 annos
2176 4490 2367 4546 Latine
2401 4490 2786 4563 appreCantur.
2841 4496 2979 4552 Cum
3018 4499 3184 4568 igitur
3208 4501 3437 4557 intravit
3471 4514 3523 4558 et

279 4590 420 4656 μιτά
457 4589 571 4641 τῶν
608 4590 709 4642 σὺν
746 4589 919 4657 αὐτῷ,
954 4588 1177 4657 ἁρίζειὸ
1227 4587 1484 4658 βασιλεὺς
1542 4591 1622 4653 εἰς
1682 4589 1853 4643 πολλά

278 4678 370 4748 ἔτη
404 4680 500 4731 καὶ
536 4678 724 4731 δίδωσι
750 4678 842 4730 διὰ
869 4678 1049 4748 χειρὸς
1094 4678 1174 4745 τῷ
1208 4681 1533 4750 ππεστάτῳ
1585 4680 1848 4745 κολίκιον,

276 4771 371 4822 καὶ
400 4770 734 4838 ἀπέρχεται.

343 4862 504 4915 Μετά
534 4861 589 4913 δὲ
610 4860 835 4924 τούτους
869 4860 1353 4931 πολυχρονίζουσιν
1380 4864 1473 4917 καὶ
1511 4865 1689 4935 ῑτεροι
1740 4866 1850 4918 τῶν

274 4954 577 5025 ἀρχόντων,
612 4954 707 5006 καὶ
742 4955 1088 5025 εἰσέρχονται
1114 4956 1282 5025 μέχρι
1312 4958 1406 5008 καὶ
1432 4956 1528 5009 τοῦ
1557 4956 1848 5022 λογοθέτου

275 5045 379 5097 τῶν
433 5044 669 5112 ἀτελῶν.
736 5042 871 5098 Εῖτα
913 5046 1009 5099 καὶ
1066 5050 1094 5100 6
1155 5049 1265 5102 τῶν
1315 5047 1593 5102 Πισσαξων
1630 5050 1851 5120 ἔρχεται

274 5138 586 5200 κόνσουλος,
640 5137 734 5189 καὶ
792 5139 1173 5207 πολυχρονίζει
1231 5141 1325 5192 καὶ
1390 5132 1545 5203 οὗτος
1588 5143 1683 5194 σὺν
1733 5144 1851 5204 τοῖς

277 5228 394 5295 μετ’
419 5228 589 5281 αὐτοῦ
622 5230 765 5283 κατὰ
790 5229 891 5299 τὴν
916 5231 1070 5293 τάξιν
1097 5231 1299 5285 αὐτῶν.
1361 5233 1728 5286 Εἱσελθόντων
1756 5232 1849 5287 οῦν

274 5323 366 5373 καὶ
388 5323 919 5389 προπυνησάντων,
949 5322 1120 5392 ὁρίζει
1180 5324 1271 5375 καὶ
1303 5324 1514 5386 τούτοις
1544 5324 1634 5378 διὰ
1679 5328 1849 5397 ἑρμη-

273 5412 402 5473 νέως
426 5412 455 5461 6
490 5410 748 5479 βασιλεύς
776 5427 791 5440 ’
836 5430 854 5462 ι
900 5412 993 5474 Εἰς
1030 5414 1201 5467 πολλά
1227 5414 1349 5483 ἔτη,
1384 5434 1401 5467 ι
1455 5417 1551 5469 καί
1580 5418 1847 5487 ἀπέρχον-

272 5516 378 5553 ται.
411 5502 525 5553 Καὶ
561 5501 704 5570 μετά
722 5500 951 5563 τούτους
978 5504 1005 5553 6
1048 5504 1339 5567 κόνσουὶος
1367 5507 1474 5557 τῶν
1493 5506 1851 5572 Ἀγκωνιτια-

274 5596 377 5645 νῶν
402 5594 542 5662 μετά
578 5594 689 5646 τῶν
720 5594 820 5645 σὺν
845 5593 994 5661 αὐτῷ
1014 5608 1028 5622 ’
1066 5595 1158 5646 καὶ
1179 5595 1386 5662 γίνεται
1406 5597 1503 5649 καὶ
1522 5599 1604 5660 εἰς
1623 5598 1847 5661 τούτους

274 5686 410 5739 καθά
445 5688 540 5740 καὶ
571 5689 649 5749 εἰς
677 5689 807 5749 τοὺς
836 5688 1150 5749 Πισσαίους.

1960 4584 2319 4638 reverentiam
2371 4600 2495 4640 cum
2547 4586 2663 4641 suis
2716 4587 2985 4654 exhibuit,
3044 4590 3243 4645 multos
3299 4608 3523 4667 quoque

1959 4686 2134 4730 annos
2156 4676 2456 4745 imperator
2476 4676 2611 4747 ipsis
2637 4681 2879 4743 mandat,
2903 4690 2955 4733 et
2980 4694 3143 4733 manu
3168 4696 3266 4735 sua
3298 4685 3524 4754 porrig't

1959 4778 2229 4839 potestato
2268 4770 2563 4833 collicinm,
2591 4785 2698 4839 quo
2730 4783 2951 4839 accepto
2997 4773 3129 4827 abit.

2028 4859 2161 4914 Post
2224 4860 2360 4914 istos
2428 4862 2727 4914 multorum
2788 4876 3061 4915 annorum
3141 4865 3524 4933 apprecatione

1957 4950 2340 5018 imperatorem
2398 4958 2805 5019 prosequuntur
2850 4950 2940 5003 alii
2991 4951 3177 5007 itidem
3232 4970 3520 5022 proceres,

1960 5056 2133 5109 usque
2160 5040 2226 5094 ad
2259 5057 2481 5110 gregum
2511 5042 2860 5109 logotiteaam,
2890 5042 2981 5111 qui
3015 5044 3182 5097 etiam
3211 5047 3514 5103 triclinium

1957 5132 2064 5205 57
2097 5135 2497 5204 ingrediuntur.
2519 5132 2725 5188 Deinde
2757 5135 2901 5188 venit
2934 5133 3255 5191 Pisauorum
3301 5141 3520 5205 consul,

1956 5226 2049 5293 qui
2083 5233 2135 5277 et
2160 5225 2272 5294 ipse
2304 5239 2425 5277 cum
2465 5224 2582 5277 suis
2607 5223 2906 5277 secundum
2954 5225 3201 5279 ordinem
3239 5242 3394 5281 Sttttttl
3422 5230 3523 5280 im-

1957 5314 2193 5386 peratori
2270 5316 2671 5384 lungaWitatem
2744 5324 2913 5382 optat.
2992 5314 3257 5377 Ingressis
3326 5320 3516 5387 igitur,

1955 5417 2079 5477 post
2109 5409 2469 5461 reverentiam
2501 5407 2817 5476 imperatori
2867 5408 3189 5471 exbibitam,
3225 5410 3520 5479 imperator

1954 5517 2048 5569 per
2075 5500 2424 5569 interpretem
2478 5502 2676 5554 multos
2736 5516 2907 5553 annos
2955 5501 3155 5555 habere
3182 5501 3367 5569 jubet;
3406 5518 3518 5571 quo

1950 5601 2174 5664 peracto
2224 5593 2532 5646 discedunt.
2579 5589 2689 5645 llos
2720 5593 2968 5659 sequitur
2994 5592 3186 5646 consul
3218 5594 3518 5646 Auconita-

1953 5700 2149 5738 norum
2185 5700 2307 5737 cum
2346 5683 2497 5749 suis;
2535 5699 2657 5736 cum
2691 5685 2891 5752 quibus
2915 5684 3056 5737 idem
3105 5683 3297 5737 modus
3328 5686 3490 5736 obser

1853 5825 1860 5831 .
1952 5787 2109 5830 vatur
2144 5778 2237 5847 qui
2275 5793 2396 5830 cum
2430 5778 2663 5832 Pisanis.

336 5865 699 5919 ΟῐΒενέτικοι
724 5865 981 5937 ἔρχονται
1014 5866 1113 5935 μὲν
1150 5868 1227 5929 εἰς
1266 5867 1363 5938 τὴν
1422 5867 1723 5938 πρόκυψιν,
1774 5870 1833 5922 οὐ

505 5968 781 6026 Parnm.
818 5967 936 6025 Gn.
972 5963 1211 6025 CLVII.

2021 5868 2212 5923 Veneti
2279 5871 2500 5923 veniqu
2538 5870 2755 5939 quidem
2797 5869 2863 5921 ad
2922 5882 3240 5923 consessum
3265 5867 3318 5921 in
3348 5868 3509 5937 solio,
