4050 6606
305 510 369 575 81
1106 510 1201 569 DE
1229 506 1561 568 OFFiCliS
1599 501 2065 564 CPOLITANIS.
2099 525 2162 537 -ί
2199 501 2357 564 CAP.
2391 501 2667 563 VIII-IX.
3478 510 3548 579 82

310 649 363 681 τι
394 629 621 698 ςόρεμα
656 631 819 700 μέχρι
853 632 950 683 καὶ
978 631 1087 683 τῶν
1118 631 1213 685 νῦν
1275 631 1567 701 βασιλέων,
1596 631 1882 701 γρανάτζα

1989 624 2056 679 ad
2079 624 2372 683 hodiernos
2429 625 2788 695 imperatores
2817 633 3095 694 gestamen
3122 622 3393 691 quoddam
3422 641 3547 695 gra-

309 721 640 788 λεγόμενον,
667 724 802 791 ὅπερ
858 727 955 775 καὶ
989 726 1147 792 φορεί
1173 725 1201 776 ὀ
1235 722 1489 792 βασιλεὺς
1527 724 1656 777 ἄνευ
1686 722 1885 792 ζώνης,

309 812 369 864 ὠ
427 814 762 881 κρεμάμενα
826 814 896 866 τὰ
970 814 1194 882 μανίκια
1266 815 1515 884 διήκουσι
1575 815 1735 882 μέχρι
1792 816 1888 867 καὶ

310 906 685 973 ἀστραγάλων
709 920 723 937 ·
765 906 793 959 δ
826 906 891 976 δὴ
921 908 1140 977 φόρεμα
1172 909 1265 961 καὶ
1295 910 1403 960 τῶν
1448 908 1721 977 ἀρχόντων
1760 906 1889 959 ἕκα-

312 1012 436 1048 στοι
498 998 720 1065 ἔχουσιν
771 997 859 1051 ἐπ’
905 998 1092 1062 ἀδείας
1124 1001 1335 1067 φορεῖν,
1385 998 1527 1063 πλὴν
1556 998 1897 1065 ἐζωσμένον,-

308 1087 419 1135 τῶν
461 1087 739 1151 μανικίων
764 1090 1211 1157 ἐμπεπηγμένων
1250 1089 1417 1141 ὄντων
1464 1090 1599 1156 πρὸς
1632 1091 1731 1156 τὴν
1784 1088 1889 1151 ζώ-

310 1197 411 1243 νην
435 1178 692 1232 ὄπισθεν.
728 1180 884 1233 Καὶὸ
914 1182 1013 1250 μὲν
1042 1184 1067 1234 ὁ
1100 1180 1356 1249 βασιλεὺς
1414 1186 1590 1249 φορεῖ,
1638 1181 1886 1235 καλεῖται

308 1271 623 1333 γρανάτζα,
649 1271 725 1329 ὡς
759 1272 1001 1341 εἴρηται,
1035 1273 1093 1325 τὸ
1123 1274 1179 1326 δὲ
1203 1274 1312 1325 τῶν
1367 1274 1649 1341 ἀρχόντων
1682 1272 1890 1327 λαπατ-

308 1361 376 1422 ζᾶ
400 1381 433 1412 ·.
475 1360 672 1422 Ὅπως
703 1361 781 1421 δὲ,
819 1362 1017 1426 ἄδηλόν
1043 1363 1215 1415 ἐστιν.

384 1453 497 1503 Καὶ
530 1452 579 1504 oi
613 1453 714 1521 μὲν
747 1452 899 1505 ἄλλοι
925 1453 1373 1523 άρχοντεςοῦτω·
1401 1452 1496 1506 τοῦ
1540 1454 1597 1506 δὲ
1652 1453 1886 1522 μεγάλου

306 1539 645 1605 δομεστεκου
695 1545 791 1594 καὶ
833 1542 967 1596 αῦτδ
1026 1541 1188 1595 τοῦτο
1238 1542 1529 1611 φοροῦντος
1581 1542 1888 1611 ἐζωσμένον

307 1636 456 1685 uti
489 1636 623 1697 τοῦς
648 1634 863 1701 ἄλλους,
893 1635 957 1688 τδ
986 1638 1084 1704 μὲν
1108 1634 1167 1687 ἓν
1194 1636 1302 1687 τῶν
1359 1634 1454 1688 τοῦ
1500 1635 1747 1688 τοιοῦτον
1793 1636 1888 1688 λα-

308 1725 501 1787 πάτζα
543 1726 815 1792 μανικὶων
855 1726 937 1778 ἔνι
988 1725 1449 1796 ἐμπεπηγμένον,
1494 1725 1555 1778 τὸ
1597 1726 1655 1779 δὲ
1699 1727 1888 1797 ἕτερον

305 1817 602 1884 κρέμαται
641 1819 811 1889 τιμῆς
840 1820 1031 1882 ἕνεκα,
1087 1820 1209 1872 ἐπεὶ
1258 1818 1355 1873 τοῦ
1405 1818 1672 1888 βασιλέως
1708 1819 1887 1889 ἀμφό-

302 1926 466 1973 τερα,
502 1909 582 1971 ὦς
614 1911 857 1979 εἴρηται,
884 1909 1219 1979 κρέμανται.

1991 725 2151 770 natza
2201 715 2549 785 appellatum,
2587 716 2730 784 quod
2781 716 3078 782 imperator
3105 715 3206 769 fert
3240 716 3404 769 etiam
3431 717 3552 772 sine

1991 806 2243 876 cingulo,
2276 823 2340 860 ex
2392 822 2502 875 quo
2552 808 2924 875 dependentes
2960 807 3553 863 manica‘deSrendunt

1992 912 2165 966 usque
2193 897 2257 950 ad
2316 897 2492 960 talos;
2526 897 2681 967 cujus
2708 897 3028 965 gestaminis
3068 898 3279 953 ferendi
3321 898 3553 969 singulis

1991 988 2311 1055 proceribus
2368 989 2533 1042 libera
2584 997 2665 1042 est
2717 997 2979 1055 potestas,
3038 988 3131 1042 sed
3179 1003 3301 1042 cum
3334 989 3553 1056 cingulo

1990 1080 2331 1149 manicisque
2356 1094 2384 1133 a
2422 1088 2573 1150 tergo
2618 1096 2770 1133 zona:
2806 1081 3046 1148 illigatis.
3081 1080 3146 1133 Et
3173 1079 3301 1133 illud
3333 1081 3550 1149 quidem

1988 1170 2099 1241 64
2141 1174 2284 1240 quod
2345 1171 2637 1241 imperator
2705 1181 2877 1240 gestat
2904 1181 3130 1225 vocatur
3169 1180 3453 1235 granatza,
3495 1182 3553 1224 ut

1990 1272 2151 1317 antea
2182 1262 2412 1325 dictum,
2438 1278 2725 1332 procerum
2759 1278 2885 1318 vero
2910 1264 3140 1332 iapatza.
3161 1261 3321 1318 Ratio
3349 1264 3552 1318 incerta
3622 1281 3635 1292 ’

1987 1360 2091 1408 est.

2063 1442 2237 1499 Etaiii
2291 1445 2509 1515 quidem
2552 1447 2821 1516 primores
2866 1447 2938 1501 ita
2984 1462 3041 1503 se
3068 1456 3289 1517 gerunt.
3323 1463 3554 1517 magnus

1988 1545 2169 1588 autem
2220 1536 2555 1591 domesticus
2594 1537 2708 1606 ipse
2768 1538 2935 1592 etiam
2992 1538 3094 1593 hoc
3119 1550 3399 1608 gestamen
3450 1538 3554 1594 fert

1988 1626 2201 1681 cinctus
2243 1626 2418 1681 instar
2448 1630 2721 1683 aliorum:
2757 1645 2944 1684 verum
2988 1630 3159 1684 altera
3226 1630 3439 1684 manica
3475 1629 3555 1683 la-

1988 1726 2160 1788 patzze
2185 1718 2401 1790 cingulo
2427 1721 2841 1791 constringitur,
2863 1722 3031 1775 altera
3063 1721 3230 1775 libere
3256 1720 3550 1790 dependet,

1989 1811 2213 1866 honoris
2253 1827 2442 1877 causa,
2475 1828 2600 1868 cum
2637 1815 2980 1883 imperatoris
3003 1814 3177 1869 amba:
3203 1814 3430 1868 manica:
3456 1812 3553 1869 dc-

1989 1904 2280 1970 pendeant,
2307 1914 2365 1957 ut
2403 1904 2604 1959 dictum
2641 1916 2745 1960 cst.

383 2000 497 2052 Καὶ
552 2000 621 2052 τὰ
833 1973 891 2053 ἐν
1060 2001 1313 2071 παλατίῳ
1350 2001 1760 2072 ὑπηρετήματα
1788 2000 1882 2054 τοῦ

2059 1992 2124 2047 Ει
2168 1995 2282 2050 haec
2314 1996 2536 2064 quidem
2564 2006 2693 2052 sunt
2728 1998 2906 2066 magni
2949 1996 3238 2051 domestici
3267 1973 3333 2050 in!
3348 1997 3549 2066 palatio

1733 2091 1887 2144 εἷπο-

306 2200 432 2250 μῖν,
494 2180 569 2234 τὰ
635 2181 695 2235 δὲ
771 2181 933 2246 ἐκτὸς
1009 2180 1128 2253 μετ’
1182 2183 1368 2251 ὀλίγον
1432 2183 1731 2254 ῥηθήσεται
1791 2182 1885 2236 καὶ

302 2288 473 2325 αντα.

376 2365 544 2418 Ἐπεὶ⁵
585 2364 644 2417 δὲ
668 2366 695 2417 ὁ
733 2364 988 2435 βασιλεὺς
1012 2365 1277 2429 πεντάκις
1323 2365 1419 2420 τοῦ
1468 2368 1623 2432 ὲτους
1682 2366 1885 2439 τρώγει

301 2457 365 2507 ἐν
395 2453 478 2525 τῷ
506 2455 814 2524 τρικλινίῳ.
848 2456 1070 2509 πάντων
1130 2456 1557 2528 παρισταμένων
1608 2459 1887 2529 ἀρχόντων

302 2549 404 2599 καὶ
441 2548 813 2618 ἐνδεδυμὲνων
846 2549 919 2602 τά
939 2567 998 2602 τε
1031 2553 1339 2619 σκαράνικα
1384 2550 1479 2603 καὶ
1511 2550 1581 2603 τὰ
1616 2549 1884 2604 καϐὁάδια

300 2640 515 2707 αὐτῶν,
546 2643 717 2711 ἤγουν
750 2643 895 2695 κατὰ
925 2644 1025 2711 τὴν
1051 2643 1249 2713 ἑορτὴν
1288 2644 1387 2711 τῆς
1420 2642 1660 2713 Χριστοῦ
1684 2638 1884 2714 Γεννή-

300 2750 473 2797 σεως,
516 2734 626 2786 τῶν
655 2734 876 2800 Φώτων,
936 2736 1073 2789 ἀλλὰ
1112 2737 1176 2803 δὴ
1232 2737 1328 2790 καὶ
1368 2735 1477 2789 τῶν
1530 2737 1733 2802 Βαῖων,
1785 2736 1885 2805 τῆς

302 2827 561 2897 μεγάλης
596 2828 884 2897 Κυριακῆς
914 2828 1007 2881 τοῦ
1033 2828 1223 2898 Πάσχα
1255 2830 1349 2881 καὶ
1394 2828 1485 2882 τοῦ
1531 2828 1687 2897 ἁγίου
1718 2827 1888 2883 Πνεῦ-

305 2937 509 2987 μιτος,
542 2920 773 2989 εἴπομεν
824 2918 879 2971 δὲ
916 2920 1059 2972 κατά
1107 2920 1278 2989 μέρος
1312 2920 1440 2991 περὶ
1494 2922 1626 2991 μιᾶς
1654 2922 1883 2988 τούτων,

300 3012 403 3077 τῆς
425 3008 527 3063 τοῦ
558 3010 804 3078 Χριστοῦ
855 3011 1105 3080 δηλονότι
1158 3011 1198 3064 Γ
1201 3013 1503 3084 εννήσεως,
1547 3013 1744 3085 ῥητέον
1784 3013 1882 3085 ἤδη

302 3101 401 3155 καὶ
436 3101 573 3171 περὶ
602 3102 716 3155 τῶν
746 3102 971 3157 λοιπῶν.

842 3196 884 3248 Κ
897 3196 1235 3251 ΕΦΑΛΔΙΟΝ
1274 3200 1356 3252 η’.

653 3286 869 3356 Ἐορτὴ
907 3287 1026 3341 τῶν
1072 3289 1493 3359 Ἐπιφανεΐων.

382 3374 453 3426 ⁸η
495 3374 599 3441 μὲν
626 3371 721 3427 οῦν
761 3376 871 3429 τῶν
921 3376 1077 3430 θείων
1136 3378 1478 3447 Θεοφανειων
1534 3380 1696 3450 ἑορτὴ
1746 3382 1889 3449 γίνε-

300 3484 394 3518 ται
444 3468 891 3536 ἀπαραλλάκτως
952 3469 1027 3533 ὡς
1075 3471 1175 3523 καὶ
1220 3473 1252 3541 ἠ
1304 3474 1398 3527 τοῦ
1456 3474 1699 3542 Χριστοῦ
1760 3475 1891 3531 Γεν-

301 3564 519 3623 νήσεως
552 3572 571 3586 ⁸
602 3561 629 3611 ὁ
656 3558 712 3611 δὲ
763 3559 905 3626 μετά
952 3559 1050 3630 τὴν
1112 3560 1461 3633 λειτουργίαν
1506 3563 1800 3633 ἁγιασμὸς,
1842 3567 1891 3618 ει

302 3650 666 3720 πατριάρχης
696 3642 1018 3721 εὕρισκεται
1067 3653 1473 3722 οἱκουμενικδς,
1503 3656 1718 3723 γίνεται
1752 3656 1888 3727 παρ’

303 3741 477 3795 αὐτοῦ
494 3759 507 3771 ·
529 3743 581 3793 εἰ
606 3742 663 3795 δὲ
696 3742 793 3811 μὴ,
817 3745 970 3810 παρά
986 3760 1128 3804 τινος
1146 3744 1256 3797 τῶν
1280 3745 1484 3815 ἐτέρων
1504 3748 1887 3817 πατριαρχῶν,

303 3832 339 3899 ἢ
371 3832 471 3884 τοῦ
503 3831 922 3901 ’Δλεξανδρεέας
957 3832 989 3905 ἢ
1047 3831 1140 3886 τοῦ
1170 3832 1505 3903 Ἀντιοχείας
1534 3833 1566 3903 ἢ
1592 3832 1683 3887 τοῦ
1725 3834 1887 3903 Ἰεροο

305 3921 591 3992 σολῦμων,
644 3922 741 3976 ἐὰν
800 3922 1050 3991 ἐνδημῶν
1098 3922 1261 3995 τύχῃ.
1294 3926 1355 3977 Ei
1416 3924 1464 3977 δ’
1501 3926 1634 3987 ἴσως
1676 3925 1889 3995 μηδένα

302 4015 515 4068 τούτων
548 4008 696 4068 εἶναι
758 4014 1026 4084 συμϐαίη,
1069 4016 1217 4068 ποιεῖ
1271 4015 1364 4069 τὸν
1412 4016 1689 4087 ἁγιασμδν
1718 4018 1747 4071 ὁ
1792 4015 1886 4070 τοῦ

304 4108 579 4161 παλατίου
610 4106 1011 4176 πρωτοπαπάς.
1062 4105 1277 4160 Διδοται
1328 4106 1387 4159 δὲ
1444 4108 1597 4175 παρὰ
1648 4108 1748 4177 μὲν
1790 4108 1885 4162 τοῦ

306 4198 661 4269 πατριάρχου
720 4198 798 4267 τῷ
855 4196 1075 4267 βασιλεῖ
1137 4197 1388 4265 λαμπάς,
1468 4199 1623 4266 παρά
1672 4198 1731 4251 δι
1780 4198 1887 4252 τῶν

309 4290 745 4361 προρρηθέντων
797 4288 1089 4358 ὑπηρετῶν
1154 4291 1267 4351 τοῖς
1342 4290 1405 4342 ἐν
1470 4289 1745 4360 ἀξιώμασι
1792 4291 1887 4344 καὶ

306 4385 443 4435 πᾶσι
468 4383 586 4442 τοῖς
612 4398 672 4433 τε
702 4381 853 4440 ὲντὸς
886 4381 985 4449 τῆς
1039 4380 1447 4449 παραστάσεως
1502 4381 1731 4450 ἄρχουσι
1790 4382 1884 4435 καὶ

305 4476 421 4536 τοῖς
444 4475 505 4526 ὲν
521 4474 591 4541 τῇ
622 4472 783 4541 αὐλῇ,
815 4470 1076 4534 ὡσαύτως
1104 4472 1183 4544 τῷ
1206 4488 1265 4526 τε
1299 4473 1620 4543 ποτεστάτῳ
1647 4474 1743 4526 καὶ
1770 4475 1883 4537 τοῖς

309 4565 429 4636 μετ’
468 4564 669 4619 αὑτοῦ.

304 2088 557 2155 μεγάλου
620 2088 945 2158 δομεστίκου
1011 2090 1188 2144 ταῦτά
1264 2092 1405 2156 ἔστι,
1470 2089 1653 2149 καθὼς

836 4653 1239 4710 ΚΕΦΛΛΛῙΟΝ
1277 4650 1353 4707 Θ’.

527 4743 742 4815 Ἐορτὴ
777 4744 884 4811 τῆς
918 4743 1650 4812 σταυροπροσκυνήσεως.

376 4841 637 4909 κυριακῇ
670 4839 770 4906 τῆς
816 4836 1488 4907 σταυροπροσκυνήσεως,
1549 4836 1649 4904 τῆς
1699 4853 1882 4907 παρα-

312 4934 560 4994 στάσεως
580 4932 880 5001 Ξσταμένης
897 4932 1038 4983 κατά
1057 4931 1155 4998 τὴν
1179 4930 1469 4999 συνήθειαν
1491 4928 1595 4982 τῶν
1614 4946 1875 5001 προειρη-

315 5026 487 5094 μένων
531 5026 760 5095 ἑορτῶν,
798 5024 926 5092 περὶ
954 5024 1016 5075 τὸ
1044 5023 1195 5084 τέλος
1221 5021 1315 5073 τιῦ
1356 5021 1554 5091 δρορου
1596 5022 1753 5091 φέρει
1791 5023 1881 5075 τον

312 5117 545 5185 σταυρὸν
577 5115 687 5167 ἀπὸ
724 5116 821 5184 τῆς
851 5115 946 5168 τοῦ
976 5113 1236 5166 παλατίου
1262 5114 1561 5181 ἐκκλησίας
1596 5112 1737 5180 μετὰ
1768 5112 1879 5165 τῶν

307 5210 526 5276 ψαλτῶν
545 5210 573 5261 ὁ
598 5207 1009 5277 ἁρχιδιάκονος,
1036 5206 1219 5273 φορῶ-ι
1251 5204 1353 5275 μὲν
1382 5205 1445 5257 τὸ
1468 5205 1701 5268 σύνηθες
1729 5205 1878 5275 αὐτῷ

310 5300 612 5367 στιχάριον,
652 5296 836 5367 φορῶν
860 5297 915 5349 δὲ
948 5298 1032 5348 ἐπ’
1056 5294 1218 5353 αὑτοῦ
1252 5297 1343 5347 καὶ
1375 5296 1643 5364 φελὼνην,
1679 5297 1740 5348 οὐ
1774 5297 1880 5365 μὴν

310 5393 403 5439 ni.
453 5388 847 5458 ἑπιτραχήλιον
902 5388 1015 5441 ἀλλ’
1042 5387 1303 5457 ὡράριον,
1342 5388 1421 5452 τὸ,
1460 5387 1672 5440 «Σῶσον
1707 5387 1877 5455 Κύριε

309 5480 397 5531 τὸν
426 5481 557 5531 λαόν
589 5496 705 5543 σου,
754 5478 849 5530 καὶ
879 5478 1168 5547 εὐλόγησον
1193 5480 1295 5547 τὴν
1322 5480 1871 5548 κληρο·)ομίανοσου,)

312 5571 628 5638 ψαλλτεντων
653 5584 668 5598 ⁶
700 5571 795 5623 καὶ
825 5572 853 5622 ὁ
880 5570 1141 5639 βασιλεὺς
1189 5571 1558 5641 προσυπαντᾷ
1584 5570 1757 5641 τούτῳ
1780 5571 1879 5641 τῆς

316 5663 721 5732 inpendeat»;
765 5662 1067 5729 ἱσταμένης
1095 5663 1172 5723 si;
1200 5663 1297 5732 τ’ὴν
1330 5663 1430 5731 τῆς
1455 5662 1625 5732 Οὐρας
1649 5663 1874 5725 εἴσοδον,

315 5755 405 5805 καὶ
442 5750 535 5803 τοῦ
564 5750 803 5818 σταυροῦ
828 5750 916 5801 ἐπὶ
946 5748 1045 5801 τοῦ
1075 5749 1362 5816 ἁναλογῐου
1393 5751 1658 5815 τεθέντος,
1701 5752 1880 5803 ἀσπά-

316 5842 464 5904 ζεται
494 5841 687 5893 τοῦτον
727 5842 755 5894 ὀ
802 5840 1092 5909 βασιλεύς
1150 5841 1344 5892 ἔπειτα
1396 5841 1750 5910 ὑποστρέφει,
1800 5844 1894 5894 καὶ

320 5935 531 5989 ἵσταται
576 5926 857 5995 πάλινεὲς
907 5932 995 5985 τον
1047 5931 1239 6003 θρόνον
1293 5932 1481 6005 αὑτοῦ.
1521 5932 1676 5986 Μετὰ
1705 5932 1760 5984 δὲ
1792 5934 1890 5986 τὴν

1913 4654 1963 4713 D

1989 2081 2314 2147 ministeria,
2335 2095 2497 2154 prout
2536 2088 2928 2153 exposuimus:
2958 2103 3079 2158 qua:
3112 2103 3242 2144 vero
3270 2098 3423 2143 extra
3457 2104 3551 2157 pa-

1989 2174 2175 2229 latium
2206 2177 2387 2242 obeat,
2418 2177 2579 2247 paulo
2612 2187 2733 2249 post
2760 2189 3124 2250 exponentur.

2056 2355 2190 2411 Cum
2221 2366 2400 2412 autem
2442 2358 2738 2426 imperator
2771 2361 3066 2430 quinquies
3098 2362 3149 2415 in
3186 2377 3331 2417 anno
3364 2362 3547 2417 cibum

1987 2456 2169 2502 sumat
2250 2448 2303 2502 in
2356 2448 2632 2512 triclinio.
2684 2452 2956 2507 universis
3028 2452 3168 2506 auia:
3235 2454 3567 2523 proceribus

1987 2538 2294 2594 astantibus
2342 2539 2658 2610 indutisque
2708 2557 2806 2597 sua
2864 2542 3145 2598 scaranica
3189 2553 3241 2598 et
3264 2545 3565 2615 cabbadia,.

1986 2645 2179 2699 nempe
2210 2631 2262 2686 in
2294 2630 2432 2688 festo
2462 2634 2776 2691 Nativitatis
2808 2635 3045 2700 Domini.
3082 2635 3399 2704 Luminum,
3436 2639 3554 2694 Pai-

1988 2739 2220 2789 marum,
2256 2740 2451 2795 magna
2477 2726 2756 2783 Dominica
2790 2728 3072 2784 Paschalis
3114 2738 3169 2783 et
3210 2734 3382 2787 sancti
3428 2736 3555 2803 Spi-

1987 2817 2272 2887 ritus.jam
2295 2837 2420 2876 vero
2447 2822 2719 2892 sigillatim
2744 2823 2810 2878 de
2828 2840 2936 2878 uno
2959 2842 3022 2881 ex
3044 2827 3127 2880 his
3153 2826 3329 2890 festis.
3360 2843 3553 2897 nempe

1987 2908 2282 2967 Nativitate
2319 2913 2543 2983 Christi,
2575 2916 3019 2983 disseruerimus,
3059 2928 3228 2975 restat
3276 2929 3337 2976 ut
3379 2929 3435 2975 et
3487 2920 3556 2975 de

1986 3002 2209 3073 reliquis
2242 3012 2555 3063 tractemus.

2572 3190 2800 3247 CAPUT
2838 3192 2973 3249 Vili.

2484 3285 2691 3341 Festum
2737 3287 3062 3356 Epiphania.

2064 3368 2282 3427 Festum
2304 3373 2498 3429 divina:
2531 3374 2846 3445 Epiphania
2876 3378 3065 3433 eodem
3084 3379 3245 3433 modo
3276 3380 3559 3450 peragitur

1992 3478 2103 3533 quo
2149 3462 2460 3521 Nativitatis
2522 3467 2760 3524 Domini.
2801 3470 3067 3525 Caeterum
3128 3474 3475 3527 consecratio
3503 3483 3560 3527 et

1992 3558 2235 3624 aspersio
2262 3573 2418 3628 aquae
2443 3569 2564 3629 post
2595 3560 2867 3630 iiturgiam
2903 3563 2959 3616 ﬁt
2993 3563 3062 3617 ab
3081 3562 3188 3633 65
3212 3566 3556 3619 (ecumenico

1993 3648 2323 3716 patriarcha,
2395 3651 2439 3703 si
2472 3666 2711 3720 przesens
2735 3653 2845 3718 sit;
2881 3649 2963 3708 sin
3009 3652 3213 3715 minus,
3264 3653 3333 3707 ab
3367 3655 3555 3724 aliquo

1992 3755 2055 3792 ex
2114 3741 2438 3810 patriarchis
2462 3783 2477 3805 ,
2511 3743 2768 3797 nimirum
2803 3743 2871 3796 ab
2904 3744 3275 3798 Alexandrino
3312 3744 3393 3798 vel
3436 3746 3555 3799 An-

1992 3832 2246 3887 tiocheno
2302 3835 2385 3888 vei
2420 3817 2941 3905 iiierosoiymitauo,
2995 3818 3213 3891 siforte
3246 3846 3373 3890 tunc
3402 3838 3555 3905 Cpoii

1992 3931 2256 3976 versetur.
2281 3920 2337 3976 Si
2370 3922 2558 3977 nullus
2610 3924 2805 3978 horum
2833 3926 2996 3987 adsit.
3024 3925 3369 3980 consecratio
3398 3942 3557 3995 perac

1989 4015 2135 4086 gitur
2157 4030 2188 4069 a
2244 4015 2425 4085 palatii
2457 4027 2775 4086 protopapa.
2830 4018 3149 4086 Imperatori
3181 4030 3361 4074 autem
3394 4021 3556 4075 tradit

1991 4105 2298 4177 patriarcha
2331 4120 2548 4161 cereum
2584 4108 2867 4174 majorem.
2904 4108 2948 4160 Δ
2995 4107 3269 4177 praedictis
3302 4124 3431 4173 vero
3463 4110 3558 4162 mi-

1989 4197 2177 4252 nistris
2232 4195 2434 4250 dantur
2491 4196 2636 4251 cerei
2664 4196 2731 4252 iis
2790 4197 2886 4266 qui
2937 4198 2990 4252 in
3021 4197 3283 4268 dignitate
3332 4208 3558 4262 sunt,et

1988 4288 2251 4344 omnibus
2281 4287 2748 4343 circumstationis
2773 4289 3088 4357 proceribus
3128 4290 3447 4359 auiicisque,
3482 4291 3559 4345 si-

1989 4380 2191 4435 militer
2217 4387 2272 4435 et
2299 4390 2568 4436 notestato
2611 4379 2987 4435 Genuensium
3022 4390 3076 4437 et
3110 4381 3203 4454 qui
3230 4381 3281 4436 in
3314 4382 3435 4452 ejus
3468 4398 3564 4437 ως

1989 4471 2201 4527 mitatu.
2254 4522 2259 4535 ξ

2572 4654 2799 4710 CAPUT
2857 4656 2948 4712 ΙΧ.

2340 4744 2555 4799 Festum
2614 4748 2944 4802 adorationi:
2994 4751 3189 4801 crucis.

2054 4834 2336 4891 Dominica
2358 4853 2478 4906 qua:
2512 4837 2821 4893 adorationi
2846 4850 3045 4893 sancta:
3082 4842 3261 4895 crucis
3296 4841 3555 4910 deputata

1985 4936 2089 4993 est,
2110 4929 2445 4985 consistente
2473 4930 2586 5000 jam
2608 4932 3058 4985 circumstatione
3084 4947 3179 4999 pro
3206 4935 3557 4988 consuetudi-

1987 5034 2054 5072 ne
2082 5015 2246 5087 supra
2272 5021 2544 5075 dietorum
2581 5021 2843 5075 festorum
2868 5062 2881 5082 .
2923 5022 3069 5075 circa
3104 5022 3264 5077 ﬁnem
3302 5024 3557 5080 matutini

1988 5110 2163 5165 adfert
2188 5112 2608 5168 archidiaconus
2637 5129 2760 5169 cum
2789 5116 3107 5170 cantoribus
3155 5131 3219 5170 ex
3260 5118 3437 5185 palatii
3470 5134 3560 5173 ec-

1986 5202 2152 5257 clesia
2174 5217 2416 5267 crucem,
2446 5216 2666 5273 gestans
2690 5216 3008 5261 consuetam
3037 5208 3267 5263 diacono
3294 5211 3556 5277 tunicam,

1988 5291 2167 5345 ferens
2194 5293 2357 5347 etiam
2390 5310 2554 5362 super
2604 5296 2720 5365 ipsa
2765 5297 3031 5357 casulam.
3065 5314 3172 5351 non
3225 5310 3407 5354 tamen
3437 5311 3558 5355 sto-

1989 5384 2092 5434 lam
2124 5384 2539 5451 sacerdotalem,
2560 5390 2656 5441 sed
2682 5389 3049 5451 diaconicam,
3075 5390 3125 5444 id
3156 5400 3243 5444 est
3271 5394 3511 5446 orarium
3542 5412 3558 5459 ;

1987 5483 2298 5544 canuntque
2352 5476 2519 5533 illud:
2565 5498 2583 5532 ι
2619 5481 2839 5535 Salvum
2878 5483 2983 5546 fac,
3024 5482 3269 5545 Domine,
3302 5489 3561 5554 populum

1989 5573 2167 5630 tuum,
2195 5577 2249 5623 et
2290 5570 2515 5625 benedic
2562 5571 2866 5629 hmrcditati
2903 5583 3048 5640 tum;
3089 5594 3107 5629 ι
3137 5587 3191 5632 et
3229 5578 3551 5647 imperatOr,

1988 5661 2066 5713 sic
2099 5661 2490 5717 circumstante
2541 5666 2802 5720 comitatu
2836 5668 3035 5731 aulico,
3071 5670 3290 5724 obviam
3317 5672 3356 5724 it
3388 5686 3561 5740 usque

1986 5754 2314 5821 adjannam.
2337 5769 2667 5825 crucemque
2691 5758 2740 5811 in
2770 5758 2973 5827 pulpito
3003 5764 3233 5829 positam
3251 5762 3554 5815 osculatur.

1994 5846 2115 5910 Quo
2166 5859 2385 5915 peracto
2431 5851 2757 5915 revestitur,
2820 5862 2872 5907 et
2902 5852 3113 5939 iterum,
3131 5864 3237 5906 stat
3270 5854 3320 5905 in
3353 5855 3558 5909 throno

1988 5950 2106 5990 suo.
2164 5936 2294 5992 Post
2330 5939 2648 5995 missionem
2700 5942 2844 5998 venit
2886 5936 3199 6014 imperator,
3249 5944 3561 6016 iterumque
