4050 6612
313 379 387 474 83
1165 417 1264 477 DE
1306 418 1640 480 OFFICIIS
1660 420 2128 485 CPOLITANIS.
2177 448 2243 458 —-
2277 424 2439 486 car.
2482 425 2704 486 x-xu.
3509 420 3579 484 ss

311 523 455 589 ἐστὶ,
493 524 656 593 φορεί
715 526 936 597 στέμμα
983 529 1076 582 καὶ
1105 523 1260 589 οὗτος
1296 530 1372 593 ὼς
1403 529 1436 582 6
1472 531 1657 602 πατὴρ
1707 531 1898 596 αὐτοῦ,

2021 540 2177 596 'ator,
2208 534 2253 589 si
2287 536 2430 589 adsit
2482 534 2599 604 (qui
2654 535 2698 590 si
2752 543 3046 588 coronatus
3091 533 3181 600 sit,
3209 532 3307 588 fert
3352 541 3409 588 et
3464 532 3580 602 ipse

311 617 628 672 ἀκολουθῶν
676 619 756 689 τῷ
814 621 1028 690 βασιλεῖ
1057 621 1154 676 καὶ
1196 626 1364 693 πατρὶ
1393 625 1583 680 αὑτοῦ·
1629 627 1678 679 εί
1704 626 1761 680 δὲ
1797 626 1890 696 μὴ,

317 711 589 778 στέφανον
607 713 722 766 ’καὶ
758 715 976 781 φυάλιν,
1003 717 1077 780 ὡς
1123 719 1485 788 προείπομεν.
1523 719 1630 772 Καὶ
1655 718 1773 789 μετ’
1797 721 1896 772 αὑο

311 803 402 857 τὸν
450 805 782 874 ἀνέρχονται
830 810 882 862 οί
935 809 1214 874 δεσπόται,
1273 806 1392 866 εἶτα
1442 815 1471 865 6
1519 813 1896 883 ἀρχιδιάκονος

315 896 460 966 μετὰ
478 895 574 949 τοῦ
610 898 976 967 Εὐαγγελίου,
1002 903 1196 956 ἔπειτα
1226 905 1254 956 6
1292 904 1663 974 πατριάρχης,
1694 903 1896 974 μᾶλλον

310 986 376 1054 δὴ
418 985 472 1038 οι
506 989 874 1058 πατριάρχαι,
925 990 974 1042 εί
1025 992 1295 1062 παρόντες
1343 995 1508 1059 είσὶν,
1557 995 1898 1063 ἐνδεδυμένοι

308 1078 407 1139 τὰς
429 1077 676 1147 ἀλλαγὰς
702 1080 1038 1145 αὺτῶν,.καὶ
1074 1085 1214 1153 μετά
1239 1083 1464 1149 τούτους
1491 1087 1656 1158 ῑερείς
1679 1086 1840 1139 πέντε
1861 1085 1894 1156 ἢ

311 1169 566 1236 πλείους,
608 1171 774 1239 ἁγίας
798 1174 1016 1238 εἰκόνας
1051 1175 1334 1246 φέροντες.

398 1351 416 1371 ’
447 1351 811 1406 Απελθόντων
840 1351 934 1407 οὖν
967 1353 1110 1408 οὓτω
1137 1353 1226 1408 διὰ
1251 1353 1344 1407 τοῦ
1395 1356 1704 1425 περιπάτου
1736 1355 1900 1424 μέχρι

308 1444 418 1496 καὶ
467 1443 569 1512 τῆς
601 1445 923 1514 ἐκκλησίας,
956 1447 1163 1512 γίνεται
1199 1448 1232 1516 ὴ
1272 1447 1535 1508 ἀπόλυσις
1567 1449 1660 1500 τοῦ
1697 1447 1898 1518 ὄρθρου

307 1536 528 1589 ἐκεῖσε.
562 1533 694 1589 Είτα
725 1539 754 1590 6
784 1536 1039 1605 βασιλεὺς
1076 1539 1408 1608 ὑποστρέφει
1442 1539 1567 1592 καθ’
1595 1538 1654 1592 ὃν
1681 1540 1900 1609 εἴρηται

307 1629 549 1698 τρόπον,
575 1628 672 1680 τοῦ
705 1628 1091 1698 λαμπαδαρέου
1124 1631 1633 1702 προπορευομένου.

389 1720 505 1771 Καὶ
544 1721 684 1789 μετὰ
716 1722 776 1773 τὸ
824 1721 918 1774 τὸν
967 1721 1195 1791 βασιλέα
1223 1721 1321 1774 τοῦ
1351 1724 1658 1792 περιπάτου
1699 1721 1900 1778 κατελ-

305 1813 428 1866 θεῖν
455 1813 554 1866 τόν
580 1830 643 1866 τε
667 1815 1010 1885 πατριάρχην
1032 1818 1126 1868 καὶ
1153 1817 1279 1878 τοὺς
1305 1815 1470 1886 ἱερεῖς
1497 1815 1592 1868 τοῦ
1616 1815 1900 1884 βασιλέως,

309 1905 680 1958 παιδόπουλον
702 1907 914 1970 ἐξελθὸν
933 1905 1170 1976 ἀρπάζει
1187 1907 1400 1972 κλάδον,
1415 1906 1698 1976 δηλοῦντος
1722 1907 1911 1961 τούτου

310 1996 601 2065 paenae»
626 1999 853 2066 ὁρισμὸν
887 1992 1102 2050 εἶναιτὸ
1129 1999 1222 2052 τὴν
1255 1999 1557 2067 περίπατον
1581 1999 1910 2067 διάρπαγμα

309 2090 595 2157 γενέσθαι.
633 2091 729 2142 καὶ
761 2091 956 2144 αὐτίκα
986 2093 1196 2159 γίνεται
1223 2092 1390 2143 οὕτω.
1444 2090 1823 2162 Διαρπάζεται
1849 2090 1906 2144 δὲ

311 2182 471 2251 παρά
489 2199 551 2233 τε
581 2181 688 2234 τῶν
713 2182 1038 2252 Βαράγγων,
1063 2182 1172 2235 τῶν
1192 2199 1344 2252 παρα
1354 2181 1536 2253 μονῶν
1552 2184 1645 2235 καὶ
1669 2182 1778 2236 τῶν
1803 2183 1912 2237 λοι-

312 2272 440 2326 πῶν
466 2273 578 2326 τῶν
607 2274 668 2328 ὲν
689 2276 757 2344 τῇ
780 2274 916 2345 αὐλῇ
934 2274 1339 2344 εὑρισκομένων
1352 2272 1578 2338 τάξεων.
1598 2273 1752 2326 Μετὰ
1780 2273 1836 2325 δὲ
1852 2273 1915 2327 τὸ

312 2364 501 2418 ταῦτα
524 2366 713 2420 πάντα
747 2365 1006 2434 γενέσθαι
1034 2366 1337 2435 ἀπέρχεται
1364 2366 1466 2434 μὲν
1495 2367 1522 2419 6
1557 2365 1811 2435 βασιλεὺς
1829 2367 1912 2427 είς

314 2458 424 2525 τὴν
446 2457 754 2527 τράπεζαν,
789 2457 915 2511 ιπει
943 2457 1257 2526 λειτουργία
1288 2456 1348 2510 οὗ
1376 2457 1590 2525 γίνεται
1616 2456 1704 2510 διὰ
1725 2457 1784 2509 τὸ
1807 2457 1908 2527 τὴν

317 2553 479 2624 ὥραν
514 2553 924 2623 παραταθῆναι,
949 2553 1218 2623 ὑπηρετεῖ
1237 2554 1292 2607 δὲ
1319 2552 1347 2605 6
1376 2555 1545 2622 μέγας
1568 2552 1906 2623 δομέστικος.

858 2643 902 2694 Κ
915 2643 1129 2695 ΕΦΔΛΑ
1140 2641 1256 2695 lON
1286 2643 1390 2696 lA’.

393 2735 538 2802 Περὶ
569 2735 677 2790 τοῦ
708 2735 809 2790 ὅτε
831 2737 967 2790 ἔστι
995 2735 1419 2804 ,λελυπημένος
1449 2738 1481 2790 ό
1509 2735 1832 2800 βασιλεύς.

412 2829 621 2897 ’ἰστέον
661 2830 718 2882 δὲ
758 2829 843 2883 ὅτι
883 2831 915 2896 ἡ
973 2830 1081 2882 τῶν
1129 2830 1580 2898 Χριστουγεννῶν
1617 2831 1780 2900 ἑορτὴ
1813 2830 1905 2882 καὶ

325 2919 442 2972 τῶν
473 2919 702 2983 Φώτων,
728 2918 866 2972 ἀλλὰ
919 2920 986 2988 δὴ
1018 2921 1111 2973 καὶ
1141 2921 1251 2974 τῶν
1283 2921 1486 2984 Βαῖων,
1522 2921 1734 2988 γίνεται
1769 2923 1906 2975 κατὰ

324 3012 430 3078 τὴν
477 3011 880 3081 γεγραμμένην
910 3010 1065 3076 τάξιν
1100 3012 1242 3081 μετὰ
1287 3012 1394 3066 τῶν
1444 3011 1771 3082 προκύῲεων
1814 3012 1908 3065 καὶ

327 3101 424 3154 τοῦ
458 3102 795 3169 περιπάτου,
823 3104 892 3156 ἂν
923 3103 998 3172 μὴ
1087 3103 1463 3173 λελυπημένος
1484 3107 1511 3157 ὁ
1542 3103 1816 3175 βασιλεύς.
1845 3104 1908 3156 Εἰ

2001 622 2175 677 instar
2245 627 2417 695 patris
2494 625 2769 695 stemma),
2825 627 3203 694 imperatorem
3268 632 3323 679 et
3371 634 3580 695 patrem

2001 727 2161 768 suum
2195 715 2574 786 subsequitur.
2603 716 2661 770 Si
2701 730 2827 769 vero
2877 733 2984 770 non
3011 716 3080 768 sil.
3111 721 3429 779 eorunatns,
3454 724 3585 768 tunc

2004 803 2106 858 fert
2147 805 2451 874 simplicem
2493 817 2750 862 coronam
2786 814 2840 861 et
2889 805 3128 876 pbyalin,
3159 815 3214 857 ut
3258 811 3412 857 antea
3439 804 3583 858 dixi-

2006 912 2148 952 mus.
2180 895 2309 951 Post
2345 912 2505 967 quem
2539 897 2842 954 ascEndunt
2883 902 3138 970 despotae,
3176 895 3371 952 deinde
3403 895 3587 950 archi.

2004 990 2270 1045 diaconus
2319 1003 2446 1044 eum
2517 989 2854 1061 Evangelio,
2906 991 3095 1059 postea
3141 991 3452 1058 patriarcha
3503 990 3586 1042 vel

2005 1082 2188 1152 potius
2230 1082 2574 1152 patriarchae,
2616 1083 2661 1137 si
2702 1091 2996 1154 prmsentes
3023 1081 3153 1145 sint,
3206 1079 3386 1135 induti
3423 1081 3585 1134 indu-

2005 1183 2184 1229 meuta
2212 1187 2332 1230 sua.
2383 1175 2514 1230 Post
2547 1175 2704 1236 istos,
2741 1185 2977 1245 quatuor
3007 1167 3090 1229 vel
3120 1169 3364 1243 quinque
3398 1187 3582 1250 sacer:-

2003 1265 2160 1320 dotes
2191 1275 2473 1335 portantes
2522 1281 2706 1321 sacras
2757 1265 3048 1334 imagines.

2079 1354 2174 1411 llis
2216 1359 2382 1429 igitur
2439 1361 2586 1416 hunc
2651 1362 2704 1415 in
2760 1359 2982 1414 modum
3048 1375 3145 1431 per
3207 1358 3585 1413 ambulacrum

2003 1464 2177 1518 usque
2234 1450 2299 1505 ad
2350 1451 2636 1507 ecclesiam
2698 1452 3074 1517 abeuntibus,
3147 1451 3335 1506 linitur
3387 1450 3584 1504 ibidem

2005 1541 2332 1595 matutinum
2366 1541 2604 1606 ;delnde
2651 1543 2948 1612 imperator
3001 1557 3068 1597 eo
3103 1557 3210 1612 quo
3253 1541 3461 1598 dictum
3508 1535 3592 1594 est

2006 1634 2167 1688 modo
2201 1637 2516 1699 revertitur,
2551 1645 2831 1706 praeeunte
2880 1635 3237 1706 lampadario.

2074 1724 2185 1796 69
2204 1726 2488 1797 Postquam
2510 1727 2824 1798 imperator,
2846 1726 3154 1798 patriarcha
3173 1735 3226 1781 et
3244 1724 3592 1795 imperatoris

2015 1817 2325 1873 sacerdotes
2359 1819 2424 1872 de
2455 1819 2771 1874 ambulacro
2822 1803 3262 1882 descenderunt,
3317 1833 3451 1884 puer
3499 1831 3590 1868 ac-

2015 1921 2242 1963 currens
2269 1908 2410 1979 rapit
2439 1919 2650 1963 ramum
2678 1925 2692 1976 ;
2723 1910 2870 1979 quod
2905 1907 3168 1964 indicium
3206 1916 3310 1971 cst,
3355 1907 3593 1974 impera-

2015 2000 2149 2056 toris
2171 2003 2388 2056 decreto
2432 2003 2804 2056 ambulacrum
2833 2001 2944 2071 jam
2987 2000 3042 2054 in
3085 1999 3316 2069 pruriam
3367 2012 3590 2052 COIlCt‘S-

2014 2109 2161 2156 sum,
2189 2102 2242 2149 et
2311 2105 2459 2149 extra
2517 2093 2732 2164 culpam
2783 2092 2898 2147 fore
2929 2093 3033 2146 hos
3068 2092 3158 2161 qui
3196 2089 3481 2159 diripiunt.
3517 2088 3591 2140 l'a

2013 2188 2268 2257 diripitur
2307 2204 2338 2243 a
2365 2187 2632 2256 Barangis
2660 2228 2674 2252 ,
2706 2203 2735 2241 a
2777 2185 3115 2242 stationariis
3136 2224 3150 2248 ,
3173 2193 3228 2237 et
3276 2199 3305 2236 a
3367 2179 3595 2248 reliquis

2013 2279 2102 2346 qui
2138 2279 2191 2331 in
2224 2278 2347 2332 aula
2383 2285 2513 2332 sunt
2543 2277 2850 2332 ordinibus.
2886 2273 3156 2331 Omnibus
3211 2273 3332 2328 istis
3359 2271 3594 2342 peractis

2012 2371 2310 2442 imperat0r
2358 2372 2426 2425 ad
2499 2386 2742 2427 mensam
2809 2385 2869 2426 se
2926 2367 3158 2432 confert,
3188 2367 3314 2436 quia
3377 2364 3591 2432 liturgia

2013 2477 2120 2516 non
2155 2462 2480 2525 celebratur,
2520 2461 2662 2531 quod
2714 2470 2928 2528 tempus
2953 2459 3064 2527 jam
3098 2453 3385 2510 cilluxerit.
3434 2453 3592 2507 Mini-

2011 2565 2149 2611 strat
2186 2563 2367 2609 autem
2395 2569 2622 2624 magnus
2662 2552 3021 2605 domesticus.

2605 2641 2837 2697 CAPUT
2867 2639 2962 2695 Χί.

2087 2735 2160 2792 De
2191 2738 2340 2790 modo
2371 2737 2580 2807 agendi,
2614 2737 2658 2790 si
2704 2737 2990 2795 imperator
3024 2725 3255 2788 versetur
3295 2735 3348 2787 in
3384 2731 3557 2785 luctu.

2083 2829 2415 2896 Notandum,
2447 2828 2604 2890 festa,
2633 2837 2691 2882 ut
2714 2826 3046 2890 Nativitatis,
3080 2825 3370 2880 Luminum
3406 2824 3597 2878 ctPal-

2013 2927 2248 2987 marum,
2283 2919 2544 2976 celebrari
2571 2918 2728 2990 juxta
2764 2918 3132 2987 prmscriptam
3193 2919 3424 2971 ianuam
3469 2935 3591 2972 cum
3679 2903 3684 2908 ’

2013 3015 2152 3070 solio
2176 3015 2391 3068 elevato
2420 3021 2474 3066 et
2518 3009 2853 3077 ambulacro,
2913 3011 2956 3064 si
2992 3011 3290 3080 imperator
3318 3026 3423 3062 non
3471 3026 3593 3062 vcr-

2015 3116 2169 3163 setur
2204 3110 2258 3163 in
2290 3107 2463 3161 luctu.
2506 3103 2563 3184 Si
2603 3117 2734 3161 vero
2765 3107 2835 3160 ob
2887 3113 3116 3160 mortem
3154 3105 3234 3160 vel
3268 3107 3455 3160 uxoris
3485 3120 3597 3160 sua:

323 3193 383 3244 δὲ
398 3192 489 3247 διὰ
507 3192 780 3264 ῠάνατυνῆ
797 3194 898 3262 τῆς
913 3193 1107 3246 ἑαυτοῦ
1127 3195 1384 3261 γυναικὸς
1407 3195 1558 3259 ἴσως,
1579 3197 1678 3264 τῆς
1696 3195 1915 3249 δεσποί-

2023 3199 2387 3270 imperatricis
2413 3197 2494 3252 vel
2525 3198 2642 3262 lilii,
2676 3198 2768 3268 qui
2797 3198 3096 3267 imperator
3129 3198 3317 3262 fuerit,
3349 3201 3595 3250 versetur

329 3303 454 3353 νης,
473 3286 505 3356 ἢ
525 3285 643 3339 υίοῦ
663 3285 830 3339 αὑτοῦ
853 3285 1118 3357 βασιλέως
1131 3287 1283 3351 ὄντος
1300 3287 1412 3354 ,εἴη
1433 3288 1832 3358 λελυπημένος.
1850 3289 1920 3342 τὰ

328 3379 434 3448 μὲν
451 3378 592 3432 ἄλλα
619 3379 688 3433 τὰ
715 3379 1004 3450 φλάμουλα
1036 3379 1277 3448 δηλονότι
1299 3380 1392 3433 καὶ
1411 3380 1657 3451 ὀργάνων
1680 3377 1810 3451 ἦχος
1824 3381 1922 3434 καὶ

331 3472 543 3526 στολῶν
570 3472 912 3544 λαμπρότης,
931 3475 992 3526 οὐ
1011 3472 1218 3541 γίνεται
1239 3474 1324 3527 διὰ
1343 3474 1440 3540 τὴν
1461 3473 1638 3542 λύπην
1654 3475 1744 3527 τοῦ
1766 3472 1922 3542 βασι-

330 3565 494 3625 λέως·
515 3564 782 3628 ὡσαύτως
803 3564 924 3618 οὐδὲ
942 3565 1240 3634 πρόκυψις.
1264 3565 1404 3619 Ἀλλ’
1422 3567 1580 3634 ἐξιὼν
1599 3568 1627 3618 6
1644 3565 1918 3636 βασιλεὺς.

332 3658 410 3724 ὡς
437 3659 581 3721 ἔθος,
616 3659 756 3728 μετὰ
776 3659 1084 3729 (popl-Euam;
1107 3658 1300 3713 λευκοῦ
1323 3659 1528 3713 καὶτοῦ
1549 3660 1793 3712 σκιαδίου
1824 3660 1923 3712 αὑ-

335 3755 456 3816 τοῦ,
495 3752 608 3804 τῶν
640 3751 817 3805 ἄλλων
854 3751 1133 3821 ἀρχόντων
1189 3751 1723 3821 μελανειμονούντων
1756 3752 1919 3822 μέχρι

339 3844 436 3896 καὶ
468 3841 992 3914 σεϐαστοκρατόρων
1014 3843 1114 3896 καὶ
1135 3843 1410 3896 δεσποτῶν
1438 3842 1674 3912 (μέλανα
1703 3845 1772 3910 γὰ
1781 3864 1811 3912 ρ
1827 3845 1922 3896 καὶ

336 3929 488 3986 οὗτοι
535 3932 770 4004 φοροῦσι
820 3933 960 3988 πλὴν
1006 3932 1370 4003 ὑποδημάτων
1417 3949 1477 3986 τε
1523 3932 1622 3986 καὶ
1670 3933 1919 3999 σελλῶν),

342 4027 566 4080 ἵσταται
597 4026 912 4094 ἔμπροσθεν
944 4027 1038 4094 τῆς
1069 4025 1344 4092 παναγέας
1364 4023 1629 4078 Θεοτόκου
1652 4025 1752 4094 τῆς
1777 4041 1925 4078 νικο-

343 4116 531 4178 ποιοῦ.
556 4118 692 4170 ὅπου
728 4119 762 4186 ἠ
789 4118 882 4169 τοῦ
913 4116 1069 4183 ἁγίου
1104 4116 1378 4185 Γεωργίου
1416 4117 1566 4169 ἐστὶν
1604 4116 1794 4170 είκὼν.
1835 4115 1924 4168 Γί-
1969 4181 1973 4188 ,

345 4227 501 4266 δέεται
535 4210 717 4263 τοίνυν
742 4211 776 4278 ἡ
798 4209 906 4261 τῶν
933 4207 1231 4277 βασιλικῶν
1253 4209 1536 4278 ὀνομάτων
1554 4209 1798 4278 εὐφημία
1829 4209 1925 4278 μό-

344 4322 438 4358 νιν
466 4306 528 4356 ἐν
547 4305 615 4372 τῇ
637 4303 749 4354 τῶν
777 4300 1222 4372 Χριστουγεννῶν
1257 4302 1418 4371 ἑορτῇ
1439 4301 1535 4353 καὶ
1568 4301 1676 4354 τῶν
1702 4300 1921 4366 Φώτων,

348 4398 426 4458 ὡς
449 4398 694 4467 εἴρηται,
715 4396 810 4448 καὶ
837 4393 1139 4464 ἀπέρχεται
1156 4394 1184 4445 6
1208 4393 1486 4462 βασιλεύς.
1523 4394 1613 4447 Ἐν
1637 4394 1695 4446 δὲ
1721 4396 1786 4464 τῇ
1815 4395 1926 4448 τῶν

352 4487 560 4550 Βαῑιυν,
583 4485 708 4537 ἐπεὶ
730 4483 810 4536 ἑτι
840 4483 1178 4554 ψαλλομένου
1206 4483 1300 4536 τοῦ
1327 4481 1523 4553 ὄρθρου
1549 4483 1758 4551 γίνεται
1779 4487 1805 4536 6
1830 4501 1929 4537 πε-

2022 3293 2078 3349 in
2105 3293 2274 3354 luctu,
2319 3302 2449 3346 tunc
2478 3291 2780 3353 ﬂammula,
2810 3306 3139 3361 organorum
3189 3300 3487 3346 concentus
3545 3301 3600 3345 ct

2021 3388 2251 3441 vestium
2279 3385 2538 3456 Splendor
2568 3387 2898 3440 omittuntur
2917 3386 2985 3440 ob
3009 3387 3209 3439 luctum
3234 3383 3598 3451 imperatoris.

2025 3475 2143 3530 Pari
2170 3477 2330 3530 modo
2354 3477 2468 3532 solii
2497 3478 2816 3532 solemuitas
2849 3477 3252 3531 lntermittitur.
3283 3476 3386 3532 Sed
3407 3492 3593 3546 egres-

2023 3577 2121 3619 sns
2173 3564 2470 3634 imperator
2528 3581 2626 3636 pro
2687 3580 2837 3620 more
2908 3581 3028 3619 cum
3093 3565 3410 3622 indumento
3466 3583 3598 3621 can-

2023 3655 2148 3710 dido
2177 3665 2230 3710 et
2257 3657 2400 3725 pileo
2451 3671 2570 3719 suo,
2603 3659 2819 3712 caeteris
2860 3657 3180 3728 proceribus
3231 3660 3392 3713 etiam
3430 3675 3603 3729 usque

2022 3747 2088 3800 ad
2118 3747 2605 3803 sebastocratorem
2627 3757 2680 3804 ct
2703 3749 2982 3820 despotam
3019 3751 3235 3819 pullatis
3257 3750 3422 3820 (pulla
3454 3747 3600 3806 enim

2022 3835 2206 3890 omnia
2231 3837 2676 3906 ferunt,exccptis
2699 3837 2894 3892 calceis
2913 3845 2964 3891 et
2983 3837 3174 3908 sellis),
3202 3849 3306 3893 stat
3324 3848 3447 3892 ante
3474 3854 3570 3894 san
3589 3868 3605 3880 ο

2024 3926 2326 3980 ctissimam
2353 3927 2640 3996 Deiparam
2674 3927 2951 3983 victricem
2978 3941 3073 3984 seu
3105 3931 3350 3985 victorizc
3369 3932 3605 3984 Cliet‘ll'i-

2025 4029 2176 4082 cem;
2205 4018 2295 4072 ubi
2326 4033 2546 4088 quoque
2567 4020 2740 4075 sancti
2761 4019 2974 4090 Georgii
3001 4021 3176 4089 imago
3195 4023 3407 4076 visitur.
3436 4022 3606 4090 Impe-

2024 4111 2225 4166 ratoria
2254 4111 2437 4180 itaque
2475 4112 2695 4166 nomina
2727 4111 3020 4165 multorum
3047 4125 3314 4166 annorum
3351 4128 3608 4181 appreca-

2029 4202 2172 4258 tione
2187 4201 2492 4273 faustisque
2508 4205 2990 4261 acclamationibus
3008 4205 3347 4260 solummodo
3364 4207 3415 4260 in
3438 4205 3608 4260 Natali

2028 4297 2241 4352 Domini
2285 4299 2416 4353 etin
2475 4298 2618 4352 festo
2667 4297 2960 4352 Luminum
3001 4299 3327 4364 adiciuntur,
3359 4309 3416 4352 ut
3447 4315 3610 4369 supra

2029 4389 2258 4454 dictum,
2297 4389 2519 4460 abitque
2559 4390 2871 4458 imperator.
2903 4390 2960 4445 lu
3019 4389 3158 4444 festo
3186 4401 3370 4446 autem
3405 4391 3613 4445 Palma-

2037 4493 2183 4546 runr,
2218 4495 2366 4547 cum,
2405 4485 2626 4550 quando
2666 4483 2844 4538 adhuc
2870 4483 3156 4537 matutina:
3199 4484 3386 4540 laudes
3414 4487 3612 4540 decan-

353 4544 608 4649 ρίπατος,
637 4575 731 4629 καὶ
750 4544 901 4628 ἐστιν
927 4544 1142 4645 ἀνάγκη
1183 4544 1458 4643 γενὲσόαί,
1480 4544 1726 4640 esse“,
1755 4574 1915 4646 λιτὴν⁴

2039 4583 2238 4636 lantur,
2267 4575 2548 4643 processio
2583 4575 2694 4640 ﬁat,
2723 4583 2778 4628 et
2813 4575 3128 4637 necesselsit
3159 4576 3611 4645 supplicationem

355 4668 416 4724 ὲν
451 4666 511 4719 δὲ
535 4668 601 4737 τῇ
634 4666 756 4736 λιτῇ
802 4665 1178 4737 περιπατῆσαι
1211 4664 1305 4719 καὶ
1351 4665 1444 4718 τὸν
1475 4663 1722 4733 βασιλέα,
1753 4667 1782 4720 6
1833 4663 1932 4734 μὲν

2035 4666 2144 4736 ⁷ο
2167 4666 2402 4730 institui,
2435 4666 2488 4719 in
2519 4665 2923 4734 supplicatione
2964 4681 3128 4734 porro
3161 4667 3322 4721 etiam
3378 4669 3615 4737 impera-

355 4759 664 4829 περίπατος
695 4758 928 4827 γίνεται,
960 4759 1258 4828 περιπατεί
1287 4756 1344 4809 δὲ
1384 4758 1412 4809 6
1449 4756 1706 4828 βασιλεὺς
1750 4756 1915 4825 φορῶι

2033 4767 2202 4813 torem
2233 4768 2478 4828 oporteat
2525 4757 2831 4824 ambulare,
2889 4759 3174 4827 processio.
3200 4760 3417 4828 quidem
3454 4773 3615 4830 pera-

354 4850 710 4919 ιπιλούρικον
753 4849 947 4902 λευκὸν
994 4855 1088 4902 καὶ
1134 4847 1462 4918 φακεώλιον,
1500 4851 1594 4900 καὶ
1629 4848 1915 4918 γενομένης

2037 4851 2207 4921 gitur,
2263 4860 2316 4905 et
2387 4850 2686 4919 imperator
2756 4849 3000 4903 ambulat
3069 4849 3248 4904 ferens
3330 4854 3612 4905 candidam

359 4941 682 5004 ἀπολύσεως
728 4941 823 4995 τοῦ
856 4939 1080 5012 ὄρθρου,
1130 4939 1445 5012 ἔμπροσθεν
1477 4940 1576 5010 τῆς
1631 4940 1931 5003 νικοποιοῦ,

358 5035 496 5088 ὅπου
527 5033 625 5087 καὶ
661 5035 758 5102 τῆς
806 5032 1133 5104 ὁδηγητρίας
1165 5031 1383 5086 ἵσταται
1439 5031 1633 5096 είκὼν,
1671 5031 1937 5102 ὑποστρέ-

363 5139 454 5193 ρει
483 5126 512 5176 6
535 5122 816 5192 βασιλεύς.

881 5307 1281 5360 ΚΕΦΑΛᾹΙΟΝ
1316 5308 1411 5362 IB'.

562 5400 921 5455 Ἀκολουθία
968 5398 1079 5468 τῆς
1102 5398 1376 5469 μεγάλης
1405 5397 1760 5467 ἑϐδομάδος.

439 5492 519 5560 Τῇ
551 5491 764 5561 μεγάλῃ
786 5491 1040 5561 δευτέρα,
1072 5495 1138 5562 τῇ
1174 5491 1386 5563 μεγάλῃ
1419 5489 1599 5562 τρίτῃ,
1628 5494 1694 5560 τῇ
1730 5491 1940 5561 μεγάλῃ

2040 4941 2347 5012 superulam
2381 4952 2434 4996 et
2499 4941 2863 5010 phaceolium.
2919 4939 3103 4995 Finito
3158 4943 3429 4996 matutino
3493 4955 3618 4998 ante

2043 5033 2338 5102 imaginem
2379 5031 2622 5102 Virginis
2652 5032 2894 5087 victoria:
2943 5033 3264 5100 ell'ectricis,
3303 5035 3395 5089 ubi
3449 5037 3616 5090 etiam

2045 5127 2284 5196 Virginis
2317 5127 2417 5181 vite
2447 5125 2605 5180 ducis
2638 5125 2816 5196 imago
2852 5127 3146 5195 reperitur,
3179 5117 3400 5184 demum
3439 5145 3618 5184 rever-

2049 5219 2181 5275 titur
2212 5219 2521 5287 imperator.

2647 5309 2875 5366 CAPUT
2910 5308 3024 5365 XII.

2385 5401 2621 5472 Officium
2657 5419 2862 5472 magum
2909 5403 3264 5459 hcbdomadw.

2121 5496 2278 5552 Feria
2303 5498 2538 5551 secunda
2569 5510 2775 5567 magna:
2809 5497 3180 5559 hebdomadis,
3219 5499 3396 5560 tertia,
3428 5509 3614 5567 quarti

373 5586 628 5655 τετάρτῃ,
654 5586 721 5652 τῇ
753 5583 966 5653 μεγάλῃ
992 5583 1220 5655 πέμπτῃ
1242 5583 1705 5650 ἀναγινώσκονται
1733 5585 1802 5636 τὰ
1829 5584 1915 5635 τέο

2047 5600 2100 5644 et
2130 5589 2344 5658 quinta,
2375 5587 2628 5658 leguntur
2650 5598 2881 5657 quatuor
2913 5589 3188 5658 evangelia
3221 5590 3300 5641 vel
3336 5590 3401 5642 ab
3429 5590 3618 5642 archi-

381 5692 518 5744 σαρα
541 5676 842 5742 εὐαγγέλια
869 5675 901 5745 ἦ
925 5676 1076 5745 παρὰ
1096 5675 1188 5728 τοῦ
1215 5675 1590 5746 ἁρχιδιακόνου
1615 5675 1646 5745 ἢ
1676 5676 1806 5745 παρ’
1834 5677 1915 5728 ἑτέ

2049 5681 2281 5735 diacono
2314 5680 2394 5732 vel
2431 5680 2498 5733 ab
2538 5679 2644 5732 alio
2688 5679 2940 5745 diacono,
2987 5682 3032 5735 si
3089 5680 3224 5735 forte
3271 5681 3358 5735 ille
3393 5669 3497 5733 non
3551 5682 3626 5733 sit

384 5787 476 5839 ρου
521 5770 798 5832 διακόνου,
831 5770 927 5822 ἐὰν
975 5772 1049 5838 μὴ
1097 5769 1250 5832 οὗτος
1293 5769 1485 5834 παρὼν
1534 5769 1703 5837 τύχοι.
1741 5769 1850 5839 Πρὸ
1886 5769 1943 5822 δὲ

384 5863 481 5931 τῇς
513 5861 862 5933 λειτουργίας
897 5861 994 5930 τῆς
1031 5861 1199 5930 αὖτῆς
1239 5859 1478 5930 μεγάλης
1513 5861 1766 5929 πέμπτης
1799 5861 1944 5926 γίνε-

2057 5787 2313 5842 praesens.
2347 5770 2548 5825 Eadem
2577 5787 2769 5840 magna
2806 5771 2933 5824 feria
2963 5771 3152 5839 quinta
3187 5777 3312 5823 ante
3342 5769 3613 5836 liturgi'am

2055 5865 2362 5921 instituitur
2407 5863 2600 5934 pedum
2628 5863 2758 5918 lotio
2792 5863 2937 5918 hunc
2992 5863 3044 5916 ia
3102 5861 3341 5916 modum.
3399 5860 3618 5916 Consti-
