4050 6596
483 411 546 478 71
1675 413 1944 476 CODINI
1985 415 2068 478 Ct

2174 417 2509 478 )PALAT.E
3659 413 3724 477 τε

482 529 586 583 sim
625 521 846 578 mantile
881 536 1040 578 suum
1061 531 1315 578 movente
1351 531 1566 579 cessant
1593 531 1648 579 et
1683 525 1802 593 ipsa
1834 536 2067 592 ;etrur-

2174 528 2229 582 τδ
2289 528 2576 596 μανδύλιον
2635 527 2936 597 κτήσαντος
2997 527 3314 598 παραυτίκα
3384 527 3482 582 καὶ
3555 528 3729 582 ταῦτα

483 631 578 672 sus
611 615 882 682 incipiunt
901 622 1158 666 cantores
1189 615 1636 670 accommodatus
1680 615 1820 670 festo
1869 631 2060 672 versus

2174 622 2456 688 παύουσιν,
2479 623 2576 675 καὶ
2603 623 2864 691 ἄρχονται
2917 620 3082 675 πάλιν
3127 623 3178 674 oi
3227 619 3450 689 ψάλται,
3491 621 3732 691 προσφό-

480 708 794 768 decantare,
817 715 870 760 et
901 706 1064 773 paulo
1088 716 1210 774 post
1242 706 1372 760 illud
1407 722 1421 760 ε
1449 723 1468 757 ι
1490 705 1744 761 Christus
1769 719 1930 762 natus
1951 716 2058 773 est,

481 800 575 869 qui
609 809 658 853 te
687 800 1075 868 imperatorem
1101 799 1405 861 coronavit,
1447 817 1464 849 ι
1504 807 1560 851 et
1589 807 1710 866 post
1733 799 1834 853 hoc
1855 799 2064 854 stiehos

483 909 578 948 seu
605 889 909 947 versus.'Et
928 907 1115 945 rursus
1141 891 1282 944 idem
1311 899 1394 944 sat
1415 891 1578 958 longo
1607 900 1866 960 tempore.
1897 893 2062 945 Dein-

484 987 548 1040 de
573 987 792 1039 nomina
825 987 1212 1053 imperatorum
1247 993 1300 1038 et
1329 985 1740 1053 imperatrieum
1770 986 2066 1055 bonispre-

483 1078 790 1134 nationibus
833 1077 1160 1132 adiciuntur.
1181 1075 1300 1141 Quo
1341 1085 1560 1145 peracto
1593 1085 1842 1131 cantores
1869 1077 2063 1130 iterum

485 1171 684 1224 multos
697 1184 870 1223 annos
883 1167 1199 1223 concinunt.
1221 1168 1430 1234 Quibus
1447 1167 1624 1222 adhuc
1639 1168 1962 1223 canentibus
1975 1183 2071 1222 ex-

484 1263 802 1333 panduntur
830 1270 884 1316 et
909 1263 1236 1318 clauduntur
1256 1257 1482 1316 cortinae
1511 1261 1885 1330 imperatoris;
1910 1276 2070 1331 orga-

485 1358 571 1411 nis
601 1361 782 1410 denuo
825 1359 890 1408 ad
919 1355 1190 1410 modicum
1219 1364 1432 1425 tempus
1461 1355 1844 1408 resonantibus
1872 1363 2069 1408 exeunt

483 1450 758 1503 ﬂammula
787 1465 882 1503 seu
921 1449 1138 1502 vexilla.
1162 1446 1224 1500 Et
1251 1446 1600 1515 imperatoria
1629 1446 1850 1515 quidem
1878 1446 2068 1500 ferun-

488 1554 576 1596 tur
605 1543 656 1596 in
679 1542 1025 1606 vestiarium,
1061 1541 1152 1594 ubi
1199 1540 1474 1594 asservari
1525 1539 1704 1594 solent
1737 1552 2066 1609 ;procerum

485 1651 617 1690 vero
651 1637 932 1705 quodlibet
963 1635 1028 1689 ad
1051 1635 1298 1703 proprias
1329 1633 1599 1702 cujusque
1622 1634 1766 1687 aedes
1799 1632 2064 1686 defertur.

487 1731 834 1786 Descendens
862 1730 1154 1799 imperator
1181 1728 1246 1782 ad
1283 1743 1522 1782 mensam
1551 1743 1609 1782 se
1631 1726 1866 1786 confert.
1891 1724 2072 1793 quoti-

485 1827 707 1879 dianum
733 1823 994 1877 amictum
1025 1822 1203 1876 ferens
1237 1839 1252 1878 :
1279 1830 1335 1875 at
1355 1835 1614 1890 proceres
1635 1835 1799 1891 supra
1818 1821 2064 1888 exposita

485 1925 702 1988 gestant
724 1917 1050 1986 gestamina.

557 2010 828 2066 Caeterum
861 2011 1039 2063 oratio
1089 2009 1155 2062 de
1201 2022 1392 2062 mensa
1451 2006 1738 2062 differatur
1791 2005 2064 2062 nonnihil.

487 2103 754 2170 Quoniam
781 2119 910 2157 vero
939 2101 1308 2171 pilaticiorum
1339 2103 1674 2156 mentionem
1710 2115 1868 2156 antea
1925 2101 2064 2155 feci-

489 2214 636 2261 mus,
665 2197 916 2253 dicamus
963 2199 1115 2266 prius
1153 2197 1224 2251 de
1256 2196 1386 2264 illis,
1424 2207 1480 2251 ut
1509 2196 1862 2266 postmodum
1897 2200 2064 2254 etiam

486 2288 556 2344 de
589 2304 781 2342 mensa
807 2281 1162 2342 disseramus.

555 2381 730 2452 Cyrus
760 2397 1016 2452 magnus,
1051 2397 1144 2436 rex
1197 2379 1515 2447 Persarum,
1561 2381 1704 2436 illius
1761 2379 2066 2454 Cambysae,

485 2483 614 2544 post
645 2474 854 2528 obitum
889 2475 1138 2544 Astyagis
1173 2474 1262 2528 avi
1287 2474 1371 2529 sui
1398 2474 1724 2530 hereditate
1755 2477 1924 2530 etiam
1968 2492 2066 2532 ac-

489 2565 718 2634 quisivit
747 2566 1042 2633 imperium
1077 2565 1219 2635 ejus,
1254 2566 1361 2621 hoc
1391 2575 1476 2620 est
1511 2567 1790 2621 Medorum
1815 2584 2064 2639 regnum.

488 2657 626 2710 Cum
654 2657 821 2726 igitur
851 2655 1143 2714 Persarum
1179 2673 1313 2726 gens
1346 2673 1511 2727 parva
1603 2667 1748 2714 esset
1801 2671 1854 2716 et
1899 2662 2065 2716 vitam

487 2749 828 2818 pastoritiam
868 2757 1076 2819 ageret,
1107 2749 1308 2819 Cyrus,
1341 2752 1546 2806 relictis
1581 2753 1870 2809 Persarum
1897 2757 2066 2810 mori-

489 2841 616 2906 bus,
645 2838 900 2892 utebatur
935 2838 1044 2892 ritu
1071 2841 1535 2894 etconsuetudiue
1563 2841 2072 2914 Medorum,ulpote

491 2927 670 2999 gentis
703 2943 912 2997 magna:
943 2939 998 2982 et
1028 2930 1348 2998 magniﬁcae.
1375 2932 1576 2987 Horum
1609 2949 1736 2989 vero
1759 2935 1971 3004 judices
1997 2937 2072 2993 fe-

491 3022 686 3076 rebant
709 3020 816 3092 55,
844 3022 1102 3091 epiloriea
1133 3007 1227 3078 seu
1268 3026 1580 3094 superulas,
1614 3035 1666 3082 et
1700 3027 1757 3081 in
1792 3031 1974 3098 capite
2007 3031 2070 3084 li-

492 3129 656 3168 neum
691 3125 902 3184 tegmen
931 3115 1680 3186 phaceolidemappellatum.
1701 3119 1776 3174 Ex
1824 3123 2071 3190 quolibet

2169 730 2295 784 ρους
2329 713 2583 781 λέγοντες
2614 715 2833 784 στίχους
2863 715 2928 783 τῇ
2964 715 3149 784 ἐορτῇ.
3185 713 3276 766 καὶ
3329 713 3448 782 μετ’
3503 711 3683 780 ὀλίγον
3713 730 3728 745 ·

2170 825 2188 856 ι
2224 807 2458 878 Χριστὸς
2489 807 2756 878 ἐγεννήθη
2777 808 2806 860 6
2825 806 3024 875 στέψας
3053 823 3112 858 σε
3149 805 3396 876 βασιλέα,
3425 823 3442 856 ι
3481 804 3579 858 καὶ
3596 804 3736 874 μετὰ

2165 897 2327 951 τοῦτο
2365 900 2602 968 στίχους,
2638 899 2734 952 καὶ
2788 900 2951 954 πάλιν
2985 898 3119 951 αὐτὸ
3181 897 3342 968 μέχρι
3403 897 3499 949 καὶ
3546 897 3736 966 ἱκανῆς

2166 987 2337 1057 ὧρας.
2371 985 2504 1042 Εἶτα
2548 991 2760 1059 γίνεται
2785 992 2816 1060 ἡ
2841 990 3088 1060 εὐφημία
3137 991 3248 1042 τῶν
3285 989 3568 1057 ὀνομάτων
3626 989 3737 1040 τῶν

2172 1081 2440 1151 βασιλέων
2471 1084 2568 1136 καὶ
2612 1083 2720 1136 τῶν
2751 1082 3071 1148 δεσποινῶν,
3137 1079 3257 1151 μεθ’
3311 1081 3378 1152 ἢν
3421 1081 3740 1152 πολυχρονίο
3815 1127 3818 1130 .

2171 1174 2356 1237 ζουσιν
2387 1169 2546 1237 αὖθις
2599 1175 2649 1227 οι
2679 1174 2904 1244 ψάλται.
2943 1173 3148 1227 Τούτου
3183 1174 3230 1227 δ’
3286 1173 3367 1227 ἐτι
3397 1173 3738 1241 ψαλλομένω

2171 1265 2414 1319 κλείουσι
2439 1267 2507 1320 τά
2543 1265 2844 1336 βηλόθυρα.
2881 1267 3052 1320 Πάλιν
3074 1266 3131 1319 δέ
3156 1265 3266 1318 τῶν
3293 1265 3544 1336 ὀργάνων
3597 1270 3740 1336 πρὸς

2169 1359 2348 1428 ὀλίγον
2372 1359 2649 1429 ἠχούντων
2680 1359 2994 1412 ἐκϐαίνουσι
3043 1360 3114 1412 τά
3147 1359 3457 1428 φλάμουλα.
3523 1359 3630 1411 Καὶ
3667 1359 3737 1412 τὰ

2175 1453 2277 1523 μὲν
2308 1454 2568 1524 βασιλικὰ
2602 1453 3015 1521 διακομίζονται
3046 1455 3125 1516 είς
3167 1453 3228 1506 τδ
3259 1452 3738 1522 βεστιάριον,δπου

2172 1546 2512 1617 εὑρίσκεται,
2574 1547 2643 1600 τὰ
2699 1545 2756 1599 δέ
2802 1547 2911 1598 τῶν
2955 1545 3232 1616 ἀρχόντων
3293 1547 3352 1598 ἐν
3409 1549 3522 1608 τοῖς
3569 1547 3742 1609 οίκοις

2174 1641 2446 1694 ἑκάστων.
2493 1637 2793 1692 Κατελθὼν
2846 1639 2903 1690 δέ
2960 1641 2987 1690 6
3030 1637 3285 1706 βασιλεὺς
3323 1637 3624 1708 ἀπέρχεται
3663 1639 3744 1701 είς

2173 1731 2270 1798 τὴν
2303 1729 2583 1798 τράπεζαν
2615 1730 2740 1781 κατ’
2771 1727 2909 1795 ἔθος,
2959 1727 3143 1796 φορῶν
3203 1727 3585 1796 καθημερινὴν
3622 1745 3745 1780 στο-

2171 1824 2290 1895 λήν,
2327 1827 2374 1878 οἱ
2415 1825 2471 1878 δὲ
2506 1825 2768 1894 ἄρχοντες
2811 1822 2879 1875 τὸ.
2931 1821 3314 1893 προρρηθέντα
3347 1819 3551 1874 τούτων
3582 1821 3744 1891 φορέ-

2174 1937 2342 1989 ματα.

2253 2011 2312 2066 Ὀ
2348 2011 2533 2080 μέντοι
2552 2011 2652 2081 τῆς
2675 2009 2957 2082 τραπέζης
2979 2009 3138 2077 λόγος
3157 2007 3257 2062 άνα
3267 2008 3504 2078 μεινάτω
3524 2005 3740 2076 μικρόν·

2169 2104 2293 2157 ἐπεὶ
2324 2103 2379 2156 δὲ
2409 2103 2738 2156 πιλατικίων
2771 2101 3260 2172 προεμνήσθημεν,
3297 2101 3543 2170 εἴπωμεν
3600 2099 3744 2153 κατὰ

2172 2193 2388 2266 πρῶτον
2421 2193 2550 2263 περὶ
2593 2194 2796 2258 αὐτῶν,
2831 2193 3030 2248 επειτα.
3079 2193 3168 2246 ἵνα
3217 2194 3313 2247 καὶ
3373 2193 3502 2263 περὶ
3534 2193 3742 2263 ταύτης

2169 2284 2528 2356 δηλώσωμεν.
3369 2281 3374 2288 ’

2255 2375 2317 2428 ’0
2351 2377 2528 2446 Κῦρος
2559 2379 2584 2428 6
2610 2377 2804 2445 μέγας.
2827 2379 2856 2431 6
2889 2377 2996 2431 τῶν
3019 2377 3248 2447 Περσῶν
3295 2379 3570 2448 βασιλεὺς,
3623 2379 3742 2440 υἱὸς

2169 2467 2244 2521 ὢν
2282 2467 2378 2520 τοῦ
2423 2467 2750 2537 Καμϐύσου,
2809 2470 2950 2540 μετὰ
3006 2471 3239 2524 Θάνατον
3295 2469 3597 2539 Ἀστυάγου
3646 2470 3739 2524 τοῦ

2171 2559 2398 2614 πάππου
2423 2561 2590 2614 αὐτοῦ
2625 2562 2982 2633 ἐκληρώσατο
3020 2564 3114 2617 καὶ
3140 2565 3242 2631 τήν
3302 2563 3515 2618 ἐκείνου
3565 2563 3743 2634 ἀρχὴν

2172 2651 2291 2722 ἦτοι
2321 2651 2444 2714 τοὺς
2469 2651 2710 2720 Μήδους.
2740 2653 2863 2706 Τῶν
2895 2654 3075 2708 τοίνυν
3103 2655 3329 2724 Περσῶν
3362 2654 3550 2719 ἔθνους
3569 2655 3744 2708 δντων

2175 2745 2400 2815 μικροῦ,
2432 2747 2528 2800 καὶ
2576 2748 2870 2819 νομαδικὸν
2906 2749 3022 2818 βίον
3058 2749 3300 2814 ζώντων,
3361 2751 3389 2804 6
3427 2751 3625 2820 ,Κῦρος
3675 2749 3742 2818 δὴ

2169 2831 2324 2899 οὗτος
2356 2838 2426 2890 τὰ
2447 2839 2556 2891 τῶν
2595 2839 2824 2908 Περσῶν
2853 2839 3020 2910 ἔθιμα
3077 2839 3416 2908 καταλείψας
3463 2841 3577 2903 τοῖς
3631 2842 3742 2892 τῶν

2172 2929 2373 2998 Μήδων
2405 2931 2700 3000 ἐχρήσατο,
2735 2932 2976 3001 μεγάλου
3018 2931 3172 2994 ὄντος
3221 2931 3407 2996 ἔθνους
3438 2933 3535 2986 καὶ
3569 2949 3743 3004 μεγα-

2172 3021 2502 3092 λοπρεποῦς,
2537 3019 2612 3077 ὦν
2638 3024 2701 3094 δὴ
2731 3025 2779 3076 oi
2812 3025 2998 3094 κριταὶ
3027 3025 3258 3094 ἐφόρουν
3291 3025 3616 3102 ἐπιλορρικα
3647 3027 3743 3080 καὶ

2173 3117 2267 3168 ἐπὶ
2304 3117 2550 3186 κεφαλῆς
2584 3116 2921 3184 φακεωλίδα.
2957 3115 3048 3168 Ἐν
3083 3111 3174 3168 οὖν
3209 3115 3500 3188 φακεωλίῳ
3529 3115 3746 3186 ἑκάστῳ

492 3209 777 3278 phaceolio
813 3211 1082 3286 pendebat
1115 3227 1143 3265 a
1171 3213 1392 3266 sinistra
1413 3225 1566 3283 parte
1593 3218 1930 3284 margellium
1957 3219 2068 3273 sive

2176 3207 2450 3276 κρέματαί
2477 3225 2535 3260 τε
2560 3208 2698 3260 κατὰ
2730 3209 2790 3261 τὸ
2853 3209 3146 3280 ἀριστερὸν
3200 3211 3365 3282 μέρος
3419 3209 3747 3280 μαργέλλιον

495 3297 708 3354 limbria
739 3315 804 3354 ex
839 3301 1119 3370 margella,
1157 3301 1380 3356 alteram
1415 3319 1604 3359 aurem
1637 3307 1755 3376 ejus
1777 3309 1866 3376 qui
1895 3319 2072 3378 gesta—

494 3390 587 3444 bat
619 3391 902 3460 obtegens.
927 3391 1048 3458 Quo
1077 3395 1494 3462 signiﬁcabatur
1517 3413 1705 3453 aurem
1728 3401 1945 3466 quidem
1982 3419 2070 3456 re-

494 3491 690 3537 tectam
719 3486 1136 3540 accusatoribus
1163 3488 1302 3549 dari,
1335 3499 1531 3543 tectam
1571 3507 1695 3546 vero
1745 3509 1932 3547 aurem
1983 3511 2072 3548 ac-

495 3575 722 3641 cusatis,
757 3577 848 3630 sed
869 3577 1210 3644 absentibus,
1239 3584 1528 3636 reservari.
1561 3583 1794 3638 Excollo
1820 3587 2070 3656 judicum

495 3667 804 3736 pendebant
833 3669 884 3722 iu
913 3671 1106 3725 sericis
1142 3672 1246 3727 iiiis
1276 3675 1554 3741 tnargellia
1585 3692 1721 3730 auro
1743 3680 1926 3734 tittCtiii
1951 3693 2071 3734 tex-

495 3765 572 3811 ta.
601 3757 910 3828 Longitudo
933 3773 1049 3814 erat
1081 3763 1352 3831 spithama
1388 3773 1589 3830 minor,
1639 3771 1869 3824 latitudo
1912 3775 2072 3826 unius

494 3848 658 3916 palmi
687 3865 704 3914 ;
737 3865 860 3918 qua:
887 3867 980 3905 rex
1015 3851 1294 3908 Medorum
1330 3858 1558 3920 ferebat.
1597 3862 1850 3914 similiter
1897 3871 1951 3916 et
1986 3865 2074 3931 ju-

495 3941 661 3996 dices.
691 3942 1156 4008 Quemadmodum
1197 3950 1359 4018 igitur
1392 3952 1518 4005 olim
1550 3957 1884 4011 exercituum
1906 3957 2072 4024 duces

493 4039 744 4094 ferebant
771 4050 1017 4112 torques,
1044 4044 1136 4112 qui
1165 4055 1322 4096 erant
1354 4047 1576 4099 honoris
1605 4049 1836 4116 ἱιιιιίι-οδ,
1883 4052 1963 4105 sic
2017 4061 2072 4106 et

493 4133 740 4202 pilaticia
775 4135 1036 4188 honorem
1092 4136 1338 4205 jndicum
1395 4137 1837 4193 mamfestabant.
1895 4143 2071 4212 Cyrus

495 4225 661 4292 igitur
708 4241 935 4294 regnum
994 4226 1272 4280 Medorum
1330 4229 1557 4296 adeptus
1613 4245 1802 4284 eorum
1854 4249 2072 4301 quoque

493 4320 985 4375 consuetudinibus
1019 4323 1300 4386 utebatur,
1335 4331 1392 4374 ut
1418 4337 1574 4374 uinea
1607 4325 1916 4392 expositum
1963 4335 2067 4380 est.

493 4413 676 4468 Armis
709 4427 839 4466 vero
872 4413 926 4465 in
956 4411 1207 4482 Assyrios
1225 4417 1658 4482 sumptiseorum
1682 4415 1866 4468 itidem
1905 4419 2072 4484 impe-

2178 3301 2565 3372 συρματέῖνον,
2597 3301 2657 3352 τὸ
2685 3301 2875 3369 ἓτερον
2934 3301 3028 3353 τοῦ
3083 3301 3380 3370 φοροῦντος
3431 3302 3541 3354 τῶν
3590 3301 3747 3356 ὢτων

2175 3395 2476 3457 καλύπτον,
2502 3393 2698 3462 δηλοῦν
2729 3395 2805 3457 ὡς
2829 3393 2890 3446 τὺ
2930 3393 3030 3463 μέν
3060 3393 3302 3456 άσκεπές
3325 3393 3432 3446 τῶν
3453 3393 3751 3462 ἐγκαλούν-

2173 3507 2282 3541 των
2317 3487 2456 3553 ἐστὶ,
2498 3487 2558 3540 τὸ
2584 3484 2646 3538 δὲ’
2671 3485 3008 3554 σκεπόμενον
3054 3481 3148 3548 οὖς
3191 3485 3302 3538 τῶν
3337 3469 3751 3555 κατηγορουμέξ

2174 3599 2280 3634 νων
2315 3583 2434 3649 μὲν,
2493 3580 2567 3650 μὴ
2615 3581 2903 3649 παρόντων
2935 3577 3013 3632 δέ.
3063 3578 3187 3631 Ἐπὶ
3235 3579 3291 3632 δέ
3333 3577 3606 3650 τραχήλου
3637 3577 3746 3630 τῶν

2175 3672 2382 3741 κριτῶν
2414 3673 2727 3743 ἐκρέμαντο
2752 3670 2844 3723 δύο
2890 3669 3014 3723 τινὰ
3048 3669 3135 3723 διὰ
3167 3669 3428 3721 σιτανίων
3459 3669 3746 3722 πιλατίκια

2174 3765 2470 3836 λεγόμενα,
2514 3767 2658 3834 ἅπερ
2700 3765 2808 3816 εἰσὶ
2843 3749 3148 3834 μαργέλλια
3179 3763 3317 3831 μετὰ
3346 3762 3647 3832 σύρματος,
3687 3763 3748 3814 rb

2179 3861 2277 3930 μέν
2311 3861 2482 3930 μῆκος
2518 3858 2800 3926 σπιθαμῆς
2844 3857 3084 3922 ἔλαττον,
3118 3857 3178 3910 τδ
3229 3855 3286 3908 δέ
3332 3855 3535 3918 πλάτος
3572 3856 3750 3909 παλα-

2179 3957 2375 4024 μιαῖον.
2403 3953 2602 4004 Ἀτινα
2619 3951 2645 4001 ὁ
2665 3951 2774 4004 τῶν
2801 3951 3001 4019 Μήδων
3024 3948 3215 4017 ἐφόρει
3247 3947 3521 4018 βασιλεὺς,
3547 3947 3749 4018 ὁμοίως

2175 4049 2269 4099 καὶ
2302 4045 2351 4097 oi
2383 4043 2592 4114 κριταί.
2625 4042 2837 4111 Ὥσπερ
2867 4029 3227 4110 οὗνῖςρόρουν
3274 4041 3439 4094 πάλαι
3497 4041 3546 4094 oi
3590 4059 3752 4107 στρα-

2173 4139 2333 4208 τηγοὶ
2369 4135 2634 4205 στρεπτὰ,
2685 4135 2782 4205 τὴν
2820 4135 2984 4206 τιμὴν
3019 4134 3228 4188 τούτων
3274 4133 3557 4204 δηλοῦντα,
3608 4131 3750 4186 οὕτω

2175 4234 2271 4286 καὶ
2302 4231 2373 4284 τά
2405 4228 2691 4283 πιλατίκια
2725 4228 2824 4292 τὴν
2867 4227 3036 4298 τιμὴν
3079 4227 3189 4280 τῶν
3236 4226 3441 4296 κριτῶν
3500 4225 3744 4295 ἐδήλουν.

2185 4325 2247 4379 .0
2281 4323 2463 4376 τοίνυν
2496 4321 2676 4391 Κῦρος
2699 4320 2799 4391 τὴν
2816 4319 2925 4373 τῶν
2953 4321 3156 4391 Μήδων
3185 4321 3359 4390 ἀρχὴν
3381 4319 3746 4389 κτησάμενος,

2176 4403 2252 4480 ὧς
2273 4416 2594 4486 δεδήλωται,
2632 4414 2726 4468 καὶ
2761 4417 2873 4478 τοῖς
2905 4413 3054 4466 ἔθεσι
3105 4413 3314 4466 τούτων
3363 4414 3560 4484 ἐχρῆτο
3583 4429 3595 4442 ·
3649 4429 3748 4465 πο-

495 4506 634 4558 rium
688 4506 980 4574 occupavit
1025 4505 1202 4574 majus
1225 4505 1452 4574 imperio
1485 4507 1786 4568 Medorum.
1815 4525 1844 4562 a
1873 4515 2068 4578 quibus

2176 4511 2424 4579 λεμήσας
2455 4509 2511 4561 δέ
2553 4507 2744 4561 ἔπειτα
2765 4507 2988 4569 καὶτοῖς
3021 4506 3332 4576 Ἀσσυρίοις
3350 4505 3744 4575 συμπαρέλαϐε

492 4599 657 4652 etiam
678 4597 970 4651 nonnullas
995 4600 1415 4652 consuetudines
1443 4611 1722 4654 mutuatus
1742 4614 1822 4656 est
1852 4619 1866 4668 ;
1892 4617 1951 4656 se
1993 4605 2068 4670 ip-

2183 4605 2281 4672 μέν
2318 4603 2414 4655 καὶ
2447 4602 2545 4671 τὴν
2576 4600 2783 4654 τούτων
2825 4598 3022 4670 ἀρχὴν,
3061 4598 3232 4668 μείζω
3283 4597 3379 4666 τῆς
3407 4597 3516 4650 τῶν
3547 4597 3747 4667 Μήδων

495 4689 1079 4745 sumveroPersarum
1105 4707 1290 4761 regem
1335 4694 1645 4762 appeliavit,
1682 4697 1926 4750 tribuens
1975 4697 2077 4752 hoc

495 4783 707 4853 paterni
723 4785 873 4852 regni
896 4783 1112 4846 honori,
1132 4783 1256 4838 licet
1283 4786 1464 4837 minus
1486 4797 1626 4838 essi-t
1649 4788 1875 4855 imperio
1893 4788 2077 4844 Medo-

495 4891 614 4929 rum
634 4883 687 4929 et
705 4875 1080 4946 Assyriorum,
1111 4887 1168 4930 ut
1195 4879 1401 4930 dictum
1431 4889 1533 4932 est.
1567 4877 1708 4947 Ergo
1738 4896 1766 4932 a
1795 4879 1962 4935 Medis
1984 4898 2076 4936 ac-

493 4969 631 5034 cepit
653 4967 989 5036 phaceulium
1027 4979 1074 5022 et
1106 4970 1447 5036 epiloricum,
1474 4973 1542 5022 ab
1572 4971 2070 5038 ASsyriisscaraui-

495 5075 642 5122 cum,
669 5061 992 5115 cabbadium
1013 5071 1066 5115 et
1086 5061 1418 5116 draconibus
1455 5063 1770 5132 insignitum
1809 5064 2067 5119 ﬂaimnu-

493 5155 606 5208 lum
639 5171 735 5209 seu
771 5156 1026 5208 vexillum
1063 5172 1079 5222 ;
1117 5165 1170 5209 et
1204 5159 1272 5210 ab
1299 5172 1364 5210 eo
1401 5167 1644 5226 tempore
1683 5173 1800 5214 mos
1832 5161 2070 5215 obtinuit

495 5255 555 5302 ut
575 5261 768 5302 omnes
793 5259 913 5316 post
931 5247 1130 5319 Cyrum
1159 5249 1564 5317 appellarentur
1583 5267 1735 5320 reges
1757 5252 2068 5316 Persarum,

494 5353 670 5410 usque
698 5343 763 5394 ad
793 5341 1217 5410 Darium,qurm
1249 5359 1371 5396 cum
1393 5343 1694 5399 Alexander
1718 5343 2070 5400 Macedonum

493 5450 586 5488 rex
625 5435 943 5500 devicisset,
975 5437 1180 5505 pariter
1207 5447 1257 5490 et
1285 5453 1450 5508 regno
1470 5437 1574 5510 55
1597 5440 1714 5509 ejus
1738 5440 1939 5508 potitus
1964 5448 2068 5494 est.

492 5529 738 5597 Cumque
767 5541 994 5597 magnus
1023 5525 1418 5581 Constantinus
1445 5537 1497 5582 et
1527 5535 1674 5581 esset
1700 5535 1753 5582 et
1791 5527 2072 5582 diceretur

491 5622 790 5688 imperator
823 5619 1218 5686 Romanorum,
1249 5635 1596 5676 successores
1617 5621 1732 5690 ejus
1776 5635 1950 5691 usque
2004 5621 2072 5675 ad

489 5712 608 5766 haec
631 5721 876 5783 tempora
913 5713 1272 5782 imperatores
1307 5711 1678 5769 Romanorum
1704 5716 2060 5782 salutantur;

490 5815 547 5860 et
575 5821 702 5862 cum
732 5807 1038 5862 Alexander
1063 5808 1228 5874 fuerit
1262 5823 1356 5862 rex
1392 5807 1773 5870 Macedonum.
1807 5807 2062 5864 Macedo-

491 5899 580 5954 nia
611 5907 792 5954 autem
833 5900 1203 5956 Romanorum
1238 5901 1588 5970 imperatoris
1623 5903 1678 5958 in
1713 5903 1920 5958 ditioue
1969 5903 2061 5968 sit,

2177 4697 2370 4753 οὖσαν,
2406 4695 2500 4762 ἀφ’
2533 4687 2607 4746 ὧν
2638 4693 2732 4744 καί
2778 4709 2903 4745 τινα
2933 4691 3139 4743 τούτων
3173 4689 3336 4760 ἔθιμα
3373 4689 3584 4752 ἐλαϐεν,
3619 4683 3766 4741 ἐαυ-’

2177 4789 2268 4841 τὸν
2298 4788 2353 4840 δέ
2381 4786 2606 4858 βασιλέα
2657 4785 2884 4856 Περσῶν
2930 4781 3182 4852 ὠνόμαζε
3225 4783 3392 4851 τιμῆς
3437 4783 3600 4836 ἕνεκα
3651 4781 3750 4850 τῆς

2180 4877 2272 4931 τοῦ
2305 4878 2512 4948 πατρὸς
2542 4875 2740 4945 ἀρχῆς,
2772 4873 2819 4926 εί
2850 4872 3078 4926 καὶτῶν
3110 4872 3312 4942 Μήδων
3359 4869 3453 4923 καὶ
3487 4869 3594 4921 τῶν
3623 4867 3751 4920 Ἀσσ

2183 4971 2386 5042 συρίων
2424 4970 2663 5023 ἐλάττων
2696 4963 2763 5036 ἦν
2795 4966 2957 5034 αὑτὴ,
2989 4965 3066 5028 ὡς
3117 4965 3355 5034 εἴρηται.
3382 4965 3492 5016 Καὶ
3513 4962 3620 5044 ἀπὸ
3649 4961 3749 5032 μὲν

2175 5065 2278 5132 τῆς
2312 5062 2423 5115 τῶν
2452 5061 2656 5130 Μήδων
2682 5061 2860 5130 ἀρχῆς
2895 5057 3058 5109 ἔλαϐε
3105 5055 3166 5111 τό
3201 5073 3260 5109 τε
3323 5055 3629 5124 φακεὼλιον
3655 5055 3750 5108 καὶ

2174 5155 2237 5208 τὸ
2264 5153 2638 5222 ἐπιλούρικον,
2708 5151 2817 5205 ἀπὸ
2870 5149 2927 5201 δὲ
2982 5151 3080 5218 τῆς
3145 5149 3258 5200 τῶν
3312 5147 3620 5216 Ἀσσυρίων
3688 5145 3750 5196 τδ

2182 5247 2521 5316 σκαράνικον
2550 5247 2610 5297 τό
2641 5261 2698 5296 τε
2723 5241 3021 5296 καθόάδιον
3044 5243 3136 5294 καὶ
3153 5241 3216 5292 τὸ
3236 5239 3584 5310 δρακόντειον
3616 5236 3752 5306 φλά-

2179 5339 2402 5408 μουλον.
2451 5337 2562 5390 Καὶ
2612 5337 2800 5390 ἔκτοτε
2840 5333 3186 5403 ἐπεκράτησε
3211 5333 3337 5395 τοὺς
3399 5333 3536 5401 μετὰ
3567 5330 3750 5400 Κῦρον

2176 5434 2388 5495 πάντας
2421 5430 2680 5501 βασιλέας
2711 5427 3000 5481 καλεῖσθαι
3037 5425 3284 5499 Περσῶν,
3326 5425 3488 5494 μέχρι
3528 5427 3618 5477 καὶ
3655 5423 3750 5477 τοῦ

2177 5525 2431 5594 Δαρείου,
2467 5523 2526 5576 ὃν
2589 5519 3114 5591 καταστρεψάμενος
3181 5517 3532 5586 ’Δλέξανδρος
3571 5516 3598 5567 6
3639 5513 3750 5568 τῶν
3829 5591 3836 5598 .

2175 5619 2504 5674 Μακεδόνων
2544 5615 2799 5686 βασιλεὺς
2832 5613 2958 5683 ἔσχε
3003 5613 3102 5680 τὴν
3130 5611 3308 5681 ἀρχὴν
3337 5610 3556 5663 τούτου.
3589 5608 3750 5662 Ἐπεὶ

2175 5711 2232 5763 δέ
2258 5713 2285 5763 6
2313 5711 2488 5780 μέγας
2515 5709 2934 5769 Κωνσταντῖνος
2983 5705 3079 5758 καὶ
3105 5699 3173 5774 ἦν
3207 5704 3302 5754 καὶ
3341 5701 3559 5769 ἐλέγετο
3595 5700 3745 5770 βασι-

2175 5803 2300 5864 λεὺς
2347 5800 2662 5870 Ῥωμαίων,
2689 5799 2927 5870 βασιλεῖς
2953 5799 3061 5850 τῶν
3115 5796 3406 5866 Ῥωμαίων
3443 5794 3742 5848 καλοῦνται

2181 5895 2342 5966 μέχρι
2374 5895 2467 5947 τοῦ
2501 5892 2595 5946 νῦν
2625 5893 2716 5945 καὶ
2751 5895 2798 5946 οἱ
2826 5893 3038 5946 ἐκείνου
3061 5889 3295 5960 διάδοχοι
3345 5888 3606 5959 βασιλεῖς.
3641 5890 3750 5941 Καὶ
