4050 6594
265 432 337 494 73

1159 425 1259 489 DE
1299 424 1637 488 OFFlCIlS
1675 418 2161 484 CPOLITANIS.
2189 445 2258 457 --
2290 420 2459 481 CAP.
2496 420 2628 481 Vll.

3446 420 3522 486 ἠ

265 543 452 614 ἐπειδὴ
479 545 509 596 6
533 543 636 611 μὲν
665 541 1022 614 Ἀλέξανδρος
1055 543 1169 596 τῶν
1198 542 1530 597 Μακεδόνων
1586 536 1655 612 ἦν
1690 541 1845 612 βασι-

1955 538 2252 596 Drientales
2276 540 2460 612 populi
2496 554 2694 611 magno
2723 540 2926 596 honore
2956 539 3198 595 alliciunt
3221 541 3512 608 imperato-

263 639 416 700 λεὺς,
449 637 483 706 η
512 635 570 688 δὲ
604 635 922 690 Μακεδονεα
951 637 1056 689 ὑπὸ
1106 635 1205 702 τὴν
1235 634 1330 688 τοῦ
1382 635 1648 705 βασιλέως
1711 634 1847 688 Ῥω-

267 728 449 798 μαίων
482 729 648 799 χεῖρα
689 729 1036 797 εὑρίσκεται,
1063 728 1133 781 τά
1192 728 1295 798 μὲν
1329 726 1442 796 ἑῷα
1488 726 1616 797 ἔθνη
1643 725 1846 780 διδόασι

263 823 364 890 τὴν
413 819 592 891 τιμὴν
622 821 705 891 τῷ
756 820 972 890 βασιλεῖ
1016 819 1093 881 ὼς
1131 819 1365 888 διαδόχῳ
1415 817 1510 871 τοῦ
1572 815 1846 888 πατρικοῦ

265 917 421 968 οῐκου
454 915 554 966 τοῦ
592 913 976 982 Ἀλεξάνδρου,
1012 911 1080 964 τὰ
1111 911 1158 964 δ’
1215 908 1284 964 αὖ
1338 909 1571 978 ἑσπέρια
1626 908 1702 970 ὡς
1751 906 1848 960 τοῦ

265 1006 515 1076 μεγάλου
545 1005 960 1059 Κωνσταντίνου
992 1003 1246 1074 διαδόχῳ.
1293 1003 1406 1056 Kal
1446 1000 1574 1072 περὶ
1606 1000 1706 1071 μὲν
1728 999 1849 1053 τού-

259 1115 373 1154 των
413 1099 616 1163 οὕτως.
843 1149 846 1152 .
1246 1123 1256 1131 -

770 1189 1170 1247 ΚΕΦᾹΛΑῙΟΝ
1226 1186 1302 1246 Ζ’.

486 1329 628 1399 Περὶ
669 1329 777 1398 τῆς
808 1329 916 1384 τοῦ
955 1331 1266 1397 ,ϐασιλέως
1299 1330 1633 1414 κιςικιπιίζής.

337 1465 672 1517 ἐπανιτέον
695 1465 750 1518 δὲ
779 1461 939 1529 αὖθις
965 1466 1084 1518 ὅθεν
1102 1463 1425 1533 ἐξήλθομεν.
1446 1465 1557 1518 Τοῦ
1582 1463 1852 1535 βασιλέως

267 1558 374 1626 μὲν
431 1553 527 1610 οὖν
561 1559 644 1616 εἰς
694 1556 793 1622 τὴν
835 1557 1116 1625 τράπεζαν
1165 1557 1497 1620 ἀπελθόντος
1546 1557 1640 1609 καὶ
1676 1554 1846 1608 καθί-

268 1665 494 1710 σαντος,
530 1649 893 1718 ὑπηρετοῦσιν
915 1648 1066 1718 αὐτῷ
1117 1649 1144 1701 6
1184 1665 1245 1702 τε
1317 1647 1640 1716 δομέστικος
1673 1645 1768 1700 καὶ
1823 1647 1852 1696 6

266 1742 369 1791 ἐπὶ
415 1741 516 1807 τῆς
549 1739 835 1809 τραπέζης
858 1757 874 1769 '
904 1739 1051 1794 οῦτοι
1084 1739 1178 1793 καὶ
1216 1742 1324 1808 γὰρ
1359 1737 1756 1808 ὑπηρετοῦσιν,
1804 1739 1852 1788 εἰ

1952 647 2066 685 rem
2102 639 2357 702 tanquam
2377 647 2748 687 successorem
2779 633 2830 686 in
2859 642 3078 702 paterna
3097 633 3260 688 domo
3284 635 3522 688 Alexan-

1950 721 2033 776 dri
2065 735 2153 778 :at
2189 723 2371 792 populi
2401 724 2774 780 Occidentales
2821 726 3072 779 eumdem
3133 726 3516 794 imperatorem

1950 814 2107 868 valde
2139 816 2326 868 colunt
2364 830 2461 870 ceu
2489 813 2838 870 Constantini
2884 815 3061 887 Magni
3117 832 3520 873 successorem.

1952 905 2016 962 Et
2044 907 2109 961 de
2143 907 2226 961 his
2251 908 2471 977 quidem
2507 910 2578 962 ita
2603 908 2825 964 dictum.
2845 919 2986 964 esto.

2547 1181 2775 1240 CAPUT
2817 1182 2926 1241 VII.

2712 1270 2752 1298 ο

2411 1315 2486 1372 De
2505 1334 2680 1372 meum
2711 1320 3066 1384 imperatoris.

2023 1453 2381 1512 Redeundum
2409 1457 2604 1512 iterum
2635 1467 2717 1514 est
2748 1458 2891 1513 unde
2921 1459 3151 1530 digressi
3177 1474 3392 1515 sumus.
3419 1458 3523 1512 lm-

1954 1549 2192 1621 peratori
2223 1550 2486 1620 ergojam
2519 1550 2586 1604 ad
2624 1567 2869 1605 mensam
2927 1553 3169 1622 profecto
3203 1553 3524 1607 ministrant

1955 1643 2296 1698 domesticus
2361 1653 2406 1697 et
2472 1642 2761 1711 praefectus
2789 1659 3009 1699 mensae.
3044 1645 3132 1699 lsti
3182 1647 3328 1699 enim
3363 1645 3526 1698 mini.

1955 1744 2151 1798 strant,
2199 1736 2243 1790 si
2279 1745 2576 1804 prmsentes
2628 1735 2764 1800 sint,
2819 1736 3284 1804 quemadmodum
3318 1749 3373 1792 et
3404 1738 3522 1806 piu-

265 1833 550 1900 παρόντες
585 1831 959 1902 εὑρίσκονται,
995 1833 1185 1900 ὥσπερ
1211 1833 1274 1901 δὴ
1312 1831 1409 1884 καὶ
1451 1833 1480 1884 6
1527 1831 1849 1898 πιγκέρνης.

1960 1842 2147 1884 cerna.
2183 1826 2356 1882 Porro
2387 1836 2540 1881 extra
2579 1827 2873 1880 triclinium
2908 1829 3108 1882 multos
3137 1845 3311 1884 annos
3335 1845 3526 1899 apprc—

264 1923 748 1994 ῐῐολυχρτνξζουσι
787 1923 842 1978 δὲ
881 1923 1069 1977 τοῦτον
1101 1923 1208 1988 ἔξω
1245 1921 1342 1978 τοῦ
1397 1922 1677 1994 τρικλίνου
1733 1922 1851 1974 ὅσοι

267 2016 513 2085 φοροῦσι
587 2016 806 2070 σκιάδια
872 2017 1300 2084 χρυσοκόκκινα,
1362 2017 1458 2071 καὶ
1514 2014 1852 2070 είσελθοῦσιν

267 2108 450 2178 ὁρίζει
471 2109 500 2158 6
531 2107 783 2176 βασιλεὺς
808 2109 888 2168 είς
915 2109 1082 2164 πολλὰ
1105 2110 1222 2176 ἔτη,
1240 2109 1336 2161 xal
1360 2109 1716 2179 ἀπέρχονται.
1745 2108 1853 2160 Kal

272 2198 395 2266 μετ’
429 2199 638 2262 αὐτοὺς
654 2201 1140 2271 πολυχρονίζουσιν
1179 2202 1228 2253 οἱ
1261 2203 1598 2271 συρματέῖνα
1626 2200 1856 2270 φοροῦνο

271 2306 392 2352 τες.
424 2289 539 2343 Kal
565 2291 709 2358 μετὰ
734 2293 796 2343 τὸ
826 2291 1218 2361 πολυχρονίσαι
1253 2292 1346 2344 καὶ
1382 2293 1625 2358 τούτους,
1648 2294 1676 2345 6
1706 2309 1854 2362 πρω-

268 2379 694 2451 τοσεστιαρίτης
719 2384 858 2452 πρὸς
885 2387 952 2453 τῇ
984 2381 1130 2453 πύλῃ
1163 2383 1480 2453 ἱστάμενος,
1529 2382 1562 2453 ἥ
1616 2386 1664 2436 εί
1696 2382 1852 2452 τύχοι

267 2473 490 2527 λείπειν
521 2475 712 2539 αὐτὸν,
751 2477 780 2527 6
809 2475 984 2544 μέγας
1033 2475 1391 2546 ἐταιριάρχης
1428 2474 1459 2544 ἢ
1488 2476 1515 2527 6
1545 2475 1856 2545 πριμμική-

270 2583 392 2634 ριος
417 2566 523 2634 τῆς
547 2567 721 2636 αὐλῆς
745 2567 898 2634 λέγει
928 2567 1067 2638 πρὸς
1090 2567 1289 2631 αὐτούς
1323 2582 1340 2598 ο
1378 2584 1397 2618 ι
1440 2569 1533 2631 Εἰς
1565 2567 1735 2620 πολλὰ
1757 2569 1852 2634 ἔτη

267 2658 495 2726 ὀρέζειό
527 2659 796 2727 αὐθέντης
825 2661 932 2729 μᾶς
965 2662 992 2712 6
1017 2659 1291 2729 βασιλεύς.
1331 2677 1349 2711 ι
1381 2662 1444 2712 Oi
1479 2660 1537 2713 δὲ
1598 2661 1692 2713 καὶ
1742 2663 1855 2713 εἰσι

268 2749 525 2813 ιλθὸντες
561 2750 954 2820 προσκυνοῦσι,
1015 2752 1115 2805 καὶ
1158 2753 1498 2821 ἀπέρχονται
1545 2751 1641 2804 xal
1684 2750 1852 2806 οὖτοι.

274 2842 518 2896 Ἔπειτα
549 2843 1034 2912 πολυνρονίζουσιν
1073 2845 1122 2898 οῑ
1173 2843 1373 2913 ἑφεξῆς
1407 2843 1695 2913 ἄρχοντες.
1741 2845 1853 2898 Kal

269 2935 323 2989 οἱ
359 2934 463 3005 μὲν
499 2935 801 3006 φοροῦντες
830 2937 1047 2991 σκιάδια
1077 2938 1481 3008 χρυσοκόκκινα
1511 2940 1606 2992 ml
1641 2954 1855 3006 συρμα-

271 3027 425 3079 τέἶνα
458 3026 822 3095 ἀπέρχονται,
855 3026 930 3090 ὡς
963 3027 1200 3097 εἴρηται,
1235 3026 1375 3096 πλὴν
1421 3025 1518 3080 τοῦ
1559 3029 1851 3098 πιγκὲρνη·

274 3116 572 3185 περιμένει
605 3119 716 3184 γάρ
750 3108 912 3176 οὗτος
949 3116 1313 3185 ὑπηρετήσων
1349 3119 1440 3171 ἐπὶ
1460 3119 1560 3187 τῆς
1579 3118 1852 3188 τραπέζης

273 3207 353 3276 τῷ
377 3206 614 3274 βασιλεῖ.
648 3208 788 3270 Τοὺς
823 3208 879 3260 δὲ
933 3207 1199 3261 κλαπωτὰ
1227 3207 1554 3279 φοροῦντας,
1613 3210 1663 3261 οἱ
1725 3226 1855 3279 προ-

273 3297 615 3368 όηλωθέντες
668 3299 968 3368 ὑπηρέται,
1032 3300 1158 3361 τοὺς
1210 3300 1412 3362 τόπους
1461 3299 1705 3353 ἑκάστων
1735 3302 1858 3353 τού-

275 3408 386 3444 των
433 3391 834 3468 γινώσκοντες,
881 3393 1142 3461 φέρουσιν
1175 3393 1395 3456 αὐτοὺς,
1454 3392 1548 3445 καὶ
1582 3393 1856 3462 πολυχρο-

277 3483 488 3546 νίζουσι
542 3483 639 3535 καὶ
715 3477 900 3536 οὗτοι*
948 3481 1067 3536 εἷτα
1120 3483 1342 3551 λέγουσι
1410 3486 1547 3555 πρὸς
1608 3484 1805 3547 αύτούς
1837 3501 1852 3516 ο

285 3594 304 3626 ι
347 3577 440 3638 Εἰς
471 3575 648 3628 πολλὰ
679 3575 774 3644 [τη
805 3574 1026 3644 ὁρίζειό
1047 3576 1315 3645 αὐθέντης
1349 3577 1456 3644 μᾶς
1482 3579 1510 3631 6
1540 3575 1850 3647 βασιλεύς.»

280 3668 394 3721 Kal
440 3668 545 3720 οὒκ
578 3665 942 3738 ἀπέρχονται,
984 3666 1102 3721 ἀλλ’
1135 3667 1383 3723 ἵστανται
1436 3670 1517 3732 εἰς
1553 3667 1650 3740 τὴν
1678 3669 1858 3738 παρά-

280 3777 420 3814 στασ
423 3779 495 3812 ιν.

359 3851 422 3905 '9
453 3852 512 3906 δέ
547 3869 610 3919 γε
640 3854 976 3918 ποτεστάτος
1008 3855 1117 3906 τῶν
1146 3855 1204 3907 ἒν
1256 3853 1472 3926 Γαλατᾷ
1525 3855 1852 3920 Γενουῖτῶν,

281 3947 375 3998 καὶ
412 3945 576 4008 οὗτος
599 3947 682 4008 είς
710 3945 800 3998 τὸν
832 3944 1025 4016 καιρὸν
1061 3944 1162 4014 τῆς
1215 3947 1575 4015 προσκύψεως
1604 3949 1701 4000 σὺν
1745 3949 1854 4005 τοῖς

283 4037 400 4106 μετ’
442 4036 614 4090 αὑτοῦ
661 4037 890 4107 ἄρχουσι
947 4038 1088 4106 μετὰ
1144 4037 1257 4090 τῶν
1317 4037 1522 4090 λοιπῶν
1574 4038 1854 4107 ἀρχόντων

280 4131 710 4201 εὑρισκόμενος,
747 4132 1154 4200 προσκαρτερεῖ
1191 4131 1356 4201 μέχρι
1389 4131 1480 4184 καὶ
1510 4132 1608 4199 τῆς
1649 4133 1855 4202 τραπέ-

278 4225 402 4294 ζης.
435 4225 548 4276 Καὶ
581 4224 720 4291 μετᾶ
747 4223 808 4276 τὸ
868 4222 1136 4292 σταθῆναι
1169 4224 1297 4285 τοὺς
1329 4222 1600 4293 ἄρχοντας
1642 4225 1724 4287 είς
1756 4222 1854 4292 τὴν

278 4313 639 4382 παράστασιν
674 4312 838 4381 μέχρι
887 4313 984 4364 καὶ
1039 4312 1136 4366 τοῦ
1188 4313 1433 4382 μεγάλου
1489 4313 1852 4383 δρουγγαρίου

275 4405 368 4458 τοῦ
404 4405 624 4467 στόλου,
650 4405 897 4466 ἐλθόντες
951 4404 1008 4456 δὲ
1050 4405 1145 4458 καὶ
1201 4405 1348 4457 οὗτοι
1401 4405 1852 4476 πολυχρονίζουσι

1958 1926 2154 1974 cnntur
2189 1932 2380 1973 omnes
2421 1918 2512 1987 qui
2555 1916 2730 1972 lerunt
2770 1918 2924 1974 aurei
2958 1929 3009 1973 ct
3039 1921 3279 1975 coccinei
3319 1921 3522 1975 coloris

1955 2009 2168 2078 pileos;
2225 2009 2426 2078 quibus
2485 2011 2748 2081 ingressis
2785 2011 2946 2064 etiam
2981 2009 3276 2080 imperator
3321 2012 3525 2064 multm

1955 2115 2130 2156 annos
2153 2112 2424 2171 precatur,
2461 2112 2513 2156 et
2533 2105 2758 2159 abeunt.
2791 2103 2918 2160 Post
2956 2105 3093 2159 isms
3136 2105 3190 2160 in
3223 2106 3546 2160 multorum.

1954 2207 2226 2248 annorum
2252 2196 2613 2262 precat‘ouem
2636 2205 2995 2266 prorumpunt
3021 2196 3094 2250 illi
3119 2198 3210 2266 qui
3232 2212 3368 2252 auro
3393 2197 3526 2251 dnc-

1955 2286 2030 2340 tili
2057 2296 2233 2340 textos
2265 2287 2433 2358 pileos
2460 2297 2716 2356 gestant.
2739 2286 2855 2352 Qua
2879 2286 3028 2342 linita
3049 2287 3523 2357 protovestiarites

1955 2380 2020 2434 ad
2039 2379 2257 2446 ianuam
2279 2391 2446 2440 stans,
2468 2379 2549 2432 vel
2572 2381 2614 2433 si
2641 2378 2780 2432 forte
2798 2378 2966 2443 absit,
2993 2394 3221 2447 magnus
3247 2379 3523 2432 betmr'ar-

1955 2472 2054 2525 cba
2080 2469 2159 2524 vel
2179 2469 2285 2540 56
2302 2469 2642 2538 primicerius
2663 2469 2819 2534 aulae,
2844 2470 2925 2524 sic
2943 2467 3138 2524 :tll'atur
3159 2469 3317 2522 illos:
3355 2486 3372 2518 ι
3389 2467 3526 2521 Μηί-

1959 2573 2038 2615 tos
2088 2577 2261 2616 annos
2303 2562 2526 2615 mandat
2563 2559 2717 2616 Vobis
2747 2560 3104 2631 intperatorp
3144 2565 3236 2630 qui
3286 2560 3522 2626 ingressi

1957 2655 2338 2724 imperatorem
2359 2662 2707 2718 venerantur,
2735 2668 2973 2722 moxque
2999 2653 3280 2708 recedunt.
3314 2651 3521 2707 Deinde

1956 2745 2154 2800 multos
2181 2761 2356 2802 annos
2385 2755 2804 2817 comprecantur
2827 2755 3222 2817 consequentes
3247 2761 3523 2817 proceres.

1955 2833 2020 2890 Et
2047 2835 2264 2907 quidem
2320 2839 2354 2892 ii
2391 2837 2484 2906 qui
2536 2837 2691 2906 pileis
2737 2839 2886 2892 aurei
2921 2847 2973 2891 ct
3010 2839 3254 2894 coccinei
3287 2841 3520 2898 coloris.

1955 2942 2091 2981 auro
2124 2943 2315 2996 nempe
2338 2928 2522 2983 dnctili
2559 2929 2752 2996 textis,
2790 2929 3032 3000 insigniti
3085 2942 3248 3001 sunt,
3284 2935 3524 3001 abeunt,

1958 3029 2016 3072 ut
2045 3018 2248 3074 dictum
2283 3028 2368 3074 est
2390 3059 2404 3079 .
2425 3027 2654 3090 excepto
2687 3019 2977 3088 pincerna,
3000 3023 3092 3092 qui
3127 3035 3309 3079 manet
3337 3035 3526 3094 utpote

1959 3109 2326 3164 inserviturns
2351 3125 2550 3164 mensae
2596 3111 2962 3179 imperatoris.
2989 3114 3112 3168 Illos
3140 3131 3268 3172 vero
3300 3120 3390 3188 qui
3422 3121 3526 3174 illis

1961 3203 2144 3255 aureis
2167 3201 2463 3272 solidisque
2495 3213 2814 3274 compactos
2847 3206 3017 3274 pileos
3050 3215 3286 3276 gestant,
3324 3226 3525 3281 supra-

1958 3290 2088 3345 dicti
2157 3293 2415 3358 ministri,
2476 3295 2626 3364 gnari
2655 3296 2778 3363 quis
2831 3296 3004 3352 cuivis
3041 3298 3193 3355 locus
3227 3315 3524 3372 competat,

1957 3383 2275 3451 adducunt;
2323 3386 2415 3457 qui
2466 3387 2851 3456 imperatorem
2899 3391 3198 3448 multorum
3253 3410 3522 3451 annorum

1959 3475 2138 3530 fausta
2163 3478 2556 3534 acclamatione
2572 3480 2844 3548 salutant;
2873 3483 2940 3538 ad
2962 3500 3100 3554 quos
3132 3486 3255 3542 isti;
3297 3489 3524 3541 ιΜυΙιιιιι

1957 3581 2133 3624 annos
2154 3569 2372 3622 mandat
2401 3571 2556 3626 vobis
2580 3573 2880 3643 imperator
2915 3587 3126 3632 noster.
3159 3596 3176 3630 ι
3213 3576 3322 3635 Nec
3346 3579 3526 3637 disce-

1957 3660 2225 3726 dunt,sed
2256 3663 2619 3720 circumStant
2649 3666 2702 3720 in
2728 3667 3198 3727 circumstatione.

2027 3844 2333 3899 Potestatus
2360 3854 2542 3900 autem
2581 3861 2676 3902 seu
2705 3861 2898 3918 praetor
2929 3849 3304 3909 Genuensium
3335 3856 3388 3910 in
3415 3855 3526 3912 Ga-

1957 3937 2061 3991 lata
2107 3950 2203 3990 seu
2249 3936 2384 3992 Pera
2427 3937 2816 4006 habitantium,
2865 3943 2981 4012 ipse
3025 3945 3188 4000 etiam
3225 3948 3342 4007 suis
3397 3966 3522 4003 cum

1955 4029 2278 4100 proceribus
2333 4030 2476 4083 inter
2530 4031 2801 4100 primores
2857 4035 3068 4091 aulicos
3117 4037 3430 4108 imperatori
3469 4043 3522 4096 in

1955 4119 2092 4176 solio
2117 4120 2326 4175 sedenti
2361 4137 2602 4191 praesens
2629 4135 2898 4193 repertus,
2933 4137 3216 4197 permanet
3249 4145 3421 4200 usque
3452 4133 3522 4186 ad

1957 4228 2220 4268 mensam.
2257 4214 2317 4268 Et
2345 4224 2632 4286 postquam
2667 4215 2829 4271 aulici
2857 4231 3109 4286 proceres
3133 4235 3323 4277 omnes
3347 4238 3523 4292 usque

1954 4304 2021 4358 ad
2058 4301 2313 4372 magnum
2363 4305 2723 4377 drungarium
2783 4308 2979 4364 classis
3007 4325 3108 4365 suo
3145 4312 3348 4383 quique
3399 4313 3521 4369 loco

1954 4396 2284 4463 consistunt,
2327 4398 2628 4455 adveniunt
2660 4409 2712 4454 et
2740 4401 2853 4467 isti,
2897 4416 2960 4457 ac
2986 4405 3301 4474 imperatori
3324 4407 3524 4463 multos

275 4497 611 4560 Λατινικῶς.
667 4496 1016 4560 Εἱσελθοντος
1063 4495 1160 4550 οῦν
1218 4499 1314 4550 καὶ
1373 4498 1851 4570 προσκυνήσαντος

1959 4505 2133 4545 annos
2175 4489 2368 4544 Latine
2400 4487 2786 4561 apprecantur.
2841 4494 2978 4551 Cum
3017 4497 3184 4567 igitur
3208 4499 3436 4554 intravit
3471 4511 3524 4555 et

279 4591 420 4656 μετὰ
458 4589 572 4642 τῶν
608 4591 708 4642 σὺν
746 4588 920 4657 αὐτῷ,
954 4588 1176 4657 ὁρίζειό
1227 4587 1484 4657 βασιλεὺς
1542 4590 1622 4652 εἰς
1681 4588 1853 4642 πολλά

277 4679 371 4749 ἔτη
403 4680 501 4732 καὶ
537 4677 725 4731 δίδωσι
751 4678 842 4731 διὰ
868 4677 1050 4748 χειρὸς
1094 4678 1174 4744 τῷ
1208 4680 1534 4749 ποτεστάτῳ
1585 4679 1848 4744 κολίκιον,

276 4771 372 4823 καὶ
400 4770 734 4839 ἀπέρχεται.

343 4862 506 4916 Μετὰ
535 4861 590 4913 δὲ
611 4860 836 4924 τούτους
868 4859 1353 4931 πολυχρονίζουσιν
1380 4863 1475 4916 καὶ
1511 4864 1690 4934 ιτεροι
1740 4865 1850 4918 τῶν

276 4954 577 5024 ἀρχόντων,
612 4954 708 5006 καὶ
742 4954 1088 5024 εἰσέρχονται
1114 4955 1282 5024 μέχρι
1312 4957 1406 5008 καὶ
1433 4955 1528 5008 τοῦ
1557 4955 1849 5022 λογοθέτου

275 5045 379 5096 τῶν
432 5044 670 5113 ἅγελῶν.
736 5041 871 5098 Εῒτα
912 5045 1010 5098 καὶ
1066 5049 1095 5100 6
1156 5049 1266 5102 τῶν
1315 5046 1592 5102 Πισσαίων
1630 5049 1850 5120 ἔρχεται

275 5138 588 5200 κόνσουλος,
640 5137 734 5189 καὶ
792 5139 1174 5208 πολυχρονίζει
1231 5140 1326 5192 καὶ
1390 5131 1546 5202 οὗτος
1588 5142 1684 5193 σὺν
1733 5143 1850 5204 τοῖς

277 5228 395 5296 μετ’
421 5227 591 5281 αὑτοῦ
622 5229 766 5282 κατὰ
790 5229 891 5299 τὴν
916 5230 1070 5294 τάξιν
1097 5230 1299 5285 αὐτῶν.
1360 5232 1729 5285 Εἰσελθόντων
1757 5231 1850 5286 οῦν

275 5323 366 5374 καὶ
387 5323 920 5390 προσκυνησάντων,
949 5323 1121 5392 ὁρίζει
1180 5323 1272 5375 καὶ
1303 5323 1514 5386 τούτοις
1544 5323 1634 5376 διὰ
1679 5326 1850 5396 ἑρμη-

273 5412 402 5474 νέως
427 5412 456 5462 6
490 5409 748 5480 βασιλεύς
777 5427 792 5440 ο
836 5430 855 5463 ι
900 5413 994 5474 Εἰς
1030 5413 1202 5467 πολλὰ
1227 5401 1349 5483 ἔτη,
1384 5433 1402 5466 ι
1455 5417 1551 5468 καὶ
1580 5417 1848 5486 ἀπέρχον-

273 5517 379 5554 ται.
411 5503 526 5554 Kal
561 5501 705 5571 μετὰ
723 5499 952 5563 τούτους
979 5503 1006 5553 6
1047 5503 1339 5566 κόνσουλος
1367 5506 1474 5556 τῶν
1494 5505 1852 5572 Ἀγκωνιτια-

273 5595 379 5646 νῶν
402 5594 542 5662 μετὰ
577 5595 690 5647 τῶν
721 5594 822 5645 σὺν
845 5593 994 5660 αὐτῷ
1014 5608 1028 5623 ’
1066 5594 1159 5646 καὶ
1179 5595 1387 5662 γίνεται
1407 5595 1504 5648 καὶ
1522 5597 1605 5659 εἰς
1624 5596 1848 5660 τούτους

273 5687 411 5740 καθά
445 5688 541 5740 καὶ
571 5689 650 5750 εἰς
677 5689 809 5748 τοὺς
837 5687 1151 5749 Πισσαίους.

1960 4582 2319 4638 reverentiam
2370 4598 2494 4638 cum
2546 4584 2663 4640 suis
2700 4585 2984 4653 exhibuit,
3044 4588 3242 4643 multos
3299 4606 3523 4660 quoque

1959 4679 2134 4729 annos
2157 4675 2456 4744 imperator
2476 4674 2610 4745 ipsis
2637 4679 2879 4742 mandat,
2903 4688 2956 4732 et
2980 4693 3143 4732 manu
3168 4693 3266 4734 sua
3297 4658 3524 4752 porri—g't

1959 4777 2229 4838 potestato
2267 4768 2563 4832 collicium,
2591 4783 2698 4837 quo
2729 4781 2950 4838 accepto
2996 4771 3130 4826 abit.

2027 4858 2160 4913 Post
2224 4859 2360 4913 istos
2428 4860 2728 4912 multorum
2789 4874 3062 4914 annorum
3140 4863 3524 4932 apprecatione

1957 4948 2340 5017 imperatorem
2397 4956 2805 5018 prosequuntur
2850 4949 2941 5002 alii
2991 4949 3178 5005 itidem
3232 4968 3520 5020 proceres,

1960 5054 2133 5108 usque
2159 5037 2226 5093 ad
2258 5055 2482 5108 gregum
2511 5040 2861 5108 logotheaam.
2890 5041 2981 5109 qui
3015 5042 3182 5096 etiam
3211 5045 3514 5102 triclinium

1957 5131 2064 5204 57
2097 5134 2498 5203 ingrediuntur.
2519 5131 2726 5187 Deinde
2757 5133 2902 5186 venit
2933 5131 3255 5189 Pisanorum
3301 5139 3520 5204 consul,

1956 5225 2048 5293 qui
2083 5232 2135 5276 et
2159 5223 2272 5293 ipse
2304 5237 2426 5276 cum
2465 5222 2582 5277 suis
2607 5221 2906 5275 secundum
2954 5223 3201 5276 ordinem
3239 5236 3395 5279 Sttttut
3422 5228 3524 5279 im-

1958 5313 2194 5385 peratori
2270 5314 2672 5383 longaevitatem
2744 5322 2914 5381 optat.
2993 5299 3257 5374 Ingressis
3326 5318 3517 5386 igitur,

1955 5416 2078 5477 post
2108 5408 2470 5462 reverentiam
2501 5405 2817 5475 imperatori
2867 5406 3190 5470 exhibit-ain,
3225 5409 3521 5478 imperator

1954 5516 2048 5568 per
2075 5499 2424 5568 interpretem
2478 5501 2676 5552 multos
2736 5514 2908 5552 annos
2955 5499 3156 5554 habere
3183 5499 3368 5568 jubet;
3407 5517 3520 5572 quo

1951 5600 2174 5663 peracto
2223 5592 2532 5645 discedunt.
2580 5589 2690 5645 llos
2721 5592 2969 5658 sequitur
2995 5591 3187 5646 consul
3219 5593 3519 5646 Auconita-

1953 5699 2150 5737 norum
2185 5699 2308 5736 cum
2347 5682 2498 5748 suis;
2535 5699 2658 5737 cum
2691 5684 2891 5752 quibus
2916 5683 3057 5738 idem
3106 5682 3298 5737 modus
3329 5685 3492 5736 obser

1853 5824 1860 5832 .
1953 5785 2110 5828 vatur
2145 5777 2238 5847 qui
2275 5792 2398 5829 cum
2428 5777 2663 5830 Pisanis.

337 5865 700 5919 οῑΒενέτικοι
725 5865 984 5938 ἔρχονται
1015 5866 1114 5935 μὲν
1150 5868 1228 5928 εἰς
1265 5867 1364 5938 τὴν
1422 5867 1724 5938 πρόκυψιν,
1774 5870 1834 5922 ού

503 5969 782 6027 ΡΑτιιοι..
819 5967 938 6025 Gn.
973 5963 1211 6024 CLVII.

2022 5866 2213 5922 \‘eneti
2280 5870 2502 5922 veniunt
2539 5869 2756 5938 quidem
2798 5869 2864 5922 ad
2923 5883 3241 5924 consessum
3266 5868 3320 5923 in
3350 5869 3511 5938 solio,

3569 1154 3582 1258 ἰ
