4050 6606
500 392 572 456 75
823 383 826 386 ’
1681 390 1937 452 CODINI
1979 393 2426 460 CUROPALAT
2442 399 2502 459 ίΕ
3665 402 3735 466 76

499 514 673 558 atnon
701 510 1109 574 mancutusque
1133 499 1196 558 ad
1221 503 1604 567 mensam,sed
1637 504 1858 566 abeunt.
1884 509 2062 565 Causa

2171 520 2639 590 προσκαρτεροῦσι
2666 518 2872 584 δὲ,ἀλλ’
2895 517 3254 588 ἀπέρχονται.
3293 517 3362 572 Ἠ
3382 518 3533 573 αἰτία
3558 521 3699 593 ρηθὴ

498 612 598 651 suo
627 596 745 675 loco
761 595 1140 668 explicabitur.

569 686 764 753 Postea
793 686 1017 742 veniunt
1038 697 1091 741 et
1106 687 1306 746 multos
1331 704 1506 744 annos
1534 701 1828 762 precantur
1858 691 2064 756 Βαιθο-

498 776 574 842 gi,
599 776 771 844 patria
821 791 918 830 sua
973 775 1175 841 lingua,
1239 793 1433 852 nempe
1460 779 1790 848 Anglicana;
1819 796 2064 838 concus-

497 868 683 935 sisque
711 865 941 920 invicem
971 867 1254 923 securibus
1286 869 1404 928 suis
1436 871 1729 941 strepitum
1764 871 1954 926 edunt.

569 1049 869 1118 Postquam
891 1046 1056 1118 igitur
1077 1063 1266 1101 omnes
1299 1047 1521 1117 palatini
1552 1064 1616 1102 ex
1642 1049 1837 1104 ordine
1858 1051 2063 1119 quique

495 1157 596 1194 suo
626 1141 728 1194 hoc
761 1139 940 1193 cilicio
994 1140 1234 1194 defuncti
1279 1150 1426 1203 sunt,
1449 1140 1800 1211 etiamusque
1823 1142 1888 1195 ad
1932 1125 2059 1196 Bai:-

493 1230 763 1296 dariotas,
824 1228 1115 1283 vernacula
1183 1243 1320 1290 sua.
1361 1231 1462 1283 hoc
1496 1240 1581 1285 est
1626 1229 1844 1285 l‘ersica
1883 1231 2063 1301 lingua

492 1336 642 1384 usos,
677 1322 1065 1392 ingrediuntur
1091 1331 1348 1375 cantores
1393 1321 1705 1391 multosque
1735 1338 1910 1378 annos
1938 1310 2066 1378 can-

491 1413 657 1467 tando
729 1423 1061 1481 precantur,
1113 1412 1406 1481 psallentes
1485 1422 1674 1481 postea
1748 1415 2061 1470 contacium

495 1506 678 1562 illud:
744 1505 940 1577 «Virgo
992 1504 1156 1560 hodie
1206 1504 1790 1574 supersubstantialem
1843 1508 2056 1576 paritp

489 1601 801 1670 iterumque
828 1598 1103 1655 canticum
1133 1598 1495 1669 longzevitatis
1537 1608 1814 1667 repetunt.

559 1691 855 1760 Postquam
891 1700 1071 1744 autem
1102 1704 1334 1762 magnus
1365 1691 1698 1744 domesticus
1729 1699 1860 1744 cum’
1889 1691 2060 1760 prima

494 1782 676 1838 classe
731 1798 1015 1854 procerum
1068 1782 1224 1847 abiit,
1255 1781 1620 1844 domesticus,
1650 1782 1729 1835 vel
1767 1780 2061 1852 praefectus

490 1891 710 1940 mensae,
747 1874 824 1930 uti
855 1875 1059 1929 dictum
1087 1883 1191 1939 est,
1224 1875 1544 1930 nominatim
1599 1877 1827 1927 advocat
1861 1891 2027 1931 unum
2095 1867 2134 1922 Β

488 1983 758 2036 quemque
812 1982 874 2019 ex
932 1967 1274 2034 primatibus,
1310 1981 1336 2018 a
1362 1966 1782 2034 protovestiaz'io
1812 1975 1866 2020 et
1897 1965 2055 2022 dein-

488 2077 637 2128 ceps,
673 2059 866 2129 datque
897 2057 1005 2134 58
1035 2058 1298 2121 ferculum
1329 2058 1395 2134 de
1421 2055 1629 2113 mensa.
1664 2059 1784 2123 Quo
1827 2069 2058 2130 accepto

490 2149 692 2204 recedit
729 2151 774 2203 is
801 2151 894 2218 qui
943 2151 1181 2219 accepit,
1240 2149 1293 2202 in
1322 2149 1500 2203 locum
1554 2164 1714 2218 quem
1755 2164 1819 2203 ex
1856 2149 2064 2205 ordinis

490 2241 809 2310 pnescripto
842 2251 1025 2306 tenere
1045 2240 1204 2294 solet.
1225 2239 1381 2294 Stant
1415 2247 1594 2293 autem
1631 2240 1706 2296 ibi
1731 2240 2060 2308 imperatorii

489 2335 700 2397 famuli,
725 2333 824 2404 qui
847 2350 910 2387 ex
942 2334 1194 2388 manilius
1217 2348 1404 2390 eorum
1441 2332 1646 2386 fercula
1674 2333 1970 2402 accipiunt,
2009 2341 2063 2387 et

490 2427 562 2479 ita
589 2441 778 2480 munes
793 2427 1114 2479 abscedunt.
1146 2425 1258 2480 Hoc
1283 2429 1433 2478 hunc
1461 2425 1515 2477 in
1550 2424 1772 2482 modum
1806 2424 1862 2478 lit
1889 2440 2066 2496 usque

490 2520 553 2571 ad
582 2520 910 2587 Iogotlietam
969 2532 1193 2588 gregum
1222 2533 1235 2572 :
1280 2526 1366 2571 est
1405 2516 1548 2570 enim
1596 2515 1697 2570 iste
1729 2517 1885 2586 quasi
1913 2517 2066 2571 limes

488 2620 541 2659 et
565 2608 828 2660 terminus
847 2607 1090 2675 quidam,
1115 2621 1237 2660 cum
1258 2622 1431 2672 neque
1461 2622 1686 2660 aureum
1718 2607 2064 2660 scaranicutn

489 2715 664 2769 neque
705 2698 928 2753 rubrum
957 2698 1110 2754 ferat.
1139 2698 1241 2763 Qui
1276 2713 1402 2752 vero
1433 2697 1721 2753 inferiores
1780 2710 1907 2752 sunt
1936 2699 2071 2770 isto,

491 2792 740 2844 nimirmn
774 2799 1037 2860 quotquot
1080 2789 1360 2845 scarauica
1392 2788 1650 2843 coccinea
1689 2798 1904 2858 gestant
1927 2829 1942 2858 ,
1969 2805 2062 2844 ae-

490 2891 641 2949 repta
680 2881 885 2935 fercula
941 2897 1116 2950 u3que
1150 2881 1214 2934 ad
1255 2879 1400 2935 fores
1435 2880 1653 2934 triclinii
1685 2891 1932 2949 portant,
1970 2883 2059 2936 ubi

489 2985 551 3023 ea
609 2968 830 3024 famulis
900 2970 1015 3025 suis
1083 2970 1337 3036 tradunt,
1389 2971 1781 3040 disceduntque
1847 2986 2060 3041 omnes,

491 3071 548 3114 ut
570 3062 776 3114 dictum
811 3069 927 3124 est,
951 3054 1185 3114 nemine
1226 3069 1564 3116 remanente.

489 3153 859 3223 λαμϐάνοντες
917 3153 1206 3223 καὶμέχρι
1263 3152 1363 3221 τῆς
1406 3156 1500 3206 τοῦ
1553 3155 1834 3224 τρικλίνου
1882 3154 2054 3226 θύρας
2089 3162 2358 3236 φέροντες
2389 3175 2524 3242 πρδς
2585 3178 2711 3241 τοὺς

2169 623 2227 660 σε
2237 624 2320 662 ται
2353 613 2492 679 μετᾶ
2522 611 2717 668 ταῦτα.

2243 703 2476 756 Ἔπειτα
2509 705 2764 775 ἔρχονται
2826 705 2921 759 καὶ
2983 703 3471 775 πολυχρονίζουσιν
3530 706 3624 761 καὶ
3682 710 3733 761 οῐ

2168 793 2470 865 Βάραγγοι,
2531 797 2672 850 κατὰ
2729 798 2828 866 τὴν
2865 799 3093 868 πάτριον
3132 799 3229 852 καὶ
3275 796 3418 852 οῦτοι
3481 798 3739 866 γλῶσσαν

2167 886 2378 950 αὐτῶν,
2400 889 2571 957 ἤγουν
2610 889 2947 954 Ἰγκλινιστὶ,
2972 889 3073 958 τὰς
3105 889 3356 954 πελέκεις
3387 890 3567 945 αὐτῶν
3601 908 3734 959 συγ-

2168 977 2458 1048 κρούοντες
2490 979 2699 1034 κτύπον
2731 981 3148 1036 ἀποτελοῦνται.

2237 1071 2392 1122 Μετὰ
2424 1072 2556 1138 γοῦν
2582 1072 2643 1124 τὸ
2667 1073 2876 1136 πάντας
2911 1073 3005 1126 τοῦ
3040 1072 3308 1126 παλατίου
3337 1074 3730 1144 πολυχρονίσαι

2166 1160 2306 1212 κατὰ
2337 1161 2436 1231 τὴν
2467 1162 2616 1227 τάξιν
2648 1164 2845 1234 αὐτῶν,
2875 1165 3038 1236 μέχρι
3098 1165 3194 1220 καὶ⁵
3245 1165 3356 1218 τῶν
3410 1167 3736 1237 Βαρδαριωτ

2165 1252 2295 1314 τῶν,
2331 1253 2474 1306 κατὰ
2514 1256 2618 1325 τὴν
2650 1256 2818 1310 πάλαι
2860 1257 3093 1326 πάτριον
3141 1258 3235 1311 καὶ
3283 1257 3490 1310 τούτων
3527 1259 3732 1328 φωνὴν,

2166 1343 2285 1414 ἦτοι
2319 1344 2603 1414 ῐῐερσιστῖ,
2637 1347 2976 1418 εἰσέρχονται
3011 1349 3107 1402 καὶ
3126 1349 3174 1402 0i
3195 1349 3416 1417 ψάλται,
3451 1351 3545 1402 καὶ
3571 1351 3739 1404 πολυ-

2164 1433 2479 1504 χρονίζουσι
2501 1437 2806 1508 ψάλλοντες
2827 1442 2922 1493 καὶ
2950 1442 3073 1510 μετ’
3105 1443 3240 1497 αὐτὸ
3289 1442 3350 1496 τὺ
3401 1443 3691 1498 κοντάκιον
3715 1458 3732 1474 ’

2171 1546 2188 1578 ι
2237 1527 2302 1580 Ἣ
2336 1528 2607 1597 παρθένος
2655 1532 2898 1601 σήμερον
2957 1532 3282 1604 ὑπερούσιον
3331 1534 3528 1599 τίκτει,
3565 1553 3585 1588 ι
3644 1538 3743 1590 καὶ

2165 1618 2330 1672 πάλιν
2365 1622 2423 1672 τδ
2459 1621 2837 1693 πολυχρόνιον.

2237 1705 2347 1758 Καὶ
2376 1707 2566 1777 ἐπειδὴ
2600 1713 2628 1760 ό
2679 1710 2779 1778 μὲν
2829 1712 3000 1781 μέγας
3060 1713 3383 1783 δομέστικος
3427 1718 3721 1789 προσπέρ-

2164 1812 2316 1864 χεται
2347 1798 2485 1866 μετὰ
2505 1800 2602 1868 τῆς
2629 1801 2857 1872 πρώτης
2893 1805 3102 1870 τάξεως
3132 1807 3243 1860 τῶν
3283 1809 3560 1878 ἀρχόντων
3581 1827 3596 1842 ο
3624 1812 3652 1864 ό
3681 1811 3745 1864 δὲ

2163 1887 2493 1956 δομέστικος
2522 1893 2613 1944 τοῦ
2645 1895 2739 1947 ἐπὶ
2771 1897 2869 1965 τῆς
2897 1898 3182 1968 τραπέζης
3227 1903 3630 1971 προϊστάμενος
3663 1904 3746 1972 τῷ

2167 1979 2378 2049 βασιλεῖ
2406 1983 2688 2054 ὑπηρετεῖ,
2729 1989 3212 2058 συνυπρετοῦντα
3247 1991 3385 2060 ἔχων
3409 1993 3500 2044 καὶ
3528 1993 3619 2045 τὸν
3649 1994 3745 2044 ἐπὶ

2162 2075 2463 2145 τραπέζης,
2490 2078 2714 2149 κράζων
2733 2072 2886 2142 οὗτος
2916 2082 3151 2146 ἕκαστον
3173 2083 3282 2136 τῶν
3302 2085 3577 2154 ἀρχόντων
3597 2087 3744 2139 κατὰ

2164 2166 2258 2220 τὸν
2283 2167 2450 2220 τόπον
2481 2169 2668 2232 αὑτοῦ.
2699 2172 2817 2242 ἦτοι
2848 2173 2953 2226 ἀπὸ
2983 2173 3075 2226 τοῦ
3110 2176 3608 2246 πρωτοϐεστιαρίου
3646 2178 3744 2230 καὶ

2167 2259 2342 2320 κάτω,
2371 2259 2558 2314 δίδωσι
2593 2263 2784 2332 μίνσον
2815 2265 2922 2318 ἀπὸ
2948 2267 3047 2335 τῆς
3079 2269 3367 2337 τραπέζης
3388 2283 3403 2298 ο
3439 2268 3499 2321 ὃν
3528 2269 3745 2338 λαμεά-

2171 2365 2278 2402 νων
2315 2352 2343 2404 ό
2370 2351 2554 2421 ἅρχων
2589 2355 2869 2426 ὑποχωρεῖ
2902 2357 2999 2427 μὲν
3027 2359 3124 2428 τῆς
3154 2360 3435 2429 τραπέζης
3467 2361 3626 2432 μέχρι
3644 2366 3744 2414 καὶ

2169 2438 2262 2492 τοῦ
2325 2441 2494 2494 τόπου
2552 2444 2610 2496 ἐν
2661 2438 2704 2512 ᾧ
2762 2447 2980 2500 ἵσταται
3032 2450 3172 2502 κατὰ
3224 2451 3324 2521 τὴν
3353 2452 3506 2516 τάξιν
3545 2452 3742 2515 αὐτοῦ,

2175 2529 2444 2600 ἱστάμενα
2470 2532 2526 2586 δὲ
2561 2535 2742 2590 ἐκεῖσε
2771 2538 3027 2602 βασιλικὰ
3081 2541 3419 2595 παιδόπουλα
3448 2543 3741 2609 ἐπαίρουσι

2167 2618 2294 2683 τοὺς
2348 2621 2577 2690 μίνσους
2621 2627 2682 2679 ὲκ
2728 2627 2836 2680 τῶν
2892 2631 3092 2700 χειρῶν
3149 2632 3350 2694 αὐτῶν,
3412 2634 3505 2687 καὶ
3563 2634 3742 2704 οὕτως

2169 2709 2503 2781 ἀπέρχονται
2535 2717 2755 2781 πάντες.
2798 2721 2967 2776 Τοῦτο
3021 2723 3076 2776 δὲ
3124 2725 3337 2790 γίνεται
3391 2725 3534 2783 οὕτω
3576 2728 3742 2797 μέχρι

2170 2803 2268 2856 καὶ
2287 2805 2379 2856 τοῦ
2410 2805 2699 2874 λογοθέτου
2726 2812 2833 2865 τῶν
2862 2815 3076 2882 ἁγελῶν
3098 2830 3112 2844 ⁸
3137 2820 3395 2887 μεθόριον
3422 2820 3737 2891 γὰρῶσπερ

2170 2891 2384 2949 ἵσταται
2419 2897 2598 2966 οὖτος,
2627 2902 2751 2957 ἐπεὶ
2782 2907 2908 2960 οὔτε
2937 2911 3177 2979 χρυσοῦν
3229 2915 3565 2984 σκαράνικον
3610 2914 3742 2968 οὔτε

2170 2986 2395 3056 ἐρυθρὸν
2437 2995 2612 3064 φορεῖ.
2644 2997 2707 3050 Οἱ
2734 2997 2793 3050 δὲ
2834 3002 2976 3064 μετὰ
3031 3003 3222 3058 τοῦτον
3257 3011 3352 3061 καὶ
3399 3009 3570 3072 κάτω,
3624 3012 3742 3064 ὅσοι

2169 3074 2418 3144 δηλονότι
2449 3085 2763 3152 σκαράνικα
2793 3089 3026 3145 κόκκινα
3056 3095 3342 3166 φοροῦσιν,
3367 3097 3496 3160 τοὺς
3517 3100 3738 3168 μίνσους

2737 3178 2949 3235 ἑαυτῶν
3013 3183 3334 3256 ἀνθρώπους
3371 3188 3598 3256 διδόασι,
3643 3191 3741 3244 καὶ

489 3249 822 3318 ἀπέρχονται
849 3246 1070 3310 πάντες,
1094 3246 1168 3309 ὡς
1210 3245 1448 3316 εἴρηται,
1507 3247 2054 3318 προσκαρτεροῦντος
2093 3253 2153 3319 ἐξ
2185 3258 2365 3314 αὐτῶν
2393 3265 2631 3330 οὐδενός.

559 3345 614 3398 Si
681 3345 979 3414 imperator
1025 3343 1212 3397 bibere
1275 3342 1433 3407 rem,
1480 3341 1738 3412 pinccrna
1793 3345 2052 3414 poculum
2089 3355 2128 3407 ι)

445 3419 450 3422 ’
506 3436 756 3512 porrigit,
784 3451 894 3489 non
929 3434 1105 3490 solum
1159 3435 1210 3487 in
1246 3431 1420 3501 festis,
1441 3433 1552 3488 Sed
1596 3445 1651 3492 et
1683 3435 1820 3494 alias
1849 3452 2064 3505 semper.

500 3532 834 3598 imperatore
872 3526 1051 3596 epulis
1081 3524 1445 3580 accumbente.
1468 3525 1724 3594 poculum
1768 3528 1980 3594 miscet,
2012 3528 2066 3584 si.

492 3635 734 3691 prmsens
764 3619 873 3686 sit;
900 3627 1186 3689 propterea
1215 3616 1362 3672 enim
1389 3617 1662 3686 pincernze
1689 3634 1883 3673 nomen
1914 3620 2058 3683 tulit,

492 3730 520 3765 a
558 3714 791 3764 mistura
845 3712 1056 3765 scilicet
1115 3725 1213 3765 seu
1267 3710 1542 3765 mistione.
1590 3710 1651 3764 Et
1683 3711 1810 3764 olim
1843 3712 2059 3780 quidem

491 3817 642 3859 extra
667 3804 946 3857 civitatem
981 3802 1368 3872 imperatorem
1399 3803 1670 3860 comitans
1700 3800 1911 3857 ferebat
1937 3819 2060 3857 sus-

492 3912 719 3963 pensum
759 3909 822 3949 ex
847 3895 1099 3950 eatenula
1151 3893 1443 3964 pocillum,
1482 3894 1604 3948 utsi
1647 3893 1946 3961 imperator
1969 3892 2060 3948 siti

500 3994 810 4058 urgeretur,
847 4002 912 4041 ex
960 3984 1110 4040 fonte
1144 3986 1225 4040 vel
1261 3985 1428 4040 fluvio.
1458 3985 1711 4040 haustum
1739 3987 2059 4057 porrigeret.

493 4080 646 4146 Quod
679 4081 779 4134 hoc
806 4087 1048 4149 tempore
1074 4092 1178 4131 non
1203 4087 1288 4132 est
1316 4078 1598 4132 usitatum.

566 4173 698 4226 l‘ost
739 4185 950 4226 coenam
990 4172 1373 4239 imperatorem
1429 4184 1586 4222 suum
1624 4169 1678 4222 in
1719 4169 1978 4224 conclave
2003 4183 2062 4224 se

496 4265 846 4334 recipientem
873 4261 1048 4316 fausta
1067 4260 1358 4313 multorum
1385 4274 1648 4313 annorum
1681 4261 2063 4329 apprecatioue

493 4361 902 4424 prosequuntur
936 4351 1200 4422 despotac,
1231 4352 1699 4406 sebastucratores
1717 4363 1770 4406 et
1795 4350 2058 4413 Caesares.

493 4443 700 4516 Quibus
731 4445 845 4512 ipse
874 4443 1170 4512 imperator
1201 4457 1296 4512 per
1331 4457 1390 4496 se
1434 4442 1638 4498 multos
1671 4457 1848 4500 annos
1883 4458 2064 4514 reprc-

493 4547 669 4597 catur,
712 4535 823 4606 59
873 4536 1116 4605 aliitque.
1175 4533 1285 4589 llos
1335 4533 1387 4587 in
1425 4536 1618 4589 eodem
1660 4536 1822 4589 ofﬁcii
1865 4550 2064 4605 genere

496 4629 910 4695 subsequuntur
965 4625 1118 4696 pueri
1173 4624 1486 4689 honorarii,
1547 4626 1640 4695 q'ui
1675 4625 2060 4694 imperatorem

2237 3354 2297 3407 Et
2337 3357 2518 3429 δεήσει
2568 3363 2624 3416 δὲ
2680 3365 2771 3419 τον
2824 3366 3054 3436 βασιλέα
3105 3372 3286 3437 πιεῖν,
3352 3373 3380 3426 ό
3437 3372 3738 3445 πιγκέρνης

2171 3442 2436 3516 ὑπηρετεῖ
2463 3453 2642 3519 τοῦτο,
2661 3457 2721 3509 ού
2746 3459 2887 3512 κατὰ
2917 3460 3017 3527 τὰς
3047 3461 3242 3533 ἑορτὰς
3282 3447 3578 3530 καλίμόνον,
3599 3442 3737 3519 ἀλλὰ

2169 3536 2262 3588 καὶ
2304 3541 2540 3595 πάντοτε
2570 3546 2664 3599 τοῦ
2689 3546 2961 3616 βασιλέως
3020 3554 3295 3617 ἐσθίοντος
3335 3558 3519 3627 κιρνᾷ,
3550 3559 3598 3609 εί
3632 3576 3740 3612 παο

2169 3628 2279 3698 ρὼν
2311 3632 2655 3702 εὑρίσκεται⁶
2680 3640 2767 3694 διὰ
2799 3642 2960 3697 τοῦτο
2992 3644 3100 3714 τάρ
3125 3647 3222 3699 καὶ
3249 3648 3343 3701 ἐπὶ
3378 3652 3597 3719 κερνῆς.
3627 3653 3739 3709 Καὶ

2169 3724 2311 3775 κατὰ
2360 3727 2460 3795 μὲν
2485 3728 2545 3781 τδ
2566 3731 2800 3787 παλαιὸν
2848 3737 3004 3799 ἐκτὸς
3039 3738 3135 3808 τῆς
3172 3741 3379 3804 πόλεως
3419 3744 3738 3798 ἀκολουθῶν

2167 3813 2246 3879 τῷ
2264 3814 2472 3884 βασιλεῖ
2496 3821 2659 3891 ἔφερε
2691 3825 2967 3882 κωθώνιον
3000 3831 3138 3896 μετὰ
3192 3831 3456 3896 ἁλύσεως,
3489 3835 3566 3897 ὡς
3635 3837 3737 3895 ἂν.

2170 3907 2219 3971 εί
2243 3907 2300 3996 έν
2326 3909 2491 3980 χρείᾳ
2517 3911 2729 3979 γένοιτο
2747 3920 2890 3970 πιεῖν
2919 3919 3082 3972 αὑτὶν
3111 3922 3218 3974 ἀπὸ
3265 3921 3472 3993 βρύσης
3515 3924 3541 3996 ἢ
3569 3942 3739 3980 ποτα-

2172 3995 2298 4065 μοῦ,
2325 3997 2399 4067 δῷ
2429 3999 2587 4055 τοῦτο
2625 4008 2716 4058 καὶ
2755 4008 2854 4079 πίῃ
2879 4011 3065 4064 ’τοῦτο
3092 4013 3150 4065 δὲ
3182 4013 3322 4068 κατὰ
3357 4014 3420 4066 τὸ
3441 3995 3616 4084 παρὸν
3635 4017 3736 4072 ούκ

2168 4086 2471 4158 ἐνηργεῖτο.

2238 4181 2395 4234 Μετά
2442 4183 2630 4252 μέντοι
2683 4189 2744 4241 τὸ
2795 4190 3014 4247 δεῖπνον
3067 4194 3162 4247 τοῦ
3221 4195 3486 4266 βασιλέως
3541 4199 3600 4252 ὲν
3658 4199 3744 4269 τῷ

2168 4271 2368 4337 κελλίῳ
2419 4274 2587 4328 αὐτοῦ
2647 4278 2979 4350 ἀπελθόντος
3038 4285 3526 4358 πολυχρονίζουσιν
3571 4291 3626 4344 οἶ
3675 4309 3737 4343 τε

2168 4362 2447 4430 δεσπίται,
2503 4368 2551 4420 οἱ
2603 4371 3110 4449 σεϐαστοκράτορες
3176 4380 3270 4434 καὶ
3307 4379 3356 4432 οἱ
3418 4381 3694 4453 Καίσαρες
3717 4399 3738 4426 ’-

2170 4456 2308 4523 πρὸς
2337 4455 2429 4520 οὓς
2470 4460 2562 4512 καὶ
2591 4463 2762 4532 ὁρίζει
2789 4467 2816 4518 ὁ
2847 4466 3101 4535 βασιλεὺς
3131 4470 3198 4524 δι’
3232 4471 3428 4525 ἑαυτοῦ
3463 4476 3544 4538 εἰς
3565 4475 3736 4528 πολλὰ

2170 4546 2291 4616 ἔτη,
2325 4550 2421 4603 καὶ
2449 4552 2772 4624 ἀπέρχεται.
2803 4559 2938 4612 Μετ’
2981 4561 3183 4630 αὐτοὺς
3251 4564 3739 4635 πολυχρονίζουσιν

2171 4639 2437 4705 ὡσαύτως
2467 4645 2561 4697 καὶ
2585 4646 2684 4699 ὅσα
2709 4649 2820 4701 τῶν
2847 4651 2991 4704 κατὰ
3023 4653 3180 4719 γένος
3239 4655 3624 4726 προσηκόντων
3657 4657 3734 4728 τῷ

495 4719 760 4785 sanguine
800 4716 1074 4786 attingunt
1105 4727 1156 4771 et
1191 4716 1352 4784 nudis
1393 4716 1663 4787 capitibus
1699 4715 1954 4771 incedere
1986 4731 2065 4772 so-

2176 4729 2388 4799 βασιλεῖ
2417 4733 2828 4805 ἀρχοντόπουλά
2861 4743 2999 4797 εἰσιν
3029 4711 3276 4816 ἀσκεπῆ.

495 4812 629 4864 lent.

567 4904 794 4957 Postero
845 4900 954 4966 die,
1021 4913 1266 4968 tempore
1295 4900 1588 4966 matutino,
1623 4899 1792 4955 solita
1825 4899 2065 4954 circum-

496 4993 729 5047 statione
777 4992 1024 5044 instituta
1048 5029 1064 5054 ,
1095 4991 1390 5058 imperator
1419 4996 1473 5042 et
1508 5003 1766 5058 proceres
1799 4997 2063 5046 consueta

497 5084 690 5138 indies
741 5082 986 5149 singulos
1042 5083 1341 5150 gestamina
1389 5089 1625 5151 gestant.
1683 5079 2066 5148 Etimperator

493 5175 719 5242 quidem
752 5175 817 5227 ad
856 5174 1130 5243 liturgiam
1180 5189 1275 5227 seu
1316 5173 1540 5226 missam
1582 5181 1758 5241 gestat
1802 5172 2062 5226 amictum

494 5283 560 5321 ex
597 5269 905 5337 margaritis
933 5265 1263 5330 confectum,
1296 5267 1474 5336 capite
1501 5275 1680 5319 autem
1706 5274 1875 5336 gestat
1897 5279 2064 5319 unum

498 5375 560 5413 ex
593 5358 696 5411 illis
729 5357 1120 5429 gestaminilius
1160 5373 1282 5425 quae
1308 5356 1729 5428 priuspdiximus
1769 5371 1892 5410 eum
1927 5354 2069 5410 ferre

497 5455 699 5514 solere,
756 5453 884 5505 dum
916 5451 1136 5524 liturgia
1169 5452 1470 5521 peragitur.
1507 5451 1772 5505 Proceres
1807 5449 1920 5505 suis
1946 5449 2069 5519 qni-

496 5561 603 5618 que
657 5544 1047 5614 gestaminibus
1106 5543 1354 5618 insigniti
1412 5551 1565 5608 sunt,
1625 5552 1684 5596 ut
1735 5541 2061 5611 explicatum

495 5645 602 5693 est.

577 5729 837 5785 Absoluta
894 5726 1136 5796 liturgia,
1184 5727 1514 5797 imperatore
1563 5725 1674 5795 jam
1723 5723 1788 5780 ad
1817 5738 2062 5780 mensam

491 5811 784 5890 praesente,
825 5821 1170 5892 priusquam
1222 5821 1534 5888 accumbat,
1583 5818 1731 5874 venit
1763 5829 2060 5890 pr0t0papa

2237 4907 2313 4978 Τῇ
2343 4907 2397 4962 δὲ
2433 4909 2703 4981 ἐπαύριον
2735 4914 2815 4978 είς
2847 4917 2946 4982 μὲν
2980 4918 3070 4970 τὸν
3097 4917 3296 4990 ὄρθρον
3335 4920 3435 4990 τῆς
3459 4921 3732 4991 συνήθους

2165 4999 2565 5067 παραστάσεως
2593 5006 2894 5075 γενομένης
2927 5007 2953 5060 ὅ
2983 5024 3040 5060 τε
3104 5009 3365 5079 βασιλεὺς
3408 5013 3502 5064 καὶ
3548 5016 3595 5067 οἱ
3636 5015 3734 5082 ἀρ-

2165 5103 2349 5155 χοντες
2405 5088 2632 5159 φοροῦσι
2712 5095 2779 5146 τὰ
2845 5096 3050 5166 συνήθη
3119 5097 3241 5151 καθ’
3302 5099 3517 5169 ἡμέραν
3573 5104 3737 5172 φορέ-

2174 5193 2340 5246 ματα,
2378 5179 2458 5243 είς
2503 5183 2563 5252 δὲ
2605 5184 2704 5253 τὴν
2739 5185 3081 5256 λειτουργίαν
3106 5187 3134 5240 ό
3175 5189 3274 5258 μὲν
3299 5189 3551 5260 βασιλεὺς
3580 5197 3740 5262 φορεί

2174 5269 2367 5342 ροῦχον
2405 5279 2922 5347 μαργαριταρέῖνον,
2969 5281 3066 5333 καὶ
3099 5282 3193 5333 ἐπὶ
3247 5283 3489 5354 κεφαλῆς
3541 5285 3600 5338 ἒν
3661 5281 3741 5340 ὧν

2171 5360 2529 5432 ἐμνήσθημεν
2557 5365 2826 5436 πρότερον
2850 5372 3035 5438 φορεῖν
3057 5371 3221 5423 αὐτὸν
3249 5389 3379 5442 φορε
3389 5375 3574 5444 μάτων
3597 5380 3739 5431 κατὰ

2172 5455 2267 5506 τὸν
2290 5455 2391 5524 τῆς
2410 5458 2758 5530 λειτουργίας
2793 5465 3006 5534 καιρὸν,
3039 5467 3090 5518 oi
3114 5465 3169 5520 δὲ
3207 5466 3469 5538 ἄρχοντες
3495 5471 3563 5524 τὰ
3609 5472 3736 5525 ἐαυ-

2171 5547 2280 5597 τῶν
2316 5547 2619 5620 φορέματα,
2653 5551 2726 5614 ὡς
2745 5553 3064 5623 δεδήλωται.

2239 5725 2394 5779 Μετὰ
2436 5727 2538 5794 μὲν
2563 5723 2655 5781 οῦν
2682 5729 2782 5798 τὴν
2823 5729 3192 5801 λειτουργίαν,
3219 5733 3314 5787 τοῦ
3365 5734 3634 5806 βασιλέως
3655 5736 3738 5799 είς

2168 5815 2265 5886 τὴν
2321 5817 2602 5888 τράπεζαν
2668 5823 3150 5892 παραγενομένου,
3215 5827 3322 5894 πρὸ
3384 5824 3477 5878 τοῦ
3545 5824 3738 5880 τοῦτον
