4050 6618
470 385 538 447 79
1639 375 1901 438 CODlNI
1933 375 2467 438 CURAPALATJE
3653 384 3722 448 Σο

541 505 636 560 llis
668 501 904 575 peractis
927 499 1156 555 advocat
1183 497 1510 553 nominattm
1535 507 1764 550 cunctos
1781 511 2040 564 proceres
2072 499 2118 556 Λ

468 611 643 666 usque
672 596 740 650 ad
799 595 922 647 illos
958 595 1050 661 qui
1102 591 1362 647 coccinea
1410 590 1697 644 scaranica
1731 599 1966 657 gcstanl,
1992 598 2045 645 et

465 688 718 744 omnibus
737 686 940 742 fercula
973 683 1370 755 accipientibus
1400 699 1468 737 ne
1500 697 1638 736 unus
1656 683 1868 750 quidem
1889 700 2045 752 egre-

464 781 632 844 ditur,
653 779 749 834 sed
773 779 1068 833 manentin
1087 795 1187 832 suo
1211 780 1414 849 quique
1452 778 1572 832 loco
1612 788 1833 846 propter
1863 778 2040 848 magni

467 871 754 928 nntneslici
785 871 1177 930 reverentiam.

537 1052 660 1108 Post
688 1052 1122 1123 protonotarium
1161 1050 1392 1106 veniunt
1428 1049 1730 1121 primicerii
1762 1050 2041 1116 Barango-

472 1159 591 1198 rum
626 1159 925 1212 omnesque
957 1141 1184 1211 Barangi
1224 1155 1348 1195 cum
1378 1141 1529 1210 ipsis,
1558 1141 1651 1210 qui
1678 1149 1733 1194 et
1760 1140 1861 1210 ipsi
1893 1139 2037 1196 acci-

467 1235 622 1304 piunt
656 1234 880 1290 fercula.
916 1233 1068 1300 Quos
1096 1242 1401 1302 sequuntur
1429 1233 1630 1288 milites
1658 1233 1766 1304 62
1794 1233 1956 1288 aulici
1987 1242 2040 1288 et

459 1326 766 1380 stationarii
794 1335 849 1380 et
877 1327 967 1380 alii
1012 1326 1230 1394 plurimi
1255 1341 1270 1390 ;
1302 1328 1392 1395 qui
1420 1339 1611 1379 omnes
1641 1341 1670 1378 a
1696 1325 1937 1379 maximo
1971 1324 2038 1379 ad

460 1418 745 1471 minimum
774 1431 947 1486 usque
975 1433 1038 1472 ex
1076 1433 1239 1470 manu
1277 1416 1456 1488 magni
1496 1416 1786 1472 domestici
1820 1416 2033 1496 fercula

458 1507 758 1577 accipiunt,
821 1518 876 1562 et
905 1508 1130 1562 abeunt.
1188 1506 1326 1562 Cum
1388 1507 1536 1563 enim
1585 1508 1875 1563 domestici
1936 1523 2034 1562 seu

458 1607 740 1654 curatores
784 1599 860 1654 rei
890 1595 1194 1654 familiaris'
1239 1599 1444 1654 fercula
1488 1599 1640 1653 humi
1703 1599 1886 1668 posita
1917 1600 2036 1656 suis

461 1691 721 1747 manibus
778 1690 834 1746 in
889 1706 1076 1746 mensa
1117 1691 1466 1760 imperatoris
1517 1701 1788 1761 reponunt
1848 1690 2035 1762 (hujus

457 1783 603 1855 enim
667 1783 907 1840 faciendi
960 1792 1091 1838 tunc
1150 1783 1328 1838 solum
1385 1793 1709 1852 potestatem
1785 1782 2030 1851 habent),

459 1891 688 1945 magnus
747 1876 1109 1938 domesticus,
1141 1884 1196 1930 ut
1235 1875 1441 1930 dictum
1493 1884 1596 1941 est,
1633 1890 1698 1929 ea
1735 1891 1801 1929 ex
1839 1890 2031 1930 mensa

461 1968 600 2025 tollit
659 1980 714 2023 et
772 1968 987 2023 dividit.
1037 1966 1158 2034 Quo
1189 1977 1366 2022 autem
1398 1977 1639 2037 tempore
1688 1967 1792 2022 ista
1821 1966 2026 2023 fercula

456 2060 778 2125 distribuit,
833 2060 880 2114 si
934 2075 1041 2130 qua
1076 2074 1134 2114 re
1196 2059 1765 2138 imperaturiinterea
1837 2069 2028 2131 egeat,

457 2153 792 2208 domesricus
821 2163 874 2208 et
909 2151 1200 2222 praefectus
1228 2165 1428 2206 mensa:
1466 2150 1820 2207 subveniunt.

2231 496 2461 548 Ἔπειτα
2486 491 2676 564 κράζει
2701 495 2826 557 τοὺς
2857 493 3130 565 ἄρχοντας
3182 498 3392 561 πάντας
3427 499 3718 568 ὀνομαστὶ.

2153 591 2316 661 μέχρι
2367 592 2461 642 καὶ
2508 588 2693 641 αὐτῶν
2742 569 2962 642 πάντων
2993 587 3102 642 τῶν
3153 583 3462 661 σκαράνικα
3485 595 3716 664 φορούν-

2147 700 2254 738 των
2306 683 2577 736 κόκκινα.
2629 682 2740 735 Καὶ
2794 682 3014 735 πάντων
3061 683 3282 752 μίνσους
3336 682 3720 753 λαμϐανόντων
3793 684 3798 689 ”

2144 775 2431 846 ἐξέρχεται
2508 775 2631 920 οῆὲ
2699 769 2802 837 εἷς,
2865 773 3001 828 ἀλλά
3067 775 3270 839 πάντες
3324 776 3571 828 ἵστανται
3637 780 3719 839 εἰς

2145 871 2272 920 τοὺς
2310 869 2510 920 τόπους
2543 885 2576 920 α
2618 866 2723 920 τῶν
2755 866 2847 920 διά
2881 869 2982 920 τὴν
3009 869 3106 920 τοῦ
3134 867 3370 920 υεγάλου
3393 866 3716 920 δοιιεστίκου

2145 871 2272 931 τοὺς
2310 869 2510 930 τόπους
2543 866 2723 920 αὖτῶν
2755 866 2847 920 διά
2881 869 2982 938 τὴν
3009 869 3106 920 τοῦ
3133 867 3370 938 μεγάλου
3393 866 3716 938 δομεστίκου

2142 963 2330 1031 τιμήν.

2221 1053 2456 1105 Ἔπειτα
2517 1052 2659 1122 μετά
2716 1052 2811 1105 τὸν
2861 1054 3303 1124 πρωτονοτάριον
3356 1052 3608 1122 ἔρχονται
3665 1053 3714 1104 οἱ

2141 1147 2544 1214 πριμμικήριοι
2597 1144 2646 1198 0!
2701 1144 2810 1198 τῶν
2888 1146 3194 1215 Βαράγγων
3265 1145 3358 1197 καὶ
3406 1145 3607 1206 πάντες
3662 1145 3712 1196 οἱ

2141 1235 2426 1307 Βάραγγοι
2461 1235 2576 1304 μετ’
2609 1235 2814 1300 αὐτῶν,
2845 1237 2941 1289 καὶ
2971 1235 3312 1302 λαμϐάνουσι
3363 1237 3586 1305 μίνσους
3615 1238 3712 1290 καὶ

2141 1320 2320 1380 οὗτοι·
2360 1327 2476 1396 μετ’
2528 1329 2726 1390 αὐτοὺς
2755 1329 3086 1398 στρατιῶται
3115 1330 3210 1382 καὶ
3253 1327 3572 1401 παραμοναὶ
3615 1327 3712 1383 καὶ

2141 1420 2326 1491 ἕτεροι
2359 1418 2626 1477 πλεῖστοι.
2660 1422 2933 1482 Ἅπαντες
2963 1423 3022 1476 δὶ
3048 1418 3195 1475 οὗτοι
3224 1422 3334 1475 ἀπὸ
3391 1422 3484 1476 τοῦ
3545 1441 3714 1492 μεγα-

2140 1507 2380 1576 λωτέρου
2411 1508 2574 1582 μέχρι
2603 1509 2819 1563 καὶτοῦ
2853 1510 3186 1580 μικροτέρου
3217 1509 3306 1564 διὰ
3335 1511 3439 1580 τῆς
3481 1510 3579 1564 τοῦ
3614 1528 3712 1581 μει

2139 1600 2310 1670 γὰλου
2337 1603 2667 1672 δομεστίκου
2705 1603 2892 1673 χειρὸς
2923 1603 3266 1674 λαμϐάνουσι
3296 1606 3424 1668 τοὺς
3466 1603 3708 1675 μίνσους,

2138 1695 2233 1746 καὶ
2274 1695 2612 1765 ἀπέρχονται
2633 1711 2648 1726 ⁸
2679 1697 2790 1749 τῶν
2819 1699 2928 1768 γὰρ
2951 1698 3046 1750 τοῦ
3070 1698 3420 1767 δομεστικίου
3455 1699 3712 1767 δομοστὲ-

2140 1804 2252 1840 κων
2276 1787 2402 1850 τοὺς
2437 1789 2525 1842 ἐπ’
2562 1789 2802 1857 ἐδάφους
2830 1789 3118 1857 κειμένους
3155 1791 3379 1860 μίνσους
3410 1791 3709 1845 δι’έαυτῶν

2136 1877 2218 1941 είς
2265 1880 2326 1932 τὸ
2379 1879 2551 1950 ἀκρον
2599 1881 2698 1950 τῆς
2760 1882 3051 1952 βασιλικῆς
3116 1881 3402 1955 τραπέζης
3450 1884 3712 1938 τιθέντων

2135 1970 2253 2040 (καὶ
2289 1971 2403 2039 γὰρ
2432 1970 2654 2042 ἔχουσιν
2681 1973 2831 2027 οὗτοι
2863 1975 2950 2027 ἐπ’
2980 1975 3166 2039 ἀδείας
3221 1975 3382 2031 τοῦτο
3433 1977 3556 2030 τότε
3611 1980 3707 2028 καὶ

2136 2063 2298 2134 μόνον
2333 2066 2536 2137 ποιεῖν)
2569 2066 2598 2120 δ
2640 2067 2812 2138 μέγας
2837 2068 3185 2138 δομέστικος,
3223 2053 3299 2134 ὡς
3329 2069 3567 2140 εἴρηται,
3595 2070 3704 2123 ἀπὺ

2131 2156 2232 2227 τῆς
2269 2157 2556 2230 τραπέζης
2611 2149 2836 2224 τούτους
2898 2163 3149 2232 ἀπαίρων
3201 2161 3504 2216 διαδίδωσι.
3559 2161 3709 2215 Καθ’

454 2246 522 2317 ἥν
565 2250 610 2302 δ’
644 2249 792 2318 ὥραν
823 2245 977 2311 οὗτος
1023 2246 1156 2309 τοὺς
1184 2245 1473 2310 τοιούτους
1503 2246 1751 2315 διανέμει
1786 2244 2033 2315 μίνσους.
2070 2246 2235 2322 εἴπερ
2273 2251 2301 2304 6
2331 2251 2586 2322 βασιλεὺς
2616 2255 2673 2307 ἐν
2711 2255 2871 2326 χρείᾳ
2937 2254 3086 2319 τινος
3155 2255 3391 2326 γένοιτο,
3441 2255 3596 2328 παρά
3643 2274 3706 2309 τε

454 2344 549 2398 τοῦ
585 2340 914 2413 δομεστίκου
950 2341 1052 2398 καὶ
1083 2339 1178 2392 τοῦ
1227 2341 1319 2394 ἐπὶ
1344 2341 1443 2404 τῆς
1501 2337 1782 2408 τραπέζης
1811 2338 2190 2408 ὑπηρετεῖται.

523 2437 789 2492 Cancrum
825 2443 1111 2505 postquam
1146 2448 1376 2502 magnus
1408 2431 1743 2489 domesticus
1767 2433 2027 2487 omnibus

455 2529 662 2584 fercula
705 2527 988 2596 impertiit,
1054 2526 1358 2580 domestico
1399 2533 1452 2579 et
1502 2522 1762 2593 pra'feeto
1825 2539 2028 2578 mensae

457 2619 861 2682 recedentibus,
909 2618 1225 2687 imperatori
1270 2617 1466 2670 iterum
1498 2616 1772 2670 ministrat
1799 2630 2027 2687 magnus

456 2713 814 2773 domesticus,
853 2709 970 2778 qui,
1021 2717 1080 2763 ut
1132 2708 1464 2776 explicatum
1509 2716 1613 2772 est,
1647 2707 1909 2763 omnibus
1933 2709 2028 2762 dat

409 2856 420 2868 _
456 2803 660 2858 fercula
689 2819 701 2856 :
729 2815 925 2868 magno
951 2810 1131 2854 autem
1158 2799 1706 2868 domestico'ipsemet
1737 2802 2031 2870 imperatur

451 2910 551 2951 sua
584 2909 746 2949 manu
781 2891 1051 2948 ferentum
1098 2891 1356 2962 porrigit.

526 2987 591 3040 Et
614 3002 739 3041 vasa
764 2986 983 3058 quidem
1009 2985 1339 3039 ferculorum
1359 3001 1478 3053 qua:
1509 2983 1633 3040 aliis
1659 2983 1878 3050 dantur,
1908 2982 2025 3038 sive

452 3095 616 3134 aurea
651 3079 760 3134 sint
814 3080 930 3134 sive
987 3089 1268 3146 argentea,
1345 3092 1541 3134 rursus
1597 3076 1914 3132 inferuntur
1963 3076 2042 3133 in.

453 3171 813 3227 vestiarium:
851 3180 905 3223 at
934 3184 1032 3223 vas
1067 3169 1204 3223 illud
1240 3169 1385 3237 quod
1422 3183 1655 3239 magnus
1686 3166 2020 3224 domesticus

451 3281 513 3320 ex
550 3262 898 3333 imperatoris
948 3277 1109 3316 manu
1133 3262 1357 3332 accipit,
1400 3262 1516 3316 sive
1532 3275 1766 3316 aureum
1805 3260 1878 3316 sit
1907 3259 2023 3317 sive

452 3363 789 3425 argenteum,
848 3369 956 3407 non
1020 3352 1251 3408 infertur
1286 3353 1522 3423 amplius
1573 3353 1622 3406 itt
1678 3351 2018 3416 vestiarium,

452 3447 547 3502 sed
599 3462 827 3517 magnus
887 3445 1221 3501 domesticus
1287 3454 1545 3513 tanquam
1600 3443 1704 3499 sibi
1757 3443 2018 3522 donatum

454 3541 672 3597 retinet.
1525 3541 1546 3550 ’

521 3632 747 3687 Sublata
794 3645 996 3686 mensre
1055 3643 1285 3701 mappa.
1342 3643 1469 3684 cum
1549 3629 1881 3684 domesticus
1936 3630 2015 3684 rei

454 3725 767 3779 domestica:
797 3738 992 3792 paneut
1030 3721 1207 3777 adfert
1231 3721 1288 3775 in
1335 3721 1676 3792 panagiario,
1712 3721 2018 3791 imperator

448 3815 632 3870 statim
660 3815 854 3883 surgit.
888 3812 1200 3867 Scabellum
1242 3809 1373 3866 vero
1404 3811 1550 3882 quod
1577 3812 1877 3880 imperator
1907 3811 2015 3882 63

451 3906 680 3976 pedibus
713 3905 932 3974 premit,
979 3904 1244 3974 juvennm
1288 3903 1561 3973 quispiam
1588 3919 1655 3957 ex
1687 3903 1752 3958 iis
1787 3904 1878 3974 qui
1900 3905 2014 3958 im-

449 4000 684 4069 peratori
706 3999 974 4068 sanguine
995 3998 1304 4068 junguntur
1328 4005 1382 4052 et
1407 3996 1525 4050 sine
1553 3997 1747 4065 capitis
1777 3997 2016 4066 tegmine

448 4093 501 4145 in
537 4092 661 4146 aula
690 4100 998 4151 versantur.
1053 4105 1351 4145 accurrens
1382 4098 1615 4155 utraque
1647 4105 1808 4143 manu
1845 4099 2012 4154 tenet,

447 4197 505 4237 nt
562 4185 862 4253 imperator
897 4183 1108 4236 firmius
1158 4184 1447 4237 consistat.
1501 4182 1667 4234 Porro
1727 4180 2015 4249 praefectus

448 4291 646 4330 mensae
675 4282 958 4342 acceptum
985 4287 1080 4326 vas
1112 4273 1486 4341 panagiarinm
1522 4286 1723 4326 mensa:
1756 4269 2011 4342 imponit,

445 4379 498 4424 et
535 4369 754 4422 elevans
815 4366 1006 4436 panem
1037 4366 1320 4434 panngiam
1370 4366 1574 4418 dictum
1602 4363 1696 4418 dat
1729 4363 1879 4418 illunt
1911 4364 2037 4418 do-.

446 4459 675 4514 mestico
705 4473 928 4522 mensae,
961 4459 1049 4512 ille
1078 4472 1275 4526 magno
1304 4457 1629 4521 domestico,
1654 4457 1746 4512 hic
1770 4458 2010 4528 impera-

2209 2439 2364 2492 Μετά
2395 2439 2449 2493 δὲ
2479 2439 2537 2493 τὸ
2561 2439 2653 2494 τὸν
2712 2442 2888 2510 μέγαν
2948 2441 3269 2512 δομέστικεν
3313 2444 3449 2514 πρὸς
3495 2447 3704 2508 πάντας

2131 2529 2410 2601 διανεῖμαι
2436 2534 2564 2596 τοὺς
2585 2533 2832 2602 μίνσους.
2870 2535 2967 2588 τοῦ
2991 2535 3320 2606 δομεστίκου
3355 2539 3450 2590 καὶ
3479 2537 3573 2592 τοῦ
3606 2541 3700 2591 ἐπὶ

2131 2621 2232 2691 τῆς
2259 2621 2548 2694 τραπέζης
2582 2625 3083 2696 ὑποχιιιρησάντων,
3136 2628 3404 2696 ὑπηρετεῖ
3437 2629 3592 2682 αὖθις
3623 2630 3703 2699 τῷ

2131 2713 2402 2782 βασιλείδ
2441 2716 2617 2787 μέγας
2645 2718 2988 2785 δομέστικος.
3041 2719 3135 2772 καὶ
3193 2721 3332 2773 πᾶσι
3389 2721 3492 2789 μὲν
3548 2713 3701 2784 οὗτος

2129 2805 2405 2860 διαδίδωσι
2442 2809 2572 2872 τοὺς
2606 2810 2854 2879 μίνσους,
2883 2809 2957 2874 ὡς
2985 2811 3227 2883 εἴρηται,
3260 2811 3439 2884 τούτῳ
3475 2811 3574 2866 δὲὸ
3602 2812 3700 2883 βα-

2128 2898 2310 2963 σιλεὺς
2331 2901 2696 2972 αὑτοχείρως.

2197 2992 2221 3011 ”
2244 2994 2359 3046 Οσα
2388 2995 2486 3064 μὲν
2506 2996 2598 3050 οὖν
2622 2997 2800 3060 ἀλλοις
2821 2997 3049 3054 δίδονται
3073 3000 3184 3054 εἴτε
3221 3003 3420 3072 χρυσία
3459 3005 3570 3060 εἴτε
3600 3011 3699 3077 ιίγρ⁸

2123 3084 2292 3153 γύρια
2326 3086 2417 3142 διὰ
2438 3077 2449 3089 κ
2475 3089 2708 3158 μίνσων.
2746 3092 3153 3162 είσκεμίζονται
3207 3094 3362 3160 αὖθις
3392 3099 3474 3164 είς
3521 3100 3583 3154 τὸ
3612 3102 3698 3169 {3s-

2129 3178 2381 3271 στιάριον
2401 3194 2416 3211 ⁸
2451 3181 2511 3236 τὸ
2539 3182 2596 3236 δὲ
2627 3185 2824 3271 σκεῦος
2857 3185 2886 3238 ὃ
2917 3187 3093 3255 μέγας
3139 3187 3460 3258 δομέστικος
3485 3193 3572 3247 διὰ
3597 3195 3696 3264 τῆς

2125 3269 2222 3322 τοῦ
2258 3271 2530 3340 βασιλέως
2560 3269 2833 3346 λαμϐάνει
2880 3280 3084 3348 χειρὸς,
3123 3281 3232 3334 εἴτε
3285 3285 3528 3352 χρμσοῦν
3583 3290 3694 3343 εἴτε

2123 3358 2405 3432 ἀργυροῦν
2432 3363 2542 3435 εἴη,
2561 3364 2938 3436 είσκομίζεται
2969 3368 3245 3441 οὐδαμῶς,
3262 3358 3380 3428 ἀλλ”
3404 3375 3518 3447 ἔχει
3537 3379 3694 3436 τοῦτο

2120 3448 2294 3521 δῶρον
2325 3452 2512 3517 αὐτός.
2572 3447 2577 3452 ’

2201 3637 2435 3692 Ἔπειτα
2482 3640 2622 3709 μετά
2659 3643 2720 3694 τὸ
2767 3645 3082 3718 ἀπαρθῆναι
3131 3651 3191 3704 τδ
3246 3652 3558 3721 μινσάλιον,
3597 3653 3691 3708 τοῦ
3767 3719 3776 3724 Δ

2083 3765 2087 3769 -
2119 3729 2447 3800 δομεστίκου
2479 3731 2574 3785 τοῦ
2606 3733 2985 3804 δομεστικείου
3033 3742 3360 3812 κομίσαντος
3411 3745 3577 3815 ἄρτον
3629 3747 3688 3800 ἓν

2121 3824 2554 3894 παναγιαρίῳ,ὁ
2607 3825 2865 3896 βασιλεὺς
2897 3831 3099 3897 εὐθέως
3154 3834 3462 3891 ἀνίσταται.
3514 3839 3579 3890 Ὀ
3633 3839 3690 3891 δὲ

2121 3913 2284 3964 πατεῖ
2303 3915 2648 3982 σουππέδιον,
2691 3916 2800 3971 τῶν
2817 3920 2892 3990 τῷ
2919 3921 3135 3991 βασιλεῖ
3162 3925 3307 3978 κατά
3330 3927 3488 3994 γένος
3521 3945 3676 4000 προσ.

2120 4002 2365 4072 ηκόντων
2396 4003 2535 4058 νέων
2575 4008 2682 4061 ἀπὸ
2711 4010 2823 4064 τῶν
2853 4012 3113 4067 ἀσκεπῶν
3171 4033 3258 4080 τις
3287 4018 3512 4087 δραμὼν
3575 4024 3603 4073 ἀ
3615 4040 3682 4090 μ-

2121 4094 2381 4162 φοτέραις
2409 4097 2632 4168 κατέχει
2671 4104 2884 4174 χερσὶν.
2910 4103 3052 4158 ὥστε
3084 4108 3174 4160 τδν
3207 4109 3428 4178 βασιλέα
3458 4113 3687 4180 ἐδραίως

2121 4189 2334 4240 πατεῖν.
2363 4189 2436 4241 Τὸ
2465 4189 2522 4242 δέ
2551 4207 2613 4259 γε
2642 4196 3013 4268 παναγιάριον
3041 4202 3069 4253 6
3100 4201 3192 4254 ἐπὶ
3247 4204 3347 4270 τῆς
3401 4209 3685 4276 τραπέζης

2119 4276 2302 4332 λαϐὼν
2337 4280 2522 4336 ἐπάνω
2550 4283 2737 4354 τίθησι
2759 4288 2859 4358 τῆς
2887 4293 3190 4362 τραπέζης,
3241 4297 3335 4348 καὶ
3365 4297 3518 4366 ὑψῶν
3550 4317 3686 4352 παν-

2055 4425 2066 4430 ,
2119 4367 2282 4433 αγίαν
2341 4370 2526 4425 δίδωσι
2585 4374 2789 4446 ταύτην
2857 4379 2936 4449 τῷ
3012 4381 3344 4454 δομεστίκῳ.
3430 4389 3458 4438 6
3503 4387 3557 4441 δὲ
3607 4391 3685 4458 τῷ

2123 4460 2348 4528 μεγάλῳ
2395 4463 2729 4536 δομεστίκῳ,
2795 4461 2952 4534 οὗτος
3013 4472 3069 4524 δὲ
3136 4473 3214 4543 τῷ
3279 4475 3508 4545 βασιλεῖ.
3571 4482 3685 4535 Καὶ
3736 4501 3750 4510 ·

446 4552 572 4606 tori.
647 4549 710 4603 Et
757 4564 920 4618 quam
985 4548 1219 4618 primum
1280 4549 1564 4616 panagiam
1631 4548 1713 4600 ori
1793 4547 2007 4610 inserit,

2125 4548 2229 4618 ίμα
2283 4551 2363 4622 τῷ
2416 4556 2694 4622 παναγίαν
2749 4557 2932 4613 λαϐεῖν
2989 4565 3048 4617 ἐν
3073 4563 3151 4634 τῷ
3203 4567 3432 4632 στόματι
3484 4572 3685 4636 πάντες

443 4655 633 4694 omnes
661 4639 955 4693 aecinunt:
985 4638 1097 4691 «Ad
1134 4637 1334 4690 multos
1363 4654 1589 4692 annos.)
1621 4637 1686 4692 Et
1717 4640 2003 4694 confc-Stitn

444 4733 703 4801 pincerna
729 4731 841 4784 tinl
871 4740 926 4784 et
965 4745 1118 4800 aqua:
1151 4729 1564 4798 poculodismm
1592 4731 2004 4800 supponendtnn

441 4823 596 4877 tim-rt
629 4837 751 4877 cum
778 4821 1009 4884 mantili,
1033 4821 1160 4889 quia
1195 4820 1463 4876 mensaria
1492 4837 1684 4890 mappa
1702 4821 1814 4890 jam
1849 4833 2005 4877 antea

438 4916 618 4968 ablata
655 4914 780 4978 fuit,
815 4923 874 4967 ttt
905 4913 1110 4968 dictum
1143 4921 1249 4966 est.

513 5005 758 5060 Posthmc
809 5006 1136 5074 imperatore
1201 5006 1518 5060 considente
1545 5046 1557 5062 .
1595 5021 1791 5075 magno
1820 5015 2000 5060 autem

440 5099 766 5160 domestico,
827 5098 1132 5151 domestico
1162 5108 1214 5151 ct
1241 5100 1500 5168 pra-freto
1535 5114 1736 5152 mensa:
1761 5116 2000 5154 mensam

434 5189 842 5248 amolientibus.
885 5190 1330 5258 accipiuntillatn
1367 5191 1441 5244 rei
1467 5191 1778 5244 domestica:
1809 5191 1998 5244 dente-

434 5279 557 5334 stici
587 5280 705 5334 sive
759 5281 1092 5337 administri.
1134 5279 1336 5336 Tribus
1367 5297 1497 5335 vero
1537 5283 1641 5336 illis
1683 5283 1996 5350 imperatori

434 5370 795 5424 reverentiam
857 5372 1267 5436 exttibentibus,
1305 5371 1441 5426 dicit
1475 5372 1771 5440 imperator
1802 5389 1998 5442 magno

431 5461 732 5516 domestico
755 5477 954 5516 sonora
981 5477 1141 5516 voce:
1205 5462 1310 5514 «Ad
1347 5463 1547 5516 multos
1582 5477 1774 5525 annos,
1808 5479 2001 5532 magne

429 5551 748 5608 domestice.
811 5572 829 5606 ι
875 5552 1075 5609 Deinde
1135 5555 1414 5622 subiungit
1457 5567 1472 5604 :
1534 5571 1552 5604 t
1582 5555 1679 5608 Abi
1717 5595 1732 5618 ,
1781 5558 1948 5619 licet,
1979 5575 1996 5606 ι

431 5648 487 5694 et
522 5641 642 5698 sine
669 5655 821 5697 mora
851 5656 1044 5697 omnes
1071 5657 1192 5696 cum
1223 5643 1738 5710 magnodomestico
1775 5655 1994 5700 exeunt.

497 5817 768 5877 Cancrum
801 5820 868 5876 ab
889 5819 1115 5891 imperio
1137 5821 1486 5894 Assyriorum
1529 5826 1779 5896 pervenit
1820 5843 1996 5897 usque

2111 4639 2277 4710 βοῶσι
2339 4643 2399 4695 τὸ
2451 4646 2827 4717 πολυχρόνιον.
2898 4653 3009 4704 Καὶ
3050 4656 3078 4706 6
3133 4657 3438 4728 πιγκέρνης
3482 4662 3681 4714 αὐτίκα

2107 4729 2169 4782 τὸ
2226 4731 2320 4784 τοῦ
2372 4735 2636 4805 οἰνοχείου
2682 4740 2840 4806 φέρει
2923 4745 3255 4812 σκουτέλιον,
3314 4751 3533 4819 κρατῶν
3585 4757 3680 4807 καὶ

2114 4821 2427 4888 μανδύλιον,
2464 4825 2588 4880 ἐπεὶ
2630 4831 2980 4900 προαπῆραν,
3045 4834 3121 4897 ὡς
3155 4837 3395 4907 εἴρηται,
3450 4843 3510 4893 τὸ
3559 4861 3679 4912 μιν-

2112 4911 2317 4966 σάλιον.

2182 4999 2310 5054 Εἶτα
2345 5002 2439 5057 τοῦ
2474 5007 2572 5075 μὲν
2607 5007 2871 5078 βασιλέως
2898 5013 3246 5083 καθίσαντος,
3295 5019 3388 5073 τοῦ
3413 5021 3472 5072 δὲ
3506 5025 3677 5091 μεγά-

2107 5089 2200 5144 λου
2233 5094 2581 5164 δομεστέκου.
2639 5099 2731 5151 τοῦ
2777 5100 3099 5171 δομεστίκου
3134 5110 3226 5160 καὶ
3284 5111 3376 5163 τοῦ
3441 5089 3534 5166 ἐπὶ
3576 5089 3677 5184 τῆς

2105 5187 2393 5256 τραπέζης
2419 5189 2668 5256 ἀράντων
2695 5191 2790 5262 τὴν
2832 5195 3139 5264 τράπεζαν,
3170 5197 3512 5269 λαμϐάνουσι
3539 5206 3673 5258 ταὺ-

2106 5295 2206 5348 την
2241 5282 2290 5332 0t
2322 5281 2416 5333 τοῦ
2449 5283 2826 5351 δομεστικείου
2876 5288 3208 5358 δομέστικοι.
3265 5295 3384 5346 Τῶν
3432 5296 3488 5348 δὲ
3533 5299 3672 5366 μετά

2101 5370 2256 5423 τοῦτο
2287 5377 2808 5444 προσκυνησάντων,
2842 5379 2989 5448 λέγει
3017 5384 3045 5435 6
3077 5383 3327 5452 βασιλεὺς
3353 5387 3428 5454 τῷ
3447 5390 3670 5461 μεγάλῳ

2100 5463 2410 5538 δομεστίκῳ
2444 5470 2657 5542 μεγάλῃ
2679 5474 2744 5541 τῇ
2777 5475 2926 5544 φωνῇ
2953 5489 2968 5505 ·
3004 5493 3022 5526 ι
3057 5475 3152 5539 El;
3181 5479 3350 5532 πολλά
3380 5481 3495 5551 ἐτη,
3526 5483 3671 5550 μέγα

2101 5557 2416 5624 δομέστικε.
2445 5579 2462 5610 t
2498 5561 2732 5616 Ἐπειτά
2774 5581 2906 5632 φησι
2949 5567 3083 5637 πρὸς
3118 5570 3281 5623 αὑτὸν
3323 5590 3341 5622 ι
3375 5574 3666 5638 ’Δπε>.Θε,›
3699 5553 3710 5560 ﬁ

2110 5650 2203 5701 καὶ
2254 5651 2538 5721 παρευοὺς
2580 5655 2995 5727 συνεξέρχονται
3047 5660 3250 5726 πάντες
3278 5664 3354 5734 τῷ
3423 5668 3666 5737 μεγάλῳ

2109 5740 2432 5812 δομεστίκῳ.

2184 5832 2305 5887 Ἔτι
2335 5835 2430 5888 καὶ
2461 5835 2569 5889 ἀπὸ
2615 5835 2720 5889 τῶν
2753 5837 3064 5908 Ἀσσυρίων
3105 5843 3382 5910 βασιλείας
3430 5847 3667 5917 κατῆλθέ
