4050 6592
529 399 598 464 91
879 445 883 449 ι
1726 397 1994 460 CODINI
2025 397 2113 460 CU

2215 367 2334 460 unt
2347 397 2564 461 Lam
3705 401 3772 466 ιιι

535 519 732 582 fectus,
774 517 1075 587 ingreditur
1107 517 1495 588 osculatnrque
1529 527 1585 574 et
1618 519 1734 588 ipse
1761 535 1884 576 cum
1931 516 2102 574 comi-

2215 534 2367 587 κεται
2401 519 2498 572 καὶ
2529 517 2844 584 ἀσπάζεται
2877 521 2973 572 καὶ
2999 518 3155 584 οὗτος
3183 521 3319 590 μετᾶ
3351 520 3458 574 τῶν
3495 519 3593 574 σὺν
3631 521 3774 592 αὐτῷ

535 622 648 664 tatu
687 627 786 666 suo
815 611 1216 679 imperatorem,
1251 611 1712 678 quemadmodum
1743 622 1797 668 et
1823 625 2102 680 proceres,

535 715 590 755 ut
617 705 924 770 expositum
959 710 1063 766 est,
1119 701 1224 772 75
1257 705 1450 772 nempe
1507 703 1722 772 pedem,
1769 717 1988 758 manum
2051 710 2102 755 et

534 809 728 864 genum
751 793 907 862 ejus;
937 809 1172 862 cumque
1191 794 1369 848 adhuc
1403 795 1726 848 matutinum
1755 795 2101 859 decantatur,

540 887 840 939 traduntur
880 887 1010 948 illis,
1039 888 1200 942 sicuti
1231 897 1286 942 et
1325 888 1538 943 caneris
1563 887 1912 958 primoribus,
1939 888 2104 942 cerei.

533 979 663 1032 Post
693 979 943 1034 osculum
984 979 1298 1034 discedunt.

603 1072 794 1126 Veneti
829 1088 956 1126 vero
1003 1087 1180 1142 neque
1214 1071 1280 1127 ad
1315 1072 1612 1126 multorum
1662 1083 1928 1124 annorum
1956 1083 2107 1123 cont-

533 1165 912 1232 precationem
946 1181 1121 1234 neque
1152 1166 1218 1220 ad
1255 1166 1504 1220 osculum
1542 1165 1786 1218 veniunt.
1819 1163 1994 1218 Causa
2025 1160 2109 1216 est

535 1253 662 1307 isl't.
707 1257 1005 1324 Imperator
1031 1255 1254 1310 Michael
1277 1257 1485 1326 primus
1514 1255 1946 1326 Palaeologorum
1981 1267 2108 1322 per-

534 1353 757 1410 petuutn
783 1361 906 1400 cum
951 1347 1335 1404 Genuensibus
1383 1347 1562 1404 fmdus
1603 1347 1830 1418 pepigit,
1891 1347 1948 1401 in
2001 1361 2109 1412 W9

533 1435 696 1488 etiam
733 1435 800 1490 de
835 1437 1042 1493 honore
1095 1439 1405 1507 imperatori
1456 1438 1705 1492 habendo
1750 1439 2106 1492 constitutum

535 1538 618 1582 est
645 1545 660 1582 :
688 1529 905 1598 quando
939 1529 1198 1584 nimirum
1225 1540 1529 1599 potestatus
1559 1547 1624 1585 ex
1651 1529 1839 1586 Genua
1865 1529 2107 1598 appellit,

535 1619 691 1674 initio
713 1631 765 1675 et
793 1633 920 1676 tunc
953 1623 1155 1684 solum,
1179 1625 1458 1694 ingressus
1481 1624 1548 1678 ad
1580 1624 1986 1678 venerationem
2009 1622 2112 1674 im‘

537 1716 806 1781 peratoris
847 1733 1022 1786 genua
1053 1719 1136 1773 bis
1181 1717 1372 1783 ﬂectit,
1405 1719 1573 1774 semel
1607 1719 1766 1773 simul
1796 1734 1860 1772 ac
1889 1717 2108 1772 triclinii

532 1804 758 1872 ianuam
789 1807 978 1872 intrat,
1005 1817 1060 1862 et
1099 1825 1293 1865 rursus
1323 1811 1376 1864 in
1410 1810 1589 1864 medio
1618 1809 1736 1878 ejus
1778 1826 1793 1874 ;
1826 1823 1935 1878 quo
1969 1807 2108 1860 facto

537 1899 747 1953 accedit
770 1909 824 1953 et
853 1903 1134 1957 osculatur
1168 1903 1517 1971 imperatoris
1549 1904 1602 1957 in
1631 1905 1828 1959 throno
1866 1903 2106 1958 sedentis

539 1990 726 2062 pedem
757 2004 808 2046 et
832 2010 1072 2048 tnauttm.
1099 1993 1361 2052 Similiter
1393 2007 1446 2051 et
1469 1997 1560 2050 alii
1593 1997 1966 2052 Genuensium
1999 1996 2110 2066 pri-

538 2098 720 2138 mores
755 2101 980 2156 peregre
1009 2090 1212 2144 reversi
1248 2104 1374 2144 cum
1399 2089 1759 2145 veneratione
1789 2087 2109 2144 osculantur

538 2174 884 2244 imperatoris
906 2179 1092 2248 pedem
1123 2192 1179 2236 et
1211 2197 1454 2236 manum.
1489 2183 1542 2235 ln
1577 2181 1898 2252 quotidiauo
1927 2191 2108 2238 autem

431 2287 436 2292 -
539 2263 687 2319 cultu
726 2265 1039 2336 deferendo,
1090 2269 1289 2324 ablatis
1331 2271 1628 2340 capputiis,
1663 2270 1905 2326 secundo
1935 2287 2107 2342 genua

538 2358 762 2413 ﬂectunt
791 2379 806 2427 ;
841 2371 894 2416 et
937 2361 1158 2431 quando
1201 2359 1452 2418 triremes
1483 2377 1673 2417 eorum
1706 2363 1949 2426 veniunt,
1995 2364 2111 2418 sive

537 2454 744 2518 multa},
777 2454 890 2508 sive
925 2471 1132 2526 paucae,
1165 2455 1279 2512 sive
1314 2457 1477 2511 etiam
1535 2471 1666 2523 una,
1723 2455 2106 2526 imperatorem

539 2545 736 2602 faustis
773 2547 1256 2603 acclamationibus
1311 2559 1736 2618 prosequuntur.
1785 2547 1850 2602 Et
1901 2547 2018 2603 haec
2046 2547 2111 2602 de

537 2634 922 2690 Genuensibus
955 2637 1094 2691 dicta
1130 2646 1317 2692 sunto.
1349 2637 1429 2692 Ad
1461 2635 1693 2692 Venetos
1721 2639 1866 2708 quod
1895 2640 2108 2702 attinet,

539 2734 692 2794 cum)
727 2727 1018 2796 prmdictus
1077 2729 1374 2797 imperator
1431 2723 1722 2785 statuisset
1771 2731 1934 2800 paulo
1990 2741 2113 2800 post

541 2834 694 2873 arma
729 2829 920 2874 contra
963 2820 1084 2874 illos
1113 2837 1354 2885 sumere,
1383 2837 1492 2876 non
1525 2820 1656 2876 fecit
1689 2837 1811 2876 cum
1847 2821 1956 2876 illis
1987 2837 2112 2892 per-

541 2911 740 2984 fectam
777 2927 988 2980 pacem,
1011 2913 1104 2966 sed
1139 2914 1338 2968 modici
1370 2915 1628 2984 temporis
1663 2913 1946 2984 inducias;
1979 2932 2114 2985 qua-

539 3013 764 3072 pmpter
815 3013 1071 3080 accurate
1112 3019 1220 3058 non
1276 3013 1404 3060 sunt
1454 3020 1645 3060 eorum
1689 3007 2111 3062 consuetudines

539 3103 836 3162 annotatze,
869 3095 1026 3151 sicuti
1061 3095 1457 3152 Genuensium.
1489 3095 1718 3164 Quando
1770 3099 1933 3166 igitur
1965 3098 2112 3152 venit

541 3189 776 3256 hajulus,
809 3205 918 3258 quo
971 3189 1207 3260 primum
1235 3189 1325 3245 die
1361 3191 1742 3260 imperatorem
1775 3192 2110 3248 salutaturus

541 3280 652 3352 76
683 3289 736 3334 et
767 3289 1119 3336 veneraturus
1162 3291 1268 3346 est,
1304 3297 1478 3351 genua
1508 3281 1622 3351 ipse
1656 3291 1709 3336 et
1731 3281 1864 3337 socii
1909 3283 2116 3348 solum-

543 3373 707 3425 modo
737 3371 980 3436 ﬂectunt,
1009 3373 1199 3442 pedem
1231 3389 1361 3428 vero
1391 3389 1736 3444 nequaquam
1770 3375 2110 3430 osculantur.

543 3461 774 3518 Cmteris
816 3462 1035 3527 diebus,
1067 3467 1288 3528 quando
1320 3465 1386 3518 ad
1419 3465 1675 3534 palatium
1721 3467 1962 3532 veniunt,
1989 3483 2118 3538 cap-

545 3555 694 3624 putia
737 3570 832 3609 sua
876 3566 1085 3610 tantum
1112 3557 1413 3626 deponunt,
1469 3573 1572 3610 non
1597 3556 1824 3612 ﬂectunt
1865 3574 1992 3614 vero
2023 3576 2115 3628 ge-

547 3661 676 3702 nus.
713 3646 916 3702 Eodem
951 3649 1112 3704 modo
1141 3666 1314 3720 neque
1335 3649 1402 3704 ad
1426 3649 1658 3706 faustam
1691 3649 1987 3706 multorum
2018 3668 2116 3706 an-

503 3783 510 3812 ;
548 3751 744 3792 uorum
793 3741 1230 3808 apprecationem
1281 3753 1603 3810 permanent
1643 3760 1820 3815 neque
1845 3748 1910 3802 ad
1951 3761 2118 3802 oscu-

547 3829 660 3884 lum
694 3832 940 3896 veniunt,
972 3842 1028 3887 ut
1055 3843 1212 3890 antea
1241 3836 1472 3894 dictum.
1497 3836 1682 3908 Neque
1710 3839 1938 3894 istorum
1961 3841 2119 3895 trire-

545 3937 687 3988 mes,
716 3925 934 3998 quando
953 3935 1202 3981 recenter
1227 3929 1532 3998 appellunt.
1567 3932 1950 4000 imperatorem
1981 3933 2119 3988 bene

543 4015 802 4070 ominatis
837 4017 1017 4072 verbis
1041 4027 1475 4086 prosequuntur.
1535 4019 1602 4076 Et
1639 4011 1872 4091 quidem
1895 4039 2018 4094 qua:
2049 4026 2114 4086 ad

548 4103 790 4164 Francos
811 4116 1078 4178 spectant,
1111 4109 1184 4164 ita
1205 4124 1270 4164 se
1295 4109 1518 4166 habent.

617 4288 860 4358 Liturgia
884 4303 1012 4342 vero
1043 4287 1336 4350 submisse,
1365 4295 1424 4342 ut
1451 4287 1657 4344 dictum
1697 4299 1802 4354 est,
1844 4293 2117 4362 psallitur,

547 4382 622 4436 ita
651 4387 710 4434 ut
743 4396 848 4433 non
877 4380 1134 4434 audiatur
1165 4381 1255 4434 ubi
1291 4380 1587 4450 imperator
1617 4385 1790 4440 sedet.
1822 4386 1926 4451 Qui
1965 4387 2119 4441 linito

2208 612 2300 664 τὸν
2329 611 2584 682 βασιλέα,
2620 612 2767 666 καθὰ
2801 618 2894 666 καὶ
2925 614 2974 666 οι
3032 614 3316 684 ἄρχοντες,
3347 615 3422 678 ὡς
3455 615 3773 684 δεδήλωται,

2209 701 2331 770 ἦτοι
2359 703 2452 754 τὸν
2481 703 2640 766 πόδα,
2676 703 2775 774 τὴν
2807 707 2966 774 χεῖρα
2995 705 3088 758 καὶ
3140 705 3238 774 τὴν
3290 706 3527 775 παρειὰν
3587 706 3773 760 αὐτοῦ.

2208 791 2566 864 Ψαλλομένου
2601 795 2658 848 δὲ
2693 796 2773 848 ἔτι
2807 795 2900 849 τοῦ
2954 796 3156 866 ὀρθρου
3217 797 3460 852 δίδονται
3497 797 3594 851 καὶ
3643 799 3776 866 πρδς

2209 885 2410 947 αὐτοὺς
2443 885 2626 956 πηροὶ,
2659 886 2735 950 ὡς
2761 888 2998 950 καὶτοῖς
3051 889 3284 960 ἄρχουσι
3305 903 3318 920 ·
3371 889 3510 960 μετὰ
3567 889 3622 942 δὲ
3679 889 3768 942 τὸν

2209 979 2503 1048 ἀσπασμὸν
2542 980 2896 1050 ἀπέρχονται.

2287 1070 2568 1126 Βενετικοὶ
2599 1071 2656 1124 δὲ
2676 1071 2802 1126 οὔτε
2857 1073 2940 1136 είς
2968 1072 3030 1126 τὸ
3065 1073 3478 1142 πολυχρόνισμα
3531 1075 3776 1148 ἔρχονται

2209 1160 2333 1213 οὔτε
2364 1163 2472 1230 μὴν
2501 1164 2580 1225 ei;
2607 1163 2700 1216 τὸν
2721 1164 3018 1233 ἀσπασμόν
3041 1180 3057 1196 ο
3085 1165 3118 1234 ἡ
3163 1164 3222 1218 δὲ
3255 1167 3405 1220 att-cia
3433 1167 3582 1218 ἐστὶν
3613 1165 3775 1236 αὕτη.

2223 1252 2282 1306 '0
2317 1253 2572 1322 βασιλεὺς
2621 1255 2864 1326 Μιχαὴλ,
2896 1256 3004 1310 τῶν
3061 1257 3445 1328 Παλαιολόγων
3469 1261 3496 1310 6
3537 1259 3778 1327 πρῶτος,

2211 1343 2440 1413 ἐποίησε
2475 1346 2614 1414 μετὰ
2648 1347 2749 1415 μὲν
2777 1348 2888 1400 τῶν
2931 1349 3233 1404 Γενουῑτῶν
3275 1350 3500 1420 ἀγάπην
3539 1350 3783 1405 διαιωνί-

2211 1433 2435 1498 ζουσαν,
2467 1437 2526 1488 ὲν
2639 1438 2734 1490 καὶ
2758 1438 2960 1510 ἐτάχθη
2993 1439 3025 1509 ἡ
3059 1439 3390 1510 ὀφειλομένη
3415 1439 3770 1493 ἀποδίδοσθαι

2211 1525 2290 1594 τῷ
2332 1526 2550 1596 βασιλεῖ
2578 1527 2926 1598 παράὑτῶν
2983 1530 3140 1600 τιμὴ,
3188 1531 3302 1594 ἵνα,
3351 1531 3478 1584 ὅταν
3537 1531 3779 1600 δηλονότι

2214 1619 2549 1682 ποτεστάτος
2583 1619 2710 1690 ἔλθῃ
2739 1621 2802 1674 ἐκ
2835 1621 3090 1683 Γενούας.
3125 1623 3300 1693 ἀρχὴν
3351 1625 3445 1694 καὶ
3478 1623 3637 1693 μόνον
3666 1623 3780 1674 εἰσι

2212 1709 2512 1779 ερχόμενος
2560 1712 2642 1774 είς
2691 1712 2787 1784 την
2821 1712 2914 1765 τοῦ
2965 1713 3232 1782 βασιλέως
3263 1714 3643 1784 ,προσκύνησιν
3687 1731 3782 1780 το-

2214 1797 2424 1862 νατίζει
2474 1799 2751 1871 δεύτερον,
2813 1801 2932 1870 ἃμα
2985 1801 3062 1872 τῷ
3109 1803 3374 1857 εἰσελθεῖν
3407 1803 3650 1873 δηλονότι
3685 1804 3784 1874 τὴν

2209 1887 2304 1940 τοῦ
2329 1887 2604 1957 τρικλίνου
2633 1889 2808 1960 θύραν
2833 1897 2927 1945 καὶ
2967 1892 3110 1946 κατὰ
3149 1895 3208 1946 τὸ
3247 1896 3410 1964 μέσον
3453 1895 3646 1950 αὑτοῦ.
3673 1897 3784 1950 Καὶ

2211 1982 2352 2049 μετὰ.
2403 1981 2566 2034 τοῦτο
2621 1983 2990 2052 προσέρχεται
3031 1984 3129 2038 καὶ
3175 1985 3484 2049 ἀσπάζεται
3548 1986 3642 2038 τὸν
3687 1985 3784 2037 τοῦ

2211 2070 2484 2141 βασιλέως
2513 2072 2649 2126 πόδα
2679 2072 2996 2142 καθημένου
3025 2075 3120 2126 ἐπὶ
3149 2074 3345 2144 θρόνου
3364 2075 3458 2126 καὶ
3482 2076 3579 2140 τὴν
3603 2076 3784 2144 χεῖρα.

2223 2162 2497 2228 Ὡσαύτως
2527 2163 2584 2216 δὲ
2614 2165 2708 2219 καὶ
2735 2165 2786 2216 οἱ
2811 2163 2964 2218 ἄλλοι
3001 2163 3110 2217 τῶν
3163 2164 3464 2218 Γενουῖτῶν
3499 2163 3786 2234 ἄρχοντες,

2211 2253 2502 2324 ἐρχόμενοι
2525 2254 2584 2318 ἐξ
2627 2255 2969 2324 ἀποδημίας,
3025 2254 3463 2325 προσκυνοῦντες
3507 2254 3786 2319 ἀσπάζον-

2209 2364 2302 2400 ται
2323 2346 2418 2400 τὸν
2437 2348 2534 2400 τοῦ
2571 2347 2839 2418 βασιλέως
2863 2349 3001 2402 πόδα
3031 2351 3126 2404 καὶ
3166 2349 3264 2417 τὴν
3295 2352 3478 2420 χεῖρα.
3514 2349 3782 2420 Ἐρχόμε-

2213 2435 2374 2490 νοιδὲ
2399 2435 2522 2490 καθ’
2551 2438 2770 2508 ἡμέραν
2796 2439 2874 2502 si;
2928 2439 3302 2510 προσκύνησιν
3363 2440 3554 2506 αὐτοῦ,
3605 2442 3776 2508 ἀφαι-

2213 2531 2438 2600 ροῦντες
2466 2532 2536 2586 τὰ
2563 2533 2776 2586 ἑαυτῶν
2797 2534 3104 2598 καπούτζια
3125 2533 3471 2602 γονατίζουσι
3501 2531 3781 2602 δεύτερον.

2213 2625 2324 2676 Καὶ
2348 2625 2477 2676 ὅταν
2504 2623 2563 2676 δὲ
2597 2623 2794 2678 ἔλθωσι
2835 2625 3088 2694 τριήρεις
3149 2625 3382 2688 τούτων,
3437 2625 3546 2678 εἴτε
3580 2623 3776 2676 πολλαὶ

2213 2718 2325 2771 εἴτε
2355 2715 2539 2784 ὀλίγαι
2571 2711 2684 2769 εἷεν
2723 2717 2833 2769 εἴτε
2877 2717 2972 2770 καὶ
3017 2716 3136 2785 μία,
3171 2715 3534 2786 εὐφημίζουσι
3564 2716 3654 2768 τὸν
3687 2715 3788 2784 βα-

2216 2806 2394 2860 σιλέα.
2430 2808 2541 2862 Καὶ
2570 2807 2714 2862 οὕτω
2750 2810 2851 2878 μὲν
2887 2809 3020 2878 περὶ
3042 2807 3150 2861 τῶν
3185 2809 3223 2860 Γ
3228 2808 3482 2860 ενουῖτῶν
3505 2825 3519 2838 ο
3567 2809 3698 2872 περὶ
3727 2805 3787 2860 δέ

2213 2915 2277 2968 γε
2305 2899 2415 2953 τῶν
2437 2900 2764 2968 Βενετίκων,
2795 2901 2986 2974 ἐπειδὴ
3017 2903 3046 2955 6
3087 2901 3274 2972 ῥηθεὶς
3311 2901 3566 2972 βασιλεὺς
3625 2901 3788 2956 ἐϐού-

2213 2993 2338 3048 λετο
2373 2993 2493 3064 μετ’
2525 2993 2712 3062 ὀλίγον
2745 2993 2933 3064 μάχην
2989 2993 3222 3064 ποιῆσαι
3279 2992 3398 3063 μετ’
3434 2992 3634 3057 αὐτῶν,
3683 2992 3786 3044 οὐκ

2215 3088 2442 3158 εποίησε
2485 3086 2574 3142 διὰ
2623 3081 2785 3139 τοῦτο
2833 3086 3057 3156 ἀγάπην
3125 3083 3362 3146 τελείαν,
3412 3084 3545 3137 ἀλλὰ
3582 3084 3785 3154 τρεῦαν

2141 3177 2196 3241 c
2223 3177 2386 3248 μέχρι
2411 3179 2556 3242 τινδς
2587 3177 2770 3248 ὀλίγου
2802 3177 3022 3250 καιροῦ.
3053 3176 3219 3232 Ὀθεν
3249 3179 3343 3230 καὶ
3371 3177 3472 3228 οὐκ
3505 3176 3786 3246 ἠκρίῦωσε

2215 3273 2283 3324 τὰ
2307 3273 2512 3327 τούτων
2547 3273 2734 3342 ἔθιμα,
2769 3272 2914 3324 καθὰ
2957 3272 3050 3326 καὶ
3088 3271 3198 3326 τῶν
3243 3269 3570 3324 Γενουῖτῶν.
3611 3268 3788 3320 Ὅταν

2215 3362 2308 3418 οὖν
2335 3364 2462 3438 ἔλθῃ
2492 3367 2820 3434 μπαῖουλος,
2845 3364 2968 3419 καθ’
3001 3364 3068 3435 ἢν
3130 3363 3229 3434 μὲν
3289 3360 3516 3432 πρώτην
3572 3361 3792 3428 ἡμέραν

2217 3458 2622 3528 προσκυνήσειν
2647 3456 2858 3525 μέλλει,
2889 3455 3168 3524 γονατίςζει
3219 3453 3379 3524 μόνον
3397 3449 3550 3513 οὗτός
3584 3467 3642 3502 τε
3695 3449 3792 3504 καὶ

2215 3552 2267 3603 οἱ
2304 3551 2422 3620 μετ’
2449 3549 2646 3616 αὑτοῦ,
2671 3549 2986 3614 ἀσπάζεται
3020 3547 3076 3600 δὲ
3112 3548 3203 3600 τὸν
3232 3545 3328 3600 τοῦ
3359 3544 3624 3614 βασιλέως
3649 3543 3788 3596 πόδα

2217 3644 2505 3712 οὐδαμῶς·
2543 3645 2625 3706 είς
2685 3643 2748 3695 τὸ
2791 3640 2918 3712 ἑξῆς
2944 3639 3000 3694 δὲ
3050 3639 3177 3692 ὅταν
3209 3637 3506 3708 έρχωνται,
3564 3635 3633 3690 τὰ
3689 3635 3793 3705 μὲν

2219 3735 2532 3801 καπούτξια
2580 3734 2743 3804 μόνον
2775 3733 2955 3787 αὐτῶν
3015 3730 3394 3792 ἐκϐάλλουσιν,
3455 3729 3515 3780 οὐ
3575 3727 3796 3796 γονατί-

2219 3829 2370 3894 ζουσι
2399 3830 2478 3884 δέ.
2511 3827 2624 3880 Kal
2657 3827 2796 3880 κατὰ
2827 3825 3016 3880 τοῦτον
3068 3825 3159 3878 τὸν
3207 3825 3411 3893 τρόπον
3443 3819 3567 3874 οὔτε
3607 3821 3687 3884 είς
3725 3820 3792 3872 τὸ

2221 3921 2634 3992 πολυχρόνισμα
2658 3916 3174 3988 προσκαρτεροῦσιν
3197 3909 3350 3969 οὗτοι
3374 3913 3500 3967 οὔτε
3558 3915 3641 3975 είς
3695 3913 3792 3966 τὸν

2218 4013 2510 4080 ἀσπασμὸν
2547 4010 2814 4080 ἔρχονται,
2853 4009 2929 4071 ὡς
2960 4007 3278 4077 δελήλωται.
3329 4006 3490 4059 Ἀλλὰ
3542 4005 3664 4058 οὐδὲ
3719 4007 3794 4058 τὰ

2221 4105 2436 4160 τούτων
2463 4102 2714 4174 κάτεργα
2752 4098 3144 4171 εὐφημίζουσι.
3170 4099 3280 4154 Καὶ
3294 4097 3362 4153 τὰ
3393 4097 3494 4169 μὲν
3525 4097 3656 4169 περὶ
3681 4097 3792 4152 τῶν

2219 4198 2488 4270 Φραγγῶν
2519 4195 2688 4251 οὕτω.

2298 4290 2412 4359 Τῆς
2440 4288 2787 4359 λειτουργίας
2823 4287 2882 4342 δὲ
2899 4287 3110 4358 ἠρέμα,
3151 4285 3232 4349 ὡς
3289 4284 3534 4353 εἴρηται,
3589 4281 3796 4352 ψαλλο-

2223 4383 2418 4453 μένης,
2443 4381 2586 4436 ὥστε
2621 4382 2702 4452 μὴ,
2729 4381 3087 4446 ἐξακούεσθαι
3115 4378 3322 4448 ταύτην
3338 4375 3505 4430 ἔνθαό
3537 4373 3796 4446 βασιλεὺς

545 4471 736 4530 osculo
774 4473 970 4541 surgit,
997 4473 1293 4542 statimque
1321 4475 1574 4544 aperiunt
1598 4479 1849 4534 ecclesia:
1873 4480 2073 4550 januas
2102 4500 2113 4535 :

2223 4476 2481 4546 κάθηται,
2537 4473 2675 4540 μετὰ
2723 4474 2785 4526 τὸ
2836 4472 3152 4542 τελεσθῆναι
3202 4470 3290 4522 τὸν
3331 4467 3624 4536 ἀσπασμὸν
3678 4467 3798 4519 ἁνί-

548 4577 662 4622 tttm
697 4563 898 4636 hymno
931 4565 1155 4636 trisa'gio
1191 4567 1337 4620 dicto
1372 4567 1569 4638 legitur
1599 4571 1910 4640 Apostolus,
1951 4583 2116 4642 atque

503 4715 508 4718 _
549 4659 624 4713 ita
662 4659 942 4726 perﬁcitur
971 4659 1220 4730 liturgia.
1247 4659 1374 4714 Post
1408 4663 1566 4730 cuius
1599 4662 1760 4718 linem
1791 4665 1906 4720 abit
1939 4645 2132 4737 impe-I

551 4758 699 4804 rator
724 4749 788 4803 ad
841 4764 1110 4816 mensam,
1155 4751 1243 4804 cui
1278 4751 1598 4807 ministrant
1653 4769 1882 4824 magnus
1933 4757 2119 4812 dome-

550 4841 746 4906 sticus,
781 4840 1121 4897 domesticus
1172 4851 1226 4896 et
1263 4843 1554 4910 [traiectus
1583 4859 1804 4912 mensae,
1861 4857 2023 4918 prout
2066 4850 2119 4904 in

497 4987 506 4994 _
551 4928 692 4986 l‘esto
733 4931 1045 4988 Nativitatis
1095 4933 1301 4990 Christi
1363 4949 1416 4988 et
1447 4935 1739 4992 Luminum
1779 4937 2122 4996 demonstra-

503 5089 510 5096 .
549 5032 664 5078 tum
697 5033 798 5078 est.
825 5023 980 5079 Circa
1003 5041 1280 5096 vesperam
1309 5029 1422 5084 abit
1449 5029 1746 5098 imperator
1764 5032 1831 5088 ad
1861 5032 2117 5088 Sanctam

551 5117 838 5186 Sophiam,
879 5119 1216 5189 audiensque
1244 5123 1583 5188 vespertinas
1617 5123 1846 5194 hymnos
1872 5124 2123 5178 incensa-

552 5219 641 5262 tur
669 5223 766 5264 seu
801 5211 940 5265 turis
975 5211 1156 5265 sul'litu
1197 5203 1496 5266 honoratur
1535 5227 1562 5265 a
1609 5211 1944 5280 patriarcha,
1997 5227 2120 5265 om-

503 5351 508 5356 .
549 5317 758 5368 nasque
798 5301 960 5357 simul
1012 5303 1172 5357 auliei
1228 5319 1506 5372 proceres,
1543 5303 1707 5358 etiam
1767 5303 1834 5356 ad
1867 5302 2118 5356 ultimum

549 5397 748 5462 usque;
782 5393 844 5446 Et
876 5395 930 5446 tit
961 5393 1064 5448 hoc
1089 5403 1215 5447 tunc
1247 5394 1444 5460 solum,
1477 5409 1589 5470 non
1621 5395 1722 5447 alia
1765 5394 1905 5448 vice.

2225 4585 2440 4622 σταται.
2483 4567 2593 4620 Καὶ
2645 4565 2844 4619 αὐτίκα
2903 4565 3180 4632 ἀνοίγουσι
3225 4562 3324 4624 τὰς
3352 4560 3450 4630 τῆς
3499 4560 3797 4630 ἐκκλησίας

2224 4657 2417 4720 θύρας.
2454 4655 2562 4708 Καὶ
2599 4654 2739 4724 μετὰ
2765 4655 2857 4708 τὸν
2889 4655 3172 4724 τρισάγιον
3221 4649 3390 4721 ὕμνον
3424 4637 3800 4719 ἀναγινώσκει

2222 4765 2308 4806 ται
2340 4749 2367 4798 6
2401 4743 2756 4808 Ἀπόστολος,
2789 4745 2884 4798 καὶ
2933 4744 3174 4812 καθεξῆς
3229 4741 3530 4796 ἐκτελεῖται
3569 4741 3602 4809 ἡ
3669 4739 3796 4791 θεία

2223 4837 2572 4908 λειτουργία,
2599 4832 2667 4908 ἧς
2695 4837 2831 4906 μετὰ
2854 4835 2954 4908 τὴν
2987 4836 3254 4890 ἀπόλυσιν
3279 4835 3308 4888 6
3334 4833 3589 4905 βασιλεὺς
3619 4831 3798 4900 ἀπέρ-

2222 4947 2378 5000 χεται
2401 4931 2482 4991 είς
2516 4929 2617 4998 τὴν
2652 4927 2960 4998 τράπεζαν,
2998 4920 3113 5001 ὲνῇ
3167 4913 3431 4996 ὑπηρετεῖ
3469 4924 3496 4977 ὃ
3526 4940 3586 4976 τε
3618 4921 3796 4988 μέγας

2221 5021 2542 5090 δομέστικος
2569 5017 2664 5072 καὶ
2691 5019 2718 5071 6
2745 5018 3069 5088 δομέστικος
3101 5019 3196 5071 καὶ
3221 5021 3248 5072 6
3292 5018 3388 5070 ἐπὶ
3437 5017 3535 5087 τῆς
3587 5013 3798 5085 τραπέ-

2223 5113 2346 5180 ζης,
2379 5111 2525 5166 καθα
2587 5109 2944 5182 προεδηλώθη
2993 5112 3052 5162 ὲν
3081 5111 3148 5180 τῇ
3185 5110 3294 5162 τῶν
3345 5103 3794 5178 Χριστουγεννῶν

2223 5206 2386 5274 ἑορτῇ
2420 5203 2514 5257 καὶ
2543 5206 2608 5272 τῇ
2651 5204 2758 5256 τῶν
2812 5203 3032 5272 φώτων.
3063 5201 3221 5256 Κατὰ
3249 5201 3306 5253 δὲ
3334 5202 3433 5268 τὴν
3493 5195 3789 5268 ἑσπερινὴν

2222 5298 2372 5365 ὥραν
2402 5297 2704 5368 ἀπέρχεται
2733 5298 2812 5359 εἰς
2841 5296 2938 5366 τὴν
2981 5295 3142 5364 ἁγίαν
3199 5295 3401 5362 Σοφίαν
3439 5295 3479 5346 .6
3515 5291 3792 5362 βασιλεὺς,

2225 5391 2319 5442 καὶ
2349 5383 2456 5441 τῶν
2486 5388 2796 5458 ὲσπερινῶν
2846 5387 3034 5458 ὓμνων
3079 5385 3292 5441 ἁκούων
3340 5386 3598 5454 θυμιᾶται
3638 5384 3792 5452 παρὰ

547 5488 642 5540 τοῦ
671 5487 1010 5560 πατριάρχου
1029 5482 1188 5550 οὗτός
1213 5505 1271 5542 τε
1321 5489 1418 5542 καὶ
1453 5487 1657 5551 πάντες
1695 5489 1743 5539 oi
1807 5483 2098 5556 ἄρχοντες.
2139 5481 2249 5536 Καὶ
2273 5479 2488 5550 γίνεται
2536 5480 2694 5534 τοῦτο
2741 5478 2884 5532 οὕτω
2939 5479 3101 5550 μέχρι
3131 5477 3355 5532 καὶτῶν
3385 5476 3646 5545 ἐσχάτων,
3667 5473 3792 5526 τότε

505 5641 508 5644 ρ
549 5586 644 5636 καὶ
675 5583 858 5648 μόνον.

625 5675 752 5729 Erat
775 5675 902 5729 olim
939 5675 1108 5728 moris
1144 5682 1203 5727 ut
1237 5672 1289 5726 in
1327 5674 1414 5727 bis
1445 5663 1684 5741 vesperis
1713 5671 2006 5740 imperator
2041 5670 2126 5724 in-

553 5769 873 5838 grederetur
907 5769 960 5821 in
1017 5773 1268 5821 sanctum
1334 5763 1772 5828 tabernaculum,
1815 5773 2126 5824 sanctamque

557 5875 760 5916 mensa:
811 5869 911 5918 ,tus
969 5857 1232 5924 adoleret,
1281 5867 1333 5914 et
1363 5855 1580 5920 clericis
1619 5871 1683 5912 ex
1727 5855 1984 5910 vestiario
2020 5853 2125 5924 77

2301 5657 2412 5716 Ἦν
2446 5663 2544 5731 μὲν
2567 5661 2658 5715 οὖν
2698 5662 2868 5715 πὰλαι
2933 5660 3190 5731 συνήθεια
3229 5657 3371 5712 κατὰ
3413 5655 3504 5710 τὸν
3552 5657 3793 5712 τοιοῦτον

2232 5755 2516 5826 ὲσπερινὺν
2549 5755 2899 5825 εἰσέρχεσθαι
2948 5755 3039 5806 τὸν
3097 5751 3326 5822 βασιλέα
3387 5753 3467 5812 εἰς
3511 5749 3571 5802 τὸ
3629 5749 3791 5817 ἆγιον

2239 5849 2392 5918 βῆμα
2443 5848 2538 5902 καὶ
2579 5848 2778 5918 θυμιᾷν
2801 5847 2901 5917 τὴν
2933 5847 3094 5915 ἁγίαν
3129 5843 3424 5916 τράπεζαν,
3457 5842 3694 5896 δίδοσθαί
3734 5859 3790 5895 τε
