4050 6590
504 406 577 471 99
1150 446 1161 453 κ
1712 404 1977 465 CODINI
2006 398 2532 465 CUROPALAT.E

3655 389 3756 481 ιοο

507 537 635 578 sens
674 530 778 588 est,
809 522 865 577 in
890 517 1071 590 magni
1132 517 1413 573 domestici
1467 518 1701 573 tentorio
1752 520 1897 574 tubis
1948 520 2078 571 dant

2196 517 2241 569 τὸ
2271 515 2543 584 φοσσάτον
2588 508 2978 581 εὑρισκομένου
3011 508 3091 570 εἰς
3125 506 3225 576 τὴν
3258 504 3353 559 τοῦ
3393 504 3635 576 μεγάλου
3666 503 3755 558 60-

419 603 437 625 °
511 617 711 672 castris
745 612 1029 669 movendis
1067 612 1316 681 signum:
1368 626 1605 680 cumque
1670 621 1935 681 pmsente
1983 612 2086 665 im-

432 694 435 699 λ
508 717 759 779 peratore
777 707 924 761 acies
942 706 1217 775 dirigitur,
1251 706 1429 775 magni
1456 704 1747 760 domestici
1780 720 1980 759 munus
2001 713 2087 759 est

509 801 815 869 disponere,
849 801 1070 869 quinam
1097 808 1240 859 ante.
1284 799 1377 867 qui
1409 806 1576 861 retro,
1601 798 1802 868 quique
1823 812 1887 852 ex
1921 796 2087 851 latere

508 896 794 950 stationem
831 895 1029 947 habere
1074 894 1323 948 debeant.
1346 891 1645 959 Imperator
1667 905 1794 945 vero
1813 889 2088 945 examinat

510 987 818 1056 huiusmodi
867 986 1113 1041 ordinem
1167 1000 1229 1040 ac
1271 984 1705 1054 dispositionem.

588 1246 787 1303 Omnia
819 1260 1107 1316 procerum
1138 1242 1437 1306 ﬂammula,
1470 1254 1765 1312 antequam
1794 1243 2089 1312 imperato-

510 1342 591 1395 ria
674 1338 1035 1408 explicentur,
1102 1338 1341 1391 involuta
1409 1346 1634 1389 manent
1690 1350 1867 1405 prope
1916 1336 2088 1404 impe-

511 1433 777 1488 ratorium
832 1432 1069 1501 signum,
1119 1430 1372 1499 quaelibet
1423 1429 1475 1483 in
1524 1429 1638 1481 suis
1683 1429 2090 1498 tltecis;neque

512 1526 824 1580 facultatem
860 1523 1061 1577 habent
1091 1536 1156 1576 ea
1195 1522 1348 1591 prius
1370 1521 1679 1590 explicandi
1731 1537 1896 1589 quam
1921 1521 2091 1591 expli-

518 1625 716 1670 centur
762 1613 1140 1684 imperatoria.
1191 1612 1262 1667 At
1327 1627 1559 1683 magnus
1627 1612 1962 1668 domesticus
1993 1627 2088 1683 po-

512 1716 763 1763 testatem
834 1707 999 1761 habet
1067 1704 1375 1773 explicandi
1447 1719 1568 1771 sua,
1642 1704 1867 1773 quando
1912 1704 2088 1773 lubet,

512 1799 678 1854 etiam
703 1805 831 1852 ante
860 1797 1235 1865 imperatoria.

586 1889 849 1945 Praeterea
895 1889 1115 1957 quando
1170 1894 1354 1942 castra
1402 1900 1623 1942 movere
1674 1889 2087 1955 exercitumque
2122 1878 2161 1932 ὓ

2191 605 2449 678 μεστίκου
2476 604 2669 657 τένταν
2695 600 3018 665 σαλπίζουσι
3049 599 3110 651 τὺ
3129 598 3229 667 τῆς
3254 598 3521 667 κινήσεως
3546 602 3758 666 σήμαν-

2185 717 2336 768 τρον.
2389 697 2501 750 Kal.
2535 697 2696 748 ὁπότε
2758 691 2917 763 ἡτοῠ
2965 696 3238 762 φοσσάτου
3275 690 3613 760 κατάστασις
3654 688 3755 756 ἔμ-
3860 698 3894 711 "

2189 790 2425 860 προσθεν
2470 788 2680 855 γίνεται
2734 785 2831 840 τοῦ
2894 785 3179 855 βασιλέως,
3234 782 3302 835 δι’
3335 781 3501 834 αὐτοῦ
3546 782 3603 834 δὲ
3660 778 3756 833 τοῦ

2191 880 2431 950 μεγάλου
2486 875 2809 948 δομεστίκου
2857 878 3188 945 ἐνεργεῖται,
3242 876 3407 944 ᾗγουν
3461 872 3604 936 τινες
3661 871 3759 940 μὲν

2188 971 2521 1043 ἐμπροσοεν,
2552 971 2696 1027 τίνες
2735 967 2779 1021 δ’
2812 967 2879 1020 αὖ
2931 968 2991 1019 ὲκ
3042 966 3287 1033 πλαγίων
3331 964 3638 1027 ὀφείλουσιν
3670 964 3760 1016 εύ-

2192 1063 2501 1133 ρίσκεσθαι.
2546 1060 2606 1114 '0
2652 1061 2708 1114 δὲ
2742 1060 2997 1131 βασιλεὺς
3037 1059 3311 1129 ἑπικρίνει
3358 1058 3456 1126 τὴν
3501 1054 3759 1123 τοιαύτην

2190 1156 2549 1209 κατάστασιν.

2261 1247 2342 1300 Τά
2368 1247 2475 1300 τῶν
2504 1246 2783 1317 ἀρχόντων
2837 1245 3056 1299 ἅπαντα
3083 1242 3374 1313 φλάμουλα
3419 1241 3525 1309 πρὸ
3567 1240 3661 1294 τοῦ
3691 1242 3761 1295 τά

2193 1337 2450 1409 βασιλικά
2482 1336 2913 1407 ἀποτυλιχθῆναι
2958 1334 3382 1403 ἐντετυλιγμένα
3412 1331 3762 1402 εὑρίσκονται

2193 1429 2419 1500 πλησίον
2443 1429 2538 1484 τοῦ
2573 1431 2877 1500 σκήπτρου,
2916 1428 2973 1480 ὲν
2999 1428 3121 1486 ταῖς
3146 1424 3356 1479 ἑαυτῶν
3398 1424 3629 1476 ἕκαστον
3661 1423 3761 1491 θή-

2194 1540 2341 1587 καις,
2376 1525 2472 1577 καὶ
2517 1522 2620 1575 οὐκ
2666 1522 2889 1591 ἔχουσιν
2931 1518 3020 1573 ἐπ’
3059 1518 3245 1580 ἀδείας
3287 1515 3459 1570 ταῦτα
3507 1514 3763 1569 ἁπλῶσαι

2192 1615 2299 1687 πρὸ
2332 1615 2445 1669 τῶν
2480 1614 2777 1684 βασιλικῶν
2801 1629 2815 1644 ·
2849 1615 2877 1665 6
2905 1612 2961 1665 δὲ
3009 1612 3181 1681 μέγας
3207 1609 3530 1676 δομέστικος
3574 1602 3763 1661 ἄδειαν

2193 1706 2304 1778 ἔχει
2339 1705 2654 1771 ὲξαπλῶσαι
2702 1705 2770 1757 τά
2815 1701 3035 1768 ἑαυτοῦ,
3083 1702 3169 1756 ὅτε
3216 1700 3481 1771 βούλοιτο,
3511 1699 3609 1753 καὶ
3655 1698 3764 1769 πρὸ

2192 1798 2302 1848 τῶν
2334 1793 2654 1866 βασιλικῶν.

2264 1886 2384 1939 Ἔτι
2402 1886 2564 1953 ἡνίκα
2586 1885 2770 1955 δεήσει
2793 1884 3057 1949 πεζεῦσαι
3080 1884 3141 1938 τὺ
3161 1882 3452 1953 φοσσάτον,
3481 1880 3766 1951 προαπέρο

515 1978 627 2034 alio
686 1979 954 2049 prolicisci
1003 1992 1287 2033 necessum
1336 1986 1443 2041 est,
1482 1976 1772 2045 prefectus
1810 1977 2088 2031 exercitus

2196 1995 2345 2049 χεται
2380 1978 2408 2029 6
2436 1979 2530 2030 ἐπὶ
2569 1977 2663 2031 τοῦ
2697 1976 2954 2048 στρατοῦ,
2992 1978 3088 2029 καὶ
3125 1976 3411 2043 ἐκλέγεται
3441 1974 3469 2027 6
3507 1973 3575 2028 ἂν
3604 1972 3767 2036 αὐτὸς

510 2073 809 2137 antecedit,
834 2080 889 2125 et
918 2071 1067 2140 eligit
1099 2084 1389 2139 quemnam
1432 2070 1549 2139 ipse
1601 2079 1787 2139 aptum
1838 2071 2089 2126 tentoriis

2196 2073 2457 2141 διακρίνοι
2487 2072 2928 2125 κατουνοτόπιον.
2971 2069 3102 2124 Ἐὰν
3135 2070 3233 2140 μὲν
3271 2068 3366 2123 οὖν
3394 2069 3489 2122 καὶ
3530 2069 3558 2121 6
3590 2067 3768 2138 μέγας

512 2164 625 2235 84
661 2162 891 2233 ligendis
917 2161 1245 2232 iudicaverit
1284 2162 1493 2217 locum.
1544 2159 1604 2215 Si
1648 2162 1815 2228 igitur
1859 2177 2089 2231 magnus

2196 2164 2512 2233 δομέστικος
2544 2164 2744 2236 στέρξῃ
2774 2161 2955 2227 τοῦτο,
2978 2162 3083 2233 ἤδη
3108 2161 3273 2215 καλόν
3295 2178 3311 2193 ’
3346 2161 3395 2214 εί
3424 2160 3479 2213 δὲ
3508 2159 3605 2230 μὴ,
3633 2159 3768 2213 ἔνθα

516 2273 737 2327 quoque
765 2254 1103 2311 domesticus
1130 2254 1310 2309 locum
1366 2253 1654 2323 approbet.
1701 2253 1838 2308 bene
1886 2254 2087 2311 habet:

514 2352 599 2403 sin
636 2349 838 2407 minus.
900 2355 1077 2401 castra
1123 2346 1373 2398 locantur
1406 2344 1493 2398 ubi
1542 2346 1657 2414 ipse
1693 2345 2007 2409 censuerit;
2038 2354 2092 2400 ct

521 2440 708 2493 nullus
744 2439 847 2491 iter
880 2436 977 2491 init
999 2446 1295 2505 antequam
1324 2450 1550 2503 magnus
1583 2435 1921 2492 domesticus
1966 2438 2092 2493 uni-

512 2531 715 2599 cuique
735 2529 1012 2584 llammulo
1039 2528 1458 2584 convenientem
1480 2529 1663 2584 locum
1685 2530 1948 2603 asslgnet.

590 2623 920 2691 Priusquam
968 2621 1249 2677 exercitus
1283 2620 1338 2675 in
1391 2622 1536 2675 viam
1585 2637 1649 2678 so
1690 2622 1806 2687 dat,
1859 2640 2092 2696 magnus

513 2716 847 2785 drungarius
887 2713 1087 2783 vigilite
1111 2714 1395 2768 constituit
1413 2715 1639 2771 diurnas
1666 2716 1899 2785 vigilias,
1928 2726 2093 2788 prout

513 2825 545 2863 a
584 2822 779 2877 magno
802 2806 1103 2863 domestico
1130 2805 1444 2861 ordinatum
1475 2816 1601 2872 est;
1630 2817 1689 2862 et
1719 2808 1811 2875 qui
1848 2809 2088 2865 interdiu

514 2901 769 2971 vigilant.
823 2900 1009 2961 statim
1065 2912 1125 2954 se
1178 2897 1247 2952 ad
1296 2900 1545 2970 vigiliam
1604 2900 1920 2957 conferunt.
1976 2903 2093 2958 Mo-

521 2995 599 3050 ris
638 3003 819 3049 autem
864 3003 949 3050 est
998 3003 1059 3050 ut
1099 2998 1374 3052 exercitus
1428 2995 1587 3061 levis,
1642 2995 1747 3051 boc
1796 3004 1885 3052 est.
1947 2997 2093 3051 mili-

521 3095 607 3142 tes
665 3086 799 3141 levis
862 3097 1189 3153 armaturas,
1259 3088 1357 3145 bas
1405 3088 1664 3143 excubias
1740 3087 1976 3153 obeant,
2026 3104 2093 3143 eo

522 3176 668 3247 quod
714 3192 876 3233 arcus
913 3177 1130 3245 ferant;
1183 3179 1276 3249 qui
1331 3179 1493 3234 etiam
1524 3195 1557 3235 a
1594 3179 1886 3236 nocturnis
1929 3195 2093 3236 escu-

524 3269 628 3323 biis
682 3283 897 3337 semper
941 3278 1071 3324 sunt
1121 3268 1299 3324 liberi.
1338 3269 1419 3324 Ad
1473 3269 1595 3325 illos
1641 3284 1770 3324 vero
1808 3268 1905 3341 qui
1959 3285 2090 3324 noe-

516 3370 708 3415 turnas
737 3358 953 3430 vigilias
984 3360 1159 3415 acturi
1184 3371 1332 3425 sunt,
1353 3361 1539 3417 abiens
1560 3372 1687 3417 ante
1719 3363 2089 3433 vespertinum

517 3461 734 3520 tempus
767 3466 998 3520 magnus
1038 3453 1373 3523 drungarius
1394 3456 1474 3510 sic
1502 3471 1598 3512 eos
1620 3455 1860 3511 all‘atur:
1898 3476 1922 3510 ε
1958 3457 2092 3512 Pro-

514 3559 691 3605 ceres,
712 3545 883 3613 parati
906 3552 1100 3610 estote,
1116 3554 1326 3600 canale
1365 3554 1419 3602 et
1436 3547 1561 3602 date
1582 3549 1841 3617 pabulum
1858 3550 2041 3620 equis;
2066 3568 2085 3602 ι

521 3651 758 3704 cmnque
792 3635 1125 3703 prmiinitum
1180 3636 1539 3693 excublarum
1597 3648 1811 3710 tempus
1850 3643 2091 3709 advenit,

519 3724 720 3778 emittit
750 3725 871 3780 illos
909 3738 979 3779 ex
1011 3725 1227 3781 castris.
1278 3726 1499 3794 Deinde,
1539 3729 1584 3784 si
1624 3744 1853 3799 magnus
1905 3733 2093 3787 dome-

518 3815 692 3869 sticus
723 3814 893 3878 volet,
922 3816 1056 3880 abit,
1097 3828 1155 3871 et
1197 3816 1373 3873 cuivis
1416 3818 1617 3885 locum,
1664 3822 1761 3875 ubi
1781 3825 2093 3880 consultum

511 3906 859 3975 judicaverit,
896 3908 1125 3977 ipsemet
1154 3910 1418 3981 assignat.
1455 3910 1550 3967 Sin
1594 3915 1797 3979 minus,
1836 3917 1976 3973 bane
1998 3932 2093 3974 cu"-

2118 3226 2165 3292 ϐ

2193 2254 2259 2309 ἂν
2287 2255 2443 2318 οὗτος
2495 2256 2785 2327 διακρίνοι,
2821 2256 3285 2325 βτρατοπεδεύει.
3330 2256 3441 2310 Καὶ
3468 2254 3550 2307 ὅτι
3583 2252 3765 2317 οὐδεὶς

2196 2348 2302 2417 πρὸ
2358 2347 2453 2400 τοῦ
2517 2348 2608 2401 τὸν
2658 2346 2831 2417 μέγαν
2882 2348 3202 2417 δομέστικον
3236 2348 3316 2399 ὲνὶ
3362 2347 3580 2417 ἑκάστῳ
3627 2348 3764 2417 ι’ρλα⁵

2198 2439 2382 2509 μούλῳ
2410 2442 2503 2492 τὸν
2531 2442 2888 2511 προσήκοντα
2914 2440 3103 2494 δοῦναι
3130 2438 3297 2493 τόπον
3326 2438 3569 2504 πεζεύει.

2265 2616 2381 2689 Πρδ
2417 2616 2512 2670 τοῦ
2546 2604 2813 2682 πεζεῦσαι
2830 2618 2893 2669 τὸ
2912 2617 3185 2685 φοσσάτον
3211 2614 3584 2686 ἀπερχόμενος
3608 2616 3637 2668 6
3661 2616 3762 2686 τῆς

2196 2708 2387 2780 βίγλης
2428 2711 2603 2780 μέγας
2642 2710 3007 2780 δρουγγάριος
3046 2710 3338 2780 καθίστησι
3377 2709 3434 2763 τὸ
3468 2712 3767 2779 λεγόμενον

2194 2802 2615 2873 ἡμερώίγλιον,
2658 2803 2733 2866 ὡς
2791 2805 2945 2873 παρὰ
2997 2802 3091 2857 τοῦ
3148 2803 3391 2875 μεγάλου
3442 2803 3766 2875 δομεστίκου

2196 2894 2563 2965 προσετάχθη.
2599 2895 2709 2949 Kal.
2742 2895 2791 2947 οἱ
2828 2896 2929 2964 μὲν
2961 2895 3175 2967 ἡμέρας
3225 2894 3563 2965 βιγλίσοντες
3593 2895 3770 2967 ἀπέρο

2196 3004 2384 3058 χονται
2412 2988 2492 3051 είς
2527 2986 2627 3057 τὴν
2655 2986 2847 3057 βίγλαν
2878 2988 3077 3041 αὐτίκα
3112 2988 3474 3059 (ἀπέρχεσθαι
3509 2989 3568 3041 δὲ
3599 2988 3765 3059 σύνη·

2198 3078 2289 3141 θές
2316 3080 2434 3131 ἐστι
2476 3082 2745 3146 φοσσάτον
2791 3078 3027 3149 ἐλαφρὸν
3062 3080 3152 3134 διά
3179 3079 3241 3133 τθ
3281 3080 3412 3145 τόξα
3449 3081 3639 3150 φέρειν
3670 3081 3770 3134 αὺ-

2196 3172 2354 3235 τούςο
2380 3171 2431 3224 οἳ
2460 3173 2553 3225 καὶ
2593 3172 2847 3242 οὐδαμῶς
2883 3171 3029 3225 κατά
3075 3173 3177 3241 τὴν
3205 3174 3377 3226 νύκτα
3414 3173 3765 3243 βιγλίζουσι),

2199 3262 2334 3331 πρὸς
2358 3262 2415 3316 δὲ
2449 3264 2578 3325 τοὺς
2611 3264 2773 3318 αὑτὸν
2802 3264 2895 3317 τὸν
2924 3263 3113 3334 καιρὸν
3138 3264 3239 3335 τῆς
3276 3267 3468 3330 νυκτὸς
3497 3265 3769 3335 βιγλίσον-

2195 3344 2695 3426 ταςάπερχόμενος
2721 3350 2874 3417 οὗτος
2902 3356 2966 3425 δὴ
3008 3358 3037 3410 6
3072 3357 3246 3427 μέγας
3268 3357 3632 3426 δρουγγάριος
3660 3360 3769 3428 πρὸ

2194 3447 2292 3516 τῆς
2340 3446 2436 3501 τοῦ
2468 3448 2698 3502 δειλινοῦ
2747 3449 2897 3519 ὥρας
2952 3450 3098 3519 λέγει
3132 3449 3307 3514 οὕτως
3332 3465 3345 3481 ·
3383 3468 3407 3503 ε
3446 3452 3766 3521 Ἄρχοντες,

2196 3540 2578 3610 ἐτοιμάσθητε,
2613 3542 2960 3611 δειπνήσατε,
2997 3543 3093 3596 καὶ
3129 3544 3250 3596 δότε
3296 3544 3500 3613 τροπὴν
3524 3548 3633 3606 τοῖς
3682 3545 3772 3598 ἴπ-

2198 3648 2341 3696 ποις.
2380 3651 2399 3684 ι
2439 3634 2551 3687 Καὶ
2602 3635 2733 3688 ὅταν
2794 3638 2822 3689 6
2873 3637 3211 3707 τεταγμένος
3244 3640 3345 3690 καὶ
3389 3639 3619 3709 πρέπων
3668 3643 3765 3709 τῆς

2198 3724 2395 3795 βίγλης
2419 3724 2549 3797 ἔλθῃ
2580 3728 2793 3798 καιρὸς,
2842 3727 3099 3781 ἑκόάλλει
3142 3728 3365 3791 τούτους
3400 3729 3492 3783 τού
3540 3746 3767 3802 στρατο-

2197 3818 2384 3872 πέδου.
2420 3819 2652 3874 Ἔπειτα
2683 3823 2731 3874 εί
2776 3821 2924 3891 μὲνὸ
2957 3822 3130 3892 μέγας
3157 3820 3476 3893 δομέστικος
3512 3823 3766 3895 ἐθελήσῃ,

2197 3912 2503 3981 ἀπέρχεται
2539 3912 2637 3964 καὶ
2671 3913 2858 3983 ἵστησι
2898 3914 3127 3979 τούτους
3159 3914 3228 3970 δι’
3278 3917 3492 3981 ἑαυτοῦ,
3539 3918 3676 3971 ὅπου
3702 3920 3771 3971 ἂν

519 4012 635 4050 ram
672 3997 969 4053 committit
1021 4014 1221 4069 magno
1268 4001 1593 4069 drnngario,
1636 4004 1729 4073 qui
1772 4006 1831 4059 in
1876 4007 1980 4061 Irae
2038 4024 2093 4063 re

2196 4003 2463 4073 διακρίνοι
2492 4019 2507 4035 ο
2542 4006 2591 4055 εί
2614 4004 2670 4057 δὲ
2701 4007 2795 4074 μὴ,
2826 4006 3118 4076 ἀνατίθησι
3146 4007 3223 4077 τῷ
3256 4011 3478 4081 μεγάλῳ
3502 4010 3772 4079 δρουγγα-

521 4090 850 4159 perﬁcienda
882 4093 1003 4162 ejus
1032 4094 1284 4150 minister
1311 4105 1398 4149 est
1422 4104 1478 4149 et
1512 4098 1772 4152 vicarius.
1799 4097 1967 4154 Debet
1995 4114 2093 4154 au-

2199 4095 2301 4165 ρίῳ
2326 4096 2386 4148 τὺ
2424 4096 2553 4165 περὶ
2578 4096 2788 4161 τούτου,
2816 4098 2873 4161 ὃς
2907 4101 3003 4151 καὶ
3050 4100 3316 4172 ὑπηρετεί
3347 4105 3504 4157 τοῦτο
3530 4105 3645 4157 ἀντ’
3672 4106 3770 4158 αύ-

516 4191 624 4237 tetn
666 4184 770 4238 iste
793 4184 859 4238 ad
891 4188 1182 4254 praedictas
1211 4196 1506 4242 nocturnas
1533 4191 1793 4244 excubias
1819 4205 1937 4265 sese
1966 4208 2093 4248 con-

2196 4184 2317 4240 τοῦ.
2356 4184 2589 4254 ὐφείλει
2634 4186 2691 4240 δὲ
2731 4187 2887 4251 οὗτος
2928 4190 3272 4260 ἀπέρχεσθαι
3306 4194 3443 4264 πρὸς
3489 4195 3593 4264 τὴν
3615 4198 3772 4265 εἰρην-

518 4274 683 4337 ferre,
716 4292 922 4345 easque
954 4278 1251 4332 observare
1296 4288 1351 4333 et
1383 4294 1513 4333 num
1564 4293 1712 4336 recte
1754 4298 1812 4337 se
1859 4264 2093 4339 habeant

2199 4277 2370 4347 μένην
2397 4277 2497 4346 τῆς
2530 4282 2724 4344 νυκτὸς
2755 4282 2949 4351 βίγλαν
2982 4288 3077 4337 καὶ
3107 4286 3392 4355 ἐπιτηρεῖν
3420 4289 3511 4339 καὶ
3543 4290 3772 4361 ἀνακρί-

514 4365 787 4435 judicare.
822 4366 889 4421 Et
916 4367 962 4421 si
987 4369 1206 4437 quidem
1236 4385 1404 4440 prope
1432 4372 1503 4426 sit
1528 4373 1726 4439 bostis,
1752 4390 1859 4429 non
1887 4385 2092 4431 tantum

522 4456 715 4519 semel,
737 4457 830 4509 sed
859 4466 916 4510 et
928 4457 1011 4511 bis
1036 4460 1138 4513 hoc
1158 4458 1338 4515 lacere
1368 4471 1601 4529 Oportet.
1626 4462 1683 4516 Si
1714 4479 1842 4519 vero
1868 4465 1939 4519 sit
1962 4476 2098 4519 tem-

524 4564 626 4617 pus
655 4548 857 4617 quietis
886 4556 940 4603 et
976 4549 1349 4616 relaxationis,
1381 4553 1546 4607 semel
1594 4553 1744 4609 facit.

589 4638 700 4709 85
730 4639 954 4711 Magnus
999 4641 1375 4698 adnumiastes
1407 4645 1569 4699 adest
1598 4656 1653 4701 et-
1686 4649 1826 4716 ipse,
1876 4650 2096 4719 quando

518 4730 795 4785 exercitus
841 4746 871 4785 a
907 4746 1105 4802 magno
1150 4733 1449 4791 domestico
1509 4738 1793 4794 lustratur.
1846 4740 1901 4795 Si
1942 4759 2097 4812 repe-

518 4823 736 4877 riantur
766 4822 859 4893 qui
887 4832 1108 4879 careant
1130 4825 1289 4895 equis
1323 4828 1411 4882 vel
1429 4829 1597 4883 armis
1635 4830 1932 4899 aliquibus,
1965 4850 2097 4889 cou-

516 4917 749 4987 signatis
782 4917 1102 4975 nominibus
1135 4930 1377 4977 curatnt
1406 4939 1533 4993 qua:
1554 4922 1765 4979 desunt
1797 4927 2091 4995 supplean-

519 5020 634 5065 lﬂl‘.
1342 5026 1347 5035 '

591 5186 791 5240 Omnes
834 5184 1018 5255 igitur.
1062 5185 1161 5256 ipsi
1199 5188 1361 5241 etiam
1417 5189 1764 5258 imperatoris
1805 5193 1920 5257 ﬁlii,
1963 5195 2097 5265 εἰεί.

519 5278 635 5332 lant
662 5294 785 5330 cum
821 5278 933 5331 illis
964 5294 1104 5347 quos
1134 5282 1239 5333 sub
1271 5296 1330 5334 se
1364 5284 1587 5338 habent.
1619 5284 1687 5339 At
1739 5300 1968 5357 magnus
2000 5291 2097 5342 do-

520 5370 781 5425 mesticus
822 5387 1124 5440 nunquam.
1160 5371 1319 5428 Ratio
1351 5385 1434 5427 est
1466 5374 1606 5430 ista:
1655 5377 1782 5446 quia
1814 5394 1938 5433 cum
1976 5380 2097 5450 qui-

521 5462 649 5515 libet
684 5477 749 5516 ex
783 5462 907 5517 aliis
937 5462 1255 5532 proceribus
1289 5473 1340 5518 et
1371 5466 1602 5521 ducibus
1634 5468 1706 5523 sit
1736 5477 1942 5525 tantum
1971 5488 2097 5543 pars

519 5552 816 5615 exercitus,
849 5568 1077 5623 magnus
1096 5564 1277 5608 autem
1303 5556 1639 5613 domesticus
1660 5563 1918 5617 universo
1941 5579 2098 5620 excr-

516 5645 650 5699 ritui
680 5646 930 5713 imperet,
964 5654 1019 5697 tit
1054 5648 1257 5700 dictum
1284 5660 1388 5713 est,
1420 5659 1634 5719 oportet
1662 5661 1718 5705 tit
1743 5668 1958 5723 semper
1986 5658 2098 5710 uni-

521 5753 737 5791 versum
773 5737 1072 5795 exercitum
1098 5740 1258 5794 obeat
1281 5749 1332 5795 et
1355 5757 1546 5798 omnes
1570 5743 1624 5796 in
1646 5745 1889 5801 ordinem
1915 5759 2094 5819 cogat,

523 5847 589 5884 ne
625 5832 668 5885 si
700 5830 948 5886 fortassis
987 5830 1223 5887 hostium
1268 5834 1501 5890 insultas
1545 5836 1775 5902 oriatur,
1821 5845 2095 5898 exercitus

2198 4385 2311 4422 νειν
2349 4371 2544 4441 αὐτὴν.
2580 4372 2689 4425 Καὶ
2738 4375 2788 4427 εί
2818 4375 2918 4443 μὲν
2966 4376 3134 4444 ἐγγύς
3181 4379 3295 4431 ἐστι
3340 4381 3636 4450 πολεμίων,
3672 4384 3772 4454 οὐχ

2197 4460 2347 4529 hirae
2388 4463 2574 4532 μόνον,
2599 4465 2735 4517 ἀλλά
2761 4468 2860 4518 καὶ
2890 4466 2992 4529 δίς·
3027 4469 3150 4543 εί.δ⁹
3177 4472 3410 4534 ἀνέσεως
3444 4475 3527 4544 εἴη
3555 4473 3771 4545 καιρὸς,

2130 4587 2173 4642 D
2200 4555 2349 4623 απαξ
2387 4557 2549 4610 τοῦτο
2587 4561 2753 4612 ποιεῖ.

2283 4649 2345 4702 '0
2377 4648 2432 4701 δὲ
2486 4651 2659 4719 μέγας
2695 4651 3099 4723 ἀδνουμιαστὴς
3139 4655 3235 4709 τοῦ
3273 4656 3545 4724 φοσσάτου
3580 4661 3774 4714 ἁδνουο

2205 4740 2541 4810 μιαζομένου
2571 4745 2720 4815 παρὰ
2762 4745 2854 4799 τοῦ
2901 4747 3143 4815 μεγάλου
3172 4748 3497 4818 δομεστίκου
3536 4752 3773 4824 πάρεστι

2204 4833 2302 4903 μὶν
2337 4835 2429 4887 καὶ¹
2465 4835 2627 4898 αύτός
2656 4852 2671 4868 ·
2714 4837 2808 4889 ἐὰν
2832 4838 2887 4891 δέ
2912 4854 3058 4901 τινες
3102 4832 3236 4892 ὦσιν
3268 4841 3376 4893 ἀπὸ
3416 4842 3621 4897 τούτων
3653 4861 3777 4899 ate-

2202 4922 2457 4995 ρούμενοι
2497 4927 2765 4995 ἀλόγωνῆ
2798 4929 3062 4999 ἁρμάτων
3095 4932 3281 4996 τινῶν,
3315 4935 3773 5003 ἀπογραφόμενος

2199 5012 2356 5080 οὗτος
2427 5018 2497 5072 τὰ
2565 5018 2822 5075 λείποντα
2898 5023 3241 5092 ἐπιμελεῖται
3323 5026 3773 5099 ἀναπληροῦσθαι

2197 5124 2391 5163 ταυτα.

2274 5202 2480 5265 Πάντες
2516 5204 2615 5273 μὲν
2658 5204 2772 5269 οὖν,
2803 5207 2895 5261 καὶ
2932 5209 3088 5260 αὐτοὶ
3132 5212 3179 5263 ol
3210 5210 3305 5265 τοῦ
3342 5211 3610 5280 βασιλέως
3640 5216 3770 5280 υἱοὶ,

2200 5291 2507 5360 βιγ).ίζουσι
2538 5296 2680 5365 μετὰ
2708 5297 2817 5352 τῶν
2866 5300 2957 5352 ὑπ’
2991 5302 3211 5367 αὐτοὺς,
3252 5305 3280 5358 6
3310 5304 3366 5358 δὲ
3409 5306 3582 5375 μέγας
3612 5309 3772 5378 δομέ-

2202 5401 2386 5449 στικος
2433 5387 2708 5458 οὐδαμῶς.
2752 5390 2901 5445 Ἡδὲ
2946 5395 3099 5448 αἰτία
3131 5397 3278 5451 ἐστὶν
3311 5396 3473 5466 αὓτη,
3515 5402 3596 5453 ὅτι
3642 5403 3772 5455 εκά-

2202 5492 2328 5528 στου
2379 5478 2478 5547 μὲν
2532 5480 2640 5531 τῶν
2686 5482 2967 5553 ἀρχόντων
3020 5489 3221 5559 μέρους
3275 5493 3548 5559 φοσσάτου
3595 5494 3771 5560 ὄντος,

2197 5568 2469 5638 ἄρχοντος
2516 5571 2609 5623 τοῦ
2659 5575 2900 5642 μεγάλου
2954 5578 3279 5649 δομεστίκου
3325 5584 3574 5649 καθόλου,
3627 5588 3771 5641 καθά

2197 5660 2439 5729 εἴρηται,
2466 5662 2545 5715 δεῖ
2573 5668 2824 5732 παρεῖναι
2852 5668 2939 5722 διά
2968 5670 3127 5723 τοῦτο
3176 5675 3366 5728 τοῦτον
3394 5677 3480 5728 ἀεὶ
3508 5677 3564 5729 ὲν
3606 5680 3770 5731 παντὶ

2198 5754 2276 5823 τῷ
2309 5754 2564 5826 φοσσάτῳ
2591 5757 2946 5817 διατάττοντα
2972 5767 3199 5833 πάντας,
3233 5768 3319 5821 ἴνα
3352 5769 3428 5841 μὴ
3457 5770 3646 5841 ἐφόδου
3678 5790 3773 5825 πο-

2200 5849 2402 5916 λεμίων
2436 5852 2755 5923 γενομένης,
2786 5858 2833 5909 εί
2866 5857 3039 5929 τύχοι,
3081 5863 3250 5931 χωρὶς
3281 5864 3551 5933 ἡγεμόνος
3577 5865 3638 5919 τὸ
3672 5883 3770 5918 κα-
