4050 6596
472 385 573 449 103

1675 383 1940 444 comm
1984 382 2083 444 cu
2101 337 2524 443 ROPALAm

3620 379 3724 441 104

465 501 632 554 corde
664 510 783 561 meo
809 494 1128 565 supradicto
1153 505 1343 550 sancto
1374 495 1650 567 Symbolo.
1695 498 1816 552 Ha‘c
1848 499 2030 552 omnia

2140 495 2528 564 άναθεματίζω
2587 493 2679 545 καὶ
2736 490 2932 554 αὐτὸς,
2996 492 3089 546 καὶ
3144 492 3388 544 πιστεύω
3460 491 3556 562 ὅλῃ
3619 511 3722 562 μου

464 607 550 646 me
579 592 980 645 custoditurnm
1010 590 1276 659 promitto
1300 604 1481 643 coram
1512 601 1699 645 sancta
1726 591 1817 644 Dei
1857 591 2048 643 catho-

463 683 566 736 lica
605 683 867 737 Ecclesia.
890 681 1072 735 Mense
1104 678 1170 744 N,
1209 681 1302 733 die
1323 691 1375 734 et
1395 681 1692 737 indictione.
1714 681 1780 745 N,
1821 696 1963 735 anno
1989 680 2049 733 Ν.

2155 588 2349 657 γνώμῃ
2385 591 2473 640 κατ
2506 585 2653 655 ψυχῇ
2703 585 2795 638 καὶ
2830 583 3027 655 καρδίᾳ
3066 584 3143 655 τῷ
3171 587 3557 656 προειρημένῳ
3584 587 3724 657 ἁγίῳ
3819 650 3826 664 ε

2162 680 2434 748 συμϐόλῳ.
2473 679 2660 731 Ταῦτα
2706 677 2762 730 δὲ
2797 678 2976 729 πάντα
3023 678 3391 747 ὑπισχνοῦμαι
3431 678 3724 745 φυλάττειν

464 776 697 829 ἐνώπιον
725 776 825 844 τῆς
854 775 1015 843 ἁγίας
1063 775 1156 828 τοῦ
1185 775 1318 827 Θεοῦ
1348 775 1644 844 καθολικῆς
1674 778 1768 828 καὶ
1818 775 2188 845 άποστολικῆς
2227 773 2576 843 Ἐκκλησίας.
2605 772 2760 824 Κατὰ
2791 771 2936 842 μῆνα
2963 771 3136 834 τόνδε,
3174 773 3254 834 εἰ..
3308 773 3402 836 τάς
3449 773 3634 836 τόσας,
3665 773 3724 824 ὲν

463 867 646 935 ἡμέρᾳ
677 869 768 918 καὶ
811 865 1108 918 ίνδικτιῶνι
1133 867 1282 934 τῇδε,
1311 864 1467 918 τοῦδε
1496 865 1591 918 τοῦ
1623 866 1798 929 ἔτους.
1841 884 1860 918 ι
1879 907 1894 930 ,

533 982 586 1035 Id
617 994 743 1034 vero
763 979 907 1048 quod
931 977 1089 1032 initio
1110 979 1466 1047 praescripsit.
1490 993 1684 1032 rursus
1722 976 1879 1033 factm
1921 975 2046 1031 fidei

461 1072 785 1144 professioni
811 1070 1127 1135 subscribit,
1151 1071 1283 1124 illud
1303 1069 1558 1125 nimirum
1579 1086 1595 1124 :
1618 1088 1637 1122 ι
1671 1069 1736 1123 Ν.
1759 1069 2046 1140 ἰηβιιτὶειο

465 1168 574 1220 Deo
607 1173 796 1219 nostro
831 1163 1003 1218 ﬁdelis
1050 1165 1424 1217 Romanorum
1457 1162 1770 1232 imperator,
1819 1162 1901 1215 vel
1943 1177 2038 1217 rex.

460 1259 830 1311 Romanorum
858 1297 872 1321 ,
926 1255 1142 1324 propria
1185 1271 1350 1309 manu
1395 1255 1733 1325 subscripsi,
1777 1255 2039 1323 tradoqne

465 1349 811 1405 sanctissimo
845 1361 964 1401 meo
990 1348 1213 1404 domino
1250 1355 1306 1400 et
1331 1347 1672 1401 meumenico
1717 1347 2037 1415 patriarcha:

463 1443 691 1497 domino
720 1441 784 1496 Ν.
819 1448 872 1495 et
902 1450 1126 1504 sanctae,
1160 1454 1280 1508 qua:
1311 1455 1435 1494 cum
1462 1441 1578 1510 ipso
1603 1448 1707 1506 est,
1748 1439 1975 1510 synodo.
2011 1456 2030 1489 ι

529 1642 644 1712 88
675 1639 805 1694 Post
856 1639 973 1693 haec
1003 1637 1246 1693 ascendit
1289 1637 1586 1707 imperator
1615 1636 1682 1691 ad
1737 1636 2030 1692 triclinium

367 1791 376 1800 ,
461 1738 605 1807 quod
627 1745 846 1788 vocatur
881 1731 1228 1796 Thomaites,
1283 1730 1346 1784 ad
1401 1729 1806 1798 Augusteonem
1855 1730 2033 1798 respi-

2227 971 2293 1023 ‘O
2318 968 2374 1022 δὲ
2406 967 2754 1038 προτάσσων,
2797 967 2943 1022 τοῦτ’
2969 969 3104 1023 αὐτὸ
3139 967 3301 1021 πάλιν
3335 969 3425 1024 καὶ
3459 973 3597 1039 μετὰ
3624 971 3722 1044 τὴν

2149 1063 2252 1132 τῆς
2304 1063 2543 1123 πίστεως
2572 1062 2790 1116 ἔκθεσιν
2821 1054 3146 1115 ύποτάῖτσων
3181 1064 3404 1133 γράφει,
3441 1065 3610 1134 ἤγουν
3638 1067 3720 1133 τὸ,

2155 1177 2173 1210 ε
2195 1157 2254 1210 '0
2269 1157 2419 1209 δεῖ-ια
2442 1156 2497 1207 ὲν
2515 1156 2557 1207 Χ
2567 1154 2734 1225 ριστῷ
2759 1153 2836 1224 τῷ
2858 1153 2976 1224 Θιῷ
3006 1154 3194 1216 πιστὸς
3223 1155 3476 1224 βασιλεὺς
3504 1159 3597 1210 καὶ
3626 1160 3724 1211 αύ-

2143 1249 2429 1320 τοκράτωρ
2471 1246 2783 1317 Ῥωμαίων,
2815 1247 2848 1316 ἢ
2879 1245 3138 1316 βασιλεὺς
3175 1245 3466 1316 Ῥωμαίων
3497 1289 3512 1314 ,
3545 1248 3723 1320 οἰκεία

2142 1343 2290 1412 χειρὶ
2343 1339 2621 1406 ὑποτάξας
2669 1337 3016 1408 παραδίδωμι
3047 1337 3125 1408 τῷ
3169 1343 3574 1410 παναγιωτάτῳ
3615 1358 3720 1411 μου

2141 1436 2378 1508 δεσπότῃ
2403 1438 2497 1489 καὶ
2525 1435 2892 1506 οἰκούμενικῷ
2969 1435 3293 1506 πατριάρχῃ
3346 1437 3590 1508 κυρῷ....
3627 1438 3720 1495 καὶ

2143 1531 2262 1600 μετ’
2307 1529 2469 1582 αὑτοῦ
2527 1527 2648 1599 θείᾳ
2701 1528 2800 1581 καὶ
2854 1529 2976 1599 ἱερᾷ
3011 1527 3267 1597 συνόδῳ.»

2210 1645 2364 1700 Μετὰ
2401 1643 2560 1697 τοῦτο
2596 1644 2776 1698 τοίνυν
2821 1644 3111 1713 ἀνέρχεται
3162 1645 3256 1698 ἐπὶ
3308 1647 3403 1700 τὸν
3451 1647 3721 1715 τρίκλινον

2155 1739 2246 1792 τὸν
2283 1736 2578 1806 λεγόμενον
2626 1737 2922 1807 Θιυμαῖτην
2948 1777 2963 1802 ,
3012 1740 3149 1808 πρὸς
3194 1740 3284 1792 τὸν
3314 1742 3720 1809 Αύγουστεῶνα

460 1831 645 1892 ciens,
692 1827 781 1880 ubi
830 1827 1078 1879 universa
1119 1823 1403 1877 multitudo
1446 1822 1617 1892 plebis
1641 1838 1764 1886 cum
1798 1823 2030 1877 exerciti

2151 1831 2462 1899 ἀφορῶντα,
2493 1831 2628 1884 ὅπου
2680 1830 2740 1884 τὸ
2773 1831 2978 1902 πλῆθος
3014 1831 3162 1885 ἆπαν
3194 1832 3415 1889 ἵσταται
3455 1835 3594 1904 μετὰ
3623 1839 3720 1890 τοῦ

461 1929 592 1974 stat.

531 2035 840 2100 Antequam
864 2045 992 2102 ergo
1031 2031 1327 2101 imperator
1357 2043 1415 2084 se
1439 2027 1878 2099 conSpiciendum
1906 2039 2040 2093 pra!-

457 2127 604 2190 beat,
643 2141 738 2194 per
771 2125 1005 2192 aliquem
1026 2125 1092 2177 de
1119 2136 1342 2187 senatu,
1368 2123 1457 2177 cui
1489 2121 1542 2176 id
1589 2109 1882 2190 imperator
1903 2133 2042 2188 prae-

455 2219 681 2288 ceperit,
727 2217 1004 2284 jaciuntur
1046 2216 1098 2269 in
1145 2216 1404 2285 populum
1439 2230 1501 2269 ea
1534 2229 1654 2283 quae
1688 2213 2041 2266 nominantur

454 2309 780 2382 epicombia.
803 2306 936 2373 Quae
964 2307 1096 2360 talia
1120 2316 1267 2361 sunt.
1293 2303 1547 2359 Frustilla
1569 2320 1631 2359 ex
1664 2303 1860 2374 pannis
1889 2316 2040 2356 rese-

455 2409 604 2462 cant,
641 2408 695 2452 et
733 2399 784 2450 in
815 2396 1061 2467 quolibet
1084 2404 1370 2465 segmento
1413 2395 1514 2448 tria
1549 2410 1732 2457 aurea,
1784 2399 2066 2482 argentea.

465 2492 688 2547 totidem
724 2491 1078 2555 numismata,
1103 2497 1158 2542 et
1186 2489 1284 2542 tria
1313 2503 1379 2543 ex
1415 2487 1589 2542 oholis
1621 2486 1888 2570 illigantes
1914 2497 2040 2553 pro—

447 2581 718 2653 jiciunliti
742 2580 1171 2633 multitudinem.
1199 2578 1499 2647 Projiciunt
1527 2588 1713 2631 autem
1743 2576 1929 2631 talium
1962 2575 2039 2628 fa-

453 2673 785 2727 sciculorum
818 2679 894 2723 tot
942 2670 1133 2734 millia,
1170 2679 1304 2738 quot
1351 2670 1648 2739 imperator
1695 2665 2032 2738 praceperit.

449 2760 860 2819 Consuetudine
881 2770 1155 2828 receptum
1177 2770 1259 2815 est
1291 2770 1349 2815 ut
1377 2760 1692 2830 hujusmodi
1731 2757 2032 2828 epicoinbia

448 2855 709 2924 iaciantur
747 2857 800 2908 in
832 2855 987 2909 alriis
1018 2854 1226 2924 Magnae
1257 2854 1529 2919 Ecclesiae,
1564 2870 1757 2923 nempe
1815 2854 1865 2907 in
1899 2866 2036 2921 prae-

455 2948 602 3001 dii-to
637 2951 1003 3018 Augustennc,
1049 2957 1228 3004 stante
1253 2963 1318 3004 eo
1373 2948 1464 3019 qui
1499 2948 1716 3019 projicit
1767 2949 1818 3002 in
1848 2949 2034 3019 Angu-

451 3042 662 3096 SIeonis
694 3041 971 3111 gradibus.

523 3155 652 3209 Post
677 3157 790 3210 haec
821 3171 996 3210 novus
1027 3156 1322 3225 imperator
1362 3155 1416 3209 in
1446 3165 1602 3211 scuto
1631 3156 1896 3212 sessitans
1928 3158 2026 3212 tol-

451 3251 580 3308 Iitur
609 3250 661 3303 in
695 3249 887 3310 altum,
962 3259 1010 3302 rt
1071 3249 1141 3303 ab
1201 3249 1452 3304 universa
1509 3249 1855 3304 multitudine
1893 3249 2030 3304 infra

449 3352 630 3396 stante
659 3341 1014 3410 conspicitur.
1054 3341 1408 3394 Tenentvero
1424 3342 1638 3408 priores
1654 3353 1833 3412 partes
1859 3342 2034 3414 clypel

451 3433 744 3504 imperator
777 3449 1080 3502 parensque
1116 3435 1434 3500 renuntiati,
1471 3434 1517 3487 si
1549 3433 1727 3488 adhuc
1755 3435 1824 3489 sit
1854 3436 1906 3488 in
1955 3437 2035 3488 vi-

453 3527 554 3590 vis,
584 3535 638 3578 et
663 3524 994 3594 patriarcha.
1042 3525 1224 3579 Partes
1255 3540 1283 3577 a
1333 3525 1502 3579 latere
1541 3535 1596 3578 et
1645 3535 1792 3579 retro
1841 3534 2033 3579 tenent

448 3617 542 3686 qui
580 3617 838 3686 dignitate
869 3617 1138 3686 praecipua
1167 3616 1462 3680 excellunt,
1495 3617 1746 3671 videlicet
1791 3617 2032 3686 despotic

445 3718 500 3760 et
529 3706 1024 3768 sebastocratores,
1073 3707 1118 3759 si
1162 3705 1387 3760 fuerint.
1439 3705 1534 3760 Siti
1581 3708 1786 3772 minus,
1824 3723 2026 3763 munus

448 3795 552 3850 hoc
590 3798 800 3850 obeunt
835 3799 1244 3865 prastantiores
1269 3807 1323 3852 et
1355 3797 1654 3852 nobiliores
1690 3813 1755 3852 ex
1792 3798 2031 3868 proceri-

444 3887 567 3940 bus.
601 3887 658 3940 Si
690 3903 796 3941 non
833 3899 1084 3958 superest
1116 3890 1243 3944 novi
1289 3890 1640 3960 imperatoris
1675 3901 1847 3960 pater,
1877 3898 2030 3944 antc-

443 3978 615 4034 riores
665 3990 846 4049 partes
891 3981 1066 4052 clypei
1120 3992 1264 4037 tenet
1293 3983 1658 4038 'exi-ellentior
1697 4000 1761 4038 ex
1797 3984 1903 4038 illis
1932 3983 2025 4053 qui

443 4069 496 4123 in
531 4069 794 4140 dignitate
830 4083 980 4137 sunt,
1027 4087 1122 4129 ant
1169 4076 1369 4142 aliquis
1418 4089 1486 4130 ex
1539 4075 1859 4144 proceribus
1901 4091 2024 4128 cum

444 4164 776 4230 patriarcha.
803 4163 992 4221 Partes
1017 4170 1352 4236 posteriores
1376 4176 1559 4221 tenent
1582 4167 1845 4236 quosjam
1867 4181 2026 4222 antea

441 4258 1019 4311 commemoravimus.

510 4343 623 4413 89
655 4343 861 4412 Populo
889 4354 944 4396 et
976 4345 1233 4402 universo
1277 4346 1521 4401 exercitu
1584 4345 1780 4402 faustis
1843 4347 2021 4404 accla-

441 4435 775 4490 mationibus
794 4444 1140 4504 personante,
1171 4437 1451 4492 descendit
1484 4439 1550 4493 de
1577 4448 1754 4505 scuto,
1776 4439 2025 4494 ducitur-

2057 3199 2104 3261 C

2144 1922 2440 1991 φοσσάτου.

2215 2034 2330 2105 Πρὸ
2357 2035 2452 2087 τοῦ
2481 2033 2718 2103 φανῆναι
2740 2031 2835 2110 οὖν
2865 2033 3032 2088 αὑτὸν
3059 2034 3149 2090 διά
3174 2053 3321 2101 τινος
3341 2038 3446 2092 τῶν
3480 2039 3721 2110 συγκλη-

2138 2127 2327 2192 τικῶν,
2355 2121 2398 2194 ᾧ
2433 2127 2500 2180 ἂν
2529 2125 2782 2192 ἐπιτάξαι
2815 2128 2842 2179 ὁ
2869 2127 3148 2196 βασιλεὺς,
3193 2131 3477 2199 ῥίπτονται
3511 2135 3592 2194 εἰς
3626 2133 3718 2186 τὸν

2139 2218 2270 2272 λαὸν
2328 2216 2365 2271 ἃ
2432 2217 2685 2286 λέγουσιν
2747 2217 3068 2288 ιπικόμόια.
3127 2221 3283 2273 Ἐστι
3321 2221 3391 2284 ,δὲ
3451 2223 3714 2280 τοιοῦτον.

2139 2309 2417 2379 Τμήματα
2439 2310 2505 2362 ὲκ
2536 2309 2746 2363 πανίων
2776 2309 3095 2375 κόπτοντες,
3127 2313 3220 2365 καὶ
3251 2313 3308 2366 ἐν
3340 2313 3555 2386 ἑκάστῳ
3577 2317 3718 2385 τμή-
3799 2311 3802 2314 ’

2142 2418 2277 2470 ματι
2297 2401 2613 2470 νομίσματα
2640 2403 2824 2472 χρυσᾶ
2855 2402 2957 2470 μὲν
2991 2403 3115 2474 τρία
3137 2405 3358 2476 ἀργυρᾶ
3390 2405 3447 2460 δὲ
3476 2407 3716 2461 τοσαῦτα

2140 2492 2236 2544 καὶ
2263 2491 2390 2561 τρία
2423 2491 2481 2556 ἐξ
2526 2491 2733 2544 ὀϐολῶν
2786 2491 3202 2563 περιδήσαντες,
3235 2493 3516 2565 ῥίπτουσιν
3549 2497 3628 2560 είς
3656 2498 3718 2550 τὸ

2140 2583 2363 2653 πλῆθος.
2402 2582 2680 2637 Ῥίπτουσι
2715 2583 2768 2636 δὲ
2797 2584 3076 2648 τοιούτους
3107 2587 3450 2656 άποδέσμους
3479 2587 3716 2657 ἀριθμὸν

2139 2675 2393 2743 χιλιάδων
2438 2673 2559 2726 ὅσον
2600 2675 2665 2727 ἂν
2699 2671 2994 2743 προστάξοι
3024 2675 3051 2727 ὁ
3087 2674 3358 2744 βασιλεύς.
3399 2675 3715 2746 Είοισμένον

2136 2765 2194 2819 δέ
2225 2767 2342 2818 ἐστι
2383 2765 2600 2834 ῥίπτειν
2643 2766 2711 2818 τά
2765 2766 2986 2819 τοιαῦτα
3018 2766 3317 2836 ὲπικόμϐια
3354 2769 3411 2819 ἐν
3446 2770 3558 2832 τοῖς
3583 2785 3716 2838 προι

2137 2857 2343 2920 αυλίοις
2373 2858 2464 2910 τοῦ
2498 2859 2596 2925 τῆς
2648 2859 2894 2928 μεγάλης
2936 2859 3232 2930 ἐκκλησίας
3266 2861 3414 2929 ναοῦ,
3444 2862 3611 2932 ἤγουν
3657 2865 3715 2913 ὲν

2133 2942 2178 3017 ᾧ
2216 2950 2435 3021 εἴρηται
2491 2951 2899 3019 Αὐγούστεῶνι,
2936 2952 3228 3020 ἱσταμένου
3276 2953 3372 3007 τοῦ
3430 2957 3714 3024 ρίπτοντος

2135 3040 2320 3094 ἐπάνω
2358 3041 2468 3093 τῶν
2511 3041 2606 3094 τοῦ
2639 3040 3062 3110 Δύγουστεῶνος
3098 3042 3397 3114 βαθμίδων.

2205 3155 2362 3210 Μετὰ
2396 3154 2456 3208 δὲ
2501 3153 2660 3209 τοῦτο
2701 3157 2729 3208 ό
2771 3154 2892 3216 νέος
2945 3155 3202 3226 βασιλεὺς
3241 3157 3332 3211 ἐπὶ
3383 3159 3712 3229 σκουταρίου

2136 3247 2426 3311 καθεσθεὶς
2482 3247 2771 3318 ἐπαίρεται
2833 3250 2915 3311 είς
2951 3248 3104 3315 ὕψος,
3159 3251 3254 3302 καὶ
3295 3251 3544 3319 φαίνεται
3575 3253 3713 3304 πᾶσι

2135 3342 2248 3404 τοῖς
2277 3340 2524 3394 κάτωθεν
2555 3340 2865 3408 ἱσταμένοις
2896 3340 3184 3410 πλήθεσιν.
3212 3343 3516 3412 Κατέχουσι
3545 3342 3602 3396 δὲ
3642 3346 3714 3394 τά

2137 3429 2239 3498 μὲν
2282 3428 2596 3499 ἔμπροσθεν
2621 3430 2720 3496 τῆς
2752 3429 2978 3494 ἀσπίδος
3006 3431 3167 3494 αὐτός
3200 3449 3258 3484 τι
3281 3437 3306 3486 ὀ
3334 3433 3589 3502 βασιλεὺς
3615 3443 3713 3492 καὶ

2133 3521 2315 3590 πατὴρ
2361 3519 2455 3572 τοῦ
2511 3522 3010 3592 άναγορευομίνου,
3044 3521 3138 3574 ἐὰν
3171 3523 3281 3587 ζῶν
3315 3521 3380 3597 ᾖ,
3402 3525 3499 3578 καὶ
3532 3529 3560 3580 ὁ
3609 3545 3713 3582 πα-

2132 3612 2403 3681 τριάρχης
2434 3651 2450 3676 ,
2506 3613 2575 3664 τά
2624 3611 2682 3664 δὲ
2713 3603 2804 3664 ¹ἐκ
2856 3613 3103 3681 πλαγίων
3150 3615 3244 3667 καὶ
3274 3615 3503 3670 ὄπισθεν
3539 3619 3589 3671 οί
3651 3622 3712 3672 ὲν

2133 3700 2436 3773 ἀξιώμασιν
2493 3702 2878 3773 ὑπερέχοντες,
2918 3703 3088 3774 ἦγουν
3118 3704 3378 3759 δεσπόταί
3424 3708 3517 3762 καὶ
3553 3709 3712 3762 σεϐα-

2133 3795 2522 3866 στοκράτορες,
2564 3797 2660 3848 ἑὰν
2706 3789 2864 3850 ὦσινο
2893 3800 2942 3852 εί
2971 3799 3027 3852 δὲ
3067 3799 3165 3869 μὴ,
3193 3801 3243 3853 el
3273 3800 3580 3868 κρείττονες
3615 3806 3710 3855 καὶ

2131 3888 2506 3956 εὐγενέστεροι
2552 3879 2662 3940 τῶν
2703 3889 3002 3960 ἀρχόντων.
3032 3891 3094 3943 El
3131 3889 3176 3944 δ’
3207 3893 3308 3944 οὐκ
3340 3892 3460 3946 ἔστι
3493 3895 3705 3964 πατὴρ,

2128 3981 2198 4032 τὰ
2237 3978 2337 4048 μὲν
2389 3980 2492 4047 τῆς
2522 3979 2747 4044 ἀσπίδος
2779 3981 3094 4052 ἔμπροσθεν
3132 3984 3160 4036 ὁ
3212 3985 3564 4056 ἐντιμότερος
3597 3985 3710 4038 τῶν

2127 4071 2523 4139 ἀξιωματικῶν
2573 4074 2604 4142 ἢ
2642 4073 2752 4126 τῶν
2811 4074 3090 4145 ἀρχόντων
3126 4078 3270 4146 μετὰ
3311 4077 3408 4131 τοῦ
3439 4077 3711 4149 πατριάρ-

2129 4180 2251 4233 χου,
2292 4164 2358 4216 τὰ
2389 4165 2444 4217 δέ
2481 4182 2542 4233 γε
2575 4165 2821 4232 ὄπισθεν,
2843 4166 2937 4229 οὓς
2958 4169 3208 4238 εἴπομεν.

2199 4343 2712 4413 Ἐπευφημίσαντος
2746 4345 2805 4398 δὲ
2835 4346 2929 4399 τοῦ
2963 4347 3093 4401 λαοῦ
3124 4349 3219 4403 καὶ
3251 4348 3522 4417 φοσσάτου
3568 4367 3706 4404 παν-

2127 4433 2218 4497 τὸς
2249 4435 2575 4504 κατέρχεται
2614 4437 2714 4505 μὲν
2746 4435 2880 4490 άπὸ.
2906 4439 3000 4492 τοῦ
3033 4441 3385 4510 σκουταρίου,
3416 4441 3608 4510 ἄγεται
3645 4443 3706 4496 δὲ

439 4545 545 4597 que
573 4529 639 4582 ad
673 4529 886 4584 Sancta:
905 4529 1120 4599 Sophim
1147 4531 1428 4600 templum,
1453 4532 1506 4585 in
1541 4547 1648 4601 quo
1679 4531 2024 4588 coronandus

2133 4527 2211 4588 είς
2238 4527 2332 4582 τὸν
2368 4527 2470 4595 τῆς
2504 4529 2666 4596 ἁγίας
2715 4530 2913 4599 Σοφίας
2951 4533 3100 4597 ναὸν,
3133 4534 3266 4587 ὅπου
3297 4535 3379 4587 δεῖ
3419 4535 3581 4588 αὑτὸν
3608 4540 3706 4588 καὶ

438 4628 542 4672 est.
578 4618 671 4674 Est
724 4635 904 4674 autem
956 4620 1025 4674 ibi
1071 4624 1214 4676 hunc
1249 4623 1302 4676 in
1339 4639 1497 4678 usum
1559 4623 1736 4694 lignea
1794 4624 2020 4680 rdicula

439 4718 742 4776 exstructa,
777 4711 828 4763 in
860 4726 966 4781 qua
995 4727 1193 4765 norum
1234 4713 1620 4782 imperatorem
1649 4717 2020 4773 introductum

437 4801 671 4883 induunt
697 4817 856 4857 sacco
886 4813 939 4856 et
968 4803 1299 4870 diademate,
1330 4806 1716 4877 episcoporum
1762 4807 2022 4864 benedic-

437 4893 582 4946 tione
617 4893 765 4957 prius
794 4896 1148 4950 consecratis.
1181 4895 1234 4949 ln
1263 4897 1440 4966 capite
1484 4913 1614 4952 .non
1647 4899 1747 4953 l'ert
1809 4907 2021 4954 certum

437 4984 566 5051 quid
593 5001 655 5038 ac
682 4986 960 5038 deﬁnitum
991 5022 1007 5048 ,
1054 4988 1145 5040 sed
1181 4987 1260 5042 vel
1291 4998 1521 5053 sertum,
1556 4989 1637 5044 vel
1691 4990 1819 5059 quid
1874 4988 2020 5043 aliud

441 5077 705 5130 arbitratu
739 5093 860 5130 suo.
895 5077 989 5130 llis
1014 5079 1249 5146 peractis
1283 5080 1498 5148 liturgia
1531 5083 1826 5150 peragitur.
1853 5079 2020 5135 Porro

440 5183 604 5236 prope
634 5170 918 5222 aediculam
940 5171 1081 5223 illaut
1115 5171 1374 5238 ligneam,
1395 5173 1463 5226 de
1493 5189 1596 5241 qua
1615 5171 1727 5242 jam
1757 5173 2019 5235 diximus,

436 5259 698 5313 aedificata
717 5271 798 5313 est
828 5259 1005 5331 lignea
1058 5262 1358 5316 anabathra
1397 5264 1588 5329 pannis
1619 5264 1798 5318 rubris
1826 5266 2022 5318 vestita

438 5350 489 5403 in
523 5366 627 5420 qua
659 5365 755 5415 pro
785 5366 1018 5407 numero
1072 5353 1465 5422 imperatorum
1526 5364 1803 5424 ponuntur
1869 5355 2019 5408 aurei

441 5438 643 5504 throni,
687 5449 740 5490 at
773 5455 880 5493 non
918 5441 1051 5496 tales
1089 5443 1276 5510 quales
1302 5451 1432 5498 sunt
1462 5444 1554 5498 alii
1621 5443 2016 5512 imperatorum

437 5527 646 5593 throni,
679 5531 771 5584 sed
805 5531 940 5584 adeo
997 5535 1198 5588 excelsi
1251 5542 1312 5590 ut
1369 5533 1600 5589 habeant
1651 5545 1883 5602 quatuor
1937 5533 2020 5587 vel

436 5622 677 5693 quinque
710 5626 931 5694 gradus,
953 5626 1003 5679 in
1029 5627 1227 5695 quibus
1255 5629 1462 5698 egressi
1481 5643 1543 5683 ex
1581 5628 1755 5698 lignea
1795 5628 2018 5682 wdieula

437 5724 812 5783 imperatores,
851 5717 896 5772 si
938 5734 1043 5771 non
1071 5733 1207 5773 unus
1232 5721 1322 5773 sed
1351 5724 1530 5790 plures
1585 5720 1814 5786 fuerint,
1885 5720 2020 5774 resi-

435 5805 585 5860 dent.
622 5809 936 5866 Aseendunt
972 5822 1020 5868 et
1049 5829 1170 5867 cum
1199 5813 1304 5867 illis
1331 5813 1566 5870 domina:
1600 5829 1796 5869 uxores
1831 5827 2016 5868 eorum

1781 5975 1799 6004 Ι

2126 4619 2557 4688 στεφϐήσεσθαι.
2602 4619 2870 4692 ’Υπάρχει
2923 4624 2980 4676 δὲ
3032 4625 3214 4678 ἐκεῖσε
3251 4642 3704 4697 προκατεσκευα-

2127 4714 2324 4780 σμένον
2378 4710 2588 4776 ξύλινον
2627 4717 2832 4786 οῗκημα
2891 4717 3089 4786 μικρὸν
3144 4719 3305 4774 ἕνεκα
3361 4722 3463 4792 τῆς
3513 4725 3704 4793 χρείας

2122 4800 2350 4871 ταύτηςο
2381 4805 2458 4867 είς
2488 4805 2514 4856 ὃ
2551 4805 2765 4869 ξύλινον
2819 4811 3024 4879 οἴκημα
3080 4812 3398 4878 είσάγοντες
3446 4815 3538 4866 τὸν
3579 4815 3702 4866 νέον

2124 4893 2354 4962 βασιλέα
2385 4895 2632 4948 ἐνδύουσι
2662 4898 2753 4949 τὸν
2807 4900 3017 4953 σάκκον
3050 4903 3146 4955 καὶ
3175 4904 3234 4956 τὸ
3259 4904 3518 4974 διάδημα,
3546 4906 3700 4958 εὐλο-

2122 4984 2369 5053 γούμενα
2400 4986 2506 5038 ὑπὸ
2548 4988 2656 5039 τῶν
2687 4988 3011 5062 ἀρχιερέων.
3059 4994 3186 5048 Ἐπὶ
3217 4995 3272 5048 δὲ
3305 4997 3404 5064 τῆς
3454 4998 3700 5068 κεφαλῆς

2121 5073 2288 5128 αὑτοῦ
2328 5076 2389 5128 ού
2438 5081 2830 5148 νενομισμένον
2881 5100 2934 5134 τι
2969 5086 3148 5154 φορεῖ,
3180 5084 3296 5138 ἀλλ’
3354 5085 3385 5158 ἢ
3431 5088 3700 5155 στέφανον

2121 5165 2154 5234 ἢ
2184 5166 2372 5235 ἕτερον
2401 5168 2427 5219 ὅ
2459 5183 2509 5220 τι
2541 5169 2607 5222 ἂν
2657 5169 2802 5242 δόξῃ.
2838 5171 3058 5226 Τούτων
3088 5174 3144 5227 δὲ
3193 5179 3494 5245 γινομένων
3525 5178 3702 5232 τελεῖ.

2119 5259 2278 5330 ταιή
2326 5259 2658 5331 λειτουργία.
2715 5263 2951 5330 Πλησίον
2998 5264 3055 5318 δὲ
3108 5258 3168 5318 οὗ
3197 5265 3423 5335 εἴπομεν
3483 5268 3694 5334 ξυλίνου

2119 5353 2418 5422 οἰκήματος
2473 5360 2948 5424 κατασκευάζεται
3001 5363 3064 5414 ὲκ
3122 5363 3294 5426 ξύλων
3349 5365 3549 5434 ὁμοίοις
3599 5369 3695 5420 καὶ

2119 5445 2426 5516 ἀναῦάθρα,
2469 5449 2566 5500 καὶ
2598 5449 2845 5503 ἐνδύουσι
2896 5453 3099 5524 ταύτην
3149 5455 3417 5510 πάντοθεν
3440 5456 3527 5510 διά
3565 5457 3697 5526 βλα-

2118 5538 2247 5591 τίων
2277 5539 2548 5610 ὲρυΟρῶν.
2587 5542 2801 5597 Ἐπάνω
2841 5545 2896 5597 δὲ
2923 5545 3130 5617 ταύτης
3163 5547 3405 5602 τίθενται
3430 5551 3573 5605 κατὰ
3598 5553 3694 5605 τὸν
3744 5580 3746 5582 τ

2119 5631 2351 5700 ἀριθμὸν
2404 5633 2512 5686 τῶν
2552 5633 2816 5702 βασιλέων
2865 5630 3045 5706 θρόνοι
3096 5645 3316 5710 χρυσοῖ,
3365 5645 3429 5694 ού
3462 5645 3692 5699 τοιοῦτοι

2120 5723 2176 5776 δὲ
2205 5725 2380 5777 ὁποῖοί
2419 5725 2527 5777 alat
2557 5730 2650 5779 καὶ
2679 5729 2829 5782 ἄλλοι
2867 5730 3049 5801 θρόνοι
3079 5735 3188 5786 τῶν
3224 5735 3518 5802 βασιλέων,
3552 5736 3690 5791 άὲλὰ

2120 5814 2374 5868 τοσοῦτον
2413 5815 2607 5886 ὑψηλοὶ
2654 5818 2796 5874 ὥστε
2854 5822 2998 5893 ἔχειν
3032 5824 3300 5894 βαθμίδας
3337 5827 3377 5880 δ’
3411 5828 3444 5896 ἦ
3495 5830 3589 5881 καὶ
3622 5827 3686 5884 ε’.
