4050 6600
538 391 653 454 ιστ

1756 386 2030 448 'CODINI
2064 387 2588 450 CUROPALATE

3704 387 3806 452 108

535 501 760 558 inﬁxos.
787 498 843 554 Si
869 498 1030 553 vidua
1059 498 1153 562 sit.
1186 512 1399 553 ramum
1429 497 1650 569 quidem
1687 509 1742 555 et
1767 509 1919 555 stans
1945 511 1998 554 et
2035 515 2104 554 se

2228 502 2366 570 μένα
2424 501 2709 554 κυκλόθεν.
2749 501 2810 554 Ei
2864 501 2920 554 δὲ
2979 499 3131 572 τύχηι
3196 499 3331 555 οὖσα
3386 501 3561 572 χήρα,
3595 503 3656 554 τδ
3708 506 3812 571 μὲν

538 594 672 646 tlens
721 601 886 650 tenet.
919 589 1033 643 .fert
1085 606 1211 644 vero
1243 591 1618 644 indumentum
1679 593 1915 660 nigrum,
1977 591 2120 660 quod

542 684 826 738 liimatium
850 682 1153 751 appellatur
1177 693 1231 737 et
1303 683 1590 752 niaudyam
1644 682 1844 736 coloris
1870 683 2120 737 violacei.

537 766 767 826 Aiuova
821 772 1134 842 imperati-ix
1191 781 1343 826 stans
1398 781 1452 826 et
1511 773 1649 842 ipsa,
1708 783 1761 826 et
1815 781 2119 826 sustentata

533 863 796 930 utrinque
855 878 885 916 ιι
971 863 1450 932 propinquissimis
1507 864 1772 932 cognatis,
1833 863 1878 915 si
1939 872 2120 915 autem

529 952 790 1022 cognatis
814 953 1134 1022 propinquis
1161 963 1214 1006 et
1273 955 1527 1023 genuinis
1579 964 1786 1018 careat,
1814 969 1842 1006 a
1911 953 2123 1006 duobus

534 1047 826 1110 eunuchis,
846 1046 1125 1101 descendit
1140 1063 1203 1100 ex
1236 1047 1534 1099 anabathra
1553 1056 1606 1101 et
1630 1048 1852 1100 veniens
1871 1045 1980 1116 92
2013 1052 2123 1099 stat

532 1149 660 1192 ante
687 1139 918 1193 soleam.
950 1138 1293 1193 Descendens
1325 1138 1487 1208 igitur
1519 1139 1586 1192 de
1615 1139 1847 1192 amboue
1881 1139 2124 1207 impera-

538 1229 622 1281 tor
672 1231 902 1284 niaritus
923 1230 1065 1298 ejus,
1115 1239 1395 1298 acet-ptum
1459 1245 1524 1282 ex
1580 1229 1900 1297 patriarcha:
1957 1243 2120 1282 manu

539 1319 690 1383 prius
743 1321 1088 1373 benedictum
1145 1330 1374 1373 stemma
1431 1319 1658 1388 imponit
1712 1318 1872 1387 capiti
1933 1319 2121 1371 uxoris

538 1425 673 1474 sum,
703 1427 808 1464 non
839 1411 957 1481 ejus
987 1410 1177 1464 formai
1193 1413 1354 1479 cujus
1378 1422 1458 1464 est
1489 1420 1716 1464 stemma
1750 1409 2118 1478 imperatoris,

533 1507 626 1555 sed
649 1505 894 1569 alterius,
925 1505 1065 1572 quod
1101 1506 1252 1571 prius
1282 1503 1422 1556 hanc
1468 1502 1522 1556 in
1583 1492 1700 1556 rem
1753 1508 2118 1569 praeparatum

525 1594 707 1647 Iertur
738 1604 792 1648 et
827 1597 997 1664 ipsum
1033 1594 1168 1648 vela
1205 1594 1458 1664 genuinis
1509 1593 1756 1662 cognatis
1781 1593 1862 1648 vel
1891 1608 1922 1647 a
1984 1592 2122 1646 duo-

529 1684 636 1738 bus
667 1687 960 1741 eunuchis.
998 1686 1115 1752 Illa,
1150 1693 1435 1739 stemmate
1469 1685 1812 1753 imperatoris
1843 1697 1899 1738 et
1923 1683 2119 1754 conju-

524 1784 615 1848 gis
641 1783 725 1834 sui
761 1795 922 1834 manu
951 1781 1114 1848 capiti
1143 1780 1422 1849 imposito,
1457 1782 1660 1833 statim
1691 1779 1882 1833 adorat
1942 1779 2119 1847 impe-

2228 595 2384 661 βάῖον
2431 593 2658 662 κατέχει
2711 594 2806 646 καὶ
2851 595 3118 662 ἱσταμένη
3170 595 3266 645 καὶ
3295 594 3622 662 καθημένη,
3656 597 3815 661 φορεῖ

2224 681 2280 734 δὲ
2327 681 2533 751 ἔνδυμα
2585 681 2755 750 μέλαν
2811 682 3111 750 λεγόμενον
3144 683 3360 750 ἱμάτιον
3413 682 3508 736 καὶ
3561 683 3814 751 μανδύαν

2223 776 2371 841 ὀξύν.
2412 779 2477 830 'll
2532 778 2589 830 δὲ
2645 777 2741 829 νέα
2801 777 3016 848 βασιλὶς
3051 778 3321 845 ισταμένη
3379 777 3476 830 καλ⁸
3504 777 3667 848 αὑτὴ,
3713 780 3814 831 καὶ

2225 870 2570 937 κατεχομένη
2604 867 2660 934 ἐξ
2697 868 2978 936 ἑκατέρων
3029 867 3138 919 τῶν
3191 867 3377 938 μερῶν
3410 867 3515 920 ὑπὸ
3557 868 3652 920 δύο
3681 885 3817 935 συγ-

2227 961 2408 1025 γενῶν
2461 961 2570 1011 τῶν
2638 960 3052 1028 γνησιωτάτων,
3099 959 3132 1027 ἦ
3186 960 3342 1028 εἰμὴ
3375 957 3488 1027 ἔχει
3525 967 3812 1030 γνησίους.

2227 1049 2319 1101 ὑπ’
2349 1050 2624 1119 εὐνούχων
2677 1049 2790 1112 δύο,
2825 1051 3153 1118 κατέρχεται
3201 1051 3308 1101 ἀπὸ
3338 1050 3436 1116 τῆς
3466 1050 3813 1116 ἁναὸἀθραο,

2225 1143 2321 1194 καὶ
2348 1127 2619 1212 ἐρχομένη
2667 1142 2886 1194 ἵσταται
2923 1141 3030 1210 πρὸ
3059 1140 3154 1192 τοῦ
3185 1140 3413 1194 σωλέου.
3452 1141 3815 1210 Κατερχόμε-

2225 1252 2315 1297 νος
2344 1233 2440 1287 οὖν
2468 1232 2563 1286 τοῦ
2620 1234 2874 1304 ᾶμϐωνος
2901 1235 2929 1285 ό
2977 1234 3237 1303 βασιλεὺς
3283 1234 3379 1286 καὶ
3425 1234 3566 1301 ἀνὴρ
3615 1233 3812 1298 αὐτῆς,

2224 1327 2497 1396 λαμϐάνει
2527 1325 2634 1378 ἀπὸ
2677 1325 2778 1394 τῆς
2820 1324 2914 1376 τοῦ
2948 1325 3299 1394 πατριάρχου
3329 1325 3509 1393 χειρὸς
3539 1323 3599 1376 τὸ
3639 1324 3811 1390 στέμ-

2231 1435 2309 1486 μα
2339 1416 2632 1484 εὐλογηθὲν
2683 1418 2946 1486 πρότερον
3001 1416 3129 1485 παρ’
3181 1415 3373 1478 αὑτοῦ,
3405 1417 3497 1466 καὶ
3528 1413 3811 1480 ἐπιτίθησι

2223 1511 2288 1579 τῇ
2326 1510 2539 1578 κεφαλῇ
2575 1511 2673 1578 τῆς
2704 1507 2903 1560 ἑαυτοῦ
2938 1508 3221 1576 γυναικὶς,
3257 1507 3355 1578 οὐχ
3385 1507 3574 1576 ὅμοιον
3615 1505 3684 1574 τῷ
3716 1502 3808 1556 τοῦ

2225 1600 2515 1670 βασιλέως,
2562 1600 2678 1652 ἀλλ’
2726 1601 2913 1670 ἕτερόν
2967 1618 3019 1653 τι
3057 1604 3243 1670 σχῆμα
3301 1599 3811 1670 προητοιμασμένον

2223 1693 2492 1763 ὑπάρχον,
2541 1695 2635 1746 καὶ
2666 1693 3076 1763 βασταζόμενον
3131 1695 3226 1746 καὶ
3277 1693 3410 1748 αὐτὸ
3461 1692 3494 1763 ἢ
3541 1691 3647 1743 ὑπὸ
3677 1708 3810 1760 γνη-

2224 1778 2378 1843 σίων,
2431 1779 2507 1842 ὡς
2545 1779 2762 1849 εἴρηται
2788 1822 2802 1846 ,
2862 1781 3151 1848 συγγενῶν
3187 1781 3359 1850 αὐτῆς
3390 1781 3422 1850 ἢ
3463 1779 3565 1832 sua
3594 1778 3686 1830 δύο
3725 1778 3812 1829 eo-

529 1882 847 1926 ratoremct
906 1874 1194 1940 coiijugem
1255 1887 1439 1934 suum,
1493 1875 1648 1939 quasi
1727 1886 1822 1938 per
1891 1871 2104 1925 delatan

2230 1873 2456 1942 νούχων.
2519 1875 2583 1926 Ἡ
2621 1876 2678 1928 δὲ
2735 1876 3081 1938 ἐπιτεθέντος
3132 1878 3199 1945 τῇ
3251 1875 3466 1945 κεφαλῇ
3505 1873 3675 1943 αὐτῆς
3710 1871 3807 1922 τοῦ

529 1966 892 2017 reverentiam
928 1974 1114 2033 aperte
1141 1963 1367 2017 fateatur
1403 1980 1461 2017 sc
1489 1964 1562 2016 illi
1619 1963 1924 2032 subjecmm
1969 1977 2112 2018 esse.

519 2056 596 2109 At
620 2058 928 2125 patriarcha
959 2071 1126 2126 prope
1179 2056 1384 2111 soleam
1419 2065 1572 2109 stans
1625 2066 1679 2110 et
1748 2058 1861 2125 ipse
1917 2056 2115 2110 recitat

523 2151 754 2203 alteram
787 2151 1090 2204 orationem
1140 2166 1236 2219 pro
1268 2150 1596 2218 imperatore
1648 2161 1701 2204 et
1762 2131 2112 2219 imperatrice

514 2243 788 2319 omnique
823 2241 1023 2311 populo
1059 2242 1304 2295 subdito.

2217 1966 2534 2037 στέμματος
2567 1969 2724 2038 παρὰ
2755 1969 2852 2038 τῆς
2883 1969 2975 2022 τοῦ
3011 1969 3282 2039 βασιλέως
3334 1969 3431 2021 καὶ
3485 1967 3676 2035 ἀνδρὸς
3711 1965 3808 2016 αὑ-

2215 2059 2316 2127 τῆς
2360 2060 2544 2130 χειρὸς
2596 2060 2758 2122 εὐθὺς
2791 2063 3094 2128 προσκυνεῖ
3122 2061 3215 2112 τὸν
3248 2058 3476 2128 βασιλέα
3507 2057 3600 2110 καὶ
3637 2055 3810 2122 ἄνδρα

2215 2150 2408 2218 αὐτῆς,
2445 2150 2636 2222 ῶσπερ
2689 2151 3029 2221 ὁμολογοῦσα
3085 2153 3174 2206 διὰ
3225 2152 3325 2220 τῆς
3379 2149 3808 2220 προσκυνήσεως

2215 2241 2307 2294 ὑπ’
2337 2241 2503 2294 αὑτὸν
2539 2237 2679 2294 εἶναι
2730 2243 2822 2295 καὶ
2859 2241 3234 2310 ὑποτετάχθαι
3279 2240 3447 2310 αὐτῷ.
3493 2239 3553 2291 Ὀ
3600 2237 3655 2290 δὲ
3699 2254 3806 2288 πα-

518 2337 795 2408 τριάρχης
820 2336 1054 2407 πλησίον
1078 2336 1172 2390 τοῦ
1204 2338 1434 2406 σωλεῖου
1469 2337 1759 2406 ἱστάμενος
1792 2338 1886 2388 καὶ
1914 2336 2076 2400 αὐτὸς
2116 2337 2482 2406 ἀναγινώσκει
2513 2339 2707 2408 ἑτέραν
2736 2337 2894 2400 αὖθις
2939 2336 3104 2407 εὐχὴν
3141 2336 3286 2404 ὑπέρ
3310 2352 3370 2388 τε
3402 2333 3496 2387 τοῦ
3533 2324 3804 2404 βασιλέως

532 2434 631 2483 καὶ
668 2431 772 2498 τῆς
803 2429 1076 2501 βασιλίδος
1103 2432 1201 2482 καὶ
1242 2431 1445 2494 παντὸς
1489 2429 1583 2482 τοῦ
1618 2429 1862 2498 ὑπηκόου
1889 2429 2043 2483 λαοῦ.

587 2525 657 2579 Ει
681 2527 759 2580 sic
789 2527 1008 2594 quidem
1041 2533 1338 2580 coronatus
1369 2526 1668 2595 imperator
1700 2535 1924 2579 coronat
1950 2527 2112 2579 etiam

511 2621 800 2688 npropriant
853 2633 1103 2672 uxorein.
1169 2616 1226 2670 Si
1277 2620 1572 2686 imperator
1628 2617 1781 2686 prius
1821 2629 2116 2672 coronatus

516 2711 713 2772 (tuerit,
737 2720 1036 2763 coronatur
1062 2711 1376 2777 imperati-ix
1404 2724 1431 2760 a
1465 2711 1696 2778 proprio
1745 2710 1978 2780 conjuge
2011 2726 2114 2764 suo

513 2814 580 2856 et
618 2803 970 2870 imperatore,
999 2809 1219 2868 quando
1251 2801 1412 2853 ducta
1463 2800 1548 2852 illa
1579 2800 1632 2852 in
1698 2815 1924 2854 uxorem
1981 2815 2112 2869 nup-

507 2895 706 2947 ‘tialem
740 2893 1138 2947 solemnitatem
1164 2893 1402 2962 peragit.

589 3073 646 3130 Si
695 3085 898 3142 autem,
933 3085 991 3130 ut
1025 3075 1402 3144 praadiximus,
1441 3075 1568 3138 ﬁat,
1608 3084 1897 3146 postquam
1934 3090 2110 3131 novus

509 3167 816 3236 imperator
849 3168 1123 3238 propriam
1164 3185 1390 3222 uxorein
1439 3183 1493 3223 et
1555 3170 1958 3237 imperatricem
2019 3184 2112 3224 co-

511 3258 751 3324 ronavit,
771 3269 823 3312 et
852 3272 1137 3330 postquam
1174 3261 1261 3314 illa
1286 3263 1534 3314 eumdem
1559 3262 1736 3315 dehita
1797 3261 2102 3315 veneratio-

508 3367 586 3404 .ne
634 3351 837 3418 aﬂecit,
872 3355 1228 3408 ascendentes
1283 3355 1446 3408 simul
1505 3355 1556 3408 in
1590 3356 1954 3409 auabathram
2002 3371 2100 3410 seu

503 3445 844 3510 ιειιωιυιυιιι,
882 3448 1068 3500 rursus
1089 3447 1376 3502 consident
1422 3450 1474 3499 iu
1527 3447 1766 3514 tlironis,
1805 3449 2103 3518 imperator

515 3535 738 3604 quidem
764 3545 955 3589 tenens
993 3550 1210 3590 crucem
1247 3539 1542 3605 (secptrunt
1562 3537 1771 3606 suum),
1799 3551 1937 3590 nova
1970 3551 2100 3592 vero

507 3627 839 3696 imperatrix
867 3643 1075 3681 rammn
1104 3643 1198 3681 seu
1227 3628 1480 3696 palmam,
1513 3638 1570 3681 ut
1595 3638 1749 3681 antea
1771 3637 2052 3681 ostensum
2082 3641 2098 3691 ;

506 3719 757 3788 dumque
778 3718 886 3788 93
912 3721 1241 3789 mystagogia
1276 3719 1572 3788 peragitur,
1605 3719 1961 3787 imperatores
2015 3733 2100 3772 se-

509 3816 670 3866 dent.
688 3810 1316 3880 Atdecantatotrisagio,
1340 3811 1422 3864 vel
1455 3809 1772 3879 apostolicis
1799 3808 2099 3878 Scripturis

503 3903 825 3971 divinisque
851 3899 1157 3971 Evangeliis
1213 3902 1391 3967 lectis,
1425 3912 1657 3971 surgunt
1696 3910 1752 3955 et
1792 3900 1916 3970 ipsi.
1958 3901 2094 3955 Cum

504 4005 698 4049 autem
729 4005 958 4062 utraque
988 4009 1052 4048 ex
1096 4003 1250 4064 parte
1287 3995 1470 4063 templi
1523 3996 1715 4063 lignea:
1777 3994 2094 4047 anabathra;

519 4089 668 4142 hunc
699 4089 876 4157 ipsum
903 4087 956 4139 in
995 4101 1153 4140 usum
1183 4096 1477 4139 exstruch
1505 4087 1637 4150 sint,
1675 4084 1795 4138 illas
1829 4091 2098 4151 oecupaut

505 4183 869 4248 ,prOtopsalta:
895 4187 950 4230 et
981 4178 1265 4230 domestici
1297 4184 1352 4230 et
1413 4176 1668 4239 lectores,
1719 4189 1858 4243 quos
1927 4173 2092 4227 reteri

487 4273 670 4322 auore
700 4269 752 4320 in
798 4265 1108 4334 hujusmodi
1151 4263 1498 4333 panegyricis
1533 4263 1684 4318 festis
1723 4276 1776 4318 et
1833 4262 2097 4317 initiatio-

513 4361 680 4412 nibus
700 4358 1024 4411 clamatores
1047 4364 1264 4420 vocant,
1285 4356 1380 4424 qui
1406 4365 1610 4409 canunt
1667 4358 1875 4410 cantica
1946 4373 2096 4427 qua:-

511 4452 637 4504 dam
669 4448 1048 4503 hucvfacientia
1073 4458 1126 4500 et
1148 4447 1585 4516 accommodata;
1615 4450 1706 4518 qui
1746 4459 1977 4518 utraque
2026 4469 2093 4506 ex

2288 2525 2396 2578 Καὶ
2425 2521 2570 2577 οὕτω
2601 2523 2701 2593 μὲν
2755 2521 3088 2590 στεφόμενος
3117 2524 3145 2575 ὁ
3187 2521 3442 2592 βασιλεὺς
3485 2523 3670 2591 στέφει
3703 2524 3800 2577 καὶ

2217 2621 2316 2686 τὴν
2350 2615 2488 2668 ίδίαν
2514 2613 2680 2666 αὐτοῦ
2728 2617 2984 2680 γυναῖκα⁶
3025 2614 3074 2666 εί
3106 2612 3162 2664 δὲ
3193 2614 3373 2683 συμϐῇ
3421 2617 3800 2684 προεστεμμέο

2215 2727 2307 2761 νον
2329 2704 2470 2760 εἶναι
2520 2707 2612 2759 τὸν
2673 2706 2923 2776 βασιλέα,
2973 2709 3232 2776 στέφεται
3293 2709 3326 2776 ὴ
3389 2708 3606 2777 βασιλὶς
3644 2711 3800 2779 παρὰ

2219 2799 2314 2852 τοῦ
2349 2799 2484 2852 ίδίου
2515 2798 2708 2870 ἀνδρὸς
2744 2800 2839 2852 καὶ
2876 2799 3145 2869 βασιλέως
3172 2801 3396 2869 ὁμοίως,
3424 2802 3554 2854 ὅταν
3598 2804 3720 2855 ἁνα-
3742 2803 3798 2854 ό-

2223 2907 2385 2960 μενος
2437 2891 2606 2960 αὐτὴν
2669 2893 2748 2956 εἰς
2801 2897 3040 2961 γυναῖκα
3101 2895 3324 2965 ἐπιτελῇ
3368 2896 3465 2966 τὴν
3501 2899 3797 2965 ὲπιγὰμιον

2218 2980 2466 3050 τελετήν.

2295 3073 2394 3125 ‘Av
2431 3073 2488 3125 δὲ
2533 3071 2607 3134 ὡς
2643 3071 2982 3142 προείπομεν
3011 3073 3282 3143 γένηται,
3314 3073 3456 3142 μετὰ
3495 3074 3556 3125 τὸ
3603 3074 3794 3143 στέψαι

2223 3165 2324 3234 μὲν
2369 3165 2462 3217 τὸν
2501 3165 2618 3218 νέον
2665 3165 2892 3232 βασιλέα
2924 3165 3020 3236 τὴν
3059 3165 3200 3218 ίδίαν
3230 3168 3464 3233 γυναῖκα
3509 3165 3606 3218 καὶ
3641 3166 3795 3232 βασι-

2213 3257 2354 3322 λίδα,
2390 3258 2608 3328 ἐκείνην
2640 3258 2696 3311 δὲ
2723 3297 2737 3322 ,
2774 3258 2848 3320 ὼς
2907 3259 3147 3328 εἴρηται,
3200 3261 3572 3328 προσκυνῆσαι
3607 3299 3621 3322 ,
3663 3260 3794 3310 ἀνα-

2208 3349 2416 3409 ϐάντες
2449 3352 2542 3400 καὶ
2571 3351 2619 3400 οἱ
2647 3347 2740 3400 δύο
2789 3351 2868 3412 είς
2901 3350 3004 3419 τὴν
3035 3350 3352 3419 ὰναὸάθραν
3396 3349 3660 3418 κάθηνται
3690 3345 3789 3400 αὖ-

2208 3442 2292 3505 θις
2331 3444 2423 3494 ἐπὶ
2455 3441 2546 3494 τὸν
2592 3443 2806 3512 θρόνον,
2843 3445 2870 3495 ὁ
2914 3443 3014 3512 μὲν
3041 3442 3298 3513 βασιλεὺς
3343 3443 3591 3512 κατέχων
3625 3459 3790 3494 σταυ-

2206 3535 2322 3605 ρὸν,
2357 3537 2390 3605 ἡ
2413 3535 2471 3587 δὲ
2501 3536 2596 3588 νέα
2628 3535 2844 3605 βασιλὶς
2874 3535 3047 3605 βαῖον,
3078 3539 3220 3588 κατὰ
3249 3537 3312 3590 τὸ
3336 3539 3646 3606 εἰρημένον.
3681 3539 3790 3590 Καὶ

2202 3626 2298 3696 τῆς
2345 3627 2444 3696 μὲν
2511 3627 2679 3697 ἄλλης
2727 3628 3118 3698 μυσταγωγίας
3165 3630 3458 3700 γινομένης
3523 3629 3788 3699 κάθηνται

2201 3721 2252 3772 oi
2280 3719 2548 3790 βασιλεῖς,
2578 3722 2674 3774 τοῦ
2697 3723 2988 3793 τρισαγίου
3017 3724 3075 3775 δὲ
3105 3721 3282 3792 ὕμνου
3314 3724 3578 3794 ᾀδομένου
3611 3724 3644 3794 ἦ
3677 3724 3786 3778 τῶν

2201 3817 2583 3871 ἀποστολικῶν
2641 3819 2879 3890 Γραφῶν
2944 3821 2976 3892 ἢ
3041 3821 3154 3875 τῶν
3217 3821 3380 3874 θείων
3430 3820 3784 3890 Εὑαγγελίων

2201 3911 2737 3979 ἀναγινωσκομένων
2795 3913 3118 3966 ἀνίστανται
3159 3915 3253 3965 καὶ
3301 3913 3478 3968 αὐτοί.
3525 3914 3613 3978 Ἐξ
3650 3915 3780 3966 ἐκα-

2200 4004 2372 4071 τέρων
2401 4003 2458 4056 δὲ
2483 4006 2668 4073 μερῶν
2696 4005 2792 4057 τοῦ
2815 4007 2948 4057 ναοῦ
2980 4005 3211 4072 ξυλίνων
3239 4007 3418 4059 οὐσῶν
3450 4007 3783 4076 ἁναὸαθρῶν

2200 4093 2287 4145 ἐπ’
2319 4094 2451 4145 αὑτὸ
2503 4095 2665 4147 τοῦτο
2713 4098 3140 4168 πεποιημένων,
3195 4098 3475 4168 ίστάμενοι
3521 4101 3704 4153 ἐπάνω
3730 4101 3787 4153 οἵ

2197 4201 2256 4238 τε
2291 4185 2686 4254 πρωτοψάλται
2737 4193 2832 4240 καὶ
2859 4193 2910 4242 οί
2944 4189 3262 4257 δομέστικοι
3301 4196 3396 4244 καὶ
3429 4193 3480 4244 oi
3526 4193 3780 4257 ἀναγνῶ·

2202 4294 2348 4344 σται,
2389 4277 2483 4342 οὓς
2521 4278 2581 4344 ἐξ
2613 4281 2772 4344 ἔθους
2805 4281 3040 4334 παλαιοῦ
3075 4284 3319 4353 κράκτας
3356 4285 3414 4335 ἐν
3438 4285 3554 4347 ταῖς
3597 4284 3782 4338 τοιαύ-

2195 4387 2317 4432 ται;
2349 4373 2671 4442 ὀνομάζουσι
2709 4374 3052 4444 πανηγύρεσι
3093 4378 3185 4428 καὶ
3231 4378 3496 4439 τελεταῖς,
3541 4376 3777 4446 ψάλλου-

2198 4481 2285 4516 σιν
2341 4464 2562 4535 ᾁσματά
2597 4483 2718 4518 τινα
2772 4465 3128 4519 συντελοῦντα
3181 4468 3274 4520 καὶ
3317 4469 3644 4539 ἡρμοσμένα
3694 4473 3775 4532 εἰς

511 4554 668 4614 parte
699 4550 886 4597 tenent
915 4551 1026 4596 tres
1059 4540 1266 4605 hastas,
1293 4539 1518 4596 circulis
1555 4542 1748 4611 ligneis
1778 4543 2087 4612 insignitas,

2208 4561 2265 4607 τὰ
2297 4559 2546 4610 τοιαῦτα.
2585 4557 2893 4626 Κατέχουσι
2924 4557 2979 4609 δὲ
3027 4558 3085 4624 ἐξ
3137 4559 3417 4630 ἑκατέρων
3454 4562 3641 4630 μερῶν
3671 4562 3776 4614 ἀνα

507 4653 582 4692 ex
613 4635 887 4706 quibusin
923 4634 1110 4688 orbem
1148 4635 1310 4702 panni
1353 4634 1514 4690 serici
1541 4636 1780 4689 coccinei
1811 4646 1864 4690 et
1895 4639 2088 4691 caudi-

511 4729 565 4784 di
619 4729 926 4798 dependent
978 4725 1134 4792 quasi
1185 4724 1416 4778 duarum
1473 4725 1892 4796 spithaiuarum.
1959 4728 2090 4794 Quae

509 4817 732 4891 (hasta-l
771 4827 990 4889 peracta
1024 4815 1245 4886 liturgia
1282 4818 1668 4885 imperatorem
1736 4819 2088 4886 antecedunt,

502 4915 581 4967 iis
606 4921 660 4966 et
689 4912 781 4982 qui
811 4915 957 4981 ipsas
987 4917 1205 4980 portant
1228 4909 1596 4978 praeeuntibus
1628 4919 1682 4963 et
1740 4913 2090 4966 cantantibus

515 5019 687 5074 usque
714 5004 780 5057 ad
813 5016 1070 5072 magnum
1097 5000 1381 5070 palatium.
1411 5001 1532 5067 Quo
1559 5011 1740 5056 autem
1775 5003 1934 5058 modo
1986 5005 2090 5060 hoc

500 5099 627 5160 ﬂat,
665 5096 800 5150 ratio
832 5095 1114 5164 quwrltur.

585 5295 814 5364 Quando
848 5293 1089 5365 igiturin
1123 5305 1318 5360 magno
1350 5291 1579 5347 introitu
1600 5292 1893 5348 inchoatur
1932 5295 2087 5365 hym-

511 5407 638 5451 nus.
673 5390 994 5443 accedentes
1026 5386 1557 5441 exhonoratioribns
1617 5387 1860 5443 ecclesiae
1900 5388 2086 5443 diaco-

511 5486 597 5538 nis
633 5484 870 5536 invitant
898 5482 1305 5549 imperatorem.
1333 5477 1425 5533 Ille
1459 5493 1584 5533 cum
1625 5479 1732 5534 illis
1769 5495 1827 5534 se
1867 5481 2086 5536 confert

501 5578 578 5631 ad
601 5574 906 5642 'locumqui
931 5573 1205 5644 prothesis
1229 5571 1558 5642 appellatur,
1592 5570 1685 5625 ubi
1747 5582 1936 5627 sancta
1993 5589 2084 5628 re-

499 5671 686 5739 .pusita
716 5676 864 5720 sunt.
911 5667 1180 5720 (laterum
1213 5666 1388 5718 adhuc
1408 5675 1559 5718 extra
1603 5664 1881 5722 Drothesin
1932 5674 2082 5719 stans

498 5763 688 5816 rindnit
721 5775 888 5829 super
915 5773 1132 5811 saccum
1161 5757 1479 5810 etdiadema
1513 5755 1798 5825 mandyam
1819 5771 2075 5820 aureum;

497 5857 696 5909 deuia
729 5867 893 5906 manu
921 5861 1064 5906 tenet
1105 5863 1347 5914 crucem,
1400 5863 1558 5917 prout
1618 5848 1788 5902 mulis
1827 5849 2073 5903 cstferre

2194 4648 2324 4718 τρία
2355 4649 2640 4718 κοντάρια,
2679 4651 2874 4718 ἔχοντα
2917 4650 3149 4704 ἕκαστον
3199 4651 3401 4722 γύρους
3457 4656 3519 4706 ἐκ
3573 4653 3770 4721 ξύλων,

2195 4743 2624 4812 ἑκκρεμαμένας
2679 4743 2874 4811 ἔχοντα
2920 4743 3186 4798 κυκλόθεν
3235 4745 3478 4815 μετάξσς
3506 4749 3771 4810 κοκκίνας

2192 4834 2287 4887 καὶ
2315 4835 2533 4895 λευκὰς,
2569 4834 2694 4886 ὅσον
2748 4835 3115 4903 δισπιθάμους
3144 4852 3158 4868 ο
3219 4836 3254 4890 ἃ
3306 4838 3398 4889 καὶ
3436 4840 3573 4906 μετά
3603 4841 3661 4890 τὸ
3685 4856 3771 4891 τε·

2193 4925 2448 4995 λεσθῆναι
2485 4925 2584 4994 τὴν
2636 4926 2984 4996 λειτουργίαν
3033 4929 3408 4999 προηγοῦνται
3464 4930 3558 4984 τοῦ
3607 4930 3768 5001 βασι-

2191 5018 2352 5082 λέωέ,
2396 5019 2504 5070 τῶν
2541 5019 2883 5088 κατεχόντων
2940 5021 3078 5072 αὐτὰ
3132 5023 3430 5090 προϊόντων
3481 5028 3575 5075 καί
3631 5025 3769 5093 ψαλ-

2190 5113 2390 5166 λόντων
2425 5115 2587 5183 μέχρι
2640 5113 2737 5166 καὶ
2779 5111 2872 5166 τοῦ
2928 5115 3170 5182 μεγάλου
3225 5115 3512 5169 παλατίου’
3549 5120 3658 5172 τίνι
3709 5120 3766 5172 δὲ

2188 5204 2378 5274 τρόπῳ
2412 5205 2622 5272 γίνεται
2658 5203 2839 5269 τοῦτο,
2873 5206 2900 5256 ὁ
2925 5203 3080 5272 λόγος
3110 5205 3370 5275 ζητεῖται.

2271 5295 2601 5365 ’Δρχομένου
2633 5295 2690 5348 δὲ
2713 5295 3018 5365 ψαλλεσθαι
3047 5298 3140 5349 τοῦ
3169 5297 3264 5351 ἐπὶ
3297 5301 3360 5369 τῇ
3403 5299 3614 5370 μεγάλῃ
3647 5303 3760 5354 είσ-

2187 5387 2291 5458 όδῳ
2323 5386 2514 5456 ὕμνου,
2581 5390 2870 5457 ἐρχόμενοι
2901 5390 2950 5440 oi
2979 5391 3319 5460 ἐντιμότεροι
3347 5393 3456 5444 τῶν
3491 5393 3757 5446 διακόνων

2186 5479 2282 5548 τῆς
2329 5479 2627 5549 ἐκκλησίας
2674 5481 3114 5550 προσκαλοῦνται
3165 5484 3255 5537 τὸν
3315 5484 3564 5554 βασιλέα.
3607 5487 3668 5540 '0
3701 5488 3756 5541 δὲ

2185 5571 2410 5639 ἔρχεται
2464 5571 2590 5640 μετ’
2621 5572 2801 5623 αὑτων
2837 5574 2918 5634 είς
2975 5573 3074 5644 τὴν
3117 5572 3420 5646 λεγομέιην
3480 5579 3758 5646 πρόθεσιν,

2185 5662 2316 5715 ἔνθα
2362 5665 2575 5715 κεῖνται
2610 5665 2678 5715 τὰ
2719 5665 2868 5730 ἅγια.
2910 5663 3032 5718 Ἔτι
3058 5665 3114 5719 δὲ
3145 5665 3250 5730 ἔξω
3308 5668 3403 5736 τῆς
3449 5671 3760 5738 προθέσεως

2189 5755 2477 5822 ἱστάμενος
2505 5754 2748 5807 ἐνδύεται
2777 5757 2963 5808 ἐπάνω
3025 5757 3118 5810 τοῦ
3151 5760 3355 5812 σάκκου
3390 5763 3484 5814 καὶ
3515 5760 3609 5813 τοῦ
3635 5763 3758 5814 δια·

2183 5845 2428 5917 δηματος
2477 5849 2719 5916 ρανδύαν
2756 5850 3012 5919 χρυσοῦν.
3050 5851 3158 5904 Καὶ
3195 5855 3259 5923 τῇ
3299 5855 3397 5923 μὲν
3428 5853 3582 5924 δεξιᾷ
3611 5856 3756 5925 χειρὶ
