4050 6588
551 383 648 452 iiii

1621 385 1703 446 IN
1745 382 2047 446 LIBRUM
2085 383 2180 444 DE
2219 381 2548 444 OFFICIIS
2589 383 2698 444 (ΣΡ.

3689 388 3790 458 132

545 497 676 548 iniit:
706 493 948 562 quinque
978 492 1244 546 duntaxat
1295 491 1400 548 hoc
1451 492 1704 564 quinario
1753 494 2116 562 cmnpreheu-
2148 504 2190 556 Λ
2222 495 2537 557 scribimus,
2585 494 2926 550 προαίρεσεΙὶ
2971 497 3212 566 quinque
3271 497 3352 552 vel
3395 515 3486 556 sex
3529 501 3798 560 duntaxat

537 591 820 644 duremur.
850 587 972 654 jure
1006 585 1244 640 Codinus
1287 587 1528 640 πεντάδα.
1577 586 1906 645 nominavit.
1946 585 2117 654 respi-

536 683 690 734 ciens
723 679 978 730 nimirum
1013 678 1077 731 ad
1111 679 1501 748 antiquiorem,
1561 695 1666 730 non
1735 679 1798 731 ad
1869 679 2020 730 illum
2087 693 2114 730 a

535 769 820 839 Xipbilino
853 772 1228 823 introductum
1265 786 1576 826 numerum.
1643 771 1782 824 Nam
1844 787 1874 824 e
1931 769 2117 824 Balsa-

537 877 662 914 tnon
691 861 742 912 in
773 859 956 912 Melcte
971 876 1066 912 seu
1099 861 1492 927 diser-litatione
1528 876 1626 914 sua
1663 863 1728 911 de
1746 860 1922 914 cilicio
1955 862 2118 914 char-

535 952 836 1019 tt)p|i_\l:tt'.ls
856 964 908 1002 et
933 951 1250 1018 proteritici,
1279 964 1412 1004 tom.
1441 949 1622 1004 lJuris
1642 951 2115 1014 Gi-zeco-llomaui,

535 1043 630 1097 fol.
659 1041 781 1104 456,
813 1044 1060 1112 quinque
1084 1053 1294 1096 tantum
1330 1043 1381 1096 in
1413 1043 1513 1096 hac
1546 1043 1720 1114 prima
1747 1045 1921 1100 classe
1945 1045 2116 1116 ponit,

532 1137 742 1189 outisso
779 1136 1116 1206 protecdico,
1166 1151 1370 1198 cos‘tue
1401 1135 1688 1190 dicitcssc
1751 1139 1908 1206 quasi
1961 1140 2119 1208 quin-

531 1244 638 1296 que
663 1243 858 1280 sensus
881 1229 1228 1296 patriarclne,
1256 1229 1455 1296 quibus
1485 1239 1744 1299 tanquam
1778 1231 2118 1285 instrumen-

533 1323 602 1374 tis
631 1321 842 1386 negetia
879 1320 1060 1374 omnia
1097 1330 1450 1392 exsequatur.
1503 1319 1676 1374 Vocat
1705 1323 1867 1376 etiam
1908 1323 2108 1382 horum

531 1412 776 1478 quinque.
876 1411 1376 1468 ecclesiasticarum
1440 1429 1726 1484 procerum
1815 1417 2118 1472 ministeria

539 1503 704 1558 πέντε
747 1517 1025 1570 σεκρετων
1067 1505 1242 1572 εὐαγῆ
1297 1505 1604 1574 λογοθέσισι,
1651 1506 1752 1560 hoc
1787 1516 1892 1570 est,
1926 1518 1984 1561 ut
2031 1509 2117 1562 in-

533 1603 737 1660 lerpres
770 1596 1218 1684 Vertit,.qttirtquc
1245 1607 1564 1650 secretorum
1615 1600 1863 1668 religiosa
1898 1602 2118 1656 ratioci-

531 1685 639 1735 nia.
673 1685 894 1739 Rectius
923 1685 1058 1741 forte
1091 1705 1104 1740 :
1137 1691 1364 1758 quinque
1386 1702 1710 1744 secretorum
1771 1695 2114 1748 consistoria.

535 1777 640 1829 Nos
675 1779 825 1832 rebus
876 1780 1211 1846 expediendis
1245 1783 1540 1850 prazfcctos.
1565 1787 1628 1838 Et
1675 1787 1854 1856 quivis
1917 1787 2111 1840 borum

531 1865 758 1922 habebat
798 1872 980 1924 suain
1014 1872 1302 1927 funt-tione
1381 1876 1560 1940 plures
1621 1878 1914 1950 adjutores,
1973 1897 2112 1948 quos

533 1956 820 2014 Balsamnu
862 1975 1018 2016 vocat
1049 1967 1432 2030 C/ttlt'lttlarlos,
1469 1969 1562 2020 τοῦ
1597 1971 1768 2024 κύττου
1829 1989 2110 2040 συμμερι-

532 2055 666 2115 στὰς
697 2055 792 2105 καὶ
831 2059 1184 2124 σεκρετικοὺς
1214 2059 1562 2129 διακονητάς.
1589 2061 1781 2114 laboris
1818 2076 2107 2130 consortes,

531 2154 848 2214 senatusque
879 2147 1025 2200 illius
1063 2165 1154 2202 seu
1203 2152 1511 2206 causistorii
1550 2168 1640 2205 seu
1683 2153 1889 2207 consilii
1933 2155 2111 2208 admi-

533 2241 751 2285 ιιιδινοε.

601 2321 1033 2388 Appellabantur
1069 2325 1234 2380 iidem
1267 2328 1692 2394 ὲξωκατάκοιλοι
1738 2333 2020 2404 ἄρχοντες,
2053 2343 2108 2388 ut

531 2411 821 2466 Italsaeuun
856 2417 1014 2470 docet
1044 2429 1098 2472 et
1153 2418 1395 2476 Joannes
1430 2423 1659 2491 Citrius,
1692 2425 1796 2482 etsi
1856 2428 1906 2479 in
1949 2429 2109 2490 hujus

533 2503 838 2575 Ilvsponsis
867 2510 1144 2564 scribatur
1177 2515 1278 2568 hoc
1313 2533 1512 2574 nomen
1542 2519 1595 2571 in
1654 2521 1954 2587 penultitna
2000 2537 2108 2574 non

535 2615 629 2664 ιιι-ι·
659 2617 708 2652 οι
751 2605 842 2655 sed
879 2619 972 2672 per
999 2623 1054 2673 η,
1090 2605 1524 2678 ἐξωκατὰκηὲ.οι,
1561 2619 1614 2664 et
1671 2611 1862 2664 Latine
1897 2613 2110 2664 Exoca-

531 2693 712 2754 taceli,
745 2705 800 2746 ut
833 2697 886 2746 in
919 2697 1164 2748 editione
1222 2697 1512 2752 Bonelidii.
1547 2701 1654 2756 Sed
1687 2703 1923 2761 vitiose:
1983 2720 2106 2756 nam

534 2795 674 2835 iet-ta
707 2789 978 2854 scriptura
1009 2799 1094 2841 est
1149 2789 1595 2857 ἐξιιικατὰκοι).οι,
1641 2793 1830 2849 Latine
1857 2807 2109 2849 exocula-

527 2875 671 2928 ctvli.
704 2875 958 2930 Graiiter
997 2894 1134 2932 errat
1169 2881 1388 2946 Junius,
1431 2901 1551 2937 cum
1579 2903 1631 2953 p.
1666 2888 1718 2951 4,
1751 2893 1974 2940 verbum
2007 2890 2112 2943 hoc

530 2967 582 3020 in
624 2970 733 3021 duo
765 2971 980 3035 dividit,
1021 2973 1125 3037 ἔξω
1151 2977 1511 3042 κατακοελων,
1553 2978 1737 3046 itaque
1785 2983 2110 3050 interpr-etas-

531 3071 639 3124 tur,
675 3063 1189 3136 eutaca'lorum,qtti
1244 3067 1374 3134 foris
1423 3079 1565 3124 sunt.
1625 3069 1832 3139 Nugtc:
1887 3077 2107 3129 unicum

533 3155 857 3207 vocabulum
887 3165 993 3217 est,
1029 3175 1132 3209 non
1168 3160 1299 3224 duo;
1334 3175 1504 3230 quare
1534 3163 1818 3231 legendum
1843 3167 1870 3216 ὁ
1903 3182 2113 3235 πρωτο·

531 3247 777 3314 νοτάριος
809 3245 946 3316 Θύρα
977 3249 1084 3300 τῶν
1115 3247 1591 3315 ἐξωκατακοίλων.
1627 3251 1764 3308 Hine
1797 3256 1962 3310 etiam
2023 3273 2112 3312 ῐοιι

534 3337 816 3391 formanda
863 3340 1025 3394 lectio
1066 3357 1116 3396 c.
1147 3343 1200 3404 9,
1251 3359 1303 3412 p.
1334 3344 1400 3398 66
1447 3345 1478 3397 5
1511 3355 1564 3400 et
1590 3345 1675 3412 1‘2,
1715 3349 1804 3400 tibi
1830 3347 2024 3404 Junius
2055 3350 2116 3420 ἒξ

533 3431 875 3493 κατάκοι).οι,
921 3434 1209 3502 redditque
1261 3451 1350 3488 sea:
1403 3440 1664 3492 curat-mli.
1699 3439 1872 3505 Quam
1927 3444 2117 3497 lectiu-

535 3537 655 3578 nem
695 3523 942 3578 vitiosam
981 3543 1124 3590 esse,
1157 3528 1280 3580 licet
1335 3529 1387 3581 in
1421 3529 1697 3586 Bavat'icis
1755 3550 1972 3604 quoque
2023 3551 2118 3589 co—

531 3617 746 3670 dicilms
781 3631 1060 3684 appareat,
1089 3621 1166 3672 Vol
1229 3637 1292 3674 ex
1324 3621 1694 3690 descriptione
1739 3630 2112 3692 protonotarii

535 3709 750 3762 dist-ere
819 3720 1076 3776 poterat,
1143 3713 1233 3764 ubi
1300 3715 1562 3780 scriptum
1641 3715 1696 3768 in
1765 3716 1882 3770 suis
1949 3719 2110 3772 etiam

533 3805 938 3868 exctiiplaribus
988 3809 1188 3872 reperit
1225 3804 1697 3876 ἐξωκιτακοέλων,
1729 3809 2118 3876 quamvisma-

532 3893 582 3946 le
641 3893 908 3962 disjuuxit
965 3913 1082 3964 qua
1135 3899 1508 3967 conjungenda
1571 3911 1748 3958 erant.
1831 3901 2116 3968 Quomodo

529 4001 659 4054 ergo
690 4003 834 4042 nunc
873 4005 938 4044 ex
969 3989 1074 4054 ἔξω
1109 3993 1361 4060 procudit
1395 3992 1558 4046 nobis
1592 3993 1698 4060 ’ἐξῖ
1730 3991 1804 4046 Eo
1855 3995 1982 4047 item
2021 4010 2116 4049 no-

535 4080 810 4132 niiucuon
871 4094 1046 4150 potest
1105 4083 1231 4136 ferri
1293 4083 1381 4137 illa
1435 4083 1620 4146 lectio.
1681 4087 1806 4154 quia
1855 4089 2118 4156 ἄρχοντες

533 4171 620 4226 isti
653 4173 988 4226 vocabantur
1025 4183 1154 4227 tunc
1185 4175 1349 4230 etiam
1406 4175 1834 4242 ἐξωκατάκοιλοι
1891 4181 2112 4248 quando

529 4273 690 4316 erant
751 4274 962 4321 tantum
1019 4271 1305 4334 quinque,
1369 4280 1422 4320 ut
1482 4283 1546 4322 ex
1611 4268 1933 4324 Balsauione
1997 4271 2116 4339 pla-

531 4369 662 4410 num
694 4369 708 4416 ;
753 4369 856 4407 non
883 4369 1012 4422 ergo
1043 4369 1070 4406 a
1109 4371 1338 4409 nuniero
1365 4357 1494 4410 dicti
1517 4371 1640 4412 sunt
1677 4358 1738 4422 ἓξ
1770 4361 2114 4418 κατάκοιλοι.

605 4446 712 4504 Sed
769 4463 890 4516 qua:
943 4449 1096 4504 notio
1155 4447 1321 4520 hujus
1373 4449 1612 4504 nominis
1653 4451 2116 4515 ἐξωκατάκοιλοιῒ

533 4539 604 4600 Ut
625 4537 789 4592 Juuio
819 4540 1064 4598 suaviter
1095 4539 1160 4598 de
1189 4539 1414 4594 vallibus
1447 4555 1498 4598 et
1533 4541 1597 4596 de
1633 4543 1868 4596 ecclesiis
1903 4545 1956 4596 in
2003 4545 2115 4598 edi-
2143 4553 2194 4612 ι)

533 4635 666 4686 tiure
700 4633 811 4684 loco
837 4629 986 4702 Cpoli
1012 4647 1215 4700 semper
1250 4633 1536 4692 exstructis
1571 4635 1984 4704 philosopliauti
2017 4652 2109 4690 as-

533 4725 761 4783 suntiar.
790 4725 1136 4778 committere
1161 4741 1270 4778 non
1309 4741 1557 4793 possunt.
1587 4725 1688 4781 Sed
1741 4743 1866 4782 eum
1912 4729 2004 4797 qui
2047 4745 2115 4782 cx

533 4818 906 4876 exoratur-aclis
939 4817 1096 4872 nobis
1131 4818 1416 4872 catacwlos
1452 4820 1728 4889 procudit,
1792 4819 1982 4874 falsam
2029 4821 2120 4878 iii-

534 4913 656 4964 dein
691 4914 1107 4980 originationem
1143 4913 1412 4970 fabricare
1471 4929 1570 4968 nec
1607 4915 1854 4969 insolens
1895 4931 1992 4968 nec
2019 4931 2119 4970 no-

535 5021 661 5056 vum
721 5006 892 5058 videri
949 5007 1152 5070 debet,
1210 5005 1366 5073 cujus
1421 5003 1631 5062 falsitas
1681 5007 1860 5064 cuivis
1909 5007 2118 5074 absque

535 5109 689 5148 mora
724 5097 1017 5160 subolebit,
1071 5097 1162 5164 qui
1215 5097 1328 5172 haec
1385 5096 1534 5150 Junii
1580 5099 1740 5152 verba
1781 5113 1906 5150 cum
1941 5111 2106 5150 sensu

539 5189 886 5260 perpenderit
913 5205 927 5242 :
973 5187 1226 5242 Maximo:
1257 5189 1486 5242 ecclesiae
1505 5199 1736 5258 prmerat
1770 5189 2108 5262 patriarcha,

537 5279 750 5350 reliquis
779 5296 1016 5352 pastores
1045 5283 1156 5346 sui,
1186 5281 1276 5352 qui
1303 5283 1611 5334 dicebautur
1660 5281 1922 5343 catncwli,
1970 5281 2114 5336 κατὰ

537 5375 639 5436 τὰς
687 5375 940 5436 κοιλάδας
997 5375 1192 5443 singuli
1247 5385 1648 5428 commorantes.
1693 5373 1911 5428 Scilicet
1957 5372 2112 5442 Cpoli

541 5481 732 5519 omnes
781 5467 1001 5534 parochi
1057 5467 1366 5520 habitabant
1429 5467 1482 5524 in
1539 5467 1788 5528 vallibus,
1843 5465 2024 5518 nullus
2056 5465 2108 5518 in

541 5557 842 5610 excelsiore
868 5559 1018 5612 urbis
1056 5557 1216 5630 119
1247 5561 1366 5612 loco
1396 5577 1408 5612 :
1436 5559 1676 5628 alioquin
1709 5556 1932 5608 Iuniani
1962 5566 2116 5608 cata—

539 5651 656 5706 cteli
703 5665 899 5704 nomen
937 5651 1076 5704 tueri
1137 5665 1244 5704 non
1301 5651 1627 5719 potuissent.
1674 5648 1785 5704 Nec
1821 5651 2006 5718 plures
2055 5649 2111 5704 in

544 5754 692 5796 tanta
753 5743 974 5798 civitate
1025 5744 1248 5812 parochi
1295 5755 1454 5798 erant
1511 5758 1674 5812 quam
1733 5743 1978 5812 quinque
2021 5752 2117 5796 aut

543 5847 816 5892 summum
855 5849 984 5892 sex:
1015 5847 1211 5888 nomen
1255 5835 1397 5890 enim
1455 5833 1698 5890 catttratli
1744 5847 1860 5896 seu,
1914 5841 1972 5890 tit
2017 5846 2118 5888 uos

2221 585 2561 638 obtinebant.

2294 675 2402 728 Nec
2445 677 2622 746 magis
2679 677 3000 734 verisimilia
3069 678 3135 732 de.
3195 679 3312 733 istis
3360 680 3585 752 apponit
3631 684 3796 738 nobis

2223 764 2416 820 Petrus
2477 766 2778 836 Gregorius
2835 768 3141 824 Tolosanns
3205 771 3490 841 Syntagm.
3549 775 3790 832 universi

2217 857 2368 913 Jun-is
2415 859 2502 924 15,
2553 861 2608 916 9.
2663 861 2754 914 tibi
2797 863 2987 917 dicita
3045 863 3250 924 (ira-cis
3309 865 3489 918 vocari
3545 867 3792 924 evicellos

2218 950 2506 1020 epi~copos
2533 953 2846 1018 nonnullos,
2885 954 3016 1010 nulli
3051 955 3470 1024 metropolitano
3489 957 3794 1024 subjectos,

2220 1044 2546 1110 patriat'cllis
2609 1045 2910 1100 familiares
2934 1057 2986 1100 et
3027 1047 3410 1117 sttﬂ'raganeos
3465 1065 3796 1120 Sciitperque

2219 1141 2468 1186 astantes
2497 1149 2511 1200 ;
2549 1135 2743 1203 quales
2779 1137 3045 1192 describit
3077 1137 3386 1192 Wibelmus
3425 1138 3620 1208 Tyrius
3655 1139 3794 1198 Belli

2227 1225 2370 1276 sacri
2411 1225 2494 1286 14,
2551 1226 2637 1288 ιε,
2679 1242 2818 1294 quos
2883 1228 2998 1296 ipse
3055 1229 3253 1299 Tyrius
3315 1233 3446 1286 dicit
3512 1247 3542 1286 a
3591 1233 3796 1290 Graecis

2219 1317 2480 1384 appellari
2541 1318 2824 1375 cancellos.
2873 1319 3068 1376 Petrus
3123 1322 3422 1390 Gregorius
3478 1325 3795 1394 suspicatur

2217 1407 2447 1460 subesse
2509 1411 2810 1466 memlunt:
2871 1411 3056 1468 forsan
3115 1414 3261 1468 enim
3311 1416 3536 1486 scripsit
3591 1417 3794 1488 Tyrius

2216 1500 2496 1562 catacelos,
2527 1511 2585 1554 ut
2623 1511 2806 1556 ret-tus
2829 1505 2899 1556 sit
2922 1505 3252 1574 κατάκη>.ος,
3289 1510 3591 1579 nutriunto:
3623 1526 3652 1563 a
3691 1529 3796 1564 κα-

2217 1593 2485 1658 τακηλέω,
2529 1597 2674 1662 quod
2731 1605 2814 1647 est
2867 1599 3188 1664 permulceo,
3223 1601 3492 1654 suavitate
3549 1604 3792 1656 animum

2215 1683 2430 1744 delinio,
2469 1683 2594 1738 hinc
2619 1687 3056 1756 κατακηλητικός
3087 1691 3189 1742 vim
3215 1691 3542 1744 demttlccndi
3571 1693 3792 1746 habens.

2217 1771 2282 1824 Et
2319 1788 2419 1826 cur
2459 1789 2566 1830 non
2625 1777 2749 1830 hinc
2783 1779 2970 1832 ilicem
3003 1782 3354 1851 κιτὰκηλοςῖ
3391 1783 3516 1838 illud
3548 1787 3782 1838 alterum

2150 1862 2186 1912 ll
2217 1865 2456 1918 et-icellos
2516 1869 2710 1920 format
2752 1870 2948 1922 Petrus
3010 1871 3305 1940 Gregorius
3337 1875 3488 1942 παρᾶ
3523 1875 3580 1926 τὸ
3615 1877 3786 1942 εὐκή-

2213 1957 2338 2019 λους
2367 1977 2379 2012 :
2417 1959 2518 2013 hoc
2549 1963 2694 2014 enim
2761 1963 2982 2016 nomine
3043 1965 3360 2032 significant
3387 1967 3555 2021 Gi'atci
3585 1979 3790 2022 stantes

2213 2049 2323 2101 sine
2356 2066 2514 2116 motu,
2570 2055 2769 2118 quietos
2801 2070 2820 2118 ;
2854 2055 2980 2108 hinc
3035 2064 3176 2124 apud
3243 2057 3535 2112 llesiodnm
3592 2062 3792 2124 πόντος

2213 2142 2482 2209 ἀπήμων,
2517 2143 2767 2212 εὔκηλος.
2825 2145 2928 2200 Sed
2985 2149 3098 2200 haec
3139 2150 3270 2206 nihil
3297 2150 3362 2202 ad
3393 2156 3794 2208 cxocatacoalus

2215 2247 2432 2289 nostros
2461 2235 2687 2298 faciunt,
2715 2239 2828 2291 sive
2866 2240 2956 2293 isti
2984 2241 3182 2294 et-icelli
3205 2259 3230 2294 a
3263 2243 3321 2297 P.
3357 2243 3618 2312 Gregorio
3647 2247 3786 2300 alla-

2215 2329 2250 2376 ti
2289 2327 2582 2394 aliquando
2619 2328 2673 2383 in
2731 2346 2914 2385 rerum
2954 2344 3148 2388 natura
3193 2336 3541 2392 exstiterint.
3570 2337 3684 2390 sive
3713 2353 3788 2392 ex

2214 2421 2437 2472 Cerebro
2471 2421 2658 2473 eximii
2695 2423 2840 2477 illius
2869 2425 3234 2494 jureeonsulti
3265 2431 3514 2496 prognati
3549 2429 3781 2492 fuerint,

2217 2519 2272 2562 nt
2307 2527 2406 2581 ego
2468 2514 2687 2582 quidem
2748 2517 3039 2572 existimo:
3095 2519 3381 2589 legendum
3440 2523 3582 2576 enim
3634 2525 3784 2588 apud

2221 2601 2444 2672 Tyrium
2500 2608 2787 2672 cancellos,
2829 2608 2882 2662 id
2911 2621 2993 2663 est
3043 2613 3334 2682 syncellos,
3363 2613 3606 2682 ejusdem
3638 2616 3794 2670 cella

2213 2697 2395 2750 serios
2429 2710 2480 2750 et
2506 2699 2868 2755 habitatores.
2919 2702 2984 2756 Et
3033 2721 3236 2772 nupera
3270 2707 3438 2760 editio
3483 2707 3628 2776 Tyrii
3659 2723 3795 2778 syn-

2216 2789 2384 2840 oellos
2437 2791 2682 2853 exhibet,
2729 2795 2947 2847 tametsi
2983 2797 3132 2864 prior
3181 2797 3268 2851 illa
3301 2799 3462 2852 lectio
3499 2801 3692 2852 melior
3725 2813 3790 2854 et

2217 2882 2754 2950 scripturanulgatte
2783 2888 3004 2954 prepiur
3031 2891 3121 2942 sit.
3157 2890 3307 2944 Aside
3343 2891 3617 2945 concellos
3649 2893 3792 2949 istos

2221 2971 2392 3028 fuisse
2439 2975 2728 3045 episcopos
2757 3018 2770 3042 ,
2810 2983 3022 3034 tametsi
3075 2983 3472 3050 sutiragaucos,
3501 2995 3558 3037 Iit
3589 2983 3791 3056 Tyrius

2219 3064 2475 3132 appellat.
2509 3065 2572 3119 Et
2603 3073 2960 3124 exocatecmli
2995 3075 3166 3138 nostri
3201 3090 3306 3126 non
3342 3089 3498 3130 erant
3535 3081 3782 3154 episcopi

2216 3155 2308 3206 sed
2341 3155 2736 3222 patriarchalcs
2765 3159 3007 3216 diaconi.
3037 3161 3264 3219 Vala-ant
3289 3183 3417 3234 ergo
3443 3169 3531 3222 isti
3564 3171 3782 3236 evicelli,

2219 3247 2450 3300 antehac
2484 3247 2737 3312 inauditi,
2775 3250 3084 3322 Tyriusque
3111 3270 3241 3310 suos
3263 3259 3521 3311 cancellos
3551 3272 3606 3313 et
3623 3261 3788 3316 Codi-

2219 3355 2321 3391 nus
2355 3355 2485 3394 suos
2517 3347 2890 3398 emaculet-celos
2927 3349 3180 3402 retineat.

2286 3431 2484 3486 Nescio
2512 3449 2579 3486 an
2609 3435 2838 3489 audeam
2863 3451 3165 3506 proponere
3181 3439 3554 3506 conjecturam
3585 3459 3782 3510 meam,

2218 3538 2380 3590 quam
2410 3524 2502 3576 diu
2541 3524 2651 3592 jam
2713 3541 2942 3594 premo:
2985 3530 3078 3583 sed
3113 3543 3412 3598 promatur.
3439 3537 3786 3604 quandoqui-

2218 3615 2340 3666 dum
2401 3615 2604 3669 nullius
2675 3619 2919 3684 periculo
2970 3633 3268 3688 promctur.
3319 3625 3460 3690 Quid
3519 3629 3564 3680 si
3617 3630 3781 3683 unica

2219 3706 2458 3760 litterula
2495 3717 2701 3761 mutata
2737 3709 2985 3776 legamus
3011 3713 3491 3778 ἐξωκατάκοιτοιῖ
3529 3721 3617 3786 qui
3647 3723 3782 3788 [oris

2217 3793 2512 3858 dormiunt,
2559 3798 2650 3864 qui
2701 3795 3082 3865 feris'cubant,
3147 3819 3254 3857 non
3304 3805 3356 3858 in
3385 3810 3782 3874 patriarcheo:

2217 3883 2344 3935 olim
2375 3899 2610 3955 namque
2645 3890 2897 3956 proprias
2925 3892 3192 3946 ecclesias
3217 3896 3700 3963 administrabant,
3729 3909 3785 3954 et

2217 3974 2297 4028 sic
2328 3991 2424 4032 sua
2494 3977 2772 4032 domicilia
2835 3989 2990 4034 extra
3047 3999 3255 4058 magna:
3306 3988 3550 4042 ecclesiae
3585 3991 3789 4048 limites

2227 4066 2559 4132 incolebant,
2615 4070 2669 4123 in
2734 4071 2910 4138 iisque
2949 4075 3186 4143 quietem
3235 4080 3540 4146 capiebant.
3594 4082 3784 4138 Canon

2219 4159 2512 4214 Trullanus
2551 4161 2620 4215 46
2650 4163 2718 4216 de
2772 4165 3103 4220 monialibus
3136 4185 3148 4222 :
3185 4171 3470 4233 Παντελῶς
3504 4173 3560 4226 δὲ
3597 4177 3791 4240 αὐταῖς

2219 4250 2532 4316 ὲξωκοιτεῖν
2567 4254 2667 4305 οὐκ
2701 4253 2899 4318 ἔξεστι.
2937 4257 3038 4311 Ubi
3092 4258 3333 4316 Zonaras
3367 4267 3590 4319 Graecus
3625 4267 3795 4322 inter-

2219 4357 2380 4412 pres:
2417 4345 2522 4396 Καὶ
2577 4345 2711 4415 μηδὲ
2737 4347 2843 4413 ἔξω
2869 4350 2970 4418 τῆς
3004 4352 3174 4418 μονῆς
3221 4353 3320 4420 τὴν
3341 4357 3510 4408 νύκτα
3543 4357 3754 4424 διάγειν
3775 4372 3791 4389 ·

2220 4433 2378 4486 τοῦτο
2403 4425 2512 4504 γὰρ
2548 4437 2610 4490 τὸ
2660 4429 2992 4502 ἐξωκοιτείν.
3065 4443 3410 4502 Probabihor
3469 4447 3794 4502 redderetur

2221 4527 2562 4595 conjectura,
2622 4532 2667 4584 si
2721 4532 3189 4598 ὲξωκατακοιτείν
3239 4537 3530 4606 legeretur.
3589 4539 3786 4595 Verum

2219 4621 2368 4690 prior
2401 4639 2618 4692 quoque
2643 4626 2806 4680 lectio
2842 4629 3142 4700 suSpicioni
3177 4643 3377 4690 nostrae
3411 4633 3616 4702 aliquid
3649 4637 3797 4688 veri-

2216 4715 2594 4770 similitudiuis
2653 4718 2950 4786 conciliat;
2991 4720 3259 4791 longeque
3325 4723 3444 4790 plus
3483 4727 3790 4781 fulcimenti

2217 4807 2398 4860 adhuc
2427 4811 2730 4874 accederet,
2767 4809 2813 4864 si
2846 4811 3050 4880 aliquis
3077 4827 3178 4868 ms.
3214 4816 3386 4868 codex
3413 4815 3790 4878 ὲξωκατακοί-

2219 4911 2344 4957 τους
2377 4897 2532 4950 nobis
2591 4909 3030 4968 reprresentaret.
3087 4904 3243 4971 Apud
3278 4904 3522 4958 Nicetam
3579 4905 3632 4958 in
3673 4907 3790 4962 Vita

2221 4985 2412 5055 lguatii
2447 4989 2563 5057 lege
2609 4991 2822 5046 Λέωνό
2880 4995 3220 5064 καλούμενος
3268 4999 3602 5063 καταχθεὶας
3639 5017 3652 5053 :
3695 5003 3792 5056 sed

2217 5078 2350 5131 nihil
2377 5081 2459 5132 hic
2487 5083 2552 5134 ad
2577 5083 2890 5138 rhombum.
2922 5083 3189 5154 Tempore
3219 5086 3416 5146 Leonis
3445 5089 3713 5152 Armenii,
3739 5101 3796 5146 et

2213 5181 2338 5225 ante
2370 5172 2580 5238 itidem,
2613 5175 2798 5229 clerici
2821 5177 3047 5244 palatini
3079 5193 3186 5231 non
3216 5195 3267 5232 tu
3297 5181 3500 5252 palatio
3534 5183 3624 5238 sed
3652 5185 3792 5238 foris

2217 5264 2270 5320 in
2295 5265 2518 5334 privatis
2547 5267 2755 5326 aedibus
2777 5272 3286 5336 commorabantnr,
3314 5283 3368 5326 et
3393 5275 3548 5328 tertia
3571 5273 3794 5330 circiter

2220 5360 2406 5428 vigilia
2439 5361 2616 5416 noctis
2645 5363 2710 5416 ad
2747 5363 3166 5432 Elephantinam
3203 5366 3467 5436 (portam)
3493 5381 3794 5437 congrega.
3835 5359 3848 5370 ’

2223 5452 2446 5520 bantur,
2479 5455 2716 5524 indeque
2746 5457 2812 5509 ad
2849 5459 3138 5511 ecclesiam
3160 5461 3384 5514 abibant
3405 5469 3460 5514 et
3497 5462 3794 5517 matutinas

2223 5561 2414 5616 preces
2457 5547 2567 5601 Deo
2601 5549 3005 5618 persolvebant,
3051 5561 3106 5604 ut
3137 5551 3328 5606 scribit
3355 5549 3594 5608 Joannes
3625 5557 3800 5607 Curu-

2223 5641 2400 5708 palata
2423 5641 2474 5694 in
2509 5639 2688 5696 Leone
2725 5642 3006 5697 Armenio.
3043 5643 3234 5700 Postea
3269 5647 3320 5698 in
3369 5647 3492 5702 aula
3527 5662 3622 5701 seu
3649 5651 3800 5716 regia

2228 5736 2568 5800 habitarunt,
2623 5753 2688 5793 eo
2739 5741 2884 5808 quod
2951 5741 3110 5810 120
3167 5743 3550 5797 interfectores
3595 5743 3796 5798 Leonis

2231 5829 2472 5890 Armenii
2509 5839 2669 5886 nocte
2709 5829 3024 5890 Nativilatis
3062 5835 3274 5888 Domini
3335 5835 3419 5888 his
3451 5837 3666 5892 clericis
3699 5841 3800 5900 iut-
