4050 6594
360 400 466 471 ΓΠ

1452 405 1846 468 GRETSEBI
1888 405 1981 465 ET
2009 407 2244 468 GOAltl
2288 408 2532 472 NOTAE.
3502 412 3601 482 138

357 534 411 568 ιιι
466 518 570 570 alia
622 515 840 586 qumvis
883 517 951 571 ad
1003 516 1301 573 monachos
1370 519 1675 587 spectantia
1715 516 1931 574 summa
1966 524 2006 581 Α
2037 497 2266 583 sacellis,
2331 532 2453 589 quae
2485 518 2633 574 circa
2674 519 2932 574 sacellam
2981 532 3307 593 occupatur.
3343 500 3633 596 ΛιὶοψιιιιΔ

357 610 510 662 (ιυΙιυ
545 607 906 678 prosequitur
937 607 1223 663 orientalis
1254 608 1544 679 Ecclesia),
1573 625 1682 664 non
1710 618 1934 666 veretur

358 701 782 765 auctoritatem,
841 708 896 757 et
925 699 1088 755 ambo
1111 716 1176 755 ex
1203 716 1361 771 aequo
1406 701 1772 771 patriarcham
1816 702 1934 757 suis

358 791 645 859 obsequiis
667 791 861 846 colunt
892 799 948 846 et
973 790 1024 845 ei
1057 791 1112 845 in
1130 791 1257 861 jure
1285 790 1521 846 dicundo
1555 786 1894 857 assidentqli
1918 810 1930 843 :

369 884 432 934 '0
478 882 745 934 σακελίου
798 883 948 934 ἐστὶν
997 881 1220 952 οἰκέτης
1249 882 1349 951 τῆς
1391 882 1616 953 πρώτης
1647 881 1933 945 πεντάδος,

300 1000 305 1004 -
360 974 591 1038 κρατῶν
616 976 711 1027 καὶ
742 974 845 1042 τὴν
898 974 1152 1044 φυλακὴν
1180 975 1279 1044 τῆς
1315 975 1641 1045 ἐπισκοπῆς,
1675 974 1815 1044 ἔχων
1842 971 1935 1028 οὖν

357 1064 457 1115 καὶ
487 1067 547 1117 ὲν
573 1067 644 1135 τῇ
675 1065 963 1134 ἐπισκέψει
988 1065 1156 1119 αὑτοῦ
1187 1065 1296 1121 τιῶν
1341 1065 1719 1137 μοναστηριων
1747 1083 1939 1133 γυναι·

355 1156 531 1206 κείων
553 1154 655 1229 silv
683 1154 920 1225 σκέψιν.)
952 1153 1123 1210 Cosa.

437 1244 529 1317 [Ρ.
658 1244 772 1312 Τὰς
798 1245 1126 1312 καθολικὰς
1142 1246 1506 1312 ἐκκλησίας.
1539 1244 1790 1299 Virorum
1825 1260 1940 1300 mo-

359 1336 608 1392 nasteria
639 1344 694 1391 et
724 1335 778 1390 in
804 1336 884 1391 eis
908 1346 1238 1392 constructa":
1268 1337 1515 1392 ecclesiae
1536 1338 1670 1391 viris
1701 1346 1936 1403 tantum,

360 1427 667 1482 mulierum
714 1428 1039 1483 mulieribus
1082 1435 1211 1482 sunt
1242 1438 1464 1497 apertae.
1504 1427 1578 1484 Ea
1608 1434 1739 1482 Vero
1765 1426 1940 1481 eccle-

360 1520 449 1573 sia
474 1533 601 1588 qua
635 1518 767 1573 viris
796 1528 850 1573 et
898 1517 1247 1585 mulieribus,
1280 1520 1473 1589 quales
1505 1528 1633 1575 sunt
1661 1520 1937 1589 parmciac,

367 1622 545 1679 patet,
593 1612 856 1682 xiﬁoltxi)
915 1620 1016 1667 est.
1062 1603 1278 1667 ‘Auctor
1334 1613 1455 1668 vitae
1505 1610 1612 1668 Nili
1655 1597 1937 1682 jutiioris:

368 1702 514 1753 Βάλε
538 1703 680 1755 αὐτὰ
718 1703 776 1776 tu
806 1705 873 1773 τῇ
906 1702 1179 1774 καθολικῇ
1232 1706 1325 1757 τοῦ
1357 1704 1617 1776 κάστρου.
1669 1703 1943 1775 lnterprcs

365 1796 555 1864 posuit
594 1775 973 1851 catltedral'em.
1008 1794 1205 1850 Verum
1238 1811 1348 1850 non
1383 1775 1730 1852 cathedrales
1753 1784 1937 1863 modo,

2040 611 2084 665 si
2119 611 2300 664 omnis
2348 611 2546 682 phylax
2576 620 2723 668 esset
2750 614 3085 676 sacellarius.
3116 616 3303 687 etiam,
3335 618 3602 685 opiliones

1992 743 2005 757 .
2038 709 2091 753 ct
2122 697 2580 768 caprariiessent
2625 694 2918 769 sacellarii,
2959 704 3089 773 quia
3147 690 3289 758 sunt.
3334 700 3599 777 φύλακες,

2039 788 2307 854 custodes,
2339 801 2395 845 ut
2429 791 2567 848 alias
2589 792 2954 848 absurditates
2978 802 3204 850 taceam.
3236 795 3601 875 Quodsi‘quii

2038 880 2183 935 aliud
2214 880 2417 934 sacellii
2445 896 2644 937 nomen
2670 884 2962 947 obtinuit,
2994 884 3113 954 ejus
3164 895 3470 942 curatorem
3508 894 3602 944 seu

2038 969 2320 1025 custodem
2371 985 2482 1040 quo
2536 971 2722 1026 minus
2806 972 3149 1027 sacellarium
3194 975 3274 1029 vel
3329 976 3605 1030 sacellium

2039 1060 2277 1129 appelles
2303 1076 2410 1117 non
2432 1062 2675 1132 impedit.
2715 1060 2781 1116 Ἠ
2808 1064 2936 1127 τοὺς
2967 1050 3310 1134 κακούργους
3326 1065 3381 1121 δὲ
3403 1067 3609 1135 φυλάτ-

2040 1169 2207 1205 τουσα
2283 1156 2660 1225 πατριαρχικὴ
2731 1155 2973 1224 σακέλλη
3050 1156 3301 1211 ἐντεῦθεν
3347 1158 3442 1211 καὶ
3507 1160 3607 1211 οὐκ

2040 1239 2265 1294 ἄλλοθεν
2324 1243 2768 1312 μετωνόμασται,
2831 1240 3023 1316 ὦσήερ
3081 1244 3147 1315 δὴ
3173 1245 3269 1298 καὶ
3311 1245 3374 1297 τὸ
3403 1247 3605 1305 dorico-.3:

2042 1332 2181 1387 λιον.
2206 1331 2412 1388 ϐιιετε.

2125 1421 2210 1492 lP.
2224 1424 2279 1479 4.
2299 1422 2579 1493 Σακέλιν,
2599 1426 2682 1481 vel
2716 1434 2774 1481 ut
2794 1424 2983 1482 scribit
3007 1423 3291 1481 Balsamon
3317 1427 3606 1501 σάκέλὶπιν.

2043 1511 2455 1579 patriarcltalem
2502 1530 2783 1581 carcerem,
2826 1514 2882 1569 in
2923 1530 3032 1585 quo
3086 1516 3346 1571 nimirum
3375 1518 3608 1575 clericos

2045 1600 2146 1656 sibi
2182 1602 2479 1672 subjectos,
2512 1605 2558 1658 si
2596 1612 2782 1659 sontes
2834 1603 3058 1671 iuerint,
3106 1605 3417 1674 patriarcha
3445 1624 3607 1664 coar-

2045 1702 2143 1747 tat.
2171 1692 2370 1765 Coum]

2121 1782 2227 1838 Sed
2292 1798 2394 1839 nec
2437 1800 2466 1838 a
2492 1785 2741 1840 custodia
2784 1796 2882 1841 nec
2914 1796 3135 1856 propter
3170 1789 3478 1845 cuStodiam
3516 1804 3610 1861 pas

368 1858 469 1941 ξω
502 1894 558 1939 ει
587 1886 844 1955 ρπωοῖω
878 1886 1119 1939 maxime
1146 1887 1498 1942 monasteriis
1553 1858 1940 1956 ορροηυηιυιαξ
1977 1858 2018 1911 Β
2048 1874 2379 1931 triarchicus
2414 1891 2603 1932 carcer
2630 1876 2807 1931 dictus
2840 1886 2924 1932 est
2966 1878 3187 1945 sacella,
3220 1880 3313 1934 sed
3348 1858 3609 1937 aliainvoh

369 1976 677 2051 catholicas
730 1985 909 2031 autem
972 1977 1235 2033 ecclesias
1305 1978 1658 2041 monasteriis
1718 1981 1944 2049 opponit

368 2069 663 2123 Balsamon
717 2069 940 2139 jamjani
1000 2070 1193 2133 lectus,
1242 2069 1388 2140 quod
1420 2070 1535 2125 haec
1558 2070 1771 2126 sacellii
1806 2087 1947 2141 prae-

370 2160 541 2225 fecto,
568 2160 689 2216 illas
716 2158 841 2228 (etsi
864 2160 1044 2213 minus
1069 2159 1301 2229 nobiles)
1325 2172 1422 2215 ceu
1443 2161 1756 2230 praefectum
1782 2176 1946 2231 supe-

373 2253 579 2306 riorem
645 2261 833 2306 nactas
881 2251 1167 2305 sacellario
1223 2251 1500 2320 subjectae
1524 2261 1758 2309 asserat.
1798 2253 1943 2308 Sunt

374 2341 569 2410 itaque
615 2340 898 2395 catholica:
926 2340 1172 2394 ecclesia:
1213 2340 1417 2394 eaedem
1447 2356 1569 2410 quae
1601 2342 1943 2411 parmciales,

374 2450 502 2490 cum
538 2435 811 2504 pleraeque
844 2433 1155 2502 hujusmodi
1190 2433 1534 2501 reperiantur
1565 2432 1619 2487 in
1644 2433 1779 2489 urbe
1807 2434 1944 2499 CP.,

373 2524 718 2581 cathedralis
741 2524 924 2590 unica,
957 2540 1146 2593 magna
1175 2524 1429 2578 nimirum
1453 2525 1706 2580 ecclesia.
1737 2525 1944 2581 Catho-

373 2616 501 2671 lieis
531 2625 586 2670 et
613 2614 934 2670 monasticis
966 2614 1216 2669 ecclesiis
1275 2613 1520 2684 adjungit
1573 2614 1672 2671 lus
1697 2616 1814 2672 Gil.
1847 2616 1944 2671 l‘nl.

370 2708 486 2763 255
516 2708 841 2778 εὖκτηρίους
870 2708 1075 2771 οἴκους,
1108 2707 1372 2779 ecclesias
1423 2708 1681 2762 nimirum
1720 2725 1826 2764 non
1857 2710 1949 2763 de-

380 2802 625 2865 dicatas,
652 2810 708 2853 et
749 2797 829 2851 vel
867 2798 922 2852 in
957 2795 1101 2866 agris
1131 2796 1213 2851 vel
1243 2796 1298 2850 in
1326 2797 1552 2853 urbibus
1581 2799 1794 2853 cunctis
1829 2813 1950 2865 per-

371 2892 515 2956 vias,
546 2898 602 2943 at
640 2889 895 2958 parmcim
935 2887 1059 2956 jure
1090 2887 1376 2954 priVatas:
1433 2888 1559 2942 Κᾶν
1602 2889 1947 2958 μοναστὴρια

375 2979 505 3047 ὦσι.
542 2982 652 3037 κᾶν
681 2982 973 3052 ἐκκλησίαι
1001 2981 1309 3048 καθολικαὶ,
1341 2980 1445 3034 κᾶν
1476 2978 1946 3052 εὐκτήριοιοῖκσι.

374 3079 619 3132 Advorte
657 3075 881 3130 demum
932 3083 1212 3128 auctorem
1256 3071 1566 3127 Balsamoni
1602 3072 1809 3128 socium
1844 3084 1948 3127 tam

2048 1981 2311 2030 causam,
2369 1982 2713 2037 quzecunque
2766 1967 2857 2022 illa
2908 1966 3109 2023 fuerit:
3173 1970 3379 2040 alioqui
3429 1976 3609 2028 omnis

2026 2054 2255 2126 ‘carcer,
2291 2069 2559 2129 quatenus
2613 2061 2860 2116 custodia
2887 2070 2971 2116 est
2998 2103 3012 2128 ,
3048 2073 3332 2118 vocaretur
3376 2066 3611 2131 sacella;

2048 2152 2191 2220 quod
2238 2166 2344 2206 non
2396 2161 2479 2206 est
2528 2153 2636 2217 ita;
2668 2152 2817 2207 sicut
2867 2161 2920 2207 et
2963 2152 3103 2221 apud
3149 2154 3455 2211 Germanos
3501 2172 3609 2211 nan

2049 2257 2240 2309 omnes
2273 2258 2541 2309 carceres,
2574 2243 2666 2297 sed
2702 2245 2839 2298 certi
2873 2244 3093 2313 quidam
3129 2256 3394 2302 vocantur
3447 2254 3610 2312 sacci,
3656 2248 3659 2251 ’

2048 2333 2188 2399 sack,
2226 2348 2331 2386 non
2363 2339 2433 2387 ob
2465 2334 2764 2388 custodiam
2797 2334 3041 2403 praecise,
3096 2337 3230 2405 quia
3259 2339 3460 2408 alioqui
3487 2354 3609 2395 om;

2050 2438 2146 2478 nes
2181 2437 2428 2478 carceres
2468 2423 2875 2492 appellarentur
2904 2426 3048 2478 sacci
3071 2464 3087 2491 ,
3114 2428 3240 2495 quia
3267 2443 3458 2485 omnes
3481 2443 3611 2485 sunt

2050 2515 2333 2581 custodiae,
2377 2514 2482 2570 ‘scd
2553 2514 2687 2568 alias
2716 2514 2786 2569 ob
2823 2530 3040 2582 causas,
3083 2532 3220 2586 quas
3250 2522 3487 2577 nominis
3513 2525 3614 2577 inv

2049 2608 2257 2677 positor
2294 2607 2583 2677 spectavit.
2608 2607 2793 2672 Quoad
2829 2623 3144 2673 carcerem,
3173 2611 3382 2666 sacella:
3415 2628 3610 2669 nomen

2052 2699 2300 2752 tulerunt
2360 2697 2628 2767 virginum
2702 2700 3069 2764 monasteria,
3101 2716 3225 2757 cum
3278 2703 3387 2757 sint
3455 2709 3610 2775 quas)

2050 2789 2271 2857 quidam
2313 2803 2581 2852 cat-teres,
2633 2791 2761 2857 quia
2810 2791 2940 2843 nulli
2973 2794 3154 2861 egredi
3191 2794 3321 2850 licet
3354 2796 3457 2852 nisi
3497 2814 3619 2867 grai

2051 2879 2275 2934 vissima
2317 2882 2542 2949 urgente
2571 2894 2760 2943 causa.
2788 2896 2884 2934 nec
2918 2883 3036 2936 sine
3066 2883 3296 2939 honesto
3327 2888 3612 2947 comitatu.

2050 2972 2141 3037 qui
2177 2970 2379 3024 ducant
2402 2978 2455 3023 et
2479 2970 2762 3034 reducant,
2791 2980 2849 3023 ut
2875 2972 3188 3041 prmeipitur
3228 2976 3279 3029 in
3317 2977 3385 3031 46
3409 2993 3617 3032 canone

2052 3060 2326 3114 Trullano.
2365 3060 2429 3113 Et
2468 3061 2574 3116 huc
2599 3062 2955 3132 spectantillzt
3001 3080 3121 3133 qu:e
3150 3069 3203 3119 in
3241 3064 3616 3138 ancogrzecia

376 3169 628 3222 \irorum
686 3180 848 3236 quam
905 3166 1196 3241 mulierum
1254 3164 1587 3241 monasteria
1636 3165 1947 3229 sacellario,

2058 3168 2111 3222 p.
2139 3153 2243 3207 ἓοὸ
2279 3170 2340 3207 ex
2370 3157 2689 3224 Augustano
2722 3171 2822 3211 ms.
2851 3153 3203 3226 Pachymeris
3231 3161 3419 3215 codice
3445 3163 3616 3216 adno-

373 3274 708 3315 communes
738 3274 868 3313 vero
897 3239 1154 3313 ecclesias
1183 3255 1290 3311 ΟΡ.
1326 3239 1567 3324 τέρρτιεε
1600 3256 1781 3310 sacelli
1825 3273 1955 3324 pra:-

374 3355 524 3405 [τιοιο
558 3350 827 3418 regendas
853 3348 1115 3413 tribucre,
1147 3345 1307 3418 124
1324 3346 1601 3400 ‘Allatiana
1632 3359 1758 3400 vero
1787 3346 1956 3399 saecl-

375 3446 518 3498 lario
554 3443 752 3503 virilia,
781 3442 941 3507 alteri
975 3441 1206 3495 {cntinea
1236 3442 1534 3510 deputare;
1572 3453 1693 3508 qua
1736 3439 1953 3507 quidem

373 3536 602 3590 diversa
627 3534 780 3597 licet,
806 3540 1026 3602 potuere
1052 3542 1231 3586 tamen
1263 3532 1370 3586 alio
1390 3539 1443 3587 et
1466 3530 1575 3585 alio
1598 3531 1759 3586 modo
1792 3530 1957 3584 variis

375 3628 728 3696 temporibus
769 3626 1007 3695 disponi.
1041 3622 1244 3693 Cum]

455 3719 529 3785 ln_
552 3715 939 3782 Tureograccia
993 3713 1249 3767 subditur
1275 3712 1376 3765 alia
1409 3727 1565 3777 cura,
1594 3726 1791 3780 nempe
1822 3726 1955 3779 sup-

378 3812 587 3883 plicum
608 3817 664 3861 et
693 3801 1129 3874 confugientium
1168 3802 1234 3856 ad
1266 3803 1576 3858 ecclesiam.
1613 3801 1822 3857 Interea
1850 3816 1955 3856 non

377 3902 723 3972 expungitur
780 3910 914 3952 cura
977 3897 1197 3965 proprie
1245 3894 1373 3948 dicti
1419 3894 1674 3961 sacellii;
1736 3894 1957 3948 tametsi

384 3994 578 4049 nescio
602 4005 769 4061 quam
794 4003 919 4043 vere
943 3987 1325 4055 Turcograecia
1358 3987 1460 4041 hoc
1505 4002 1706 4043 munus
1731 3986 1957 4041 sacellio

382 4083 747 4146 transcribet,
787 4095 911 4134 cum
957 4077 1159 4132 ibidem
1204 4078 1362 4147 paulo
1408 4086 1529 4147 post
1578 4079 1720 4133 idem
1758 4093 1960 4131 munus

384 4177 635 4244 assignat
662 4174 1000 4242 protecdico,
1056 4170 1185 4231 τοίΐς
1214 4168 1542 4239 πρόσφυγας
1574 4169 1957 4243 ἀναδέχεσθαι,

382 4268 748 4340 confugientes
777 4265 845 4316 ad
871 4261 1144 4316 ecclesiam
1182 4262 1408 4327 recipere
1430 4300 1445 4322 ,
1478 4270 1535 4312 ut
1562 4261 1960 4329 interpretatur

384 4364 787 4430 Tureograecus
807 4355 1057 4409 Crusius.
1082 4352 1213 4407 Utut
1242 4353 1330 4413 sit,
1351 4353 1377 4403 ὁ
1399 4350 1683 4437 summitati
1711 4366 1743 4404 a
1770 4350 1964 4449 minari

387 4453 585 4509 sacello
613 4448 922 4520 pecuniaria
948 4445 1243 4501 scuwraria
1274 4458 1471 4498 nomen
1506 4443 1688 4505 habet,
1720 4443 1964 4512 utmajor

2063 3251 2244 3295 tantur
2272 3258 2285 3294 :
2324 3241 2491 3305 Οὗτος
2533 3243 2583 3311 (ὁ
2622 3244 2798 3313 μέγας
2830 3247 3213 3317 σακε>.λάρν.ος)
3244 3251 3496 3321 ἐπιτηρεί
3521 3255 3619 3315 τὰς

2059 3334 2213 3404 ἱερὰς
2274 3333 2562 3399 σακέλλας,
2613 3335 2860 3404 δηλονότι
2915 3336 2984 3390 τὰ
3016 3344 3307 3403 γυναικεῖα
3343 3347 3617 3414 μοναστή-

2060 3443 2171 3499 pta.
2218 3424 2273 3479 Si
2300 3427 2422 3495 quis
2450 3428 2522 3480 ob
2552 3427 2869 3495 hujusmodi
2913 3430 3145 3485 sacellas
3179 3445 3365 3485 earum
3401 3443 3619 3489 curato-

2058 3532 2173 3571 rem
2206 3517 2337 3571 velit
2365 3531 2581 3588 quoque
2603 3519 2874 3574 sacellarii
2908 3522 3376 3578 nomenclaturam
3404 3527 3612 3591 tulisse,

2058 3621 2179 3659 cum
2218 3606 2319 3660 hoc
2357 3621 2464 3661 non
2515 3610 2790 3676 pugnabo,
2826 3609 3124 3665 dummodo
3161 3628 3269 3667 non
3301 3615 3503 3669 abnuat
3525 3633 3618 3672 sa-
3698 3668 3709 3673 _

2059 3699 2341 3752 cellarium
2408 3698 2667 3767 primario
2751 3703 3090 3756 nominatum
3145 3704 3304 3776 125
3356 3709 3620 3763 asacello

2061 3789 2373 3857 pecuniaria
2400 3805 2495 3845 seu
2514 3793 2581 3846 ab
2602 3793 2817 3858 aerario,
2845 3805 2903 3848 ut
2928 3811 3087 3864 supra
3113 3798 3367 3852 diximus.
3398 3799 3455 3853 S.
3483 3802 3595 3857 Ana
3613 3832 3625 3840 -

2060 3882 2263 3934 stasius
2291 3880 2499 3935 Sinaita
2530 3884 2582 3935 in
2613 3898 2712 3938 suo
2737 3883 2957 3955 Hodego
2983 3888 3118 3942 dicit
3141 3890 3478 3943 sacellurium
3502 3908 3624 3946 ρεςιτ

2060 3984 2256 4023 nomen
2297 3970 2618 4041 Syriacum:
2662 3973 2897 4027 σάκελλα
2953 3977 3066 4045 γὰρ
3096 3977 3157 4029 τὸ
3186 3978 3440 4047 δέχεσθαι
3473 3982 3659 4051 εἴρηαι·

2061 4076 2167 4124 ται,
2201 4079 2322 4116 nam
2382 4064 2573 4118 sacella
2602 4074 2681 4118 est
2720 4070 3126 4134 receptaculum,
3163 4085 3193 4121 a
3224 4073 3520 4139 recipiendo
3552 4076 3625 4126 sic
3674 4126 3679 4133 ,

2061 4152 2277 4209 dictum.
2307 4153 2417 4209 Nec
2449 4156 2647 4209 mirum
2676 4171 2886 4227 saccum
2920 4168 2975 4211 et
3004 4158 3258 4212 sacellum
3289 4174 3481 4217 ontnes
3517 4165 3622 4218 lin‘

2062 4260 2194 4314 guas
2221 4255 2538 4315 pervagatos
2568 4247 2732 4302 etiam
2776 4249 2829 4301 in
2862 4247 3138 4319 Syriacam
3166 4251 3478 4322 irrepsisse.

2134 4338 2208 4390 Ex
2242 4338 2325 4393 his
2355 4355 2476 4408 quae
2504 4341 2764 4395 hactenus
2790 4341 2933 4395 dicta
2954 4383 2969 4406 ,
3009 4342 3168 4398 facile
3197 4342 3301 4400 erit
3344 4349 3613 4416 judicium

2067 4426 2244 4480 facere
2294 4441 2460 4496 quam
2512 4443 2639 4481 vera
2694 4430 2805 4483 sint
2853 4446 2974 4500 qua:
3009 4434 3075 4487 de
3113 4436 3400 4489 sacellaria
3457 4450 3511 4493 ct
3559 4444 3627 4493 dc
3674 4506 3677 4507 ν

385 4519 703 4596 “cellarius
743 4554 773 4588 a
808 4535 1009 4603 majore
1069 4533 1284 4594 sacello.
1345 4546 1452 4585 non
1483 4532 1743 4597 aliunde;
1781 4547 1956 4601 neque
1989 4526 2039 4584 D
2067 4519 2317 4588 pmfecta
2371 4521 2559 4573 sacelli
2614 4520 2810 4577 Junius
2875 4536 3276 4581 commentatur
3329 4545 3381 4597 υ.
3419 4532 3526 4587 2ιὸ
3575 4544 3628 4588 ct

392 4634 518 4686 talis
575 4629 894 4683 nominatur
959 4625 1058 4678 nisi
1107 4631 1359 4692 respectu
1418 4624 1484 4677 ad
1522 4639 1710 4676 curam
1756 4624 1962 4677 sacelli.

390 4726 577 4790 Quare
604 4736 715 4774 non
741 4720 874 4771 satis
909 4729 1173 4784 assequor
1219 4714 1365 4782 quod
1400 4712 1690 4768 Balsamon
1725 4714 1959 4766 allirmat

392 4820 445 4870 in
472 4813 668 4866 Melete
718 4810 815 4864 Sua
856 4810 923 4862 de
955 4804 1381 4875 chartophylace
1407 4813 1460 4858 et
1517 4804 1932 4873 protecdicoz’l‘
1938 4806 1964 4855 ὸ

395 4902 667 4957 σάκελλτιν
727 4898 881 4967 παρὰ
935 4894 1231 4964 Ῥωμαίοις
1286 4889 1622 4964 εἶναιπαρὰ
1663 4894 1723 4945 τὸ
1744 4894 1966 4947 διοικεῖν

393 5000 495 5049 καὶ
549 4993 868 5061 φυλάττειν.
909 4990 1018 5040 Aut
1064 4986 1210 5041 enim
1274 4987 1516 5053 loquitur
1566 4984 1854 5040 Balsamon
1903 4990 1993 5040 de.

392 5085 744 5143 derivatione
800 5084 977 5146 vocis;
1016 5088 1072 5134 et
1128 5090 1258 5134 tunc
1315 5080 1599 5131 σακέλλιον
1654 5095 1757 5131 non
1793 5081 1965 5147 magis

391 5190 479 5234 est
509 5177 665 5245 παρὰ
698 5174 759 5225 τὸ
785 5174 1006 5225 διοικεῖν
1042 5172 1136 5223 καὶ
1174 5168 1463 5238 φυλάττέιν
1494 5185 1656 5239 quam
1719 5171 1872 5238 παρὰ
1906 5173 1966 5222 τὸ

394 5270 627 5323 τύπτειν
652 5266 744 5318 καὶ
767 5262 1058 5332 μάχεσθαι.
1095 5261 1203 5313 Ant
1224 5260 1468 5327 loquitur
1491 5260 1555 5314 de
1571 5259 1966 5328 signiﬁcatione

394 5372 635 5416 vocum:
670 5367 727 5410 et
762 5365 889 5408 tunc
922 5368 1110 5406 verum
1153 5360 1237 5405 est
1267 5352 1574 5419 prwfectum
1615 5352 1832 5404 sacellio
1868 5370 1962 5405 scu

388 5447 741 5507 sacellarium
767 5460 885 5500 esse
913 5444 1189 5511 διοικητὴν
1220 5442 1313 5494 καὶ
1332 5442 1567 5509 φύλακα,
1584 5452 1638 5495 et
1661 5441 1801 5494 lianc
1824 5458 1968 5510 pira:—

389 5545 666 5600 fectutam
718 5551 839 5591 esse
872 5535 1144 5602 φυλακήν,
1198 5532 1516 5585 custodiam.
1560 5531 1665 5585 Sed
1706 5548 1810 5584 non
1850 5531 1969 5583 idco

393 5635 578 5690 omnis
622 5627 800 5698 φύλαξ
836 5636 919 5680 est
971 5622 1316 5689 sacellurius,
1367 5638 1466 5677 nec
1515 5624 1693 5675 omnis
1751 5622 1966 5690 φυλακή

391 5724 643 5779 custodia
670 5718 878 5781 sacelli,
914 5716 1009 5770 sed
1043 5717 1133 5767 ille
1183 5723 1392 5767 tantum
1441 5714 1617 5780 φύλαξ
1640 5713 1969 5765 estsucclla-

392 5832 535 5880 nus,
570 5811 657 5867 cui
692 5807 887 5862 sacella
922 5803 1127 5858 credita
1159 5812 1261 5863 est.
1292 5815 1344 5855 et
1370 5805 1460 5856 illa
1489 5813 1694 5861 tantum
1730 5803 1969 5857 custodia

718 5908 990 5966 Pstnon.
1041 5903 1154 5960 Gn.
1192 5900 1419 5960 CLVII.

2067 4610 2193 4662 946.
2254 4609 2461 4664 Nomen
2525 4621 2604 4665 est
2664 4613 2973 4682 ambiguum
3039 4620 3399 4689 σακελάριος,
3453 4624 3627 4693 inquit

2067 4701 2281 4756 Junius.
2348 4702 2430 4757 Sit
2486 4705 2579 4771 ita,
2634 4709 3076 4775 quandoquidem
3133 4708 3372 4767 Joannes
3423 4712 3631 4770 Cittids

2058 4794 2158 4848 τὸν
2210 4796 2302 4848 ἐπὶ
2355 4795 2454 4863 τῆς
2502 4797 2709 4865 μικρᾶς
2764 4797 3029 4866 suum;
3066 4800 3255 4854 etiatn‘
3286 4792 3624 4859 sacellarium
3669 4865 3675 4872 _

2071 4884 2338 4949 nominat,
2370 4885 2527 4950 cuius
2561 4885 2714 4955 plura
2759 4886 2900 4941 forte
2931 4890 3179 4957 exempla
3212 4905 3319 4944 non
3356 4896 3627 4962 reperies;

2070 4978 2252 5044 aptius
2298 4978 2545 5032 sacellius
2582 4979 2884 5043 vocabitur,
2936 4980 2981 5033 si
3018 4995 3130 5036 uno
3167 4984 3389 5041 nomine
3432 5003 3631 5043 vocare

2074 5070 2224 5122 velis.
2275 5067 2420 5121 Nam
2455 5070 2607 5123 modo
2636 5086 2981 5139 personarum
3014 5086 3259 5143 respectu
3275 5077 3507 5148 dicitur,
3541 5087 3632 5151 qui

2071 5162 2236 5213 sacris
2270 5161 2568 5215 hominibus
2604 5172 2656 5216 et
2684 5162 2794 5218 Deo
2820 5165 3012 5219 dicatis
3043 5168 3320 5237 praefectus
3347 5183 3446 5234 est.
3477 5179 3633 5229 modo

2071 5265 2245 5302 rerum
2280 5255 2657 5319 locorumque;
2681 5267 2808 5324 puta
2855 5258 2900 5310 is
2930 5259 3022 5320 qui
3054 5262 3257 5325 templis
3291 5263 3635 5334 domibusth

2071 5344 2258 5397 sacris.
2312 5345 2380 5397 At
2424 5345 2453 5396 ὁ
2506 5345 2601 5396 τοῦ
2629 5346 2915 5401 σακσλλίου
2973 5365 3081 5402 non
3121 5354 3282 5406 modo
3332 5354 3631 5422 parietibus

2073 5434 2400 5501 templorum
2450 5447 2701 5503 praeerat,
2761 5439 2855 5492 sed
2906 5447 2961 5493 et
3006 5442 3150 5495 clero
3184 5444 3250 5496 ad
3286 5443 3379 5499 illa
3433 5439 3631 5515 templa

2071 5527 2387 5592 pertinenti,
2422 5538 2474 5580 ct
2502 5527 2949 5597 confugientibus
2979 5546 3201 5602 quoque
3247 5536 3315 5588 ad
3351 5538 3454 5593 illa.
3489 5549 3626 5594 tetn-
3649 5585 3661 5589 -

2074 5619 2159 5685 pla
2201 5635 2214 5671 :
2254 5619 2355 5672 hoc
2386 5620 2532 5672 enim
2583 5632 2669 5673 est
2697 5623 2923 5690 κρατεῖν
2950 5623 3054 5687 τὰς
3101 5624 3404 5688 auectas;
3436 5628 3634 5696 ἐκκλη-

2074 5711 2219 5773 σίας.
2282 5710 2425 5779 Ergo
2471 5702 2524 5764 et
2563 5715 2591 5763 ὁ
2627 5713 2720 5764 τοῦ
2761 5714 3051 5766 scaenico
3085 5732 3191 5769 non
3244 5718 3408 5772 modo
3443 5719 3498 5772 in
3541 5738 3630 5777 res

2073 5814 2125 5857 et
2156 5803 2295 5868 loca,
2331 5804 2422 5858 sed
2473 5815 2526 5857 et
2580 5804 2635 5858 in
2676 5820 2935 5873 personas
2988 5807 3079 5875 jus
3112 5809 3317 5871 habuit.
3369 5827 3522 5880 a-quc
3562 5830 3627 5869 ac

3240 5902 3277 5961 5
