4050 6598
399 439 500 502 139

1485 437 1558 496 ιΝ
1608 435 1904 495 LIBRUM
1949 435 2044 493 DE
2083 437 2418 498 OFFICIIS
2455 439 2564 498 ΟΡ.

3535 442 3637 510 140

399 565 632 621 magnus
677 535 1017 603 sacellarius.
1055 543 1212 597 Cadit
1257 558 1387 614 ergo
1431 541 1548 596 lucc
1594 541 1824 596 Juniana
1860 541 2042 611 dis-,3
2079 560 2242 612 quam
2280 545 2439 601 nobis
2482 549 2638 617 paulo
2693 559 2815 606 ante.
2851 550 3122 622 Corippus
3157 553 3462 622 descripsit,
3507 553 3636 623 quia

399 643 590 696 tiuctio
619 657 634 695 :
685 635 970 694 Hominum
1010 637 1318 704 procuratio
1342 645 1391 688 ct
1421 635 1739 703 praefectura
1768 635 1966 687 dicitur

399 733 710 793 sacellaria,
737 731 974 784 locorum
1002 743 1122 782 vero
1144 719 1476 780 'sacellium.‘
1497 725 1574 780 Ex
1606 743 1713 796 quo
1741 737 1964 782 auctore

401 823 599 892 probas
651 819 752 874 hoc
796 816 1137 874 discrimen?
1172 815 1307 883 Quis
1360 817 1450 870 ille
1495 818 1587 888 qui
1642 817 1823 887 priore
1873 817 1965 873 illo

396 916 664 970 vocabulo
727 921 818 968 tua
864 911 1087 967 notione
1133 903 1351 966 utitur?
1399 911 1558 966 Certe
1621 913 1963 966 sacci/arium

396 1005 617 1064 deducit
681 1007 968 1061 Balsatnou
1026 1021 1054 1059 a
1101 1005 1332 1069 sacella,
1371 1013 1424 1058 et
1471 1005 1610 1060 banc
1659 1021 1686 1057 a
1729 993 1962 1074 saceilof,

305 1165 310 1168 η
396 1111 454 1155 ut
489 1109 541 1153 et
570 1099 661 1153 τδν
690 1097 784 1151 τοῦ
821 1096 1107 1150 causidice
1130 1136 1144 1161 ,
1181 1096 1326 1167 quod
1355 1096 1432 1150 ait
1456 1109 1578 1152 esse
1606 1096 1960 1167 ὑποκοριστι-

396 1192 490 1244 κόν
526 1206 622 1244 seu
650 1189 1063 1254 diminutivum,
1096 1202 1126 1241 a
1161 1185 1355 1241 sacello
1397 1201 1492 1241 seu
1522 1185 1750 1241 saccello
1784 1203 1801 1240 :
1831 1201 1955 1240 nam

396 1282 784 1336 diminutivum
833 1297 862 1335 a
902 1280 1229 1334 diminutivo
1287 1279 1550 1344 formari,
1609 1289 1728 1332 uta
1772 1278 1964 1332 sacello

395 1375 694 1436 sacettium,
736 1371 1092 1428 sicutl.atine
1127 1387 1156 1427 a
1190 1371 1410 1427 sacculo
1447 1371 1736 1426 saccellum
1764 1370 1964 1424 sacccl-

395 1467 584 1533 lnlum,
621 1483 783 1520 nemo
813 1465 1011 1520 nescit.

465 1565 575 1618 Nec
625 1578 813 1618 verum
855 1561 1032 1616 illud:
1067 1560 1382 1625 σακελλέου,
1438 1561 1493 1615 id
1543 1569 1622 1616 est
1669 1575 1846 1614 rerum
1895 1557 1962 1613 ad

394 1675 571 1714 sacras
613 1656 750 1711 wdes
800 1664 850 1710 et
881 1653 1078 1712 sacella
1108 1654 1520 1726 pertinentium.
1575 1653 1722 1707 Nihil
1753 1653 1962 1718 minus,

396 1751 521 1818 quia
567 1747 702 1802 nihil
761 1746 852 1800 hic
905 1747 972 1799 de
1019 1743 1240 1800 sacellis
1288 1759 1410 1814 quae
1464 1742 1676 1798 Latinis
1727 1742 1962 1804 sacella,

395 1844 672 1912 cappellw,
715 1840 860 1894 unde
915 1839 1228 1892 sacellanus
1261 1847 1316 1890 et
1353 1836 1752 1907 cappellanus;
1795 1849 1897 1888 nec
1935 1835 1964 1886 ὁ

2069 635 2247 689 Latini
2286 635 2506 694 Graecos
2544 641 2736 694 imitati
2772 643 3065 714 aliquando
3095 645 3320 699 alterum
3354 662 3379 698 c
3423 660 3636 713 expun-

2067 738 2218 797 gunt.
2275 729 2422 783 Idem
2481 746 2606 801 ergo
2637 742 2721 787 est
2771 735 3115 789 sacsellarius
3189 745 3243 790 et
3297 735 3636 790 sacellarius.

2067 819 2410 888 QuaprOpter
2431 823 2666 893 probare
2729 841 2834 878 non
2882 841 3106 895 possum
3164 827 3408 896 ejusdem
3453 825 3636 898 magni

2068 911 2164 964 viri
2193 911 2509 981 tliscrimen,
2535 915 2680 984 quod
2705 916 2894 970 statuit
2927 919 3074 972 hunc
3109 918 3162 972 in
3186 918 3407 972 modum
3437 937 3450 972 :
3476 917 3634 988 Apud

2066 1001 2309 1067 Latinos,
2355 1004 2398 1058 si
2451 1005 2792 1060 saccellarius
2826 1009 3087 1062 scribitur
3127 1024 3156 1062 a
3193 1009 3466 1072 saccellis,
3515 1011 3636 1062 the-

2067 1110 2164 1149 san
2177 1096 2354 1149 rarius
2374 1095 2621 1151 ecclesia;
2663 1097 2986 1170 intelligitur
3012 1115 3027 1165 ;
3069 1101 3113 1156 si
3136 1115 3264 1154 vero
3284 1116 3377 1165 per
3403 1101 3634 1172 simplex

2066 1200 2113 1248 r,
2148 1184 2458 1238 sacellarius
2487 1201 2516 1239 a
2542 1187 2760 1254 sacello,
2791 1189 2884 1256 qui
2919 1189 3128 1244 scilicet
3154 1191 3390 1260 sacello(
3416 1193 3640 1261 cappcl-

2065 1276 2152 1342 hc)
2192 1283 2407 1344 prmest,
2442 1278 2801 1346 signiﬁcatur.
2825 1278 2996 1334 Secus
3026 1295 3084 1334 se
3119 1297 3206 1334 res
3259 1281 3440 1344 habet,
3479 1291 3535 1336 ut
3567 1298 3638 1337 ex

2066 1365 2227 1422 dictis
2269 1369 2490 1438 planum
2525 1370 2876 1440 relinquitur.
2930 1371 3065 1426 Vide
3109 1373 3272 1428 etiam
3319 1373 3632 1444 anacium,

2065 1460 2349 1515 Observat.
2377 1477 2432 1528 ι,
2475 1461 2545 1516 Ἦ
2571 1503 2585 1527 ,
2624 1461 2714 1516 ubi
2778 1463 2846 1518 de
2899 1465 3196 1518 saecularia
3249 1480 3278 1518 a
3319 1467 3639 1520 sacculo'et

2067 1553 2374 1608 sacceltario
2404 1569 2431 1607 a
2456 1554 2658 1609 sacello
2711 1557 2882 1610 multa
2923 1556 3131 1622 scribit,
3159 1557 3260 1613 etsi
3288 1558 3394 1612 alio
3419 1558 3598 1628 signiﬁ
3616 1589 3634 1602 ο

2066 1657 2190 1702 catu
2213 1650 2402 1702 borum
2436 1649 2738 1702 nominum.

2589 1735 2592 1740 ’
2660 1749 2888 1806 CAPUT
2935 1750 3025 1806 tv.

2557 1843 2634 1898 De
2689 1844 3112 1913 cltartophylace.

395 1937 494 2006 rei
531 1932 819 1986 σακελλιου
852 1945 880 1984 a
913 1929 1084 1984 sacris
1109 1927 1348 1992 sacellis,
1375 1906 1494 1997 qua:
1520 1935 1648 1980 sunt
1675 1925 1962 1996 cappellm.
1993 1906 2040 1965 Β
2141 1937 2202 1992 Ρ.
2227 1937 2281 1991 4.
2318 1935 2807 2006 Charmpbylacem
2868 1906 3010 1989 male
3061 1943 3254 1990 vocant
3281 1936 3640 1994 Leunclavius

398 2039 595 2078 nomen
631 2024 826 2088 habet;
858 2037 959 2076 nec
985 2020 1053 2074 ad
1085 2035 1272 2076 curam
1303 2020 1424 2090 ejus
1451 2017 1962 2088 spectabantsacrm

395 2123 596 2180 vestes,
629 2127 780 2176 vasa,
809 2111 1017 2166 reditus
1043 2119 1097 2166 et
1129 2111 1180 2165 id
1209 2125 1379 2181 genus
1403 2111 1504 2164 alia
1533 2112 1597 2164 ad
1628 2111 1826 2180 tempfa
1861 2124 1958 2163 seu

398 2207 598 2262 sacella
645 2219 804 2260 sacra
846 2205 1021 2274 (quas
1079 2201 1253 2258 Graeci
1303 2211 1502 2256 vocant
1553 2200 1962 2272 παρεκκλησῖας

397 2317 490 2355 seu
519 2295 942 2369 πκρεκκλήσια)
985 2295 1340 2366 pertinentia,
1379 2295 1507 2364 quia
1557 2295 1671 2348 bam
1698 2293 1836 2348 alios
1867 2307 1964 2346 cu-

397 2401 610 2446 ratores
665 2387 977 2454 habebant,
1015 2395 1072 2440 ut
1107 2402 1172 2442 ex
1232 2387 1352 2456 ipso
1397 2385 1608 2440 Codino
1638 2395 1826 2440 nutum
1880 2395 1970 2437 est

397 2502 449 2548 ιι.
483 2485 546 2550 '5;
591 2490 779 2536 noster
826 2489 1013 2534 autem
1069 2477 1383 2532 sacellarius
1448 2488 1495 2532 et
1557 2477 1803 2532 sacellius
1865 2489 1964 2530 no-

395 2593 518 2630 men
583 2575 688 2628 hoc
731 2572 934 2628 habent
977 2586 1008 2625 a
1041 2571 1268 2636 sacello;
1319 2580 1375 2626 ct
1415 2570 1462 2626 si
1515 2571 1746 2640 primam
1795 2569 1966 2638 origi-

397 2683 518 2722 nem
553 2676 798 2734 repetere
823 2663 1054 2718 velimus
1074 2701 1089 2728 ,
1117 2676 1146 2716 a
1182 2676 1360 2725 sacco,
1387 2669 1448 2716 ut
1477 2673 1640 2730 Supra
1673 2659 1962 2729 probatum

393 2769 498 2815 est.
883 2825 888 2828 _
1589 2744 1592 2746 ’

465 2845 754 2904 Coronidis
781 2845 902 2900 loco
935 2841 1207 2898 addamus
1233 2853 1286 2898 et
1317 2841 1424 2898 hoc
1459 2841 1729 2896 sacellarii
1767 2857 1964 2896 nomen

397 2941 586 2995 eadem
639 2937 970 2994 formatione
1001 2949 1054 2990 et
1101 2936 1325 2988 notione
1375 2950 1444 2988 ne
1474 2933 1687 2988 Latinis
1743 2932 1962 3002 quidem

399 3032 642 3099 ignotum
713 3025 904 3096 fuisse.
981 3023 1272 3078 Ascriham
1336 3021 1504 3074 verba
1563 3019 1834 3088 Ouuphrii
1898 3031 1966 3069 ex

399 3121 584 3176 libello
635 3119 700 3174 de
741 3119 1024 3186 interpret.
1059 3114 1416 3170 obscurarmn
1467 3127 1660 3165 vocum
1703 3109 1966 3165 ecclesia-

2065 2031 2228 2086 etalii
2262 2028 2645 2083 chartularium
2670 2047 2683 2082 :
2704 2043 2830 2082 nam
2854 2028 3212 2084 citartutarius
3233 2031 3456 2087 alterius
3476 2031 3634 2087 oﬂieii

2067 2132 2120 2178 et
2153 2120 2428 2176 inferioris
2481 2133 2680 2192 nomen
2741 2126 2845 2184 est,
2903 2121 3324 2190 contineturque
3387 2122 3439 2176 in
3493 2139 3638 2178 nona

2068 2211 2298 2283 pentade
2313 2210 2616 2265 omniorum
2636 2209 3162 2264 ecclesiasticorutn:
3187 2221 3238 2265 at
3253 2213 3368 2266 clm:
3385 2216 3638 2284 tophylaa:

2067 2303 2369 2374 principem
2404 2302 2584 2356 locum
2637 2309 2802 2362 tenet,
2832 2302 3034 2370 quippe
3065 2313 3294 2371 quartus
3327 2306 3469 2360 inter
3501 2322 3636 2360 exo-

2067 2394 2382 2449 catartelos.
2420 2393 2616 2448 Junius
2659 2391 2852 2446 Latine
2875 2393 3184 2462 pra’fectum
3216 2396 3412 2450 chartis
3453 2400 3636 2452 nomi-

2069 2493 2186 2550 nat,
2219 2485 2405 2538 nescio
2427 2499 2591 2553 quam
2629 2484 2848 2537 idonee.
2881 2483 2993 2552 Ego
3021 2484 3261 2550 libenter
3295 2502 3479 2541 vocem
3507 2489 3636 2542 resi-

2071 2592 2174 2632 neo
2203 2575 2472 2630 Grecam.
2497 2573 2654 2628 Unde
2671 2583 3034 2642 componatur
3065 2583 3119 2628 et
3142 2575 3439 2640 derivetur,
3465 2577 3636 2647 liquet

2027 2719 2032 2724 .
2070 2667 2280 2734 absque
2307 2677 2428 2718 meo
2452 2662 2758 2716 admonitu.
2785 2659 2916 2717 Plus
2941 2671 3119 2717 tamen
3151 2663 3424 2730 signiticet
3468 2682 3632 2736 quam

2071 2757 2191 2826 ipsa
2226 2753 2488 2808 vocabula
2519 2753 2696 2806 fronte
2729 2753 2906 2822 prima
2941 2768 3052 2822 prae
3095 2767 3154 2807 se
3189 2752 3384 2810 ferant.
3411 2755 3639 2820 Quocir-

2069 2863 2130 2901 ca
2169 2846 2456 2900 Balsamon
2491 2843 2544 2897 in
2597 2857 2698 2897 sua
2761 2843 3158 2912 disceptatione
3201 2846 3270 2898 de
3303 2845 3636 2916 chartopby-

2069 2941 2188 2994 lace
2280 2935 2485 2990 refutat
2541 2935 2660 2988 illos
2726 2935 2818 3004 qui
2887 2934 3079 2988 volunt
3147 2937 3630 3006 chartOpbylacem

2073 3025 2560 3098 παρωνυμίζεσθαι
2603 3027 2668 3078 ὲκ
2703 3013 2800 3077 τοῦ
2855 3027 3148 3094 φυλάττειν
3184 3027 3507 3096 μεμῦράνας
3539 3030 3636 3080 καὶ

2073 3120 2324 3180 metm,
2361 3117 2612 3194 quamvis
2657 3117 2704 3172 si
2775 3133 2972 3171 nomen
3005 3119 3230 3187 praecise
3288 3120 3636 3174 considerare

397 3201 656 3269 sticarntn
695 3207 1084 3274 :Sacellarius,
1122 3207 1261 3260 alias
1296 3204 1649 3266 εαιτυιανὶιιε,
1689 3219 1720 3255 α
1748 3199 1972 3254 δαεεεηο
2003 3205 2044 3274 _'
2066 3212 2316 3273 velimus,
2354 3212 2468 3264 haec
2506 3211 2718 3263 nutatio
2750 3225 2776 3263 a
2813 3211 3040 3263 veritate
3073 3227 3178 3263 non
3235 3211 3452 3266 recedat
3485 3229 3498 3265 :
3537 3213 3633 3267 sed

398 3305 750 3373 pecuniarum
789 3316 920 3369 quas
975 3296 1228 3367 erogabat
1260 3295 1457 3358 dictus,
1487 3303 1594 3348 etc.
1631 3291 1784 3346 Ηιιηε
1811 3291 1963 3344 “die
1991 3271 2034 3328 ϐ
2071 3305 2124 3358 in
2153 3302 2496 3371 impositique
2513 3301 2796 3355 nominum
2819 3310 3038 3356 monent
3064 3304 3337 3371 sapientes
3371 3318 3479 3358 non
3520 3313 3626 3357 tam

401 3393 771 3449 thesaurarius
804 3397 1168 3460 repra'sentat.
1210 3387 1376 3455 Cujus
1402 3386 1634 3439 muneris
1673 3383 1968 3438 Bibliothe-

398 3489 574 3540 carius
621 3482 1022 3554 (Anastasius)
1049 3495 1185 3550 sa'pe
1225 3479 1540 3532 mentionem
1578 3477 1731 3546 facit.
1783 3476 1967 3529 Dictus

402 3588 580 3630 (uitem
613 3587 684 3628 est
723 3591 754 3626 a
793 3589 948 3628 sacco
978 3572 1330 3632 saccularius.
1357 3571 1430 3625 vel
1491 3587 1522 3624 a
1555 3568 1772 3631 sacello,
1805 3569 1861 3621 id
1893 3577 1970 3620 est

401 3688 560 3738 parvo
589 3667 804 3728 sacello,
845 3665 1193 3730 saceliarins;
1249 3681 1365 3732 qua:
1399 3679 1497 3716 σοι)
1529 3662 1670 3730 apud
1707 3660 1968 3730 Angusti-

402 3779 522 3815 nnm
555 3770 724 3814 exstat
761 3759 817 3811 in
845 3756 1240 3811 commentariis
1273 3755 1632 3808 Psalmorunt.
1673 3753 1794 3806 llmc
1823 3751 1973 3806 Onu-

403 3853 618 3922 p‘nrins.
675 3850 868 3905 Sacetli
923 3865 1119 3902 nomen
1173 3863 1272 3918 pro
1303 3847 1567 3901 thesauro
1615 3862 1712 3900 seu
1775 3845 1970 3898 aerario

403 3951 630 4014 usurpat
673 3957 891 4014 quoque
933 3940 1204 4010 Corippus
1244 3939 1318 3994 De
1355 3929 1620 3993 laudibus
1652 3937 1854 3992 Justini
1894 3953 1968 4002 tv,

401 4039 540 4102 534;
605 4037 695 4090 ubi
759 4049 926 4105 quem
982 4043 1283 4098 memorat,
1361 4033 1464 4087 fuit
1519 4031 1800 4087 Calinicus
1867 4031 1972 4084 iste

401 4131 744 4192 sacellarius,
802 4128 896 4182 sed
955 4127 1188 4201 aulicus,
1247 4141 1354 4179 nou
1409 4124 1844 4179 ecclesiasticus.
1907 4121 1968 4176 S.

369 4207 698 4294 "Gregorius
733 4221 960 4290 Magnus
995 4219 1158 4288 126
1199 4217 1238 4272 l.
1285 4221 1358 4282 iv,
1392 4217 1556 4286 epist.
1600 4216 1690 4281 54,
1723 4213 1971 4269 nominat

401 4333 459 4368 se.
491 4313 832 4366 sacellarium
865 4309 1195 4385 Romanum.
1229 4307 1426 4362 Putaui
1451 4307 1744 4371 interdum,
1791 4305 1971 4380 inquit

403 4405 668 4458 Baronius
701 4403 860 4471 (tom.
892 4397 1030 4464 VIII,
1074 4413 1219 4454 anno
1254 4400 1458 4454 Christi
1498 4399 1624 4462 595,
1665 4413 1813 4453 num.
1881 4397 1968 4464 l7)

400 4498 454 4550 in
486 4507 630 4548 lex-lu
655 4492 894 4568 Gregorii
929 4507 1025 4562 pro
1049 4490 1392 4544 sacellarium
1423 4489 1524 4560 legi
1556 4489 1742 4544 debere
1775 4491 1970 4542 saccei-

401 4589 614 4650 larium,
649 4585 801 4655 quasi
823 4602 854 4638 a
881 4583 1118 4637 sacoetlis
1131 4591 1396 4650 sumptum
1427 4598 1638 4648 nomen,
1667 4582 1804 4651 quod
1831 4580 1965 4634 satis

403 4681 512 4748 ipse
529 4677 815 4747 Gregorius
845 4674 1156 4738 docet,dum
1186 4673 1416 4726 ostendit
1449 4672 1786 4726 sacellarium
1803 4673 1968 4740 fuisse

407 4769 804 4822 thesaurorium
825 4763 1325 4835 pecuniwpublica',
1346 4764 1500 4832 cujus
1525 4765 1598 4816 rei
1621 4765 1796 4832 gratia
1813 4779 1969 4830 opor-

407 4862 507 4912 tuit
539 4860 642 4926 ipsi
673 4857 900 4912 creditos
931 4872 1040 4911 esse
1063 4855 1409 4925 pecuniarum
1433 4855 1698 4919 sacculos,
1729 4857 1792 4906 ob
1815 4853 1970 4916 idque

404 4953 745 5007 sacellarium
775 4953 976 5006 dictum
1015 4965 1147 5004 esse.
1184 4947 1324 5002 Huic
1374 4965 1501 5002 metu
1522 4948 1796 5001 sententia
1851 4945 1969 5014 suf-

405 5049 651 5114 {rngatur
680 5044 814 5095 idem
847 5041 1128 5112 Gregorius
1149 5039 1214 5094 in
1269 5040 1494 5108 epistola
1530 5041 1599 5092 ad
1633 5037 1968 5092 Honoratum

403 5137 706 5198 diaconum,
725 5134 813 5184 ubi
833 5149 987 5201 agens
999 5133 1064 5185 de
1079 5133 1336 5186 solutione
1349 5143 1609 5184 consuetm
1626 5147 1750 5197 pecu
1758 5131 1857 5181 nin'
1875 5141 1970 5195 pro

405 5229 660 5295 dignitate
683 5223 950 5278 consulari
966 5223 1304 5292 adipiscenda
1327 5225 1436 5278 ait:
1461 5242 1479 5274 ι
1516 5220 1682 5290 Magis
1697 5237 1761 5274 ex
1775 5237 1830 5273 se
1848 5229 1970 5288 agat

404 5319 612 5374 diiectia
629 5327 740 5375 tua.
759 5327 1015 5385 quatenus
1039 5315 1228 5368 oblatis
1252 5319 1305 5368 in
1325 5314 1548 5368 sarcella
1573 5313 1970 5367 consuetudini-

407 5413 500 5462 tzus
519 5410 738 5460 honores
767 5417 1029 5458 uterentur
1046 5407 1294 5472 accipere.
1331 5425 1348 5458 ι
1378 5403 1478 5460 Ubi
1498 5423 1588 5474 per
1603 5407 1826 5458 sarceila
1857 5421 1970 5458 cer-

383 5491 386 5493 λ
409 5513 514 5554 tum
537 5510 608 5552 est
635 5499 856 5565 intelligi
873 5498 1126 5567 principis
1149 5499 1510 5564 pecuniariam
1529 5503 1762 5566 eaps’am,
1785 5507 1830 5549 et
1854 5513 1974 5562 pro-

405 5596 525 5648 inde
553 5609 646 5661 per
660 5591 1028 5646 saccellarium
1047 5591 1456 5644 thesaurarium.
1489 5590 1554 5643 1η
1582 5608 1737 5660 quam
1771 5601 1976 5643 sentcn-

409 5685 536 5735 tiam
564 5692 610 5735 et
645 5681 900 5745 Isidorus,
935 5699 952 5732 ι
985 5679 1197 5746 Fiscus,
1227 5684 1418 5751 inquit,
1453 5693 1528 5735 est
1579 5697 1762 5734 saccus
1795 5681 1971 5748 publi-

407 5789 518 5826 cus.
537 5791 552 5821 ι
579 5773 680 5824 Sed
707 5772 778 5824 usl
797 5787 932 5841 opus
957 5771 1061 5825 ulla
1095 5773 1425 5839 mutatioae;
1449 5787 1570 5826 nam
1592 5781 1644 5825 et
1669 5772 1972 5824 sacci/arias

411 5871 498 5917 est
523 5863 858 5915 sr.crcl’arius
881 5879 908 5912 η
935 5861 1148 5927 sacello,
1175 5862 1404 5932 simplici
1457 5879 1504 5930 ε,
1555 5861 1634 5916 vel
1691 5875 1718 5914 a
1755 5863 1970 5918 sacella.

2073 3395 2364 3450 ridendum
2397 3408 2520 3447 esse
2541 3410 2585 3446 ea
2625 3410 2749 3462 quo,
2779 3408 2940 3464 quam
2969 3392 3037 3445 ad
3071 3395 3196 3460 quid
3224 3395 3420 3448 nomen
3457 3395 3634 3462 impo—

2073 3497 2254 3542 natur.
2295 3488 2368 3539 lia
2407 3487 2471 3538 de
2504 3501 2667 3538 causa
2703 3483 2834 3539 licet
2858 3499 2888 3538 a
2917 3487 3164 3540 custodia
3197 3465 3392 3540 cliartaz
3433 3501 3630 3542 nomen

2073 3579 2322 3640 traxerit,
2357 3577 2516 3644 longe
2547 3587 2728 3630 tamen
2767 3577 2924 3646 plura
2953 3578 3016 3630 ad
3044 3577 3161 3645 ejus
3199 3593 3386 3632 curam
3437 3591 3492 3632 et
3535 3581 3598 3632 ad
3621 3609 3636 3620 -

2077 3668 2526 3722 ministratiOnem
2577 3668 2976 3736 pertinebant:
3034 3669 3148 3736 ipse
3199 3670 3341 3723 enim
3405 3685 3502 3724 sua
3579 3672 3632 3724 in

2073 3773 2340 3833 potestate
2393 3764 2627 3817 habebat
2671 3763 3103 3834 ὲκκλησιαστικὰ
3149 3764 3372 3834 χαρτῷα
3418 3765 3642 3818 δικαιώ-

2077 3871 2246 3922 ματα,
2305 3853 2513 3906 litteras
2563 3852 2618 3906 iu
2665 3853 2852 3922 quibus
2895 3854 3026 3922 jura
3072 3863 3123 3907 et
3156 3853 3426 3923 privilegia
3479 3855 3637 3925 127

2075 3944 2325 3999 Ecclesia:
2384 3944 2824 4010 continebantur;
2870 3961 2980 4000 uno
3012 3945 3175 4001 verbo
3225 3947 3491 4001 archivum
3550 3950 3638 4004 di-

2073 4051 2197 4092 cere
2231 4036 2424 4106 pcssis.
2451 4037 2659 4106 Κριτὴς
2682 4037 2792 4091 τῶν
2821 4039 2956 4092 ὅλων
2983 4037 3293 4093 ὑποθέσεων
3316 4041 3426 4094 τῶν
3441 4043 3642 4110 ἐκκλη-

2076 4126 2388 4192 σιαστικῶν,
2446 4125 2585 4196 ἔχων
2635 4129 2732 4190 τὰς
2781 4130 3027 4200 γαμικὰς
3103 4129 3411 4198 ὑποθέσεις,
3467 4135 3639 4204 judex

2073 4220 2306 4273 omnium
2353 4219 2833 4274 ecclesiasticarum
2876 4239 3160 4276 causarum
3192 4232 3242 4277 et
3273 4225 3640 4277 matrimonia-

2073 4311 2203 4364 lium
2249 4313 2744 4366 controversiarum.
2795 4313 2958 4368 Ἀλλὰ
3007 4315 3101 4368 καὶ
3151 4316 3210 4369 ὲν
3258 4318 3376 4378 ταῖς
3422 4305 3639 4380 λοιπαῖς

2073 4402 2182 4453 τῶν
2217 4399 2500 4472 κληρικῶν
2564 4403 2891 4456 ὑποθέσεσιν
2923 4404 3160 4468 ἔκδικος,
3222 4405 3298 4468 ὡς
3345 4405 3493 4470 δεξιὰ
3541 4405 3638 4458 τοῦ

2074 4491 2377 4562 ἀρχιερέως
2405 4492 2548 4560 χείρ,
2579 4493 2706 4560 quin
2739 4493 2854 4546 etin
2877 4493 3079 4546 cwteris
3116 4493 3426 4548 clericorum
3459 4497 3636 4548 causis

2001 4613 2051 4671 υ
2077 4583 2313 4652 cognitor
2343 4582 2576 4650 etjudea:
2599 4593 2696 4646 est,
2734 4593 2781 4636 et
2825 4593 3076 4653 tauquam
3112 4585 3297 4666 dextra
3322 4587 3640 4651 patriarcha:

2077 4693 2260 4729 manus
2301 4691 2317 4742 ;
2353 4692 2462 4745 quo
2495 4677 2716 4730 nomine
2746 4677 2976 4732 adicitur
3013 4680 3176 4734 etiam
3221 4697 3250 4735 a
3273 4663 3627 4744 ‘Balsamone,

2073 4773 2164 4840 qui
2219 4771 2680 4840 chartopnylacem
2710 4790 2768 4828 os
2800 4782 2849 4826 et
2889 4775 3042 4828 labra
3072 4776 3398 4844 patriarchze
3455 4788 3634 4842 vocat,

2072 4865 2257 4933 aitque
2291 4878 2413 4919 esse
2459 4864 2780 4934 patrial-clue
2811 4865 2864 4920 id
2907 4866 3054 4935 quod
3079 4866 3250 4937 Moysi
3307 4869 3410 4922 l'uit
3456 4874 3637 4924 Aaron

2072 4961 2125 5006 et
2160 4951 2372 5008 Barucb
2395 4953 2683 5018 Jeremiae;
2715 4955 2874 5022 cuius
2893 4957 3256 5012 cbirotoniam
3293 4959 3641 5012 ctordinati-

2074 5059 2232 5099 onem
2265 5045 2488 5112 copiose
2543 5045 2826 5102 describit.
2877 5045 3022 5100 Fieri
3063 5063 3300 5118 namque
3345 5059 3643 5103 consuerat

2075 5153 2196 5190 cum
2237 5138 2586 5207 impositione
2615 5153 2873 5192 Inanuum
2910 5150 2962 5194 et
3001 5143 3336 5209 appensionc
3370 5141 3642 5210 βουλωτη-

2080 5225 2194 5294 ρῗου
2220 5227 2284 5280 de
2324 5239 2546 5296 pectore
2595 5229 2768 5284 instar
2797 5229 3080 5282 ratiunalis
3121 5229 3379 5284 Λιιτοηὶρί
3437 5231 3642 5299 depen-

2075 5316 2274 5380 dentis,
2327 5319 2674 5388 elaviutnqne
2727 5321 3039 5383 traditione,
3103 5336 3340 5390 quorum
3394 5323 3637 5374 omnium

2079 5407 2336 5478 mysteria
2373 5408 2549 5464 fusius
2573 5421 2792 5463 enarrat
2819 5409 3130 5474 Balsamon,
3175 5413 3290 5479 ipse
3347 5412 3512 5464 etiam
3539 5415 3644 5466 huc

2080 5513 2305 5550 munere
2356 5498 2648 5566 aliquando
2681 5499 2920 5564 functus,
2955 5509 3013 5554 ut
3053 5509 3285 5554 testatur
3347 5503 3400 5553 in
3464 5503 3644 5554 disce-

2079 5591 2322 5656 ptatione
2349 5591 2580 5657 (Iliadum
2615 5590 3000 5645 matrimoniali
3033 5592 3068 5644 ι.
3087 5607 3160 5644 γιι
3187 5591 3332 5646 iuris
3365 5593 3458 5645 Gil
3503 5601 3638 5646 tum.

2081 5681 2120 5744 l,
2155 5681 2245 5732 fol.
2273 5679 2397 5743 458,
2437 5680 2526 5748 qui
2555 5691 2610 5734 et
2641 5681 2724 5735 his
2751 5683 2932 5736 verbis
2978 5681 3212 5735 oﬂicium
3245 5682 3368 5748 ejus
3411 5694 3646 5748 exagge-

2081 5779 2162 5824 rat
2187 5788 2199 5823 :
2227 5769 2335 5830 Τὰς
2370 5771 2776 5839 πατριαρχικὰς
2800 5771 3123 5838 διαγνώσεις
3150 5770 3516 5837 καλλιγραφεῖ
3550 5771 3648 5820 καὶ

2083 5863 2430 5930 ὑπογραφαῖς
2460 5863 2689 5925 οἰκείαις
2723 5865 2818 5916 καὶ
2851 5865 3122 5934 σφραγῖσι
3165 5861 3520 5932 κατεμπεδοῑ,
3547 5861 3645 5913 καὶ
