3936 6646
251 441 346 509 iii

1237 475 1240 478 -
1323 451 1400 509 IN
1451 449 1740 509 unum!
1789 445 1884 506 DE
1923 420 2253 502 oratoris
2293 442 2398 500 cr.

3375 435 3476 500 ἱέὶ

246 563 494 631 ἀρχιερεῖ
522 562 800 630 ἀναφέρει.
835 558 981 615 Adde
1003 563 1147 630 (cum
1181 563 1258 629 Μ)
1291 579 1302 614 ι
1335 561 1425 614 Ἐν
1460 565 1523 631 τῇ
1564 563 1692 632 ἁγίᾳ
1724 577 1816 629 με-

1950 555 2096 618 mode,
2131 553 2231 606 nisi
2292 551 2478 606 forsan
2521 549 2823 622 refragetur
2870 549 3138 620 judicium
3187 552 3352 620 illius,
3385 559 3478 624 qui

247 653 476 722 τιλήψει
497 654 658 715 αὐτὸς
683 655 849 720 λέγει,
884 671 902 703 ι
925 654 1134 723 ’ῐερείς,
1163 654 1541 721 προσέλθετε.»
1575 655 1728 704 Ἔστι
1751 653 1808 704 δὲ

250 745 344 796 καὶ
369 747 433 795 ὲκ
475 744 770 812 προσώπου
802 745 1100 815 ἀρχιερέως
1132 749 1210 808 είς
1247 749 1426 798 πᾶσαν
1458 747 1639 816 κρίσιν
1675 745 1813 798 διδί-

251 854 336 887 ναι
365 837 458 896 τὰς
491 835 818 902 ἀποφάσεις.
859 836 996 890 lliné
1021 838 1141 904 eius
1177 837 1436 901 tribunal,
1478 838 1543 890 de
1579 851 1686 904 quo
1715 834 1812 888 Ju-

253 928 326 979 ris
369 925 481 981 GR.
516 943 568 995 p.
627 927 754 989 258,
791 925 1136 996 episcopatus
1189 929 1410 981 nomine
1441 927 1751 981 decoratum
1783 941 1812 979 a

254 1015 574 1070 Balsamone
608 1018 659 1070 in
691 1017 722 1070 9
753 1033 872 1072 can.
908 1018 1076 1072 Trull.
1129 1018 1282 1072 Ἐπεὶ
1327 1020 1383 1070 δὲ
1419 1018 1480 1068 τὸ
1528 1019 1814 1086 μεγαλεῖον

251 1107 348 1160 τοῦ
378 1109 779 1177 πατριαρχικοῦ
809 1109 1001 1177 θρόνου
1032 1110 1266 1178 διάφορα
1311 1108 1409 1179 μὲν
1433 1109 1668 1177 σέκρετα
1701 1103 1814 1176 ἔχει

254 1198 340 1265 ὑφ’
373 1199 558 1259 ἑαυτὸ,
589 1199 679 1250 καὶ
707 1199 887 1260 ίδικῶς
923 1199 978 1250 δὲ
1009 1200 1321 1268 ὡρίσθησαν
1354 1199 1427 1267 τῷ
1456 1199 1695 1268 σεκρέτῳ
1723 1198 1815 1250 τοῦ

255 1289 718 1360 χαρτοφυλακείου
749 1291 816 1342 τὰ
854 1290 1185 1342 ὲπισκοπικὰ
1225 1291 1436 1354 δίκαια,
1487 1291 1578 1342 καὶ
1615 1291 1641 1341 ὁ
1677 1291 1817 1342 κατὰ

255 1381 446 1448 καιρὸν
493 1380 845 1449 χαρηοφύλαξ
897 1381 1112 1449 ἐνεργεῖ
1157 1381 1350 1451 δικαίῳ
1405 1383 1548 1433 κατὰ
1589 1381 1818 1448 καιροὺς

253 1471 556 1529 ἀγιωτάτου
588 1471 922 1540 πατριάρχου
943 1471 1120 1522 πάντα
1145 1473 1212 1522 τὰ
1239 1471 1416 1540 τούτῳ
1445 1471 1716 1538 ἀνήκοντα
1743 1469 1820 1532 ὡς

258 1561 544 1628 ἐπισκὸπῳ
574 1559 844 1629 (ἀφορίζει
878 1559 1009 1627 γὰρ,
1065 1558 1374 1624 διορθοῦται
1407 1558 1612 1626 ψυχικᾶι
1649 1557 1818 1622 σφάλ-

259 1668 427 1719 ματα,
445 1649 728 1713 διακόνους
759 1651 854 1704 καὶ
875 1653 1039 1720 ἱερεῖς
1065 1652 1348 1718 ἐπιτρέπει
1371 1647 1818 1718 χειροτονεῖσθαι,

255 1744 324 1794 τὰ
372 1743 478 1794 τῶν
533 1741 850 1811 ίερολογιῶν
905 1742 1138 1796 πινάκια
1201 1741 1502 1802 ἐκτίθεται,
1549 1741 1642 1791 καὶ
1687 1738 1822 1792 ἄλλα.

257 1833 483 1884 τοιαῦτά
532 1831 700 1900 τινα),
757 1831 938 1893 καλῶς
994 1833 1344 1883 ὲπισκοπεῖον
1393 1831 1727 1900 κληθήσεται
1759 1830 1820 1881 τὸ

1917 661 2000 702 res
2037 659 2249 698 veteres
2289 643 2443 698 novis
2475 642 2700 697 vocibus
2729 644 3099 712 signiﬁcanter
3127 646 3356 713 exprimi
3381 661 3480 714 pa-

1915 738 2110 790 tienter
2143 733 2285 786 ferre
2321 747 2426 785 non
2465 741 2659 800 potest.
2703 730 2840 784 Hinc
2889 732 3336 800 σκευοφυλάκιον,
3387 731 3478 784 ubi

1917 843 2131 884 sacrum
2196 826 2616 879 instrumentum
2657 813 3028 878 'asservatiir.
3089 823 3272 894 Neque
3331 825 3476 878 enim

1917 918 2164 990 agnoscit
2216 915 2416 970 Suidas
2457 915 2917 984 σκευοφυλακεῐον
2959 917 3343 971 convenienter
3393 930 3478 969 re-

1919 1007 2054 1073 gulae
2101 1019 2236 1070 sum,
2291 1005 2357 1058 de
2403 1019 2508 1074 qua
2531 1015 2861 1074 antegressa
2919 1007 3096 1076 capite
3147 1022 3200 1076 p.
3259 1007 3363 1062 125
3398 1007 3472 1059 in.

1917 1098 2120 1154 (ἔλιπε.

1990 1190 2076 1262 [Ρ.
2105 1192 2159 1246 4.
2203 1191 2271 1245 '0
2301 1190 2487 1260 μέγας
2522 1188 2935 1257 σκευοφύλαξ.
2972 1188 3235 1243 Allatiana
3261 1189 3332 1258 (et
3361 1189 3432 1254 M)
3467 1207 3480 1244 :

1929 1283 1992 1336 '0
2016 1284 2186 1350 μέγας
2217 1281 2559 1348 σκευοφύλαξ
2582 1281 2842 1354 στήκεται
2867 1280 2994 1332 ὅταν
3011 1280 3318 1348 λειτουργεῐ
3340 1283 3366 1332 ὁ
3387 1283 3481 1346 ἀρ-

1920 1373 2138 1442 χιερεὺς
2166 1371 2472 1441 ἔμπροσθεν
2501 1372 2596 1424 τοῦ
2631 1371 3083 1439 σκευοφυλακίου,
3104 1373 3196 1423 καὶ
3222 1371 3271 1424 εἴ
3289 1389 3340 1424 τι
3371 1373 3484 1424 δ’ἆν

1921 1463 2246 1534 χρειασθοῦν
2291 1466 2352 1516 ἐκ
2399 1463 2492 1516 τοῦ
2532 1462 2983 1532 σκευοφυλακίου,
3023 1464 3182 1526 αὐτὸς
3215 1465 3480 1526 ἀποδίδει,

1921 1557 2041 1626 ἦτοι
2069 1556 2285 1618 σκεῦος,
2305 1556 2507 1625 βιϐλίον
2541 1557 2704 1623 ἱερὸν,
2723 1557 2928 1626 κηροῦς
2958 1557 3050 1612 καὶ
3071 1557 3330 1622 ἀλλαγὰς,
3355 1558 3485 1610 ὑπο·

1921 1649 2140 1716 κρατῶν
2181 1649 2274 1702 καὶ
2305 1648 2364 1700 τὸ
2413 1649 2840 1714 σκευοφυλάκιον
2871 1649 2970 1717 τῆς
3009 1648 3336 1716 ἐπισκοπῆς,
3387 1651 3482 1700 καὶ

1922 1738 2031 1790 πᾶν
2067 1735 2260 1798 σκεῦος
2281 1737 2382 1805 τῆς
2419 1737 2736 1805 ὶκκλησίας,
2763 1736 2900 1807 ἔχων
2931 1739 2986 1790 δὲ
3019 1737 3233 1798 καὶτὰς
3259 1755 3488 1807 χηρευο-

1929 1828 2094 1896 μένας
2147 1825 2445 1896 ἐκκλησίας
2479 1829 2558 1888 εἰς
2589 1829 2687 1896 τὴν
2723 1828 2886 1880 αὐτοῦ
2933 1829 3244 1897 ἐπίσκεψιν,
3285 1830 3378 1880 καὶ
3421 1829 3486 1882 τὰ

258 1922 747 1993 χαρτοφυλακεῖον.
785 1922 920 1977 Hinc
953 1924 1072 1989 ejus
1125 1923 1428 1977 administri
1467 1925 1820 1974 ὲπισκοπεια-

1950 1919 2048 1987 ερά
2078 1917 2254 1970 αὐτῶν
2280 1887 2479 1972 πάντα.
2517 1887 2670 1968 Ἐστι
2693 1917 2748 1968 δὲ
2778 1919 2870 1970 καὶ
2901 1920 2978 1980 είς
2999 1921 3096 1980 τὰς
3123 1887 3351 1987 κρίσεις,
3387 1937 3488 1986 φυ-

260 2013 338 2066 νοί
366 2013 496 2066 dicti
521 2010 803 2066 JnrisGR.
834 2011 929 2066 fol.
958 2012 1050 2064 i7l
1083 2019 1136 2064 et
1158 2011 1279 2064 179..
1317 2009 1388 2064 De
1419 2011 1538 2062 aliis
1560 2009 1680 2076 ejus
1708 2022 1826 2060 mu-

262 2107 368 2157 niis
397 2113 452 2156 et
486 2101 786 2172 privilegiis
833 2103 1098 2156 videndus
1131 2101 1420 2155 Balsamon
1456 2101 1713 2155 Meditato
1759 2099 1826 2153 de

260 2195 652 2261 eocnnipusito
673 2190 818 2246 Juris
837 2194 1074 2260 ejusdem
1097 2192 1211 2247 GR.
1232 2194 1285 2255 7,
1319 2200 1437 2246 acta
1464 2203 1517 2244 et
1539 2190 1826 2259 subsigna-

267 2284 446 2336 tioues
477 2284 594 2352 ejus
627 2282 720 2335 fel.
755 2283 860 2336 255
891 2293 945 2337 et.
964 2284 1091 2348 270,
1125 2300 1262 2352 quos
1293 2285 1394 2338 sibi
1437 2283 1622 2336 titulos
1645 2282 1826 2336 vindi-

264 2381 368 2432 νει.
404 2367 518 2438 ipse
553 2373 946 2444 cbartophylax
991 2387 1252 2442 peroraus
1276 2375 1326 2426 in
1371 2373 1506 2427 actis
1531 2375 1562 2426 6
1614 2373 1826 2442 synodi,

269 2461 325 2517 P.
357 2461 632 2518 Fraucisci
658 2463 974 2519 Combnl‘isii
1012 2465 1290 2534 diligentia
1336 2465 1647 2532 propediem
1675 2479 1828 2518 com-

269 2555 502 2622 plendis,
535 2557 808 2622 eloquitur
839 2574 852 2609 :
895 2557 956 2610 '0
993 2557 1316 2624 ἁμαρτωλὸς
1348 2555 1455 2622 ἐγὼ
1487 2557 1581 2608 καὶ
1611 2555 1830 2610 πάντων

189 2699 192 2702 .
265 2648 544 2714 ἐλάχιστος
576 2647 840 2714 Ἀγάθων,
867 2647 1079 2711 ἀνάξιος
1104 2649 1346 2710 διάκονος
1377 2649 1471 2701 καὶ
1491 2647 1832 2716 χαρτοφύλαξ

267 2738 364 2804 τῆς
393 2735 622 2789 ἐνταῦθα
649 2739 958 2806 ἁγιωτάτης
998 2738 1091 2790 τοῦ
1115 2739 1248 2790 Θεοῦ
1297 2739 1554 2808 Μεγάλης
1603 2739 1833 2809 Ἐκκλη-

267 2828 408 2890 σίας,
445 2827 538 2878 καὶ
569 2825 663 2878 τοῦ
690 2825 923 2892 εὐαγοῦς
955 2827 1357 2896 πατριαρχικοῦ
1385 2829 1648 2896 σεκρέτου
1679 2843 1832 2894 πρω-

266 2917 575 2986 τονοτάριος
618 2916 716 2970 καὶ
759 2919 1154 2987 καγκελλάριος
1190 2918 1460 2986 δεύτερος.
1506 2901 1656 2974 Unde
1708 2933 1834 2972 vero

274 3009 512 3076 μεγάλου
549 3007 842 3076 appellatio
873 3009 1048 3062 cidem
1083 3011 1400 3074 accesserit,
1437 3009 1602 3064 refert
1630 3007 1834 3064 Canta-

270 3081 509 3152 cuzcmis
543 3115 603 3164 ιι,
633 3101 656 3152 1
697 3115 711 3152 :
752 3099 853 3152 Τὸν
906 3100 1298 3170 χαρτοφύλακα
1323 3101 1443 3153 ἐπεὶ
1482 3101 1556 3170 μὴ
1589 3100 1840 3154 ἐϐούλετο

1925 2008 2132 2060 λάττων
2161 2009 2254 2062 καὶ
2273 2007 2338 2058 τά
2373 2006 2558 2058 δίκαια
2588 2007 2694 2059 τῶν
2729 2009 3126 2077 εἰσερχομένων
3155 2011 3234 2072 εἰς
3253 2011 3351 2078 τὴν
3391 2012 3486 2061 ὲκ-

1929 2097 2158 2167 κλησίαν
2184 2097 2272 2150 διὰ
2301 2098 2429 2158 τοὺς
2460 2097 2754 2166 κληρικοὺς
2787 2099 2946 2167 μέχρι
2972 2099 3064 2152 τοῦ
3091 2099 3363 2167 διανέμειν
3391 2102 3488 2152 αὑ-

1927 2192 2054 2251 τοὺς
2078 2191 2272 2242 ταῦτα.
2301 2187 2396 2243 liis
2425 2188 2692 2258 adiunge:
2721 2191 2811 2250 Δὶς
2833 2193 2926 2241 τοῦ
2953 2189 3200 2242 ἐνιαυτοῦ
3223 2191 3483 2258 ἀναφέρει

1929 2279 2006 2348 τῷ
2035 2281 2303 2348 ἀρχιερεῖ,
2327 2279 2422 2332 καί
2455 2282 2706 2342 ἑστιν-εἰς
2732 2280 2830 2343 τὰς
2862 2282 3088 2350 κρίσεις.
3123 2282 3348 2336 Brevius
3381 2282 3488 2336 lie-

1931 2369 2013 2437 gia
2049 2389 2062 2423 :
2094 2369 2214 2420 Τῶν
2238 2369 2397 2438 ίερῶν
2421 2369 2716 2438 κειμηλίων
2735 2371 2831 2440 τὴν
2849 2371 3106 2440 πρόνοιαν
3133 2371 3266 2440 ἔχει.
3297 2372 3442 2426 ϐοΑιι
3467 2371 3490 2444 ]

2003 2459 2350 2516 Protecdicus
2386 2464 2611 2514 vertitur
2643 2475 2672 2512 a
2701 2460 2978 2515 Boneﬁdio
2999 2463 3286 2530 primarius
3317 2473 3484 2516 actor.

1933 2549 2155 2606 Rectius
2188 2553 2388 2620 primus
2434 2552 2698 2620 defensor.
2741 2552 2871 2622 Ejus
2899 2554 3130 2608 cilicium
3182 2566 3320 2620 erat,
3351 2565 3486 2610 teste

1933 2643 2162 2711 Codino,
2203 2644 2264 2696 τὸ
2289 2645 2786 2714 ἀντιλαμϐάνεσθαι
2819 2647 2943 2709 τοὺς
2981 2644 3382 2715 αἰχμαλώτους,
3403 2661 3496 2701 cu-

1935 2749 2051 2789 ram
2093 2749 2277 2805 gerere
2308 2736 2666 2808 captivorum.
2699 2733 2904 2792 Gas'rs.

2007 2824 2090 2898 [P.
2121 2827 2177 2882 4.
2221 2826 2366 2891 Τοὺς
2395 2827 2825 2895 αἰχμαλώτους.
2865 2827 3011 2894 Quos
3081 2830 3334 2884 nimirum
3391 2830 3496 2902 ipsi

1937 2917 2235 2970 Christiani
2287 2917 2390 2970 sibi
2443 2919 2630 2972 volunt
2671 2935 2855 2974 servos
2909 2919 3108 2974 facere.
3143 2921 3416 2978 Blastares
3445 2940 3494 2979 c.

1938 3009 2006 3063 35
2041 3009 2134 3062 τοῦ
2169 3010 2211 3061 Ε
2245 3012 2510 3078 στοιχείου
2548 3027 2561 3040 ·
2601 3011 2664 3062 Οἱ
2699 3011 2794 3078 τῆς
2831 3011 3080 3082 βοηθείας
3113 3012 3381 3080 δεόμενοι,
3413 3013 3504 3066 οὗ·

1937 3117 2017 3153 τοι
2057 3100 2164 3170 ἀρα
2193 3095 2322 3152 ιείεν
2355 3101 2403 3152 οἱ
2442 3103 2508 3170 τῇ
2542 3101 2811 3172 ἐκκλησίᾳ
2841 3105 3337 3172 προσπεφευγότες,
3365 3107 3500 3173 ἐπη-

273 3190 668 3260 (Ἃνδρόνικυς)
719 3191 827 3244 ἀπὸ
850 3195 953 3262 τῆς
979 3191 1075 3244 τοῦ
1116 3193 1531 3263 χαρτοφύλακος
1567 3193 1724 3256 ἀξίας
1756 3193 1835 3255 είς
1862 3217 1907 3274 c
1941 3191 2091 3259 ρείας
2119 3190 2392 3242 δυναστῶν
2423 3191 2840 3261 ἐκτρεπόμενοι,
2874 3195 2907 3264 ἢ
2948 3194 3075 3263 πρίν
3108 3212 3160 3247 τι
3187 3196 3500 3249 πταιτίσαν-

272 3281 469 3346 ἑτέραν
496 3282 718 3347 μείζονα
743 3283 1152 3352 μετενεχθῆναι,
1174 3280 1343 3354 αὐτὴν
1365 3285 1568 3353 ἑαυτῆς
1583 3285 1836 3353 ἐποίησεν

274 3371 648 3440 ἐντιμοτέραν,
697 3373 870 3441 μέγαν
914 3374 1304 3442 χαρτοφύλακα
1361 3378 1832 3446 προσαγορεύσας·

275 3465 370 3517 καὶ
413 3466 506 3516 ἀπ’
541 3466 752 3518 ἐκείνου
779 3467 853 3529 ὡς
901 3467 1060 3533 δεῦρο
1086 3469 1164 3536 τῷ
1201 3473 1573 3538 χαρτοφύλακι
1607 3471 1835 3534 σώζεται

275 3557 336 3608 τὸ
373 3559 565 3624 μέγας.
593 3555 798 3626 Legant
832 3559 945 3614 haec
985 3561 1077 3627 qui
1115 3560 1429 3614 Graecorum
1487 3561 1720 3615 miseria:
1771 3560 1838 3613 li-

277 3648 496 3701 bentius
524 3663 586 3702 ac
610 3647 826 3703 facilius
851 3649 1159 3704 insultaturi
1192 3651 1438 3720 pristinae
1461 3665 1650 3705 eorum
1674 3651 1840 3720 digni-

280 3739 374 3791 tati
399 3739 734 3803 obtrectant,
761 3748 815 3793 ct
851 3755 1000 3794 vana:
1027 3741 1299 3808 imputant
1325 3741 1610 3794 ambitioni
1648 3751 1703 3794 ut
1724 3739 1842 3794 otii-

279 3829 378 3882 ciis
407 3839 458 3881 et
489 3827 848 3897 dignitatibus
875 3845 981 3884 non
1015 3845 1174 3898 parce
1203 3832 1262 3894 τὸ
1301 3832 1474 3900 μέγας
1501 3840 1838 3899 ριίιιρυιιιιηι,

278 3929 488 3987 i-tsznpe
528 3919 636 3973 duo
669 3919 840 3974 cilicia
870 3922 1202 3990 ceteroquin
1237 3924 1388 3991 paria
1417 3922 1573 3976 aliter
1597 3937 1703 3976 non
1728 3923 1840 3976 dis-

288 4011 530 4079 tinguant
587 4027 748 4079 quam
784 4013 936 4067 vocis
963 4013 1057 4065 τοῦ
1079 4003 1327 4082 ’μεγάλου
1357 4015 1721 4084 appositioue.
1757 4015 1840 4067 An

284 4101 487 4168 injurie
529 4117 656 4155 vero
703 4099 954 4155 factum?
1005 4102 1088 4154 An
1131 4117 1238 4157 non
1278 4104 1413 4156 ordu
1465 4103 1688 4166 clarior,
1752 4103 1842 4156 tibi

284 4207 422 4244 unus
457 4193 618 4245 alium
663 4195 894 4262 quadam
935 4195 1247 4248 eminentia:
1293 4195 1546 4260 praecedit
1579 4207 1702 4247 neta
1732 4194 1755 4245 ?
1787 4193 1840 4247 Si

283 4299 602 4336 u'cuuomus
625 4284 676 4336 in
718 4285 948 4338 ecclesia
973 4284 1378 4348 Blacherneusi,
1397 4286 1440 4338 si
1460 4285 1598 4338 alius
1629 4285 1678 4338 in
1702 4285 1846 4353 Χρυ-

284 4373 549 4442 σοπηγῆς,
585 4390 682 4427 cur
707 4375 962 4428 Ecclesia:
993 4375 1196 4444 Magnae
1217 4390 1556 4440 oeconemus,
1583 4383 1641 4428 ut
1672 4376 1738 4428 iis
1761 4376 1842 4426 di-

289 4468 443 4532 gnior
477 4467 557 4520 vel
587 4467 654 4518 ab
685 4467 763 4518 eis
798 4467 1222 4535 dignoscendus,
1245 4467 1490 4535 μεγάλου
1535 4481 1726 4518 nomen
1761 4481 1844 4518 rc-

1943 3296 2032 3342 τες
2069 3279 2101 3350 ἢ
2135 3281 2215 3342 εἰς
2245 3281 2492 3334 δουλείαν
2520 3281 2804 3350 ἑλκόμενοι
2831 3283 2923 3336 καὶ
2950 3284 3241 3350 ζητοῦντες
3275 3287 3500 3338 ἐπικου-

1961 3371 2106 3440 ρίαν,
2134 3371 2200 3423 δι’
2232 3369 2324 3432 οὓς
2354 3371 2448 3424 καὶ
2477 3373 2524 3423 οἱ
2570 3371 2771 3425 ἔκδικοι
2805 3374 3067 3448 γίνονται.
3102 3374 3177 3428 De
3207 3375 3292 3430 his
3329 3375 3500 3430 Alexii

1944 3463 2162 3518 Novella
2191 3463 2248 3516 ii
2285 3461 2432 3517 Juris
2461 3463 2574 3517 Gil.
2605 3463 2644 3516 Ι.
2669 3477 2728 3518 ιι.
2769 3463 2934 3532 Regia
2961 3480 3088 3519 vero
3115 3465 3404 3534 aliquoties
3427 3469 3507 3522 ci-

1945 3563 2058 3608 tata
2093 3573 2106 3610 :
2159 3555 2220 3607 Ὀ
2254 3557 2623 3624 πρωτέκδικος
2656 3556 2766 3624 ἔχει
2801 3558 2898 3625 τὴν
2932 3557 3245 3627 οἰκονομίαν
3283 3559 3388 3611 τῶν
3417 3561 3504 3612 ἑκ-

1945 3647 2131 3710 δίκων,
2173 3647 2268 3698 καὶ
2302 3647 2362 3697 τὸ
2395 3646 2892 3712 ἀντιλαμϐάνεσθαι
2929 3651 3036 3700 τῶν
3067 3651 3373 3721 ζητούντων
3405 3652 3504 3720 τὴν

1947 3736 2403 3804 ὲκκλησιαστικὴν
2436 3737 2688 3806 βοήθειαν
2723 3738 2887 3806 χάριν
2921 3739 3230 3808 ἐλευθερίας
3271 3744 3365 3794 καὶ
3397 3744 3505 3796 τῶν

1947 3827 2147 3880 λοιπῶν
2179 3827 2527 3896 προσφύγων,
2583 3827 2694 3880 εἴτε
2741 3830 3252 3884 ἀντιποιεῖσθαικαὶ
3277 3833 3506 3886 ὲκδ;κείν

1949 3920 2057 3972 ἀπὸ
2081 3919 2187 3970 τῶν
2206 3919 2616 3985 ἐπηρεαζόντων
2643 3919 2862 3982 αὐτούς.
2883 3921 3082 3993 Goan.)

2023 4007 2258 4060 Vocatur
2283 4006 2352 4059 ab
2378 4005 2566 4060 eodem
2594 4007 2785 4077 κριτὴς
2805 4009 2914 4061 τῶν
2932 4011 3354 4080 ὲγκληματικῶν
3379 4015 3511 4066 ὐπο-

1951 4097 2174 4162 θέσεων,
2213 4097 2379 4166 judex
2407 4101 2898 4154 controversiarum
2925 4117 3046 4170 qua:
3074 4104 3128 4158 in
3158 4109 3512 4160 accusatione
3597 4101 3600 4104 ’

1953 4199 2258 4241 versantur.
2301 4188 2504 4241 Gnsrs.

2030 4277 2108 4347 [Ρ.
2142 4277 2194 4329 4.
2241 4265 2294 4328 Ὅ
2327 4277 2742 4344 πρωτέκδικος.
2765 4279 3050 4348 Allatiana,
3085 4285 3113 4336 ὁ
3143 4285 3514 4352 πρωτέκδικος

1953 4371 2145 4438 κριτὴς
2172 4370 2256 4437 (ἐκ
2278 4369 2571 4438 προσώπου
2599 4370 2691 4421 τοῦ
2715 4373 3014 4442 ἀρχιερέως
3042 4375 3116 4442 Μ)
3149 4375 3284 4443 μετὰ
3311 4375 3513 4428 δώδεκα

1955 4461 2083 4527 (τῶν
2115 4461 2208 4512 δύο
2225 4462 2300 4524 Μ,
2326 4461 2416 4524 qui
2445 4461 2582 4514 infra
2617 4479 2631 4514 :
2662 4464 2713 4514 οἱ
2739 4463 2832 4515 δύο
2862 4463 3066 4517 ἔκδικοι
3089 4468 3334 4536 κρίνουσι
3373 4470 3512 4534 μετὰ

289 4569 440 4610 rusct
466 4558 488 4609 ?
518 4557 805 4620 Videntur,
840 4557 1073 4625 inquies,
1102 4558 1344 4610 inanium
1401 4557 1676 4608 titulorum
1726 4570 1833 4607 cre-

1953 4553 2045 4605 τοῦ
2069 4553 2440 4622 πρωτεκδίκου
2477 4556 2680 4622 μικράς
2710 4557 3012 4626 ὑποθέσεις)
3050 4559 3283 4612 ὲκδίκων
3312 4564 3512 4629 μικρὰς

289 4647 542 4715 pitacula.
599 4643 796 4698 Verum
835 4647 880 4700 si
925 4647 1064 4710 apud
1103 4657 1153 4699 te
1207 4647 1590 4714 imperatorum
1633 4645 1846 4698 decreta

289 4736 690 4792 ecclesiasticas
735 4737 1024 4805 dignitates
1084 4737 1252 4792 titulis
1309 4737 1426 4789 istis
1483 4737 1754 4816 (utentia.
1804 4736 1846 4788 si

293 4829 425 4881 nihil
455 4829 628 4896 ipsius
656 4827 900 4881 ecclesiae
945 4829 1222 4902 splendor,
1255 4829 1297 4882 si
1332 4827 1471 4880 ratio
1495 4827 1607 4893 jam
1641 4827 1848 4894 prolata

293 4921 365 4972 nil
403 4920 706 4982 obtineant,
735 4919 856 4974 vide
899 4935 968 4973 ne
1005 4903 1251 4972 Latinam
1285 4917 1584 4972 Ecclesiam
1628 4917 1851 4985 paribus

293 5011 507 5076 probris
539 5008 784 5072 objieias,
831 5022 894 5061 ac
921 5021 1029 5060 non
1072 5005 1308 5060 absimili
1352 5003 1558 5056 ratione
1579 5004 1671 5056 tibi
1709 5006 1776 5056 sit
1802 5003 1850 5056 ei

294 5101 432 5152 laedi
462 5097 526 5152 ad
557 5097 963 5166 obloquendum
1015 5113 1112 5150 ore
1155 5094 1596 5148 cunviciandum.
1645 5092 1848 5163 Gustu]

823 5188 980 5257 13o
1010 5185 1234 5241 CAPUT
1266 5183 1328 5239 ν.

563 5281 636 5334 De
696 5283 1065 5348 sceuophylace
1118 5289 1165 5330 et
1212 5277 1528 5347 protecdico.

367 5377 738 5444 Sceuophylax
773 5385 856 5430 cst
880 5375 924 5427 is
945 5388 1105 5441 quem
1131 5373 1316 5428 multis
1351 5372 1402 5425 in
1431 5373 1566 5426 locis
1589 5375 1854 5425 custodem

297 5470 569 5538 appellant
595 5483 606 5530 ;
639 5465 726 5520 cui
752 5465 802 5517 in
834 5463 1224 5532 supellectilem
1253 5477 1463 5516 sacram
1490 5463 1780 5516 arbitrium
1805 5472 1858 5516 ct

297 5558 616 5614 auctoritas.
668 5556 790 5609 Τῶν
831 5555 989 5625 ἱερῶν
1039 5553 1338 5624 κειμηλίων
1383 5555 1480 5622 τὴν
1541 5555 1856 5622 ἐπιμέλειαν

299 5653 410 5720 ἔχει
433 5653 460 5703 ὁ
491 5651 662 5720 μέγας
684 5649 1047 5712 σκευοτρὺλαξ.
1073 5648 1247 5717 inquit
1275 5647 1582 5702 Balsamon.
1621 5648 1728 5702 Nec
1759 5649 1856 5700 ali-

301 5761 379 5798 tcr
426 5745 704 5798 (lodinns:
740 5741 1118 5810 Sccuupliylax
1159 5741 1378 5810 κρατῶν
1428 5741 1492 5793 τὰ
1547 5741 1716 5809 σκεύη
1759 5739 1858 5809 τῆς

301 5833 622 5896 ἐκκλησίας.
649 5829 878 5900 Quidam
917 5831 1450 5896 t‘crtutilsacristam,
1491 5845 1598 5886 non
1638 5831 1852 5884 incom-

1958 4647 2240 4707 ὑποθέσεις
2263 4646 2357 4706 τὰς
2383 4649 2769 4715 εἰσερχομένοις
2791 4652 2846 4701 ὲν
2869 4652 2931 4718 τῇ
2963 4651 3231 4720 ἐκκλησίᾳ
3251 4653 3510 4723 (ἐρευνᾷ).

1969 4738 2254 4806 Ἀναιρέρει
2289 4738 2344 4789 δὲ
2375 4739 2575 4800 ταύτας
2606 4741 2680 4807 τῷ
2713 4741 2978 4808 ἀρχιερεῖ.
3011 4741 3146 4808 Ejus
3183 4743 3414 4795 tribunal
3449 4744 3516 4796 ad

1961 4829 2019 4882 S.
2045 4830 2259 4896 Sophia:
2287 4829 2612 4882 vestibulum
2645 4847 2658 4882 :
2693 4831 2784 4890 Et;
2812 4831 2869 4882 τὸ
2893 4834 3222 4901 προσκήνιον
3252 4834 3348 4885 τοῦ
3383 4834 3511 4898 νεὼ,

1958 4919 1986 4970 ὃ
2015 4921 2436 4988 πρωτεκδικείων
2465 4922 2844 4989 κικλήσκεται.
2883 4921 3168 4993 iNicetas.)
3191 4923 3396 4996 Cosa]

2028 5015 2295 5078 Quocirca
2332 5031 2436 5067 non
2463 5016 2636 5083 probo
2671 5015 3092 5084 descriptiOnem
3121 5033 3280 5086 quam
3312 5017 3521 5070 Turco-

1962 5105 2154 5172 graecia
2205 5105 2428 5157 adducit
2481 5105 2573 5159 I'ul.
2609 5106 2762 5160 9J8:
2812 5107 2868 5160 '0
2904 5109 3280 5175 πρωτέκδικος
3322 5112 3348 5161 ὸ
3397 5112 3522 5171 τοὺς

1961 5193 2284 5260 πρόσφυγας
2313 5193 2730 5262 ἀναδεχόμενος,
2765 5197 2854 5264 qui
2879 5198 3236 5265 confugientes
3267 5199 3333 5248 ad
3363 5199 3524 5250 eccle-

1963 5286 2096 5336 siam
2129 5286 2420 5349 reripit,’nt
2461 5287 2851 5353 interpretatur
2885 5287 3034 5355 131
3083 5301 3274 5341 aui-tur
3311 5288 3522 5342 Turtu-

1966 5361 2193 5443 grazcitc,
2223 5377 2315 5429 sed
2341 5377 2499 5430 male.
2528 5377 2658 5430 Nam
2688 5379 3116 5446 confugiendum
3146 5380 3210 5433 ad
3235 5383 3522 5436 ecclesiam

1965 5483 2092 5520 cura
2125 5467 2422 5535 pertinebat
2455 5469 2596 5537 πρὸς
2615 5469 2708 5521 τὸν
2729 5469 2820 5521 τοῦ
2849 5471 3238 5536 σακελλίου,.υι
3261 5489 3423 5540 snpra
3449 5474 3528 5525 di-

1966 5571 2108 5614 ctum
2141 5579 2188 5614 c.
2315 5547 2514 5629 Itaque,
2542 5564 2586 5615 si
2607 5563 2847 5616 deﬁnitio
2877 5565 2990 5618 haec
3013 5565 3286 5632 probanda
3317 5567 3408 5628 sit,
3429 5565 3530 5619 ali-

1970 5663 2048 5703 ter
2085 5653 2348 5716 explicari
2395 5653 2631 5713 debebit.
2662 5665 2714 5706 ut
2759 5670 2856 5722 per
2885 5657 3205 5724 πρΰσιρυγας
3247 5656 3530 5725 intelliga-

1969 5757 2086 5796 mus
2116 5742 2238 5794 illos
2265 5742 2354 5810 qui
2397 5758 2460 5796 ex
2494 5745 2805 5812 captivitate
2866 5748 2930 5798 ad
2979 5745 3314 5800 Christianos
3341 5762 3434 5815 spe
3469 5749 3532 5798 li-

1968 5834 2191 5887 bertatis
2224 5833 2566 5902 confugiunt,
2595 5850 2696 5888 non
2735 5847 2912 5891 autem
2941 5836 3064 5892 illos
3091 5839 3180 5906 qui
3209 5837 3536 5906 coniugium.
