3936 6594
348 400 448 473 147

1445 418 1534 480 IN
1570 421 1872 488 LIBRUM
1913 432 2007 490 DE
2053 435 2387 497 OFElCIlS
2421 438 2528 500 ΟΡ.

3504 448 3608 518 148

341 520 910 624 ρνοιοηοιανὶοΑΐξρίει
951 523 1231 580 estiarium
1281 541 1379 582 seu
1409 528 1704 597 ianitorem
1739 552 1933 589 exora-
1959 545 2004 602 Α
2036 558 2100 596 ne
2126 545 2533 613 contempleris,
2587 545 2679 600 sed
2726 545 2780 601 in
2817 546 3037 618 scriptis
3097 549 3360 624 lectisque
3393 557 3490 612 tibi
3522 560 3602 614 si-

343 613 667 669 taemlorsun.
697 613 825 680 Quis
843 627 1024 671 autem
1053 633 1288 690 unquam
1311 623 1520 677 audivit
1555 626 1713 696 133
1746 640 1931 698 proto-

341 707 612 762 notarium
644 721 767 762 esse
809 707 1063 780 θυρωρόν
1096 724 1193 766 seu
1212 713 1538 770 ostiariuml
1571 717 1725 788 Θύρα
1745 720 1928 790 igitur,

339 795 446 850 lioc
469 805 553 851 est
580 797 776 865 ianua,
809 799 1148 866 nominatur,
1171 816 1280 856 non
1310 803 1456 872 quod
1495 806 1567 862 sit
1597 806 1802 871 ianitor
1828 824 1928 865 seu

339 889 755 954 admissionalis,
786 891 880 946 sed
921 892 1049 962 quia
1095 902 1179 949 est
1242 897 1527 964 proximus
1569 899 1640 953 ab
1671 911 1928 956 exocata-

338 981 514 1038 rtelis.
543 982 653 1037 Nec
691 992 774 1038 est
805 986 950 1054 quod
980 984 1177 1043 Junius
1211 1001 1240 1041 a
1283 989 1562 1044 Janizaris
1613 993 1920 1049 subsidium

337 1083 522 1142 petat:
560 1075 650 1130 alii
683 1076 826 1133 enim
880 1091 1078 1135 nomen
1145 1081 1249 1136 hoc
1289 1097 1396 1137 non
1436 1097 1466 1138 ο
1491 1086 1688 1154 janua,
1726 1089 1820 1143 sed
1853 1091 1922 1144 ab

337 1168 444 1226 alio
477 1168 635 1240 longe
670 1170 887 1227 diverso
922 1174 1188 1229 vocabulo
1215 1174 1514 1241 deducunt,
1547 1181 1677 1233 utin
1706 1179 1922 1235 Pande-

337 1271 421 1316 (ιο
449 1264 611 1320 Ture.
641 1267 823 1323 videre
866 1268 1012 1327 licet.

411 1353 791 1428 llludinsuper
831 1359 1084 1418 feStivum
1119 1377 1222 1428 est,
1273 1383 1402 1422 eum
1436 1367 1514 1422 ait
1547 1369 1918 1436 protonotarii

302 1513 306 1517 ,
336 1444 502 1512 Ῑυὶεδϐ
542 1458 600 1502 ut
626 1466 743 1519 quia
763 1452 900 1519 foris
931 1471 961 1507 α
993 1456 1262 1510 ωιασωιὶε
1295 1457 1376 1511 uel
1407 1473 1500 1524 per
1532 1457 1818 1511 catacwlos
1846 1457 1915 1508 ad

334 1541 699 1606 patriarcham
723 1545 1108 1614 aﬂ'erebantur,
1141 1564 1206 1601 ea.
1226 1549 1503 1617 acciperet.
1538 1546 1658 1613 Quo
1690 1554 1916 1602 auctore

338 1628 442 1682 hoc
472 1630 753 1689 alllrmas?
782 1634 914 1690 Nam
943 1637 1148 1692 dicenti
1174 1637 1439 1693 duntaxat
1460 1640 1506 1694 si
1534 1638 1911 1700 crederemus,

334 1723 518 1774 omnia
549 1723 922 1792 crederemus,
951 1727 1117 1784 etiam
1147 1744 1335 1799 aperte
1357 1729 1514 1784 falsa.
1545 1729 1910 1784 Protonotarii

336 1812 658 1870 l'oitcurare
684 1819 930 1884 pittacia,
989 1832 1049 1874 ut
1089 1822 1272 1892 inquit
1320 1822 1585 1877 Codinns.
1650 1821 1905 1884 Pittacia,

2038 636 2312 689 stolidum.
2333 634 2532 707 Coum]

2112 726 2270 798 134
2329 727 2503 782 Etiam
2532 730 2734 784 Latina:
2759 732 3017 790 Ecclesiae
3047 741 3458 804 protonotarius
3490 745 3603 798 usi-

2037 824 2183 868 tatus
2218 818 2338 882 fuit,
2361 819 2456 888 qui
2485 830 2537 873 et
2562 821 2916 888 primicerius
2957 827 3342 895 notariorum;
3380 831 3448 887 de
3494 849 3606 902 quo

2032 904 2154 960 vide
2185 904 2530 976 Onupbrium
2573 911 2626 964 in
2663 911 2930 984 Explicat.
2978 931 3176 972 vocum
3241 923 3597 979 obscurarutr

2029 995 2336 1051 ecclesiast.

2099 1087 2361 1158 Sequitur
2393 1077 2682 1162 logotlretis,
2709 1109 2870 1164 quem
2893 1096 3112 1156 Nicetas
3156 1102 3195 1157 l.
3224 1118 3300 1160 ut
3342 1119 3520 1159 rerum
3569 1121 3588 1160 :

2025 1176 2278 1233 Manuele
2311 1191 2588 1252 gestarum
2637 1183 2851 1242 Latinis
2897 1189 2976 1244 ait
3023 1205 3147 1246 esse
3197 1195 3594 1261 cancellarium,

2023 1273 2168 1338 quia
2194 1273 2443 1326 cancellis
2473 1289 2671 1330 nomen
2701 1277 2889 1339 habet,
2913 1290 2972 1335 ut
3019 1282 3196 1351 ipsum
3228 1300 3425 1340 nomen
3465 1287 3598 1341 satis

2023 1363 2248 1418 indicat.
2287 1363 2420 1418 Erat
2458 1369 2642 1432 moris,
2668 1367 2846 1438 inquit
2875 1370 3233 1430 Casaubouus
3267 1377 3317 1429 in
3348 1374 3597 1430 Flavium

2021 1453 2339 1524 Vopiscum,
2369 1467 2427 1510 ut
2456 1460 2750 1528 principum
2773 1472 2820 1514 et
2845 1464 3255 1532 magistratuum
3281 1476 3478 1520 secreta
3498 1469 3600 1531 (ita

2019 1557 2271 1600 vocarunt
2310 1547 2427 1601 loca
2459 1550 2547 1602 ubi
2601 1551 2663 1604 de
2689 1554 2912 1619 negotiis
2956 1569 3052 1620 pro
3114 1557 3320 1610 ratione
3367 1556 3598 1612 muneris

2015 1637 2234 1706 quisque
2263 1639 2347 1690 sui
2380 1643 2672 1694 tractaturi
2703 1645 3103 1715 conveniebant)
3137 1649 3193 1699 in
3217 1648 3369 1702 aditu
3425 1652 3599 1713 primo

2015 1729 2125 1782 uela
2154 1738 2201 1781 et
2241 1730 2426 1783 deinde
2447 1732 2704 1786 cancellos
2739 1734 3030 1790 haberent:
3071 1738 3246 1792 (ἐπ’θεὶ
3275 1739 3366 1792 hos
3409 1751 3597 1794 coeant

2013 1822 2312 1887 κιγκλίδας,
2331 1823 2694 1892 δρυφάκτους,
2717 1839 2770 1880 ut
2796 1835 2846 1900 et
2884 1827 3237 1885 Cassiodorus
3263 1833 3591 1901 fenestratas

337 1905 412 1959 ait
437 1905 699 1975 Cuiacius
743 1910 808 1964 ad
842 1912 928 1965 tit.
982 1913 1073 1979 57,
1105 1915 1200 1967 lib.
1224 1928 1296 1968 xu
1367 1915 1492 1968 cod.
1547 1912 1902 1974 Justinianei,
1937 1902 2223 1980 Bjanuas.
2261 1915 2367 1978 Qui
2404 1915 2518 1969 celo
2559 1919 2864 1984 servabant,
2925 1921 3109 1974 uelarii
3144 1925 3307 1987 dicti,
3345 1926 3434 1994 qui
3470 1942 3599 1978 can-

333 2009 455 2051 sunt
479 2002 710 2057 rationes
739 2012 786 2058 et
816 2009 1182 2061 commentarii
1211 2024 1546 2061 annonarum
1576 2007 1914 2062 militarium.

339 2092 536 2147 Eodem
574 2098 783 2152 nomine
807 2099 1184 2168 signiﬁcantur
1213 2103 1372 2154 etiam
1431 2101 1687 2169 epistolw,
1721 2100 1920 2163 album,

336 2187 592 2266 notoria.’
620 2189 697 2242 lta
763 2190 816 2244 in
837 2190 964 2261 jure
1007 2192 1155 2245 civili
1192 2209 1204 2243 :
1261 2192 1350 2247 hic
1382 2193 1646 2247 militares
1694 2208 1923 2246 annona:

337 2275 519 2331 locum
550 2294 654 2332 non
677 2280 902 2336 habent.
939 2281 1036 2335 Est
1056 2293 1187 2352 ergo
1226 2283 1511 2335 πιττάκιον
1531 2283 1746 2352 proprie
1775 2283 1921 2352 quod

339 2383 438 2420 nos
473 2384 758 2433 vocamus,
790 2373 1167 2428 ecclesiastica
1197 2353 1602 2446 consuetudine
1631 2383 1686 2428 et
1737 2371 1922 2442 appel-

337 2461 559 2522 latione,
593 2465 744 2518 breve
778 2464 905 2518 hinc
963 2469 1114 2520 breve
1156 2465 1614 2535 apostolicum,et
1635 2465 1921 2544 Germani-

333 2571 455 2608 cum
475 2554 617 2624 brief
639 2573 732 2625 pro
755 2559 1008 2627 cpistola,
1035 2569 1089 2613 et
1122 2559 1176 2613 in
1211 2560 1520 2615 Annalibus
1557 2558 1916 2615 Latino-Bar-

335 2649 484 2702 baris
545 2648 918 2729 borcvigerulus,
957 2654 1037 2705 ein
1076 2653 1421 2723 brieftra‘ger,
1449 2670 1544 2708 seu
1597 2654 1916 2707 breviculum

335 2757 431 2794 seu
461 2741 806 2807 breviarium,
835 2745 980 2798 unde
1006 2744 1452 2803 Gerniaanuum
1485 2746 1686 2800 brevier
1716 2747 1918 2800 forma-

337 2843 486 2897 runt,
523 2849 620 2902 pro
649 2835 788 2888 libro
812 2836 1142 2890 sacerdotali
1179 2852 1245 2891 ex
1289 2853 1398 2906 quo
1428 2839 1580 2891 horae
1629 2835 1913 2890 cationica:

334 2925 741 2991 persolvuntur.
768 2926 1018 2982 Occurrit
1053 2930 1167 2985 haec
1200 2946 1301 2984 vox
1342 2931 1490 2984 breue
1534 2923 1824 2998 aﬂquoties
1857 2929 1910 2982 in

334 3014 550 3086 legibus
579 3018 858 3075 Francicis
902 3029 956 3076 et
985 3021 1038 3075 in
1101 3023 1311 3089 synodo
1357 3021 1618 3076 Meldensi
1683 3037 1806 3076 ean.
1847 3023 1914 3076 4.

335 3108 711 3166 Glossarium:
751 3113 1064 3179 Πιττάκιον,
1099 3116 1410 3183 pittacium,
1442 3116 1634 3186 breuis.
1659 3116 1813 3169 Anna
1845 3116 1899 3168 in

335 3202 595 3260 Alexiadc
622 3221 755 3258 sua:
783 3207 889 3257 Καὶ
924 3207 988 3258 τὰ
1030 3205 1212 3275 βιϐλία
1244 3209 1322 3268 εἰς
1380 3207 1544 3276 μέσον
1602 3207 1904 3278 τηνικαῦτα
1935 3247 1980 3309 C

333 3296 658 3366 προὺτίθετο
685 3313 698 3327 ο
735 3297 928 3367 βρεόία
957 3299 1130 3352 ταῦτα
1167 3301 1198 3369 ἡ
1230 3300 1489 3370 συνήθεια
1535 3297 1668 3361 οἶδε,
1697 3301 1907 3364 καλεῖν,

333 3389 391 3440 ὲν
416 3381 497 3452 οἷς
524 3389 904 3460 ἅναγρὰφεται
937 3393 1004 3442 τὰ
1033 3392 1091 3444 ἐν
1125 3394 1343 3462 ἑκάστῳ
1371 3394 1589 3462 τεμένει
1625 3393 1754 3446 ὄντα
1794 3411 1910 3446 κει·

337 3480 524 3545 μήλια.
560 3477 685 3535 llzec
725 3481 934 3535 notavit
984 3482 1235 3538 Pitbmus
1291 3483 1357 3537 ad
1391 3483 1540 3552 leges
1588 3482 1905 3542 Francicaa.

335 3569 663 3640 Huiusmodi
691 3589 822 3644 ergo
846 3575 1082 3630 brevibus
1114 3577 1470 3632 conﬁciendis
1514 3586 1746 3645 praeerat
1777 3592 1905 3646 pro-

336 3663 666 3726 tonotarius,
697 3675 749 3718 et
776 3674 961 3734 posset
987 3666 1127 3721 forte
1157 3669 1184 3718 ὀ
1231 3668 1313 3729 εἰς
1346 3666 1415 3718 τὰ
1447 3665 1712 3719 πιττάκια
1747 3667 1909 3720 unico

335 3766 390 3808 et
424 3756 728 3809 etiamnum
755 3755 1150 3812 ecclesiasticis
1181 3756 1555 3811 [unctionibus
1581 3757 1784 3810 usitato
1815 3771 1911 3809 vo-

311 3831 536 3900 cabulo
560 3846 666 3901 dici
694 3846 1022 3900 abbreviator
1046 3846 1127 3900 vel
1148 3847 1329 3916 potius
1356 3847 1656 3913 breviatur;
1687 3861 1791 3916 qua
1820 3861 1910 3900 vo-

335 3955 397 3994 ce
420 3939 589 3993 utitur
615 3939 778 3994 etiam
803 3937 1148 3994 Justinianus
1188 3937 1400 3995 Novell.
1433 3939 1551 3994 105.
1592 3939 1686 3994 Est
1743 3940 1906 3994 etiam

337 4033 504 4095 breue,
537 4039 590 4085 et
623 4046 718 4101 per
762 4047 1104 4101 consequens
1155 4033 1457 4100 pittacium,
1515 4033 1913 4094 inventarium;

333 4125 474 4191 quod
525 4123 595 4178 ab
649 4122 846 4194 Optato
898 4124 936 4178 1.
989 4141 1000 4177 I
1054 4135 1284 4178 vocatur
1339 4125 1908 4178 commcmoratorinm.

333 4215 470 4273 item
498 4217 702 4270 brevis:
735 4217 922 4280 brevis,
978 4217 1028 4270 id
1058 4226 1143 4269 est
1197 4217 1384 4278 index,
1435 4217 1558 4268 auri
1593 4226 1640 4269 et
1707 4217 1912 4283 argenti

336 4308 624 4362 timciliano
656 4311 912 4374 traditur,
947 4309 1198 4362 adhibitis
1249 4309 1487 4362 testibus.
1556 4311 1621 4362 Et
1662 4307 1910 4362 absolute

338 4403 576 4457 iudicem
609 4410 663 4455 et
684 4401 1038 4455 summariam
1057 4401 1134 4455 rei
1161 4400 1713 4470 comprehensionem
1742 4399 1914 4469 signi-

337 4498 481 4548 ticat.
511 4494 644 4549 lnde
678 4493 732 4547 in
761 4492 969 4562 legibus
992 4489 1276 4548 Francicis
1305 4502 1356 4546 et
1411 4492 1551 4561 apud
1584 4490 1908 4546 Nitbardum

2025 2006 2209 2071 cellos,
2244 2009 2571 2061 cancellarii.
2625 2008 2740 2063 Van:
2771 2028 2875 2064 non
2911 2012 3204 2068 admodum
3233 2016 3476 2085 antiqua,
3504 2033 3599 2069 nec

2024 2098 2189 2152 multo
2228 2109 2364 2152 ante
2420 2097 2630 2168 Vopisci
2660 2111 2892 2170 tempora
2931 2114 3097 2173 cwpta
3126 2107 3397 2174 usurpari.
3448 2105 3594 2160 Can-

2023 2191 2359 2244 rellariorum
2389 2193 2710 2260 pracipuum
2749 2210 2938 2248 manus
2967 2206 3106 2259 erat,
3142 2207 3198 2249 ut
3224 2200 3292 2250 ad
3334 2198 3596 2251 cancellos

2022 2283 2298 2348 lzwrerent,
2317 2284 2667 2338 admissiones
2687 2296 2962 2350 curarent,
2991 2297 3040 2339 et
3072 2303 3134 2340 ne
3158 2289 3284 2359 quid
3309 2291 3594 2352 tumultus,

2023 2385 2077 2426 ut
2119 2376 2235 2440 fieri
2264 2386 2408 2428 amat
2439 2377 2506 2428 iit
2543 2377 2718 2440 turba,
2751 2379 3028 2432 audiretur
3081 2377 3463 2448 prospicerent.
3507 2379 3594 2433 Si-
3630 2403 3644 2416 ο

2022 2466 2304 2520 utillimum
2337 2484 2525 2522 munus
2551 2468 2708 2522 hodie
2730 2469 2782 2522 in
2833 2471 2984 2523 curia
3037 2486 3216 2524 comm
3264 2473 3355 2540 qui
3385 2473 3595 2524 ostiarii

2021 2559 2308 2624 dicuntur;
2355 2577 2521 2630 quare
2563 2569 2621 2614 ut
2659 2578 2736 2624 re,
2775 2563 2851 2614 sic
2903 2571 2954 2615 et
3004 2564 3212 2616 nomine
3258 2565 3590 2627 conveniunt,

2020 2653 2156 2718 quod
2188 2664 2499 2720 acceperunt
2523 2655 2578 2706 hi
2606 2657 2670 2708 ab
2700 2657 2859 2720 ostio,
2891 2657 2972 2708 illi
3005 2674 3036 2709 a
3061 2656 3310 2710 cancellis
3365 2659 3456 2725 qui
3493 2673 3592 2725 pro

2019 2744 2152 2797 ostio
2179 2755 2350 2798 erant.
2388 2745 2513 2800 "33C
2531 2746 2686 2816 origo
2703 2747 2964 2808 nominis,
2995 2748 3140 2817 quod
3169 2763 3426 2802 successu
3453 2759 3593 2801 tem-

2019 2833 2166 2898 poris
2202 2833 2550 2903 amplissima:
2573 2838 2851 2907 dignitatis
2907 2847 3016 2890 tam
3055 2840 3109 2891 in
3155 2837 3394 2893 Ecclesia
3423 2855 3587 2907 quam

2017 2929 2070 2979 in
2110 2941 2294 2995 regum
2327 2937 2378 2982 et
2402 2928 2710 2998 principum
2734 2929 2875 2984 aulis
2916 2929 3178 2984 indicium
3209 2943 3337 2986 esse
3389 2930 3578 2998 coepit.

2020 3017 2149 3071 Vide
2183 3018 2524 3088 Onupbrium
2558 3021 2652 3075 lib.
2678 3021 2788 3089 jam
2826 3023 3030 3091 saepius
3061 3023 3230 3077 citato
3257 3061 3273 3086 ,
3305 3031 3358 3076 et
3415 3021 3582 3091 Cuja-

2017 3111 2159 3163 cium
2189 3112 2240 3163 in
2265 3110 2542 3166 Paratitlis
2560 3113 2624 3166 ad
2651 3113 2747 3166 lib.
2776 3129 2813 3167 I.
2835 3114 2972 3169 Cod.
3002 3115 3353 3180 lustinianei,
3386 3115 3469 3169 tit.
3493 3115 3581 3169 51.

2091 3204 2398 3259 Redeamus
2423 3206 2490 3259 ad
2519 3207 2880 3276 logmbetam;
2935 3210 3025 3274 qui
3078 3224 3106 3262 a
3163 3210 3432 3277 ponendis
3488 3225 3584 3263 seu

2016 3296 2377 3350 discutiendis
2410 3297 2710 3352 rationibus
2733 3298 2838 3353 hoc
2872 3315 3067 3353 nomen
3097 3302 3288 3353 traxit.
3313 3300 3448 3354 Hine
3475 3298 3588 3353 dis-

2015 3403 2196 3439 cnssor
2231 3388 2497 3440 rationum
2538 3403 2565 3440 a
2613 3388 2939 3457 quibusdam
2975 3390 3314 3457 appellatur;
3364 3394 3419 3440 et
3447 3387 3585 3440 forte

2015 3495 2120 3531 non
2143 3480 2280 3534 male
2303 3480 2613 3533 rationalem
2638 3480 2939 3544 vocaveris,
2969 3482 3078 3533 ctsi
3111 3479 3391 3533 rationalis
3421 3493 3582 3546 gene-

2015 3570 2110 3622 rali
2147 3570 2367 3624 notione
2394 3571 2573 3639 quivis
2609 3580 2937 3640 procurator
2970 3571 3196 3633 dicitur,
3231 3581 3287 3623 ut
3325 3573 3482 3623 docet
3511 3570 3578 3621 al

2015 3658 2390 3728 Lampridium
2432 3669 2486 3714 et
2515 3661 2886 3730 Capitolinum
2922 3662 3305 3716 Casaubonus.
3370 3661 3473 3714 Sed
3507 3661 3584 3713 nil

2017 3762 2164 3808 vetat
2191 3753 2498 3822 generalem
2529 3753 2804 3808 notionem
2865 3754 3215 3822 restringere.
3281 3755 3582 3822 praesertim

2017 3863 2137 3900 cum
2173 3846 2417 3900 (iodinus
2446 3846 2586 3899 dicat
2614 3846 2946 3915 logotltelam
2975 3861 3093 3900 esse
3119 3847 3198 3909 εἰς
3237 3845 3294 3898 τὸ
3327 3846 3586 3914 λογογρα-

2016 3941 2154 4004 φεῖν,
2185 3938 2255 3989 ad
2290 3938 2640 4005 conﬁciendas
2678 3947 2729 3992 et
2779 3938 3086 3991 scribendas
3139 3949 3188 3991 et
3223 3938 3584 3991 discutiendas

2016 4032 2262 4082 rationes.
2290 4028 2439 4082 Talis
2464 4028 2709 4098 proiecto
2734 4045 2836 4084 nec
2851 4030 3001 4084 male
3039 4045 3140 4084 nec
3188 4029 3425 4084 absurde
3487 4047 3579 4083 ra-

2017 4123 2229 4175 llultalts
2252 4122 2637 4191 appellabitur.
2667 4121 2803 4177 Hinc
2841 4123 3005 4176 etiam
3041 4138 3146 4176 non
3191 4123 3372 4191 inepte.
3395 4123 3586 4191 appel-

2017 4212 2218 4265 labitur
2243 4212 2615 4281 λογογράφου
2656 4213 2701 4267 si
2748 4213 2892 4267 enim
2919 4214 3037 4281 eius
3061 4225 3139 4268 est
3193 4215 3582 4283 λογογραφεῖν.

2015 4322 2114 4358 cur
2155 4321 2260 4357 non
2293 4305 2443 4374 παρὰ
2500 4306 2560 4357 τὸ
2608 4306 2966 4373 λογογραφεῖν
3025 4305 3391 4373 appellaretur
3435 4306 3588 4371 λογο-

2015 4397 2269 4465 γράφοςῖ
2301 4394 2416 4448 Non
2450 4395 2676 4464 ignarus
2696 4410 2814 4448 sum
2845 4396 2971 4462 quid
3024 4396 3076 4448 iu
3113 4395 3588 4450 codicclustinia-

2018 4503 2119 4540 nco
2141 4487 2235 4540 lib.
2261 4503 2316 4550 χ,
2352 4485 2387 4538 1.
2429 4485 2480 4546 1.
2508 4487 2573 4540 de
2609 4483 2959 4553 logographis
2982 4483 3333 4551 decernatur,
3367 4493 3419 4538 et
3452 4484 3585 4552 quid

338 4583 542 4638 llistor.
579 4581 613 4634 Ι.
646 4597 700 4636 tv
735 4583 964 4635 verbum
987 4580 1304 4643 inbreviare,
1344 4581 1444 4635 hoc
1475 4593 1558 4635 cst
1595 4580 1796 4648 aliquid
1853 4583 1906 4635 in
1943 4585 1984 4639 D
2016 4579 2080 4634 ad
2109 4579 2255 4632 illam
2287 4592 2506 4647 quoque
2536 4575 2707 4646 legem
2773 4575 2952 4629 tradat
2997 4574 3299 4645 Cuiacius:
3335 4575 3425 4629 sed
3485 4591 3587 4630 nos

339 4673 500 4724 breve
518 4686 614 4724 seu
637 4669 1003 4724 inventarium
1027 4669 1251 4725 referre.
1277 4671 1349 4726 De
1371 4671 1592 4740 pittaeio
1613 4671 1731 4726 vide
1745 4673 1908 4726 etiam

342 4764 684 4817 lleribertnm
712 4761 1060 4817 Rosweitlum
1085 4773 1334 4817 nostrum
1382 4764 1432 4816 in
1463 4763 1816 4820 Onomastico
1843 4765 1908 4818 ad

339 4856 489 4911 Vitas
519 4855 765 4912 Patrum.
828 4858 1067 4910 Zonaras
1109 4857 1160 4910 in
1198 4857 1419 4912 concilii
1465 4857 1910 4928 Carthaginensis

336 4967 576 5004 contines
617 4970 630 5003 :
663 4950 945 5019 Βρὲϐιονή
980 4952 1217 5020 ἐπιτομὴ
1251 4951 1467 5018 λέγεται
1505 4952 1599 5005 καὶ
1641 4952 1909 5020 σύντομος

337 5042 544 5110 γραφή.
573 5040 783 5107 Βρεδίω
807 5033 1085 5108 γὰρ’κατὰ
1122 5040 1387 5103 Λατίνους
1439 5040 1521 5094 τδ’
1559 5043 1767 5110 τέμνω,
1819 5042 1912 5094 καὶ

339 5131 591 5199 βρςόίτις
633 5131 664 5198 ἡ
703 5131 987 5198 συντομία.

409 5220 466 5272 Ρ.
500 5218 551 5270 4.
589 5217 660 5270 De
695 5219 908 5285 origine
964 5219 1116 5272 vocis
1144 5237 1424 5272 πιττακιον
1451 5222 1560 5274 Ιιωο
1592 5220 1916 5288 Moschoptt-

338 5314 454 5366 lus:
494 5311 762 5364 ΙΙεττύκια
795 5311 1050 5379 Δωρικῶς
1084 5313 1149 5365 τὰ
1179 5312 1353 5365 λεπτὰ
1382 5314 1774 5383 περιτμήματα
1809 5315 1916 5363 τῶν

338 5405 668 5474 δερματξων,
697 5405 788 5472 ἀφ’
813 5407 872 5459 οὗ
908 5407 1067 5475 ἡμεῖς
1103 5407 1363 5458 mndata
1422 5393 1673 5472 λῖγομεν.
1707 5405 1913 5457 (it-£13.

410 5497 825 5572 [Moschopulus
871 5500 1134 5552 nat-edicta.
1209 5499 1398 5552 Dorice
1465 5499 1814 5566 prOountiat,
1865 5510 1918 5551 et

345 5593 673 5647 membranas
716 5593 828 5647 sive
873 5592 1147 5662 pellicenm
1203 5593 1447 5645 chartam
1493 5593 1607 5644 sive
1643 5607 1920 5660 pergame-

347 5699 472 5734 num
499 5683 698 5750 signilit
713 5691 786 5734 at.
819 5680 870 5734 In
894 5681 1080 5734 eodem
1103 5697 1264 5734 senm
1286 5681 1474 5733 audies
1495 5681 1683 5749 vulgus
1704 5680 1918 5731 ϐείνου-

348 5789 466 5826 rum
487 5773 798 5844 λεμπρηνὸν
829 5773 1030 5827 dicere.
1057 5774 1454 5840 Nonnunquam
1489 5783 1664 5826 tamen
1684 5773 1914 5841 diploma

351 5865 560 5918 tabulas
600 5866 746 5920 breve
778 5865 1048 5920 codicillos
1105 5869 1303 5931 t'et'e:t;
1359 5876 1582 5936 tumque
1633 5866 1913 5925 materiam

2021 4671 2518 4726 ecclesiasticarum
2583 4669 2855 4729 duntaxat
2902 4669 3328 4737 appellationum
3376 4668 3478 4719 vim
3533 4676 3586 4719 et

2023 4766 2292 4834 originem
2319 4763 2418 4817 hoc
2448 4763 2567 4817 loco
2602 4761 2924 4830 indagamus
2957 4772 3013 4816 et
3035 4777 3132 4831 pro
3163 4760 3372 4813 viribus
3408 4759 3581 4827 expli-

2022 4871 2231 4911 eatnus.
2262 4856 2459 4910 (iners.

2095 4949 2179 5018 [P.
2204 4948 2253 5001 Δ.
2305 4946 2359 4999 Ὀ
2389 4946 2736 5016 λογοθέτης.
2779 4944 2902 4998 llaec
2935 4943 3004 4998 de
3026 4944 3116 4997 illo
3141 4943 3405 4996 Allatiana
3443 4961 3456 4996 :
3529 4941 3587 4995 '0

2018 5039 2311 5106 ).ογοθέτης
2339 5035 2668 5105 ὑποκρατῶν
2702 5035 2802 5103 τὴν
2835 5033 3066 5102 βοῦλλαν
3097 5033 3193 5085 τοῦ
3259 5032 3582 5102 ἀρχιερέως,

2021 5129 2251 5182 καὶεῖτι
2279 5129 2342 5180 ἂν
2366 5132 2568 5199 γράφει
2611 5130 2638 5180 ὁ
2673 5128 2986 5196 ἀρχιερεὺς,
3048 5125 3412 5193 σφραγίζεται
3456 5124 3586 5192 παρ’

2023 5221 2210 5274 αὑτοῦ.
2243 5216 2478 5284 Ὁμοίως
2497 5223 2589 5274 καὶ
2608 5223 2686 5282 εἷς
2706 5223 2885 5274 πᾶσαν
2906 5221 3107 5273 εἴσοδον
3134 5219 3230 5285 τῆς
3262 5219 3586 5279 ἐπισκοπῆς.

2032 5313 2192 5366 Ἕττι
2232 5313 2290 5366 δὲ
2326 5315 2419 5365 καὶ
2448 5314 2529 5377 εἰς
2551 5314 2896 5380 τὰςκρξσεις.
2931 5311 3192 5364 Ργειξιετθθ
3230 5309 3448 5378 κρατῶν
3494 5309 3588 5360 καὶ

2025 5408 2114 5459 τὸν
2142 5407 2323 5458 δίσκον
2359 5409 2498 5476 μετὰ
2521 5406 2616 5459 τοῦ
2648 5407 2804 5472 ἁγίου
2839 5403 3138 5472 ἀντιδώρου
3171 5403 3226 5454 ἐν
3263 5404 3326 5470 τῇ
3384 5401 3575 5465 ἐκκλη-

2027 5500 2140 5566 σίᾳ,
2171 5497 2452 5566 διδομένου
2484 5497 2578 5549 τοῦ
2609 5494 2993 5548 κατακλαστοῦ
3048 5493 3201 5562 παρὰ
3239 5492 3334 5544 τοῦ
3399 5494 3587 5560 ἀρχιέ-

2030 5590 2183 5656 ρέως.
2215 5588 2386 5654 Quale
2422 5590 2744 5656 pnll‘lal't'ilt!
2781 5588 3020 5653 sigillum
3081 5593 3136 5637 et
3173 5584 3352 5652 qualis
3424 5583 3585 5654 fuerit

2025 5682 2142 5747 ejus
2170 5682 2518 5747 suiiscr‘ptio,
2553 5679 2665 5732 haec
2696 5679 2810 5731 loca
2847 5681 2908 5728 ὲκ
2941 5677 3047 5728 τῶν
3079 5676 3440 5744 ςημειὼπεων
3493 5673 3588 5726 καὶ

2029 5771 2330 5838 σιγὰλίων,
2364 5787 2428 5822 ex
2447 5771 2669 5836 publicis
2695 5769 3058 5822 instrumentis
3089 5778 3134 5818 et
3178 5765 3415 5817 brevibus
3440 5763 3587 5830 sigil-

2029 5863 2149 5918 lutis
2182 5863 2558 5918 demonstrant
2586 5861 2734 5916 Juris
2784 5853 2906 5914 GR.
2961 5875 3010 5928 p.
3038 5859 3144 5912 256
3179 5875 3190 5910 :
3234 5856 3324 5918 Ei;
3381 5853 3586 5922 εἴδησιν
