  <div class='ocr_page' id='page_1' title='image "/cluster/home/n/w/nwhite01/storage/ocr_20150623/157/hvd.32044019307677/098.png"; bbox 0 0 3936 6586; ppageno 0'>
   <div class='ocr_carea' id='block_1_1' title="bbox 419 383 528 451">
    <p class='ocr_par' dir='ltr' id='par_1_1' title="bbox 419 383 528 451">
     <span class='ocr_line' id='line_1_1' title="bbox 419 383 528 451; baseline 0.037 -5"><span class='ocrx_word' id='word_1_1' title='bbox 419 383 528 451; x_wconf 70' lang='lat'><strong>“9</strong></span> 
     </span>
    </p>
   </div>
   <div class='ocr_carea' id='block_1_2' title="bbox 1515 376 2583 442">
    <p class='ocr_par' dir='ltr' id='par_1_2' title="bbox 1515 376 2583 442">
     <span class='ocr_line' id='line_1_2' title="bbox 1515 376 2583 442; baseline -0.002 0"><span class='ocrx_word' id='word_1_2' title='bbox 1515 378 1899 442; x_wconf 79' lang='lat' dir='ltr'><strong>GRETSERI</strong></span> <span class='ocrx_word' id='word_1_3' title='bbox 1938 376 2032 436; x_wconf 80' lang='lat' dir='ltr'><strong>ET</strong></span> <span class='ocrx_word' id='word_1_4' title='bbox 2061 377 2300 437; x_wconf 77' lang='lat' dir='ltr'><strong>GUARI</strong></span> <span class='ocrx_word' id='word_1_5' title='bbox 2339 378 2583 441; x_wconf 70' lang='lat' dir='ltr'><strong>NOTIE.</strong></span> 
     </span>
    </p>
   </div>
   <div class='ocr_carea' id='block_1_3' title="bbox 3566 379 3670 448">
    <p class='ocr_par' dir='ltr' id='par_1_3' title="bbox 3566 379 3670 448">
     <span class='ocr_line' id='line_1_3' title="bbox 3566 379 3670 448; baseline -0.01 0"><span class='ocrx_word' id='word_1_6' title='bbox 3566 379 3670 448; x_wconf 78' lang='lat'><strong>150</strong></span> 
     </span>
    </p>
   </div>
   <div class='ocr_carea' id='block_1_4' title="bbox 413 488 1969 570">
    <p class='ocr_par' dir='ltr' id='par_1_4' title="bbox 413 491 1969 570">
     <span class='ocr_line' id='line_1_4' title="bbox 413 491 1969 570; baseline -0.006 -17"><span class='ocrx_word' id='word_1_7' title='bbox 413 498 534 570; x_wconf 73' lang='grc' dir='ltr'>εἶχε</span> <span class='ocrx_word' id='word_1_8' title='bbox 559 500 618 554; x_wconf 69' lang='grc' dir='ltr'><strong>τὸ</strong></span> <span class='ocrx_word' id='word_1_9' title='bbox 652 491 788 569; x_wconf 76' lang='grc' dir='ltr'><strong>μηνὶ</strong></span> <span class='ocrx_word' id='word_1_10' title='bbox 829 495 1056 567; x_wconf 80' lang='grc' dir='ltr'><strong>Ἰουνίῳ,</strong></span> <span class='ocrx_word' id='word_1_11' title='bbox 1121 499 1497 568; x_wconf 76' lang='grc' dir='ltr'><strong>ὲπινεμήσεως</strong></span> <span class='ocrx_word' id='word_1_12' title='bbox 1564 497 1845 564; x_wconf 81' lang='grc' dir='ltr'><strong>πέμπτης,</strong></span> <span class='ocrx_word' id='word_1_13' title='bbox 1901 492 1969 544; x_wconf 75' lang='grc' dir='ltr'><strong>διε</strong></span> 
     </span>
    </p>
   </div>
   <div class='ocr_carea' id='block_1_5' title="bbox 2077 488 3669 570">
    <p class='ocr_par' dir='ltr' id='par_1_5' title="bbox 2091 488 3669 566">
     <span class='ocr_line' id='line_1_5' title="bbox 2091 488 3669 566; baseline 0.003 -24"><span class='ocrx_word' id='word_1_14' title='bbox 2091 488 2313 544; x_wconf 98' lang='lat' dir='ltr'><strong>indicat.</strong></span> <span class='ocrx_word' id='word_1_15' title='bbox 2349 489 2538 546; x_wconf 86' lang='lat' dir='ltr'><strong>Simon</strong></span> <span class='ocrx_word' id='word_1_16' title='bbox 2563 489 2784 546; x_wconf 89' lang='lat' dir='ltr'><strong>Portius</strong></span> <span class='ocrx_word' id='word_1_17' title='bbox 2817 507 2830 545; x_wconf 90' lang='lat'>:</span> <span class='ocrx_word' id='word_1_18' title='bbox 2885 490 3164 558; x_wconf 77' lang='grc' dir='ltr'><strong>ὑπόθεσις,</strong></span> <span class='ocrx_word' id='word_1_19' title='bbox 3195 491 3318 564; x_wconf 82' lang='grc' dir='ltr'><strong>ὕλη,</strong></span> <span class='ocrx_word' id='word_1_20' title='bbox 3371 492 3669 566; x_wconf 46' lang='lat' dir='ltr'><strong>circuitis.</strong></span> 
     </span>
    </p>
   </div>
   <div class='ocr_carea' id='block_1_6' title="bbox 411 585 1987 662">
    <p class='ocr_par' dir='ltr' id='par_1_6' title="bbox 411 585 1987 662">
     <span class='ocr_line' id='line_1_6' title="bbox 411 585 1987 662; baseline -0.005 -17"><span class='ocrx_word' id='word_1_21' title='bbox 411 594 514 661; x_wconf 75' lang='grc' dir='ltr'><strong>τῆς</strong></span> <span class='ocrx_word' id='word_1_22' title='bbox 546 592 956 662; x_wconf 81' lang='grc' dir='ltr'>πατριαρχικῆς</span> <span class='ocrx_word' id='word_1_23' title='bbox 974 591 1067 644; x_wconf 78' lang='grc' dir='ltr'><strong>καὶ</strong></span> <span class='ocrx_word' id='word_1_24' title='bbox 1112 591 1260 654; x_wconf 80' lang='grc' dir='ltr'><strong>θείας</strong></span> <span class='ocrx_word' id='word_1_25' title='bbox 1287 591 1494 662; x_wconf 76' lang='grc' dir='ltr'>χειρός.</span> <span class='ocrx_word' id='word_1_26' title='bbox 1560 588 1885 659; x_wconf 78' lang='grc' dir='ltr'><strong>Ἀπῃώρητο</strong></span> <span class='ocrx_word' id='word_1_27' title='bbox 1933 585 1987 637; x_wconf 76' lang='grc' dir='ltr'><strong>δὲ</strong></span> 
     </span>
    </p>
   </div>
   <div class='ocr_carea' id='block_1_7' title="bbox 410 677 1989 752">
    <p class='ocr_par' dir='ltr' id='par_1_7' title="bbox 410 677 1989 752">
     <span class='ocr_line' id='line_1_7' title="bbox 410 677 1989 752; baseline -0.003 -18"><span class='ocrx_word' id='word_1_28' title='bbox 410 683 510 734; x_wconf 70' lang='grc' dir='ltr'><strong>καὶ</strong></span> <span class='ocrx_word' id='word_1_29' title='bbox 534 683 784 735; x_wconf 74' lang='grc' dir='ltr'><strong>κάτωθεν</strong></span> <span class='ocrx_word' id='word_1_30' title='bbox 808 682 1090 752; x_wconf 73' lang='grc' dir='ltr'><strong>μολιϐδίνη</strong></span> <span class='ocrx_word' id='word_1_31' title='bbox 1127 682 1350 752; x_wconf 76' lang='grc' dir='ltr'><strong>βοῦλλα,</strong></span> <span class='ocrx_word' id='word_1_32' title='bbox 1406 683 1610 752; x_wconf 78' lang='grc' dir='ltr'><strong>ἔχουσα</strong></span> <span class='ocrx_word' id='word_1_33' title='bbox 1643 683 1702 734; x_wconf 79' lang='grc' dir='ltr'><strong>ἐν</strong></span> <span class='ocrx_word' id='word_1_34' title='bbox 1763 679 1862 750; x_wconf 73' lang='grc' dir='ltr'><strong>μὲν</strong></span> <span class='ocrx_word' id='word_1_35' title='bbox 1911 677 1989 747; x_wconf 84' lang='grc' dir='ltr'><strong>τῷ</strong></span> 
     </span>
    </p>
   </div>
   <div class='ocr_carea' id='block_1_8' title="bbox 411 772 1988 844">
    <p class='ocr_par' dir='ltr' id='par_1_8' title="bbox 411 772 1988 844">
     <span class='ocr_line' id='line_1_8' title="bbox 411 772 1988 844; baseline -0.003 -18"><span class='ocrx_word' id='word_1_36' title='bbox 411 777 495 826; x_wconf 80' lang='grc' dir='ltr'><strong>ἔνι</strong></span> <span class='ocrx_word' id='word_1_37' title='bbox 531 774 690 844; x_wconf 73' lang='grc' dir='ltr'>μέρει</span> <span class='ocrx_word' id='word_1_38' title='bbox 713 774 814 844; x_wconf 73' lang='grc' dir='ltr'><strong>τὴν</strong></span> <span class='ocrx_word' id='word_1_39' title='bbox 837 774 1147 844; x_wconf 77' lang='grc' dir='ltr'>ὑπεραγξαν</span> <span class='ocrx_word' id='word_1_40' title='bbox 1175 773 1441 827; x_wconf 77' lang='grc' dir='ltr'>Θεοτὸκον</span> <span class='ocrx_word' id='word_1_41' title='bbox 1473 773 1760 842; x_wconf 82' lang='grc' dir='ltr'><strong>παλάμαις</strong></span> <span class='ocrx_word' id='word_1_42' title='bbox 1790 772 1988 841; x_wconf 75' lang='grc' dir='ltr'>φέρου-</span> 
     </span>
    </p>
   </div>
   <div class='ocr_carea' id='block_1_9' title="bbox 411 857 1987 937">
    <p class='ocr_par' dir='ltr' id='par_1_9' title="bbox 411 857 1987 937">
     <span class='ocr_line' id='line_1_9' title="bbox 411 857 1987 937; baseline -0.003 -19"><span class='ocrx_word' id='word_1_43' title='bbox 411 885 513 919; x_wconf 81' lang='grc' dir='ltr'>σαν</span> <span class='ocrx_word' id='word_1_44' title='bbox 537 869 626 921; x_wconf 64' lang='grc' dir='ltr'><strong>τον</strong></span> <span class='ocrx_word' id='word_1_45' title='bbox 664 867 871 936; x_wconf 76' lang='grc' dir='ltr'>Κύριον</span> <span class='ocrx_word' id='word_1_46' title='bbox 921 866 1084 937; x_wconf 78' lang='grc' dir='ltr'>ἡμῶν</span> <span class='ocrx_word' id='word_1_47' title='bbox 1124 865 1336 935; x_wconf 81' lang='grc' dir='ltr'><strong>Ἰησοῦν</strong></span> <span class='ocrx_word' id='word_1_48' title='bbox 1393 857 1735 936; x_wconf 75' lang='grc' dir='ltr'>Χριστὸν,ὲν</span> <span class='ocrx_word' id='word_1_49' title='bbox 1788 862 1846 916; x_wconf 76' lang='grc' dir='ltr'><strong>δὲ</strong></span> <span class='ocrx_word' id='word_1_50' title='bbox 1908 860 1987 932; x_wconf 81' lang='grc' dir='ltr'><strong>τῷ</strong></span> 
     </span>
    </p>
   </div>
   <div class='ocr_carea' id='block_1_10' title="bbox 405 954 1988 1027">
    <p class='ocr_par' dir='ltr' id='par_1_10' title="bbox 405 954 1988 1027">
     <span class='ocr_line' id='line_1_10' title="bbox 405 954 1988 1027; baseline -0.002 -19"><span class='ocrx_word' id='word_1_51' title='bbox 405 957 586 1027; x_wconf 74' lang='grc' dir='ltr'><strong>ἑτέρῳ</strong></span> <span class='ocrx_word' id='word_1_52' title='bbox 611 957 920 1026; x_wconf 74' lang='grc' dir='ltr'>γράμματα</span> <span class='ocrx_word' id='word_1_53' title='bbox 947 959 1141 1024; x_wconf 76' lang='grc' dir='ltr'>ταῦτα,</span> <span class='ocrx_word' id='word_1_54' title='bbox 1168 976 1186 1008; x_wconf 79' lang='grc' dir='ltr'><strong>ι</strong></span> <span class='ocrx_word' id='word_1_55' title='bbox 1212 957 1496 1026; x_wconf 81' lang='grc' dir='ltr'><strong>Γερμανὸς</strong></span> <span class='ocrx_word' id='word_1_56' title='bbox 1529 957 1664 1023; x_wconf 76' lang='grc' dir='ltr'><strong>ἐλέῳ</strong></span> <span class='ocrx_word' id='word_1_57' title='bbox 1703 955 1839 1006; x_wconf 80' lang='grc' dir='ltr'>Θεοῦ</span> <span class='ocrx_word' id='word_1_58' title='bbox 1887 954 1988 1024; x_wconf 82' lang='grc' dir='ltr'><strong>ἀρ-</strong></span> 
     </span>
    </p>
   </div>
   <div class='ocr_carea' id='block_1_11' title="bbox 404 1045 1986 1117">
    <p class='ocr_par' dir='ltr' id='par_1_11' title="bbox 404 1045 1986 1117">
     <span class='ocr_line' id='line_1_11' title="bbox 404 1045 1986 1117; baseline -0.013 -3"><span class='ocrx_word' id='word_1_59' title='bbox 404 1048 773 1114; x_wconf 75' lang='grc' dir='ltr'><strong>χιεπίσκοπος</strong></span> <span class='ocrx_word' id='word_1_60' title='bbox 796 1045 954 1117; x_wconf 68' lang='grc'><strong>135</strong></span> <span class='ocrx_word' id='word_1_61' title='bbox 976 1048 1097 1104; x_wconf 79' lang='grc' dir='ltr'><strong>ΚΠ.</strong></span> <span class='ocrx_word' id='word_1_62' title='bbox 1116 1049 1239 1110; x_wconf 81' lang='grc' dir='ltr'><strong>νέας</strong></span> <span class='ocrx_word' id='word_1_63' title='bbox 1256 1047 1473 1117; x_wconf 83' lang='grc' dir='ltr'><strong>Ῥώμης</strong></span> <span class='ocrx_word' id='word_1_64' title='bbox 1497 1048 1590 1100; x_wconf 82' lang='grc' dir='ltr'><strong>καὶ</strong></span> <span class='ocrx_word' id='word_1_65' title='bbox 1609 1045 1986 1114; x_wconf 68' lang='grc' dir='ltr'><strong>οἰκουμενικδς</strong></span> 
     </span>
    </p>
   </div>
   <div class='ocr_carea' id='block_1_12' title="bbox 405 1136 1983 1208">
    <p class='ocr_par' dir='ltr' id='par_1_12' title="bbox 405 1136 1983 1208">
     <span class='ocr_line' id='line_1_12' title="bbox 405 1136 1983 1208; baseline 0.001 -18"><span class='ocrx_word' id='word_1_66' title='bbox 405 1136 813 1208; x_wconf 74' lang='grc' dir='ltr'><strong>πατριάρχης.»</strong></span> <span class='ocrx_word' id='word_1_67' title='bbox 852 1136 1092 1192; x_wconf 74' lang='lat' dir='ltr'><strong>Mensem</strong></span> <span class='ocrx_word' id='word_1_68' title='bbox 1118 1137 1300 1207; x_wconf 88' lang='lat' dir='ltr'><strong>itaque</strong></span> <span class='ocrx_word' id='word_1_69' title='bbox 1319 1147 1372 1192; x_wconf 88' lang='lat' dir='ltr'><strong>et</strong></span> <span class='ocrx_word' id='word_1_70' title='bbox 1395 1138 1742 1194; x_wconf 88' lang='lat' dir='ltr'><strong>indictionem</strong></span> <span class='ocrx_word' id='word_1_71' title='bbox 1769 1137 1983 1205; x_wconf 85' lang='lat' dir='ltr'><strong>prepria</strong></span> 
     </span>
    </p>
   </div>
   <div class='ocr_carea' id='block_1_13' title="bbox 405 1228 1984 1297">
    <p class='ocr_par' dir='ltr' id='par_1_13' title="bbox 405 1228 1984 1297">
     <span class='ocr_line' id='line_1_13' title="bbox 405 1228 1984 1297; baseline 0.001 -18"><span class='ocrx_word' id='word_1_72' title='bbox 405 1241 574 1280; x_wconf 83' lang='lat' dir='ltr'><strong>manu</strong></span> <span class='ocrx_word' id='word_1_73' title='bbox 606 1228 884 1283; x_wconf 77' lang='lat' dir='ltr'><strong>scribebat</strong></span> <span class='ocrx_word' id='word_1_74' title='bbox 917 1229 1029 1291; x_wconf 84' lang='lat' dir='ltr'><strong>ille.</strong></span> <span class='ocrx_word' id='word_1_75' title='bbox 1064 1244 1262 1284; x_wconf 84' lang='lat' dir='ltr'><strong>nomen</strong></span> <span class='ocrx_word' id='word_1_76' title='bbox 1305 1229 1452 1282; x_wconf 84' lang='lat' dir='ltr'><strong>bulla</strong></span> <span class='ocrx_word' id='word_1_77' title='bbox 1483 1229 1598 1284; x_wconf 84' lang='lat' dir='ltr'><strong>sive</strong></span> <span class='ocrx_word' id='word_1_78' title='bbox 1627 1228 1865 1297; x_wconf 82' lang='lat' dir='ltr'><strong>sigillum</strong></span> <span class='ocrx_word' id='word_1_79' title='bbox 1900 1229 1984 1280; x_wconf 85' lang='lat' dir='ltr'><strong>in-</strong></span> 
     </span>
    </p>
   </div>
   <div class='ocr_carea' id='block_1_14' title="bbox 402 1317 1983 1393">
    <p class='ocr_par' dir='ltr' id='par_1_14' title="bbox 402 1317 1983 1393">
     <span class='ocr_line' id='line_1_14' title="bbox 402 1317 1983 1393; baseline -0.001 -20"><span class='ocrx_word' id='word_1_80' title='bbox 402 1321 648 1374; x_wconf 78' lang='lat' dir='ltr'><strong>dicabat.</strong></span> <span class='ocrx_word' id='word_1_81' title='bbox 674 1319 798 1375; x_wconf 62' lang='lat' dir='ltr'><strong>Hac</strong></span> <span class='ocrx_word' id='word_1_82' title='bbox 818 1317 949 1376; x_wconf 78' lang='lat' dir='ltr'><strong>véro</strong></span> <span class='ocrx_word' id='word_1_83' title='bbox 969 1321 1132 1375; x_wconf 91' lang='lat' dir='ltr'><strong>modo</strong></span> <span class='ocrx_word' id='word_1_84' title='bbox 1159 1321 1416 1393; x_wconf 89' lang='lat' dir='ltr'><strong>plumbea</strong></span> <span class='ocrx_word' id='word_1_85' title='bbox 1447 1321 1610 1376; x_wconf 90' lang='lat' dir='ltr'><strong>modo</strong></span> <span class='ocrx_word' id='word_1_86' title='bbox 1633 1335 1799 1382; x_wconf 48' lang='lat' dir='ltr'><strong>.cerca</strong></span> <span class='ocrx_word' id='word_1_87' title='bbox 1830 1319 1983 1373; x_wconf 68' lang='lat' dir='ltr'><strong>eclo-</strong></span> 
     </span>
    </p>
   </div>
   <div class='ocr_carea' id='block_1_15' title="bbox 402 1413 1982 1479">
    <p class='ocr_par' dir='ltr' id='par_1_15' title="bbox 402 1413 1982 1479">
     <span class='ocr_line' id='line_1_15' title="bbox 402 1413 1982 1479; baseline -0.001 -12"><span class='ocrx_word' id='word_1_88' title='bbox 402 1415 484 1470; x_wconf 89' lang='lat' dir='ltr'><strong>ris</strong></span> <span class='ocrx_word' id='word_1_89' title='bbox 511 1415 703 1470; x_wconf 87' lang='lat' dir='ltr'><strong>viridis</strong></span> <span class='ocrx_word' id='word_1_90' title='bbox 738 1414 855 1470; x_wconf 82' lang='lat' dir='ltr'><strong>fuit.</strong></span> <span class='ocrx_word' id='word_1_91' title='bbox 888 1414 1082 1470; x_wconf 82' lang='lat' dir='ltr'><strong>Vidisti</strong></span> <span class='ocrx_word' id='word_1_92' title='bbox 1126 1417 1435 1479; x_wconf 87' lang='lat' dir='ltr'><strong>plumbeam</strong></span> <span class='ocrx_word' id='word_1_93' title='bbox 1467 1432 1481 1468; x_wconf 90' lang='lat'><strong>:</strong></span> <span class='ocrx_word' id='word_1_94' title='bbox 1529 1414 1752 1469; x_wconf 87' lang='lat' dir='ltr'><strong>adverte</strong></span> <span class='ocrx_word' id='word_1_95' title='bbox 1819 1413 1982 1466; x_wconf 87' lang='lat' dir='ltr'><strong>tnodo</strong></span> 
     </span>
    </p>
   </div>
   <div class='ocr_carea' id='block_1_16' title="bbox 404 1501 1980 1575">
    <p class='ocr_par' dir='ltr' id='par_1_16' title="bbox 404 1501 1980 1575">
     <span class='ocr_line' id='line_1_16' title="bbox 404 1501 1980 1575; baseline -0.003 -18"><span class='ocrx_word' id='word_1_96' title='bbox 404 1519 643 1559; x_wconf 84' lang='lat' dir='ltr'><strong>cercam.</strong></span> <span class='ocrx_word' id='word_1_97' title='bbox 677 1503 738 1557; x_wconf 84' lang='lat' dir='ltr'><strong>P.</strong></span> <span class='ocrx_word' id='word_1_98' title='bbox 770 1505 876 1560; x_wconf 62' lang='grc'><strong>240</strong></span> <span class='ocrx_word' id='word_1_99' title='bbox 905 1522 918 1559; x_wconf 90' lang='lat'><strong>:</strong></span> <span class='ocrx_word' id='word_1_100' title='bbox 945 1501 1073 1574; x_wconf 75' lang='grc' dir='ltr'>Εἷχε</span> <span class='ocrx_word' id='word_1_101' title='bbox 1099 1507 1158 1559; x_wconf 74' lang='grc' dir='ltr'><strong>τὸ</strong></span> <span class='ocrx_word' id='word_1_102' title='bbox 1193 1505 1328 1575; x_wconf 70' lang='grc' dir='ltr'><strong>μηνῖ⁵</strong></span> <span class='ocrx_word' id='word_1_103' title='bbox 1367 1504 1571 1573; x_wconf 71' lang='grc' dir='ltr'>Ἰουλίῳ</span> <span class='ocrx_word' id='word_1_104' title='bbox 1601 1503 1980 1572; x_wconf 77' lang='grc' dir='ltr'><strong>ἑπινεμήσεως</strong></span> 
     </span>
    </p>
   </div>
   <div class='ocr_carea' id='block_1_17' title="bbox 404 1592 1982 1668">
    <p class='ocr_par' dir='ltr' id='par_1_17' title="bbox 404 1592 1982 1668">
     <span class='ocr_line' id='line_1_17' title="bbox 404 1592 1982 1668; baseline -0.003 -19"><span class='ocrx_word' id='word_1_105' title='bbox 404 1598 475 1666; x_wconf 82' lang='grc' dir='ltr'><strong>η’,</strong></span> <span class='ocrx_word' id='word_1_106' title='bbox 507 1598 600 1649; x_wconf 78' lang='grc' dir='ltr'><strong>καὶ</strong></span> <span class='ocrx_word' id='word_1_107' title='bbox 626 1599 725 1665; x_wconf 75' lang='grc' dir='ltr'><strong>τὴν</strong></span> <span class='ocrx_word' id='word_1_108' title='bbox 753 1598 984 1668; x_wconf 79' lang='grc' dir='ltr'><strong>κηρίνην</strong></span> <span class='ocrx_word' id='word_1_109' title='bbox 1020 1599 1289 1668; x_wconf 74' lang='grc' dir='ltr'>πρασίνην</span> <span class='ocrx_word' id='word_1_110' title='bbox 1317 1599 1611 1667; x_wconf 77' lang='grc' dir='ltr'>σφραγῖδα.</span> <span class='ocrx_word' id='word_1_111' title='bbox 1633 1596 1849 1650; x_wconf 65' lang='grc' dir='ltr'><strong>Ρ.2ι2;</strong></span> <span class='ocrx_word' id='word_1_112' title='bbox 1893 1592 1982 1648; x_wconf 75' lang='lat' dir='ltr'><strong>Ei-</strong></span> 
     </span>
    </p>
   </div>
   <div class='ocr_carea' id='block_1_18' title="bbox 399 1688 1980 1759">
    <p class='ocr_par' dir='ltr' id='par_1_18' title="bbox 399 1688 1980 1759">
     <span class='ocr_line' id='line_1_18' title="bbox 399 1688 1980 1759; baseline 0.001 -19"><span class='ocrx_word' id='word_1_113' title='bbox 399 1705 462 1757; x_wconf 82' lang='grc' dir='ltr'>χε</span> <span class='ocrx_word' id='word_1_114' title='bbox 501 1689 560 1740; x_wconf 77' lang='grc' dir='ltr'>τὸ</span> <span class='ocrx_word' id='word_1_115' title='bbox 585 1689 938 1759; x_wconf 64' lang='grc' dir='ltr'><strong>μηνὶΊουΜῳ</strong></span> <span class='ocrx_word' id='word_1_116' title='bbox 963 1691 1347 1758; x_wconf 79' lang='grc' dir='ltr'><strong>ὲπινεμήσεως</strong></span> <span class='ocrx_word' id='word_1_117' title='bbox 1371 1695 1442 1754; x_wconf 83' lang='grc' dir='ltr'><strong>η’,</strong></span> <span class='ocrx_word' id='word_1_118' title='bbox 1465 1688 1554 1740; x_wconf 80' lang='grc' dir='ltr'><strong>διὰ</strong></span> <span class='ocrx_word' id='word_1_119' title='bbox 1585 1688 1682 1758; x_wconf 79' lang='grc' dir='ltr'><strong>τῆς</strong></span> <span class='ocrx_word' id='word_1_120' title='bbox 1706 1704 1980 1756; x_wconf 69' lang='grc' dir='ltr'>πατριαρο</span> 
     </span>
    </p>
   </div>
   <div class='ocr_carea' id='block_1_19' title="bbox 399 1779 1977 1850">
    <p class='ocr_par' dir='ltr' id='par_1_19' title="bbox 399 1779 1977 1850">
     <span class='ocr_line' id='line_1_19' title="bbox 399 1779 1977 1850; baseline 0 -20"><span class='ocrx_word' id='word_1_121' title='bbox 399 1780 566 1848; x_wconf 79' lang='grc' dir='ltr'><strong>χιχῆς</strong></span> <span class='ocrx_word' id='word_1_122' title='bbox 600 1781 699 1833; x_wconf 68' lang='grc' dir='ltr'>καὶ</span> <span class='ocrx_word' id='word_1_123' title='bbox 756 1781 910 1842; x_wconf 75' lang='grc' dir='ltr'>θείας</span> <span class='ocrx_word' id='word_1_124' title='bbox 943 1782 1149 1850; x_wconf 81' lang='grc' dir='ltr'>χειρὸς,</span> <span class='ocrx_word' id='word_1_125' title='bbox 1181 1786 1274 1836; x_wconf 76' lang='grc' dir='ltr'>καὶ</span> <span class='ocrx_word' id='word_1_126' title='bbox 1297 1782 1396 1847; x_wconf 81' lang='grc' dir='ltr'><strong>τὴν</strong></span> <span class='ocrx_word' id='word_1_127' title='bbox 1431 1781 1634 1849; x_wconf 65' lang='grc' dir='ltr'>συνήθη</span> <span class='ocrx_word' id='word_1_128' title='bbox 1659 1779 1977 1848; x_wconf 79' lang='grc' dir='ltr'><strong>μολιϐδὶνην</strong></span> 
     </span>
    </p>
   </div>
   <div class='ocr_carea' id='block_1_20' title="bbox 399 1872 1972 1944">
    <p class='ocr_par' dir='ltr' id='par_1_20' title="bbox 399 1872 1972 1944">
     <span class='ocr_line' id='line_1_20' title="bbox 399 1872 1972 1944; baseline 0.001 -20"><span class='ocrx_word' id='word_1_129' title='bbox 399 1872 654 1942; x_wconf 75' lang='grc' dir='ltr'><strong>βοῦλλαν.</strong></span> <span class='ocrx_word' id='word_1_130' title='bbox 710 1874 770 1927; x_wconf 83' lang='grc' dir='ltr'><strong>Ρ.</strong></span> <span class='ocrx_word' id='word_1_131' title='bbox 808 1874 954 1929; x_wconf 73' lang='grc'><strong>956;</strong></span> <span class='ocrx_word' id='word_1_132' title='bbox 998 1875 1086 1928; x_wconf 81' lang='grc' dir='ltr'><strong>Ἑν</strong></span> <span class='ocrx_word' id='word_1_133' title='bbox 1123 1877 1518 1944; x_wconf 60' lang='grc' dir='ltr'><strong>ὑπομνήμασιν</strong></span> <span class='ocrx_word' id='word_1_134' title='bbox 1570 1875 1858 1928; x_wconf 79' lang='grc' dir='ltr'>ὲκτιθέντα</span> <span class='ocrx_word' id='word_1_135' title='bbox 1908 1875 1972 1942; x_wconf 79' lang='grc' dir='ltr'><strong>τῇ</strong></span> 
     </span>
    </p>
   </div>
   <div class='ocr_carea' id='block_1_21' title="bbox 400 1966 1976 2039">
    <p class='ocr_par' dir='ltr' id='par_1_21' title="bbox 400 1966 1976 2039">
     <span class='ocr_line' id='line_1_21' title="bbox 400 1966 1976 2039; baseline 0.003 -25"><span class='ocrx_word' id='word_1_136' title='bbox 400 1966 626 2033; x_wconf 81' lang='grc' dir='ltr'><strong>συνήθει</strong></span> <span class='ocrx_word' id='word_1_137' title='bbox 677 1966 767 2018; x_wconf 73' lang='grc' dir='ltr'><strong>διὰ</strong></span> <span class='ocrx_word' id='word_1_138' title='bbox 797 1967 1047 2035; x_wconf 71' lang='grc' dir='ltr'>μολίϐδου</span> <span class='ocrx_word' id='word_1_139' title='bbox 1073 1968 1332 2035; x_wconf 75' lang='grc' dir='ltr'>σφραγῖδι</span> <span class='ocrx_word' id='word_1_140' title='bbox 1361 1967 1690 2039; x_wconf 77' lang='grc' dir='ltr'><strong>ἐὸεὗαιώθη,</strong></span> <span class='ocrx_word' id='word_1_141' title='bbox 1727 1969 1816 2020; x_wconf 84' lang='grc' dir='ltr'>καὶ</span> <span class='ocrx_word' id='word_1_142' title='bbox 1849 1968 1976 2019; x_wconf 75' lang='grc' dir='ltr'>ἑπε-</span> 
     </span>
    </p>
   </div>
   <div class='ocr_carea' id='block_1_22' title="bbox 392 2057 1970 2130">
    <p class='ocr_par' dir='ltr' id='par_1_22' title="bbox 392 2057 1970 2130">
     <span class='ocr_line' id='line_1_22' title="bbox 392 2057 1970 2130; baseline 0.004 -23"><span class='ocrx_word' id='word_1_143' title='bbox 392 2057 524 2124; x_wconf 70' lang='grc' dir='ltr'><strong>δῦθη</strong></span> <span class='ocrx_word' id='word_1_144' title='bbox 554 2059 688 2126; x_wconf 71' lang='grc' dir='ltr'><strong>μηνὶ</strong></span> <span class='ocrx_word' id='word_1_145' title='bbox 719 2059 1033 2130; x_wconf 77' lang='grc' dir='ltr'>Ἰανουαρῖῳ</span> <span class='ocrx_word' id='word_1_146' title='bbox 1063 2061 1444 2130; x_wconf 79' lang='grc' dir='ltr'><strong>ὲπινεμήσεως</strong></span> <span class='ocrx_word' id='word_1_147' title='bbox 1466 2057 1556 2126; x_wconf 80' lang='grc' dir='ltr'>ια’,</span> <span class='ocrx_word' id='word_1_148' title='bbox 1583 2061 1737 2123; x_wconf 77' lang='grc' dir='ltr'><strong>ἔτους</strong></span> <span class='ocrx_word' id='word_1_149' title='bbox 1759 2057 1970 2130; x_wconf 53' lang='grc' dir='ltr'><strong>,ςφλςκ</strong></span> 
     </span>
    </p>
   </div>
   <div class='ocr_carea' id='block_1_23' title="bbox 393 2148 1971 2220">
    <p class='ocr_par' dir='ltr' id='par_1_23' title="bbox 393 2148 1971 2220">
     <span class='ocr_line' id='line_1_23' title="bbox 393 2148 1971 2220; baseline 0.003 -20"><span class='ocrx_word' id='word_1_150' title='bbox 393 2148 618 2202; x_wconf 69' lang='lat' dir='ltr'><strong>Annum</strong></span> <span class='ocrx_word' id='word_1_151' title='bbox 641 2165 808 2215; x_wconf 91' lang='lat' dir='ltr'><strong>porro</strong></span> <span class='ocrx_word' id='word_1_152' title='bbox 838 2165 943 2204; x_wconf 83' lang='lat' dir='ltr'><strong>non</strong></span> <span class='ocrx_word' id='word_1_153' title='bbox 972 2151 1278 2218; x_wconf 86' lang='lat' dir='ltr'><strong>apponebat</strong></span> <span class='ocrx_word' id='word_1_154' title='bbox 1317 2151 1631 2220; x_wconf 81' lang='lat' dir='ltr'><strong>patriarcha</strong></span> <span class='ocrx_word' id='word_1_155' title='bbox 1659 2167 1674 2215; x_wconf 87' lang='lat'><strong>;</strong></span> <span class='ocrx_word' id='word_1_156' title='bbox 1733 2151 1819 2204; x_wconf 92' lang='lat' dir='ltr'><strong>hic</strong></span> <span class='ocrx_word' id='word_1_157' title='bbox 1873 2165 1971 2204; x_wconf 91' lang='lat' dir='ltr'><strong>ceu</strong></span> 
     </span>
    </p>
   </div>
   <div class='ocr_carea' id='block_1_24' title="bbox 391 2241 1970 2312">
    <p class='ocr_par' dir='ltr' id='par_1_24' title="bbox 391 2241 1970 2312">
     <span class='ocr_line' id='line_1_24' title="bbox 391 2241 1970 2312; baseline 0.001 -19"><span class='ocrx_word' id='word_1_158' title='bbox 391 2241 650 2308; x_wconf 73' lang='lat' dir='ltr'><strong>exemplo</strong></span> <span class='ocrx_word' id='word_1_159' title='bbox 669 2249 882 2295; x_wconf 86' lang='lat' dir='ltr'><strong>tantum</strong></span> <span class='ocrx_word' id='word_1_160' title='bbox 913 2242 1250 2311; x_wconf 75' lang='lat' dir='ltr'><strong>adjungitur.</strong></span> <span class='ocrx_word' id='word_1_161' title='bbox 1273 2243 1338 2298; x_wconf 85' lang='lat' dir='ltr'><strong>Et</strong></span> <span class='ocrx_word' id='word_1_162' title='bbox 1368 2259 1423 2312; x_wconf 91' lang='lat' dir='ltr'><strong>p.</strong></span> <span class='ocrx_word' id='word_1_163' title='bbox 1454 2243 1559 2299; x_wconf 75' lang='lat'><strong>259</strong></span> <span class='ocrx_word' id='word_1_164' title='bbox 1588 2259 1605 2296; x_wconf 86' lang='lat'><strong>:</strong></span> <span class='ocrx_word' id='word_1_165' title='bbox 1640 2245 1717 2312; x_wconf 85' lang='grc' dir='ltr'><strong>Τῇ</strong></span> <span class='ocrx_word' id='word_1_166' title='bbox 1750 2242 1839 2296; x_wconf 75' lang='grc' dir='ltr'><strong>διὰ</strong></span> <span class='ocrx_word' id='word_1_167' title='bbox 1873 2259 1970 2310; x_wconf 65' lang='grc' dir='ltr'>μου</span> 
     </span>
    </p>
   </div>
   <div class='ocr_carea' id='block_1_25' title="bbox 390 2331 1972 2408">
    <p class='ocr_par' dir='ltr' id='par_1_25' title="bbox 390 2331 1972 2408">
     <span class='ocr_line' id='line_1_25' title="bbox 390 2331 1972 2408; baseline 0.003 -26"><span class='ocrx_word' id='word_1_168' title='bbox 390 2331 582 2384; x_wconf 72' lang='grc' dir='ltr'>λίῦὃου</span> <span class='ocrx_word' id='word_1_169' title='bbox 617 2334 878 2408; x_wconf 62' lang='grc' dir='ltr'>σφραγῖδι</span> <span class='ocrx_word' id='word_1_170' title='bbox 907 2333 1191 2404; x_wconf 70' lang='grc' dir='ltr'><strong>ἐπιστὼθη</strong></span> <span class='ocrx_word' id='word_1_171' title='bbox 1224 2335 1319 2388; x_wconf 73' lang='grc' dir='ltr'><strong>καὶ</strong></span> <span class='ocrx_word' id='word_1_172' title='bbox 1349 2334 1579 2404; x_wconf 65' lang='grc' dir='ltr'>ἐπεδόθη</span> <span class='ocrx_word' id='word_1_173' title='bbox 1613 2335 1746 2404; x_wconf 72' lang='grc' dir='ltr'><strong>μηνὶ</strong></span> <span class='ocrx_word' id='word_1_174' title='bbox 1792 2334 1972 2400; x_wconf 86' lang='grc' dir='ltr'>Νοεμ-</span> 
     </span>
    </p>
   </div>
   <div class='ocr_carea' id='block_1_26' title="bbox 390 2423 1975 2502">
    <p class='ocr_par' dir='ltr' id='par_1_26' title="bbox 390 2423 1975 2502">
     <span class='ocr_line' id='line_1_26' title="bbox 390 2423 1975 2502; baseline 0.003 -28"><span class='ocrx_word' id='word_1_175' title='bbox 390 2423 539 2492; x_wconf 77' lang='grc' dir='ltr'>ϐρίῳ</span> <span class='ocrx_word' id='word_1_176' title='bbox 566 2425 950 2494; x_wconf 77' lang='grc' dir='ltr'><strong>ὲπινεμήσεως</strong></span> <span class='ocrx_word' id='word_1_177' title='bbox 978 2423 1215 2488; x_wconf 69' lang='grc' dir='ltr'><strong>ια’ἔτους</strong></span> <span class='ocrx_word' id='word_1_178' title='bbox 1240 2427 1447 2497; x_wconf 58' lang='grc' dir='ltr'><strong>,ς-φὶςκ</strong></span> <span class='ocrx_word' id='word_1_179' title='bbox 1478 2426 1570 2480; x_wconf 87' lang='lat' dir='ltr'><strong>Est</strong></span> <span class='ocrx_word' id='word_1_180' title='bbox 1594 2426 1813 2502; x_wconf 86' lang='lat' dir='ltr'><strong>insuper</strong></span> <span class='ocrx_word' id='word_1_181' title='bbox 1831 2426 1975 2479; x_wconf 85' lang='lat' dir='ltr'><strong>alius</strong></span> 
     </span>
    </p>
   </div>
   <div class='ocr_carea' id='block_1_27' title="bbox 391 2516 1973 2586">
    <p class='ocr_par' dir='ltr' id='par_1_27' title="bbox 391 2516 1973 2586">
     <span class='ocr_line' id='line_1_27' title="bbox 391 2516 1973 2586; baseline 0.002 -18"><span class='ocrx_word' id='word_1_182' title='bbox 391 2517 774 2570; x_wconf 80' lang='lat' dir='ltr'><strong>Cantacnzeni</strong></span> <span class='ocrx_word' id='word_1_183' title='bbox 811 2516 881 2572; x_wconf 88' lang='lat' dir='ltr'><strong>de</strong></span> <span class='ocrx_word' id='word_1_184' title='bbox 905 2533 1002 2572; x_wconf 85' lang='lat' dir='ltr'><strong>sua</strong></span> <span class='ocrx_word' id='word_1_185' title='bbox 1035 2520 1392 2572; x_wconf 83' lang='lat' dir='ltr'><strong>coronatione</strong></span> <span class='ocrx_word' id='word_1_186' title='bbox 1416 2517 1693 2583; x_wconf 79' lang='lat' dir='ltr'><strong>loquentis</strong></span> <span class='ocrx_word' id='word_1_187' title='bbox 1741 2517 1973 2586; x_wconf 79' lang='lat' dir='ltr'><strong>insignis</strong></span> 
     </span>
    </p>
   </div>
   <div class='ocr_carea' id='block_1_28' title="bbox 388 2605 1978 2679">
    <p class='ocr_par' dir='ltr' id='par_1_28' title="bbox 388 2605 1978 2679">
     <span class='ocr_line' id='line_1_28' title="bbox 388 2605 1978 2679; baseline 0.001 -20"><span class='ocrx_word' id='word_1_188' title='bbox 388 2605 580 2669; x_wconf 75' lang='lat' dir='ltr'><strong>locus,</strong></span> <span class='ocrx_word' id='word_1_189' title='bbox 607 2607 790 2670; x_wconf 77' lang='lat' dir='ltr'><strong>ttt,.36</strong></span> <span class='ocrx_word' id='word_1_190' title='bbox 827 2625 841 2662; x_wconf 90' lang='lat'><strong>:</strong></span> <span class='ocrx_word' id='word_1_191' title='bbox 870 2609 1230 2679; x_wconf 82' lang='grc' dir='ltr'><strong>Πατριάρχης</strong></span> <span class='ocrx_word' id='word_1_192' title='bbox 1264 2609 1318 2662; x_wconf 77' lang='grc' dir='ltr'><strong>δὲ</strong></span> <span class='ocrx_word' id='word_1_193' title='bbox 1351 2611 1470 2661; x_wconf 71' lang='grc' dir='ltr'>ἐπεὶ</span> <span class='ocrx_word' id='word_1_194' title='bbox 1496 2609 1594 2679; x_wconf 78' lang='grc' dir='ltr'><strong>τὴν</strong></span> <span class='ocrx_word' id='word_1_195' title='bbox 1628 2609 1784 2674; x_wconf 80' lang='grc' dir='ltr'>ἀξίαν</span> <span class='ocrx_word' id='word_1_196' title='bbox 1825 2609 1978 2677; x_wconf 78' lang='grc' dir='ltr'><strong>ἀμεί-</strong></span> 
     </span>
    </p>
   </div>
   <div class='ocr_carea' id='block_1_29' title="bbox 386 2697 1972 2770">
    <p class='ocr_par' dir='ltr' id='par_1_29' title="bbox 386 2697 1972 2770">
     <span class='ocr_line' id='line_1_29' title="bbox 386 2697 1972 2770; baseline 0.002 -21"><span class='ocrx_word' id='word_1_197' title='bbox 386 2698 516 2750; x_wconf 75' lang='grc' dir='ltr'>ϐειν</span> <span class='ocrx_word' id='word_1_198' title='bbox 544 2700 646 2752; x_wconf 74' lang='grc' dir='ltr'><strong>οὐκ</strong></span> <span class='ocrx_word' id='word_1_199' title='bbox 671 2697 824 2767; x_wconf 73' lang='grc' dir='ltr'><strong>ἐνῆν,</strong></span> <span class='ocrx_word' id='word_1_200' title='bbox 882 2701 961 2762; x_wconf 79' lang='lat' dir='ltr'><strong>sl;</strong></span> <span class='ocrx_word' id='word_1_201' title='bbox 1019 2701 1352 2770; x_wconf 77' lang='grc' dir='ltr'>σεμνότερόν</span> <span class='ocrx_word' id='word_1_202' title='bbox 1403 2718 1456 2753; x_wconf 80' lang='grc' dir='ltr'>τι</span> <span class='ocrx_word' id='word_1_203' title='bbox 1516 2701 1850 2770; x_wconf 75' lang='grc' dir='ltr'>περιέστησε</span> <span class='ocrx_word' id='word_1_204' title='bbox 1911 2699 1972 2752; x_wconf 79' lang='grc' dir='ltr'><strong>τὸ</strong></span> 
     </span>
    </p>
   </div>
   <div class='ocr_carea' id='block_1_30' title="bbox 390 2788 1972 2861">
    <p class='ocr_par' dir='ltr' id='par_1_30' title="bbox 390 2788 1972 2861">
     <span class='ocr_line' id='line_1_30' title="bbox 390 2788 1972 2861; baseline 0.003 -22"><span class='ocrx_word' id='word_1_205' title='bbox 390 2788 614 2858; x_wconf 77' lang='grc' dir='ltr'><strong>σχῆμα,</strong></span> <span class='ocrx_word' id='word_1_206' title='bbox 657 2791 750 2841; x_wconf 76' lang='grc' dir='ltr'>καὶ</span> <span class='ocrx_word' id='word_1_207' title='bbox 771 2789 828 2842; x_wconf 78' lang='grc' dir='ltr'>εν</span> <span class='ocrx_word' id='word_1_208' title='bbox 856 2805 915 2842; x_wconf 77' lang='grc' dir='ltr'>τε</span> <span class='ocrx_word' id='word_1_209' title='bbox 946 2792 1064 2852; x_wconf 78' lang='grc' dir='ltr'><strong>ταῖς</strong></span> <span class='ocrx_word' id='word_1_210' title='bbox 1085 2790 1433 2858; x_wconf 70' lang='grc' dir='ltr'>ὑπογραφαῆ</span> <span class='ocrx_word' id='word_1_211' title='bbox 1456 2791 1704 2861; x_wconf 76' lang='grc' dir='ltr'>ἡερανέῳ</span> <span class='ocrx_word' id='word_1_212' title='bbox 1720 2789 1972 2860; x_wconf 85' lang='grc' dir='ltr'>χρώματι</span> 
     </span>
    </p>
   </div>
   <div class='ocr_carea' id='block_1_31' title="bbox 388 2879 1963 2948">
    <p class='ocr_par' dir='ltr' id='par_1_31' title="bbox 388 2879 1963 2948">
     <span class='ocr_line' id='line_1_31' title="bbox 388 2879 1963 2948; baseline 0.003 -19"><span class='ocrx_word' id='word_1_213' title='bbox 388 2879 640 2948; x_wconf 44' lang='lat' dir='ltr'><strong>expia-0&#39;</strong></span> <span class='ocrx_word' id='word_1_214' title='bbox 674 2879 844 2934; x_wconf 82' lang='lat' dir='ltr'><strong>colore</strong></span> <span class='ocrx_word' id='word_1_215' title='bbox 898 2883 1032 2934; x_wconf 84' lang='lat' dir='ltr'><strong>inter</strong></span> <span class='ocrx_word' id='word_1_216' title='bbox 1078 2881 1362 2935; x_wconf 74' lang='lat' dir='ltr'><strong>cwruleum</strong></span> <span class='ocrx_word' id='word_1_217' title='bbox 1425 2891 1474 2934; x_wconf 87' lang='lat' dir='ltr'><strong>et</strong></span> <span class='ocrx_word' id='word_1_218' title='bbox 1522 2883 1745 2936; x_wconf 76' lang='lat' dir='ltr'><strong>viridem</strong></span> <span class='ocrx_word' id='word_1_219' title='bbox 1794 2882 1963 2935; x_wconf 85' lang='lat' dir='ltr'><strong>medio</strong></span> 
     </span>
    </p>
   </div>
   <div class='ocr_carea' id='block_1_32' title="bbox 390 2969 1968 3033">
    <p class='ocr_par' dir='ltr' id='par_1_32' title="bbox 390 2969 1968 3033">
     <span class='ocr_line' id='line_1_32' title="bbox 390 2969 1968 3033; baseline 0.004 -12"><span class='ocrx_word' id='word_1_220' title='bbox 390 2986 526 3022; x_wconf 80' lang='lat' dir='ltr'><strong>usus</strong></span> <span class='ocrx_word' id='word_1_221' title='bbox 553 2979 653 3033; x_wconf 83' lang='lat' dir='ltr'><strong>est,</strong></span> <span class='ocrx_word' id='word_1_222' title='bbox 677 2969 954 3027; x_wconf 68' lang='lat' dir='ltr'><strong>Caesarum</strong></span> <span class='ocrx_word' id='word_1_223' title='bbox 986 2973 1238 3027; x_wconf 83' lang='lat' dir='ltr'><strong>videlicet</strong></span> <span class='ocrx_word' id='word_1_224' title='bbox 1271 2988 1440 3028; x_wconf 91' lang='lat' dir='ltr'><strong>more.</strong></span> <span class='ocrx_word' id='word_1_225' title='bbox 1467 2973 1682 3027; x_wconf 85' lang='lat' dir='ltr'><strong>Gradus</strong></span> <span class='ocrx_word' id='word_1_226' title='bbox 1702 2975 1846 3028; x_wconf 92' lang='lat' dir='ltr'><strong>enim</strong></span> <span class='ocrx_word' id='word_1_227' title='bbox 1880 2974 1968 3028; x_wconf 92' lang='lat' dir='ltr'><strong>hic</strong></span> 
     </span>
    </p>
   </div>
   <div class='ocr_carea' id='block_1_33' title="bbox 385 3065 1968 3135">
    <p class='ocr_par' dir='ltr' id='par_1_33' title="bbox 385 3065 1968 3135">
     <span class='ocr_line' id='line_1_33' title="bbox 385 3065 1968 3135; baseline 0.002 -19"><span class='ocrx_word' id='word_1_228' title='bbox 385 3072 478 3116; x_wconf 76' lang='lat' dir='ltr'><strong>est</strong></span> <span class='ocrx_word' id='word_1_229' title='bbox 505 3065 648 3118; x_wconf 89' lang='lat' dir='ltr'><strong>inter</strong></span> <span class='ocrx_word' id='word_1_230' title='bbox 666 3066 875 3119; x_wconf 87' lang='lat' dir='ltr'><strong>colores</strong></span> <span class='ocrx_word' id='word_1_231' title='bbox 901 3073 957 3118; x_wconf 91' lang='lat' dir='ltr'><strong>ut</strong></span> <span class='ocrx_word' id='word_1_232' title='bbox 976 3066 1185 3135; x_wconf 89' lang='lat' dir='ltr'><strong>primus</strong></span> <span class='ocrx_word' id='word_1_233' title='bbox 1209 3065 1279 3121; x_wconf 86' lang='lat' dir='ltr'><strong>sit</strong></span> <span class='ocrx_word' id='word_1_234' title='bbox 1302 3081 1632 3135; x_wconf 80' lang='lat' dir='ltr'><strong>purpureus,</strong></span> <span class='ocrx_word' id='word_1_235' title='bbox 1659 3077 1771 3122; x_wconf 91' lang='lat' dir='ltr'><strong>tum</strong></span> <span class='ocrx_word' id='word_1_236' title='bbox 1805 3067 1968 3120; x_wconf 90' lang='lat' dir='ltr'><strong>ruber</strong></span> 
     </span>
    </p>
   </div>
   <div class='ocr_carea' id='block_1_34' title="bbox 2093 583 2431 656">
    <p class='ocr_par' dir='ltr' id='par_1_34' title="bbox 2093 583 2431 656">
     <span class='ocr_line' id='line_1_34' title="bbox 2093 583 2431 656; baseline 0.009 -22"><span class='ocrx_word' id='word_1_237' title='bbox 2093 599 2203 634; x_wconf 83' lang='lat' dir='ltr'><strong>vov.</strong></span> <span class='ocrx_word' id='word_1_238' title='bbox 2233 583 2383 637; x_wconf 78' lang='lat' dir='ltr'><strong>GOAR</strong></span> <span class='ocrx_word' id='word_1_239' title='bbox 2411 583 2431 656; x_wconf 82' lang='lat'><strong>]</strong></span> 
     </span>
    </p>
   </div>
   <div class='ocr_carea' id='block_1_35' title="bbox 2162 667 3666 735">
    <p class='ocr_par' dir='ltr' id='par_1_35' title="bbox 2162 667 3666 735">
     <span class='ocr_line' id='line_1_35' title="bbox 2162 667 3666 735; baseline 0.006 -9"><span class='ocrx_word' id='word_1_240' title='bbox 2162 671 2427 728; x_wconf 66' lang='lat' dir='ltr'><strong>Caeterum</strong></span> <span class='ocrx_word' id='word_1_241' title='bbox 2459 673 2596 728; x_wconf 75' lang='lat' dir='ltr'><strong>intra</strong></span> <span class='ocrx_word' id='word_1_242' title='bbox 2624 689 2674 729; x_wconf 93' lang='lat' dir='ltr'><strong>c.</strong></span> <span class='ocrx_word' id='word_1_243' title='bbox 2733 675 2766 730; x_wconf 85' lang='lat'><strong>5</strong></span> <span class='ocrx_word' id='word_1_244' title='bbox 2812 675 2886 730; x_wconf 90' lang='lat' dir='ltr'><strong>ita</strong></span> <span class='ocrx_word' id='word_1_245' title='bbox 2951 678 3210 733; x_wconf 80' lang='lat' dir='ltr'><strong>describit</strong></span> <span class='ocrx_word' id='word_1_246' title='bbox 3261 667 3506 734; x_wconf 86' lang='lat' dir='ltr'><strong>Codinus</strong></span> <span class='ocrx_word' id='word_1_247' title='bbox 3549 696 3666 735; x_wconf 83' lang='lat' dir='ltr'><strong>ma-</strong></span> 
     </span>
    </p>
   </div>
   <div class='ocr_carea' id='block_1_36' title="bbox 2093 765 3668 837">
    <p class='ocr_par' dir='ltr' id='par_1_36' title="bbox 2093 765 3668 837">
     <span class='ocr_line' id='line_1_36' title="bbox 2093 765 3668 837; baseline 0.006 -20"><span class='ocrx_word' id='word_1_248' title='bbox 2093 776 2257 830; x_wconf 64' lang='lat' dir='ltr'><strong>gnum</strong></span> <span class='ocrx_word' id='word_1_249' title='bbox 2288 765 2643 834; x_wconf 80' lang='lat' dir='ltr'><strong>logothetam,</strong></span> <span class='ocrx_word' id='word_1_250' title='bbox 2669 775 2729 820; x_wconf 87' lang='lat' dir='ltr'><strong>ut</strong></span> <span class='ocrx_word' id='word_1_251' title='bbox 2749 783 2973 837; x_wconf 85' lang='lat' dir='ltr'><strong>prorsus</strong></span> <span class='ocrx_word' id='word_1_252' title='bbox 2999 771 3050 824; x_wconf 92' lang='lat' dir='ltr'><strong>in</strong></span> <span class='ocrx_word' id='word_1_253' title='bbox 3070 771 3428 827; x_wconf 85' lang='lat' dir='ltr'><strong>cancellarios</strong></span> <span class='ocrx_word' id='word_1_254' title='bbox 3448 785 3668 826; x_wconf 69' lang='lat' dir='ltr'><strong>nosnos</strong></span> 
     </span>
    </p>
   </div>
   <div class='ocr_carea' id='block_1_37' title="bbox 2092 856 3669 933">
    <p class='ocr_par' dir='ltr' id='par_1_37' title="bbox 2092 856 3669 933">
     <span class='ocr_line' id='line_1_37' title="bbox 2092 856 3669 933; baseline 0.004 -23"><span class='ocrx_word' id='word_1_255' title='bbox 2092 856 2390 923; x_wconf 83' lang='lat' dir='ltr'><strong>descriptio</strong></span> <span class='ocrx_word' id='word_1_256' title='bbox 2418 856 2509 910; x_wconf 91' lang='lat' dir='ltr'><strong>illa</strong></span> <span class='ocrx_word' id='word_1_257' title='bbox 2542 866 2838 927; x_wconf 80' lang='lat' dir='ltr'><strong>competat.</strong></span> <span class='ocrx_word' id='word_1_258' title='bbox 2860 859 2950 912; x_wconf 83' lang='lat' dir='ltr'><strong>Ait</strong></span> <span class='ocrx_word' id='word_1_259' title='bbox 2985 861 3132 914; x_wconf 89' lang='lat' dir='ltr'><strong>enim</strong></span> <span class='ocrx_word' id='word_1_260' title='bbox 3168 863 3351 930; x_wconf 77' lang='lat' dir='ltr'><strong>magni</strong></span> <span class='ocrx_word' id='word_1_261' title='bbox 3379 862 3669 933; x_wconf 73' lang='lat' dir='ltr'><strong>logotheta:</strong></span> 
     </span>
    </p>
   </div>
   <div class='ocr_carea' id='block_1_38' title="bbox 2089 947 3662 1024">
    <p class='ocr_par' dir='ltr' id='par_1_38' title="bbox 2089 947 3662 1024">
     <span class='ocr_line' id='line_1_38' title="bbox 2089 947 3662 1024; baseline 0.004 -25"><span class='ocrx_word' id='word_1_262' title='bbox 2089 960 2212 1000; x_wconf 88' lang='lat' dir='ltr'><strong>esse</strong></span> <span class='ocrx_word' id='word_1_263' title='bbox 2238 961 2428 1000; x_wconf 85' lang='lat' dir='ltr'><strong>curare</strong></span> <span class='ocrx_word' id='word_1_264' title='bbox 2456 947 2792 1015; x_wconf 84' lang='lat' dir='ltr'><strong>imperatoris</strong></span> <span class='ocrx_word' id='word_1_265' title='bbox 2818 950 3075 1003; x_wconf 88' lang='lat' dir='ltr'><strong>mandata</strong></span> <span class='ocrx_word' id='word_1_266' title='bbox 3095 959 3143 1004; x_wconf 88' lang='lat' dir='ltr'><strong>et</strong></span> <span class='ocrx_word' id='word_1_267' title='bbox 3173 951 3378 1006; x_wconf 78' lang='lat' dir='ltr'><strong>litteras</strong></span> <span class='ocrx_word' id='word_1_268' title='bbox 3401 953 3470 1006; x_wconf 81' lang='lat' dir='ltr'><strong>ad</strong></span> <span class='ocrx_word' id='word_1_269' title='bbox 3492 970 3662 1024; x_wconf 71' lang='lat' dir='ltr'><strong>reges.</strong></span> 
     </span>
    </p>
   </div>
   <div class='ocr_carea' id='block_1_39' title="bbox 2088 1037 3512 1109">
    <p class='ocr_par' dir='ltr' id='par_1_39' title="bbox 2088 1037 3512 1109">
     <span class='ocr_line' id='line_1_39' title="bbox 2088 1037 3512 1109; baseline 0.01 -20"><span class='ocrx_word' id='word_1_270' title='bbox 2088 1037 2330 1090; x_wconf 84' lang='lat' dir='ltr'><strong>sultanos</strong></span> <span class='ocrx_word' id='word_1_271' title='bbox 2359 1047 2406 1092; x_wconf 84' lang='lat' dir='ltr'><strong>et</strong></span> <span class='ocrx_word' id='word_1_272' title='bbox 2432 1039 2732 1109; x_wconf 80' lang='lat' dir='ltr'><strong>toparcltas.</strong></span> <span class='ocrx_word' id='word_1_273' title='bbox 3497 1051 3512 1064; x_wconf 90' lang='lat'><strong><em>&#39;</em></strong></span> 
     </span>
    </p>
   </div>
   <div class='ocr_carea' id='block_1_40' title="bbox 2164 1126 3661 1206">
    <p class='ocr_par' dir='ltr' id='par_1_40' title="bbox 2164 1126 3661 1206">
     <span class='ocr_line' id='line_1_40' title="bbox 2164 1126 3661 1206; baseline 0.007 -26"><span class='ocrx_word' id='word_1_274' title='bbox 2164 1126 2306 1182; x_wconf 84' lang='lat' dir='ltr'><strong>Ibid.</strong></span> <span class='ocrx_word' id='word_1_275' title='bbox 2339 1130 2470 1185; x_wconf 79' lang='lat' dir='ltr'><strong>Post</strong></span> <span class='ocrx_word' id='word_1_276' title='bbox 2495 1131 2834 1202; x_wconf 77' lang='lat' dir='ltr'><strong>logotltetam</strong></span> <span class='ocrx_word' id='word_1_277' title='bbox 2885 1134 3038 1188; x_wconf 76' lang='lat' dir='ltr'><strong>adest</strong></span> <span class='ocrx_word' id='word_1_278' title='bbox 3091 1137 3448 1202; x_wconf 80' lang='lat' dir='ltr'><strong>canstrisius;</strong></span> <span class='ocrx_word' id='word_1_279' title='bbox 3503 1139 3661 1206; x_wconf 72' lang='lat' dir='ltr'><strong>quem</strong></span> 
     </span>
    </p>
   </div>
   <div class='ocr_carea' id='block_1_41' title="bbox 2089 1218 3662 1284">
    <p class='ocr_par' dir='ltr' id='par_1_41' title="bbox 2089 1218 3662 1284">
     <span class='ocr_line' id='line_1_41' title="bbox 2089 1218 3662 1284; baseline 0.008 -12"><span class='ocrx_word' id='word_1_280' title='bbox 2089 1218 2407 1278; x_wconf 84' lang='lat' dir='ltr'><strong>Bonelidius</strong></span> <span class='ocrx_word' id='word_1_281' title='bbox 2461 1223 2513 1276; x_wconf 89' lang='lat' dir='ltr'><strong>in</strong></span> <span class='ocrx_word' id='word_1_282' title='bbox 2559 1222 2691 1278; x_wconf 89' lang='lat' dir='ltr'><strong>Jure</strong></span> <span class='ocrx_word' id='word_1_283' title='bbox 2745 1241 2848 1280; x_wconf 87' lang='lat' dir='ltr'><strong>suo</strong></span> <span class='ocrx_word' id='word_1_284' title='bbox 2908 1225 3173 1282; x_wconf 87' lang='lat' dir='ltr'><strong>Oricutali</strong></span> <span class='ocrx_word' id='word_1_285' title='bbox 3225 1240 3383 1284; x_wconf 86' lang='lat' dir='ltr'><strong>vocat</strong></span> <span class='ocrx_word' id='word_1_286' title='bbox 3423 1241 3662 1284; x_wconf 78' lang='lat' dir='ltr'><strong>castren-</strong></span> 
     </span>
    </p>
   </div>
   <div class='ocr_carea' id='block_1_42' title="bbox 2086 1314 3660 1378">
    <p class='ocr_par' dir='ltr' id='par_1_42' title="bbox 2086 1314 3660 1378">
     <span class='ocr_line' id='line_1_42' title="bbox 2086 1314 3660 1378; baseline 0.005 -13"><span class='ocrx_word' id='word_1_287' title='bbox 2086 1328 2216 1378; x_wconf 81' lang='lat' dir='ltr'><strong>sem,</strong></span> <span class='ocrx_word' id='word_1_288' title='bbox 2278 1314 2460 1368; x_wconf 88' lang='lat' dir='ltr'><strong>male:</strong></span> <span class='ocrx_word' id='word_1_289' title='bbox 2521 1316 2596 1370; x_wconf 91' lang='lat' dir='ltr'><strong>nil</strong></span> <span class='ocrx_word' id='word_1_290' title='bbox 2649 1318 2793 1372; x_wconf 90' lang='lat' dir='ltr'><strong>enim</strong></span> <span class='ocrx_word' id='word_1_291' title='bbox 2845 1319 2949 1373; x_wconf 86' lang='lat' dir='ltr'><strong>loci</strong></span> <span class='ocrx_word' id='word_1_292' title='bbox 3007 1322 3266 1375; x_wconf 84' lang='lat' dir='ltr'><strong>castrensi</strong></span> <span class='ocrx_word' id='word_1_293' title='bbox 3318 1322 3370 1374; x_wconf 95' lang='lat' dir='ltr'><strong>in</strong></span> <span class='ocrx_word' id='word_1_294' title='bbox 3429 1324 3660 1376; x_wconf 84' lang='lat' dir='ltr'><strong>ecclesia</strong></span> 
     </span>
    </p>
   </div>
   <div class='ocr_carea' id='block_1_43' title="bbox 2085 1405 3662 1483">
    <p class='ocr_par' dir='ltr' id='par_1_43' title="bbox 2085 1405 3662 1483">
     <span class='ocr_line' id='line_1_43' title="bbox 2085 1405 3662 1483; baseline 0.007 -25"><span class='ocrx_word' id='word_1_295' title='bbox 2085 1413 2138 1458; x_wconf 90' lang='lat' dir='ltr'><strong>et</strong></span> <span class='ocrx_word' id='word_1_296' title='bbox 2189 1405 2583 1462; x_wconf 83' lang='lat' dir='ltr'><strong>ecclesiasticis</strong></span> <span class='ocrx_word' id='word_1_297' title='bbox 2638 1409 2851 1472; x_wconf 78' lang='lat' dir='ltr'><strong>oiliciis.</strong></span> <span class='ocrx_word' id='word_1_298' title='bbox 2899 1411 3112 1467; x_wconf 87' lang='lat' dir='ltr'><strong>Dicitur</strong></span> <span class='ocrx_word' id='word_1_299' title='bbox 3163 1429 3293 1483; x_wconf 80' lang='lat' dir='ltr'><strong>ergo</strong></span> <span class='ocrx_word' id='word_1_300' title='bbox 3343 1416 3662 1470; x_wconf 81' lang='lat' dir='ltr'><strong>canstrisius</strong></span> 
     </span>
    </p>
   </div>
   <div class='ocr_carea' id='block_1_44' title="bbox 2085 1496 3662 1569">
    <p class='ocr_par' dir='ltr' id='par_1_44' title="bbox 2085 1496 3662 1569">
     <span class='ocr_line' id='line_1_44' title="bbox 2085 1496 3662 1569; baseline 0.007 -21"><span class='ocrx_word' id='word_1_301' title='bbox 2085 1496 2242 1564; x_wconf 91' lang='lat' dir='ltr'><strong>quasi</strong></span> <span class='ocrx_word' id='word_1_302' title='bbox 2281 1499 2564 1552; x_wconf 83' lang='lat' dir='ltr'><strong>canistrius</strong></span> <span class='ocrx_word' id='word_1_303' title='bbox 2591 1514 2622 1555; x_wconf 86' lang='lat' dir='ltr'><strong>a</strong></span> <span class='ocrx_word' id='word_1_304' title='bbox 2669 1505 2923 1556; x_wconf 86' lang='lat' dir='ltr'><strong>canistro.</strong></span> <span class='ocrx_word' id='word_1_305' title='bbox 2947 1501 3044 1558; x_wconf 84' lang='lat' dir='ltr'><strong>Jus</strong></span> <span class='ocrx_word' id='word_1_306' title='bbox 3084 1505 3130 1560; x_wconf 87' lang='lat' dir='ltr'><strong>ei</strong></span> <span class='ocrx_word' id='word_1_307' title='bbox 3175 1515 3292 1560; x_wconf 88' lang='lat' dir='ltr'><strong>erat</strong></span> <span class='ocrx_word' id='word_1_308' title='bbox 3321 1507 3401 1569; x_wconf 72' lang='grc' dir='ltr'>εἰς</span> <span class='ocrx_word' id='word_1_309' title='bbox 3432 1507 3490 1561; x_wconf 83' lang='grc' dir='ltr'><strong>τδ</strong></span> <span class='ocrx_word' id='word_1_310' title='bbox 3531 1509 3662 1560; x_wconf 61' lang='grc' dir='ltr'><strong>κάν-</strong></span> 
     </span>
    </p>
   </div>
   <div class='ocr_carea' id='block_1_45' title="bbox 2087 1589 3659 1661">
    <p class='ocr_par' dir='ltr' id='par_1_45' title="bbox 2087 1589 3659 1661">
     <span class='ocr_line' id='line_1_45' title="bbox 2087 1589 3659 1661; baseline 0.006 -23"><span class='ocrx_word' id='word_1_311' title='bbox 2087 1602 2292 1654; x_wconf 84' lang='grc' dir='ltr'>στριον,</span> <span class='ocrx_word' id='word_1_312' title='bbox 2322 1589 2499 1657; x_wconf 82' lang='lat' dir='ltr'><strong>inquit</strong></span> <span class='ocrx_word' id='word_1_313' title='bbox 2521 1589 2783 1656; x_wconf 88' lang='lat' dir='ltr'><strong>Codinus,</strong></span> <span class='ocrx_word' id='word_1_314' title='bbox 2816 1594 2870 1646; x_wconf 87' lang='lat' dir='ltr'><strong>in</strong></span> <span class='ocrx_word' id='word_1_315' title='bbox 2897 1595 3214 1660; x_wconf 82' lang='lat' dir='ltr'><strong>canistrum,</strong></span> <span class='ocrx_word' id='word_1_316' title='bbox 3246 1598 3442 1661; x_wconf 75' lang='grc' dir='ltr'>καὶεξς</span> <span class='ocrx_word' id='word_1_317' title='bbox 3475 1598 3534 1652; x_wconf 75' lang='grc' dir='ltr'><strong>τὸ</strong></span> <span class='ocrx_word' id='word_1_318' title='bbox 3565 1600 3659 1650; x_wconf 66' lang='grc' dir='ltr'><strong>ἁ)-</strong></span> 
     </span>
    </p>
   </div>
   <div class='ocr_carea' id='block_1_46' title="bbox 2082 1678 3661 1760">
    <p class='ocr_par' dir='ltr' id='par_1_46' title="bbox 2082 1678 3661 1760">
     <span class='ocr_line' id='line_1_46' title="bbox 2082 1678 3661 1760; baseline 0.008 -31"><span class='ocrx_word' id='word_1_319' title='bbox 2082 1678 2303 1731; x_wconf 78' lang='grc' dir='ltr'>λάσσειν</span> <span class='ocrx_word' id='word_1_320' title='bbox 2326 1681 2418 1732; x_wconf 86' lang='grc' dir='ltr'><strong>τδν</strong></span> <span class='ocrx_word' id='word_1_321' title='bbox 2451 1683 2739 1753; x_wconf 77' lang='grc' dir='ltr'>ἀρχιερέα.</span> <span class='ocrx_word' id='word_1_322' title='bbox 2769 1685 2897 1754; x_wconf 83' lang='lat' dir='ltr'><strong>Ejus</strong></span> <span class='ocrx_word' id='word_1_323' title='bbox 2957 1687 3120 1740; x_wconf 89' lang='lat' dir='ltr'><strong>etiam</strong></span> <span class='ocrx_word' id='word_1_324' title='bbox 3146 1704 3348 1742; x_wconf 87' lang='lat' dir='ltr'><strong>munus</strong></span> <span class='ocrx_word' id='word_1_325' title='bbox 3396 1699 3512 1743; x_wconf 87' lang='lat' dir='ltr'><strong>erat</strong></span> <span class='ocrx_word' id='word_1_326' title='bbox 3567 1707 3661 1760; x_wconf 86' lang='lat' dir='ltr'><strong>pa-</strong></span> 
     </span>
    </p>
   </div>
   <div class='ocr_carea' id='block_1_47' title="bbox 2085 1769 3660 1846">
    <p class='ocr_par' dir='ltr' id='par_1_47' title="bbox 2085 1769 3660 1846">
     <span class='ocr_line' id='line_1_47' title="bbox 2085 1769 3660 1846; baseline 0.01 -26"><span class='ocrx_word' id='word_1_327' title='bbox 2085 1769 2382 1824; x_wconf 85' lang='lat' dir='ltr'><strong>triarcltam</strong></span> <span class='ocrx_word' id='word_1_328' title='bbox 2449 1788 2543 1828; x_wconf 89' lang='lat' dir='ltr'><strong>seu</strong></span> <span class='ocrx_word' id='word_1_329' title='bbox 2606 1776 2952 1845; x_wconf 84' lang='lat' dir='ltr'><strong>episcopum,</strong></span> <span class='ocrx_word' id='word_1_330' title='bbox 3005 1779 3224 1846; x_wconf 88' lang='lat' dir='ltr'><strong>quando</strong></span> <span class='ocrx_word' id='word_1_331' title='bbox 3275 1790 3452 1834; x_wconf 87' lang='lat' dir='ltr'><strong>vestes</strong></span> <span class='ocrx_word' id='word_1_332' title='bbox 3497 1782 3552 1835; x_wconf 92' lang='lat' dir='ltr'><strong>in</strong></span> <span class='ocrx_word' id='word_1_333' title='bbox 3603 1799 3660 1835; x_wconf 89' lang='lat' dir='ltr'><strong>re</strong></span> 
     </span>
    </p>
   </div>
   <div class='ocr_carea' id='block_1_48' title="bbox 2084 1862 3662 1944">
    <p class='ocr_par' dir='ltr' id='par_1_48' title="bbox 2084 1862 3662 1944">
     <span class='ocr_line' id='line_1_48' title="bbox 2084 1862 3662 1944; baseline 0.01 -31"><span class='ocrx_word' id='word_1_334' title='bbox 2084 1862 2265 1914; x_wconf 77' lang='lat' dir='ltr'><strong>divina</strong></span> <span class='ocrx_word' id='word_1_335' title='bbox 2300 1866 2604 1933; x_wconf 75' lang='lat' dir='ltr'><strong>peragenda</strong></span> <span class='ocrx_word' id='word_1_336' title='bbox 2644 1867 2804 1939; x_wconf 78' lang='lat'><strong>136</strong></span> <span class='ocrx_word' id='word_1_337' title='bbox 2827 1872 3098 1925; x_wconf 69' lang='lat' dir='ltr'><strong>mutanda:</strong></span> <span class='ocrx_word' id='word_1_338' title='bbox 3118 1883 3296 1936; x_wconf 86' lang='lat' dir='ltr'><strong>erant,</strong></span> <span class='ocrx_word' id='word_1_339' title='bbox 3329 1873 3585 1944; x_wconf 76' lang='lat' dir='ltr'><strong>adjuvare</strong></span> <span class='ocrx_word' id='word_1_340' title='bbox 3608 1884 3662 1928; x_wconf 88' lang='lat' dir='ltr'><strong>ct</strong></span> 
     </span>
    </p>
   </div>
   <div class='ocr_carea' id='block_1_49' title="bbox 2082 1953 3656 2022">
    <p class='ocr_par' dir='ltr' id='par_1_49' title="bbox 2082 1953 3656 2022">
     <span class='ocr_line' id='line_1_49' title="bbox 2082 1953 3656 2022; baseline 0.011 -16"><span class='ocrx_word' id='word_1_341' title='bbox 2082 1953 2308 2008; x_wconf 86' lang='lat' dir='ltr'><strong>induere</strong></span> <span class='ocrx_word' id='word_1_342' title='bbox 2331 1971 2439 2010; x_wconf 92' lang='lat' dir='ltr'><strong>una</strong></span> <span class='ocrx_word' id='word_1_343' title='bbox 2478 1973 2601 2010; x_wconf 88' lang='lat' dir='ltr'><strong>cum</strong></span> <span class='ocrx_word' id='word_1_344' title='bbox 2623 1959 3110 2018; x_wconf 81' lang='lat' dir='ltr'><strong>ltieromnemone:</strong></span> <span class='ocrx_word' id='word_1_345' title='bbox 3139 1965 3220 2019; x_wconf 90' lang='lat' dir='ltr'><strong>sic</strong></span> <span class='ocrx_word' id='word_1_346' title='bbox 3244 1965 3390 2018; x_wconf 89' lang='lat' dir='ltr'><strong>enim</strong></span> <span class='ocrx_word' id='word_1_347' title='bbox 3415 1965 3656 2022; x_wconf 84' lang='lat' dir='ltr'><strong>Joannes</strong></span> 
     </span>
    </p>
   </div>
   <div class='ocr_carea' id='block_1_50' title="bbox 2081 2043 3660 2126">
    <p class='ocr_par' dir='ltr' id='par_1_50' title="bbox 2081 2043 3660 2126">
     <span class='ocr_line' id='line_1_50' title="bbox 2081 2043 3660 2126; baseline 0.008 -26"><span class='ocrx_word' id='word_1_348' title='bbox 2081 2043 2327 2101; x_wconf 89' lang='lat' dir='ltr'><strong>Citrius:</strong></span> <span class='ocrx_word' id='word_1_349' title='bbox 2379 2047 2828 2104; x_wconf 83' lang='lat' dir='ltr'><strong>Hieromnemonis</strong></span> <span class='ocrx_word' id='word_1_350' title='bbox 2865 2055 3104 2122; x_wconf 69' lang='lat' dir='ltr'><strong>officium</strong></span> <span class='ocrx_word' id='word_1_351' title='bbox 3140 2056 3372 2126; x_wconf 82' lang='grc' dir='ltr'>διακόνῳ</span> <span class='ocrx_word' id='word_1_352' title='bbox 3409 2057 3465 2123; x_wconf 78' lang='grc' dir='ltr'><strong>ἐξ</strong></span> <span class='ocrx_word' id='word_1_353' title='bbox 3490 2059 3660 2126; x_wconf 75' lang='grc' dir='ltr'><strong>ἀνάγο</strong></span> 
     </span>
    </p>
   </div>
   <div class='ocr_carea' id='block_1_51' title="bbox 2080 2140 3659 2217">
    <p class='ocr_par' dir='ltr' id='par_1_51' title="bbox 2080 2140 3659 2217">
     <span class='ocr_line' id='line_1_51' title="bbox 2080 2140 3659 2217; baseline 0.006 -28"><span class='ocrx_word' id='word_1_354' title='bbox 2080 2155 2186 2206; x_wconf 76' lang='grc' dir='ltr'><strong>κης</strong></span> <span class='ocrx_word' id='word_1_355' title='bbox 2239 2141 2532 2210; x_wconf 82' lang='grc' dir='ltr'>προσήκει,</span> <span class='ocrx_word' id='word_1_356' title='bbox 2579 2142 2771 2213; x_wconf 76' lang='grc' dir='ltr'>ἐπειδὴ</span> <span class='ocrx_word' id='word_1_357' title='bbox 2823 2145 3196 2213; x_wconf 78' lang='grc' dir='ltr'>συνυπουργός</span> <span class='ocrx_word' id='word_1_358' title='bbox 3227 2140 3382 2212; x_wconf 72' lang='grc' dir='ltr'><strong>οὗτός</strong></span> <span class='ocrx_word' id='word_1_359' title='bbox 3411 2149 3528 2201; x_wconf 74' lang='grc' dir='ltr'><strong>ἔστι</strong></span> <span class='ocrx_word' id='word_1_360' title='bbox 3582 2150 3659 2217; x_wconf 80' lang='grc' dir='ltr'>τῷ</span> 
     </span>
    </p>
   </div>
   <div class='ocr_carea' id='block_1_52' title="bbox 2081 2230 3660 2310">
    <p class='ocr_par' dir='ltr' id='par_1_52' title="bbox 2081 2230 3660 2310">
     <span class='ocr_line' id='line_1_52' title="bbox 2081 2230 3660 2310; baseline 0.006 -28"><span class='ocrx_word' id='word_1_361' title='bbox 2081 2230 2416 2300; x_wconf 77' lang='grc' dir='ltr'>κανστρισίῳ</span> <span class='ocrx_word' id='word_1_362' title='bbox 2447 2233 2526 2294; x_wconf 76' lang='lat' dir='ltr'><strong>ei;</strong></span> <span class='ocrx_word' id='word_1_363' title='bbox 2553 2234 2612 2284; x_wconf 83' lang='grc' dir='ltr'><strong>τὸ</strong></span> <span class='ocrx_word' id='word_1_364' title='bbox 2639 2234 2979 2302; x_wconf 79' lang='grc' dir='ltr'>περιτιθέναι</span> <span class='ocrx_word' id='word_1_365' title='bbox 3029 2237 3128 2306; x_wconf 82' lang='grc' dir='ltr'><strong>τὴν</strong></span> <span class='ocrx_word' id='word_1_366' title='bbox 3173 2240 3324 2308; x_wconf 75' lang='grc' dir='ltr'>ἱερὰν</span> <span class='ocrx_word' id='word_1_367' title='bbox 3365 2239 3556 2310; x_wconf 83' lang='grc' dir='ltr'>στολὴν</span> <span class='ocrx_word' id='word_1_368' title='bbox 3583 2241 3660 2310; x_wconf 81' lang='grc' dir='ltr'><strong>τῷ</strong></span> 
     </span>
    </p>
   </div>
   <div class='ocr_carea' id='block_1_53' title="bbox 2080 2322 3656 2398">
    <p class='ocr_par' dir='ltr' id='par_1_53' title="bbox 2080 2322 3656 2398">
     <span class='ocr_line' id='line_1_53' title="bbox 2080 2322 3656 2398; baseline 0.006 -23"><span class='ocrx_word' id='word_1_369' title='bbox 2080 2322 2334 2391; x_wconf 81' lang='grc' dir='ltr'>ἀρχιερεῖ</span> <span class='ocrx_word' id='word_1_370' title='bbox 2371 2323 2625 2392; x_wconf 79' lang='grc' dir='ltr'>μέλλοντι</span> <span class='ocrx_word' id='word_1_371' title='bbox 2683 2325 3091 2396; x_wconf 77' lang='grc' dir='ltr'>ἱεροπρακτείν.</span> <span class='ocrx_word' id='word_1_372' title='bbox 3139 2329 3331 2398; x_wconf 88' lang='lat' dir='ltr'><strong>Itaque</strong></span> <span class='ocrx_word' id='word_1_373' title='bbox 3379 2333 3656 2384; x_wconf 62' lang='lat' dir='ltr'><strong>canstrioa</strong></span> 
     </span>
    </p>
   </div>
   <div class='ocr_carea' id='block_1_54' title="bbox 2081 2413 3654 2489">
    <p class='ocr_par' dir='ltr' id='par_1_54' title="bbox 2081 2413 3654 2489">
     <span class='ocr_line' id='line_1_54' title="bbox 2081 2413 3654 2489; baseline 0.007 -24"><span class='ocrx_word' id='word_1_374' title='bbox 2081 2413 2216 2465; x_wconf 89' lang='lat' dir='ltr'><strong>nihil</strong></span> <span class='ocrx_word' id='word_1_375' title='bbox 2247 2413 2392 2465; x_wconf 84' lang='lat' dir='ltr'><strong>aliud</strong></span> <span class='ocrx_word' id='word_1_376' title='bbox 2439 2415 2762 2469; x_wconf 87' lang='lat' dir='ltr'><strong>videturhic</strong></span> <span class='ocrx_word' id='word_1_377' title='bbox 2819 2434 3135 2489; x_wconf 88' lang='lat' dir='ltr'><strong>essequam</strong></span> <span class='ocrx_word' id='word_1_378' title='bbox 3190 2423 3509 2476; x_wconf 74' lang='lat' dir='ltr'><strong>vestiarium</strong></span> <span class='ocrx_word' id='word_1_379' title='bbox 3561 2440 3654 2477; x_wconf 80' lang='lat' dir='ltr'><strong>seu</strong></span> 
     </span>
    </p>
   </div>
   <div class='ocr_carea' id='block_1_55' title="bbox 2078 2504 3654 2582">
    <p class='ocr_par' dir='ltr' id='par_1_55' title="bbox 2078 2504 3654 2582">
     <span class='ocr_line' id='line_1_55' title="bbox 2078 2504 3654 2582; baseline 0.009 -27"><span class='ocrx_word' id='word_1_380' title='bbox 2078 2504 2232 2559; x_wconf 90' lang='lat' dir='ltr'><strong>locus</strong></span> <span class='ocrx_word' id='word_1_381' title='bbox 2263 2506 2494 2560; x_wconf 85' lang='lat' dir='ltr'><strong>vestium</strong></span> <span class='ocrx_word' id='word_1_382' title='bbox 2541 2523 2846 2573; x_wconf 86' lang='lat' dir='ltr'><strong>sacrarum,</strong></span> <span class='ocrx_word' id='word_1_383' title='bbox 2903 2521 2958 2566; x_wconf 90' lang='lat' dir='ltr'><strong>et</strong></span> <span class='ocrx_word' id='word_1_384' title='bbox 2985 2513 3100 2582; x_wconf 91' lang='lat' dir='ltr'><strong>ipse</strong></span> <span class='ocrx_word' id='word_1_385' title='bbox 3146 2517 3456 2570; x_wconf 78' lang='lat' dir='ltr'><strong>caastrisius</strong></span> <span class='ocrx_word' id='word_1_386' title='bbox 3520 2515 3654 2569; x_wconf 81' lang='lat' dir='ltr'><strong>nihil</strong></span> 
     </span>
    </p>
   </div>
   <div class='ocr_carea' id='block_1_56' title="bbox 2077 2595 3656 2678">
    <p class='ocr_par' dir='ltr' id='par_1_56' title="bbox 2077 2595 3656 2678">
     <span class='ocr_line' id='line_1_56' title="bbox 2077 2595 3656 2678; baseline 0.008 -30"><span class='ocrx_word' id='word_1_387' title='bbox 2077 2595 2226 2648; x_wconf 88' lang='lat' dir='ltr'><strong>aliud</strong></span> <span class='ocrx_word' id='word_1_388' title='bbox 2253 2609 2415 2664; x_wconf 91' lang='lat' dir='ltr'><strong>quam</strong></span> <span class='ocrx_word' id='word_1_389' title='bbox 2453 2597 2497 2650; x_wconf 89' lang='lat' dir='ltr'><strong>is</strong></span> <span class='ocrx_word' id='word_1_390' title='bbox 2535 2599 2625 2667; x_wconf 87' lang='lat' dir='ltr'><strong>qui</strong></span> <span class='ocrx_word' id='word_1_391' title='bbox 2657 2601 2799 2654; x_wconf 90' lang='lat' dir='ltr'><strong>inter</strong></span> <span class='ocrx_word' id='word_1_392' title='bbox 2836 2602 3106 2671; x_wconf 89' lang='lat' dir='ltr'><strong>palatinas</strong></span> <span class='ocrx_word' id='word_1_393' title='bbox 3153 2604 3446 2678; x_wconf 72' lang='lat' dir='ltr'><strong>dignitates</strong></span> <span class='ocrx_word' id='word_1_394' title='bbox 3471 2607 3656 2676; x_wconf 81' lang='lat' dir='ltr'><strong>appel-</strong></span> 
     </span>
    </p>
   </div>
   <div class='ocr_carea' id='block_1_57' title="bbox 2076 2687 3654 2766">
    <p class='ocr_par' dir='ltr' id='par_1_57' title="bbox 2076 2687 3654 2766">
     <span class='ocr_line' id='line_1_57' title="bbox 2076 2687 3654 2766; baseline 0.007 -26"><span class='ocrx_word' id='word_1_395' title='bbox 2076 2687 2220 2740; x_wconf 89' lang='lat' dir='ltr'><strong>latur</strong></span> <span class='ocrx_word' id='word_1_396' title='bbox 2245 2688 2549 2766; x_wconf 75' lang='lat' dir='ltr'><strong>vestiarius.</strong></span> <span class='ocrx_word' id='word_1_397' title='bbox 2589 2688 2710 2743; x_wconf 83' lang='lat' dir='ltr'><strong>Fuit</strong></span> <span class='ocrx_word' id='word_1_398' title='bbox 2745 2701 2797 2745; x_wconf 89' lang='lat' dir='ltr'><strong>et</strong></span> <span class='ocrx_word' id='word_1_399' title='bbox 2834 2691 2886 2746; x_wconf 91' lang='lat' dir='ltr'><strong>in</strong></span> <span class='ocrx_word' id='word_1_400' title='bbox 2922 2691 3168 2749; x_wconf 81' lang='lat' dir='ltr'><strong>Romana</strong></span> <span class='ocrx_word' id='word_1_401' title='bbox 3197 2695 3439 2751; x_wconf 81' lang='lat' dir='ltr'><strong>Ecclesia</strong></span> <span class='ocrx_word' id='word_1_402' title='bbox 3489 2713 3654 2766; x_wconf 81' lang='lat' dir='ltr'><strong>pern-</strong></span> 
     </span>
    </p>
   </div>
   <div class='ocr_carea' id='block_1_58' title="bbox 2079 2760 3656 2852">
    <p class='ocr_par' dir='ltr' id='par_1_58' title="bbox 2079 2760 3656 2852">
     <span class='ocr_line' id='line_1_58' title="bbox 2079 2760 3656 2852; baseline 0.008 -22"><span class='ocrx_word' id='word_1_403' title='bbox 2079 2776 2232 2832; x_wconf 90' lang='lat' dir='ltr'><strong>liaris</strong></span> <span class='ocrx_word' id='word_1_404' title='bbox 2264 2760 2496 2832; x_wconf 64' lang='lat' dir='ltr'><strong>vesiiarii</strong></span> <span class='ocrx_word' id='word_1_405' title='bbox 2559 2781 2796 2852; x_wconf 78' lang='lat' dir='ltr'><strong>dignitas</strong></span> <span class='ocrx_word' id='word_1_406' title='bbox 2823 2793 2875 2837; x_wconf 91' lang='lat' dir='ltr'><strong>et</strong></span> <span class='ocrx_word' id='word_1_407' title='bbox 2898 2785 3160 2849; x_wconf 76' lang='lat' dir='ltr'><strong>cilicium,</strong></span> <span class='ocrx_word' id='word_1_408' title='bbox 3185 2797 3242 2841; x_wconf 91' lang='lat' dir='ltr'><strong>ut</strong></span> <span class='ocrx_word' id='word_1_409' title='bbox 3269 2804 3332 2842; x_wconf 86' lang='lat' dir='ltr'><strong>ex</strong></span> <span class='ocrx_word' id='word_1_410' title='bbox 3369 2793 3656 2844; x_wconf 79' lang='lat' dir='ltr'><strong>Anastasio</strong></span> 
     </span>
    </p>
   </div>
   <div class='ocr_carea' id='block_1_59' title="bbox 2078 2868 3694 2952">
    <p class='ocr_par' dir='ltr' id='par_1_59' title="bbox 2078 2868 3694 2952">
     <span class='ocr_line' id='line_1_59' title="bbox 2078 2868 3694 2952; baseline 0.01 -32"><span class='ocrx_word' id='word_1_411' title='bbox 2078 2868 2497 2926; x_wconf 84' lang='lat' dir='ltr'><strong>Bibliothecario</strong></span> <span class='ocrx_word' id='word_1_412' title='bbox 2519 2872 2675 2928; x_wconf 85' lang='lat' dir='ltr'><strong>docet</strong></span> <span class='ocrx_word' id='word_1_413' title='bbox 2701 2874 3039 2946; x_wconf 84' lang='lat' dir='ltr'><strong>Onuphrius.</strong></span> <span class='ocrx_word' id='word_1_414' title='bbox 3069 2877 3125 2932; x_wconf 90' lang='lat' dir='ltr'><strong>In</strong></span> <span class='ocrx_word' id='word_1_415' title='bbox 3153 2879 3530 2952; x_wconf 70' lang='lat' dir='ltr'><strong>Turcograecia</strong></span> <span class='ocrx_word' id='word_1_416' title='bbox 3558 2881 3651 2937; x_wconf 76' lang='lat' dir='ltr'><strong>fol.</strong></span> <span class='ocrx_word' id='word_1_417' title='bbox 3673 2893 3694 2907; x_wconf 85' lang='lat'><strong>“</strong></span> 
     </span>
    </p>
   </div>
   <div class='ocr_carea' id='block_1_60' title="bbox 2073 2961 3655 3049">
    <p class='ocr_par' dir='ltr' id='par_1_60' title="bbox 2073 2961 3655 3049">
     <span class='ocr_line' id='line_1_60' title="bbox 2073 2961 3655 3049; baseline 0.008 -36"><span class='ocrx_word' id='word_1_418' title='bbox 2073 2961 2180 3014; x_wconf 75' lang='lat'><strong>285</strong></span> <span class='ocrx_word' id='word_1_419' title='bbox 2212 2962 2415 3016; x_wconf 87' lang='lat' dir='ltr'><strong>dicitttr</strong></span> <span class='ocrx_word' id='word_1_420' title='bbox 2460 2967 2834 3038; x_wconf 76' lang='grc' dir='ltr'>κανστρισιος,</span> <span class='ocrx_word' id='word_1_421' title='bbox 2884 2971 2974 3036; x_wconf 84' lang='lat' dir='ltr'><strong>qui</strong></span> <span class='ocrx_word' id='word_1_422' title='bbox 3027 2972 3080 3049; x_wconf 69' lang='lat' dir='ltr'><strong>in</strong></span> <span class='ocrx_word' id='word_1_423' title='bbox 3133 2972 3354 3042; x_wconf 87' lang='lat' dir='ltr'><strong>liturgia</strong></span> <span class='ocrx_word' id='word_1_424' title='bbox 3403 2984 3546 3027; x_wconf 85' lang='lat' dir='ltr'><strong>tenet</strong></span> <span class='ocrx_word' id='word_1_425' title='bbox 3593 2976 3655 3028; x_wconf 82' lang='grc' dir='ltr'><strong>τὸ</strong></span> 
     </span>
    </p>
   </div>
   <div class='ocr_carea' id='block_1_61' title="bbox 2076 3054 3652 3134">
    <p class='ocr_par' dir='ltr' id='par_1_61' title="bbox 2076 3054 3652 3134">
     <span class='ocr_line' id='line_1_61' title="bbox 2076 3054 3652 3134; baseline 0.007 -27"><span class='ocrx_word' id='word_1_426' title='bbox 2076 3054 2370 3125; x_wconf 81' lang='grc' dir='ltr'>κάνστριον</span> <span class='ocrx_word' id='word_1_427' title='bbox 2399 3056 2506 3109; x_wconf 81' lang='grc' dir='ltr'>τῶν</span> <span class='ocrx_word' id='word_1_428' title='bbox 2537 3057 2925 3128; x_wconf 67' lang='grc' dir='ltr'><strong>θυμιαμάτων,</strong></span> <span class='ocrx_word' id='word_1_429' title='bbox 2960 3062 3102 3130; x_wconf 83' lang='lat' dir='ltr'><strong>quod</strong></span> <span class='ocrx_word' id='word_1_430' title='bbox 3132 3079 3224 3134; x_wconf 88' lang='lat' dir='ltr'><strong>ego</strong></span> <span class='ocrx_word' id='word_1_431' title='bbox 3253 3065 3543 3118; x_wconf 84' lang='lat' dir='ltr'><strong>turibulum</strong></span> <span class='ocrx_word' id='word_1_432' title='bbox 3569 3067 3652 3118; x_wconf 86' lang='lat' dir='ltr'><strong>in-</strong></span> 
     </span>
    </p>
   </div>
   <div class='ocr_carea' id='block_1_62' title="bbox 384 3149 3654 3227">
    <p class='ocr_par' dir='ltr' id='par_1_62' title="bbox 384 3149 3654 3227">
     <span class='ocr_line' id='line_1_62' title="bbox 384 3149 3654 3227; baseline 0.007 -39"><span class='ocrx_word' id='word_1_433' title='bbox 384 3154 508 3208; x_wconf 51' lang='grc' dir='ltr'><strong>δίκε</strong></span> <span class='ocrx_word' id='word_1_434' title='bbox 531 3153 838 3216; x_wconf 57' lang='lat' dir='ltr'><strong>ﬂammeus.</strong></span> <span class='ocrx_word' id='word_1_435' title='bbox 864 3157 1054 3210; x_wconf 57' lang='lat' dir='ltr'><strong>[cuius</strong></span> <span class='ocrx_word' id='word_1_436' title='bbox 1071 3157 1366 3221; x_wconf 46' lang='lat' dir='ltr'><strong>“Maccus,</strong></span> <span class='ocrx_word' id='word_1_437' title='bbox 1407 3168 1639 3227; x_wconf 50' lang='lat' dir='ltr'><strong>quartus</strong></span> <span class='ocrx_word' id='word_1_438' title='bbox 1674 3161 1961 3224; x_wconf 51' lang='lat' dir='ltr'><strong>cmi-ulcus,</strong></span> <span class='ocrx_word' id='word_1_439' title='bbox 1995 3151 2037 3208; x_wconf 86' lang='lat' dir='ltr'><strong><em>C</em></strong></span> <span class='ocrx_word' id='word_1_440' title='bbox 2075 3154 2352 3216; x_wconf 86' lang='lat' dir='ltr'><strong>terpretor,</strong></span> <span class='ocrx_word' id='word_1_441' title='bbox 2388 3149 2564 3217; x_wconf 86' lang='lat' dir='ltr'><strong>inquit</strong></span> <span class='ocrx_word' id='word_1_442' title='bbox 2594 3160 2806 3205; x_wconf 85' lang='lat' dir='ltr'><strong>auctor.</strong></span> <span class='ocrx_word' id='word_1_443' title='bbox 2849 3150 2916 3204; x_wconf 81' lang='lat' dir='ltr'><strong>At</strong></span> <span class='ocrx_word' id='word_1_444' title='bbox 2940 3153 3135 3208; x_wconf 85' lang='lat' dir='ltr'><strong>inscite</strong></span> <span class='ocrx_word' id='word_1_445' title='bbox 3168 3173 3180 3208; x_wconf 93' lang='lat'>:</span> <span class='ocrx_word' id='word_1_446' title='bbox 3213 3158 3339 3224; x_wconf 89' lang='lat' dir='ltr'><strong>quis</strong></span> <span class='ocrx_word' id='word_1_447' title='bbox 3374 3158 3516 3209; x_wconf 85' lang='lat' dir='ltr'><strong>enim</strong></span> <span class='ocrx_word' id='word_1_448' title='bbox 3554 3171 3654 3211; x_wconf 90' lang='lat' dir='ltr'><strong>nn-</strong></span> 
     </span>
    </p>
   </div>
   <div class='ocr_carea' id='block_1_63' title="bbox 383 3245 1964 3317">
    <p class='ocr_par' dir='ltr' id='par_1_63' title="bbox 383 3245 1964 3317">
     <span class='ocr_line' id='line_1_63' title="bbox 383 3245 1964 3317; baseline 0 -19"><span class='ocrx_word' id='word_1_449' title='bbox 383 3245 594 3299; x_wconf 83' lang='lat' dir='ltr'><strong>deinde</strong></span> <span class='ocrx_word' id='word_1_450' title='bbox 615 3246 914 3300; x_wconf 86' lang='lat' dir='ltr'><strong>subviridis</strong></span> <span class='ocrx_word' id='word_1_451' title='bbox 942 3247 1057 3303; x_wconf 86' lang='lat' dir='ltr'><strong>sive</strong></span> <span class='ocrx_word' id='word_1_452' title='bbox 1084 3247 1318 3312; x_wconf 78' lang='lat' dir='ltr'><strong>caesius;</strong></span> <span class='ocrx_word' id='word_1_453' title='bbox 1380 3248 1628 3317; x_wconf 85' lang='lat' dir='ltr'><strong>sequitur</strong></span> <span class='ocrx_word' id='word_1_454' title='bbox 1657 3247 1844 3302; x_wconf 86' lang='lat' dir='ltr'><strong>viridis</strong></span> <span class='ocrx_word' id='word_1_455' title='bbox 1863 3262 1964 3316; x_wconf 87' lang='lat' dir='ltr'><strong>pu-</strong></span> 
     </span>
    </p>
   </div>
   <div class='ocr_carea' id='block_1_64' title="bbox 386 3336 1968 3407">
    <p class='ocr_par' dir='ltr' id='par_1_64' title="bbox 386 3336 1968 3407">
     <span class='ocr_line' id='line_1_64' title="bbox 386 3336 1968 3407; baseline 0.001 -18"><span class='ocrx_word' id='word_1_456' title='bbox 386 3351 514 3398; x_wconf 85' lang='lat' dir='ltr'><strong>rus,</strong></span> <span class='ocrx_word' id='word_1_457' title='bbox 548 3337 640 3404; x_wconf 88' lang='lat' dir='ltr'><strong>qui</strong></span> <span class='ocrx_word' id='word_1_458' title='bbox 663 3339 944 3406; x_wconf 83' lang='lat' dir='ltr'><strong>prasinus.</strong></span> <span class='ocrx_word' id='word_1_459' title='bbox 981 3353 1143 3407; x_wconf 86' lang='lat' dir='ltr'><strong>quem</strong></span> <span class='ocrx_word' id='word_1_460' title='bbox 1208 3339 1410 3405; x_wconf 82' lang='lat' dir='ltr'><strong>exeipit</strong></span> <span class='ocrx_word' id='word_1_461' title='bbox 1449 3339 1684 3393; x_wconf 87' lang='lat' dir='ltr'><strong>citrinus</strong></span> <span class='ocrx_word' id='word_1_462' title='bbox 1717 3347 1867 3403; x_wconf 85' lang='lat' dir='ltr'><strong>etc.;</strong></span> <span class='ocrx_word' id='word_1_463' title='bbox 1901 3336 1968 3390; x_wconf 88' lang='lat' dir='ltr'><strong>de</strong></span> 
     </span>
    </p>
   </div>
   <div class='ocr_carea' id='block_1_65' title="bbox 383 3427 994 3502">
    <p class='ocr_par' dir='ltr' id='par_1_65' title="bbox 383 3427 994 3502">
     <span class='ocr_line' id='line_1_65' title="bbox 383 3427 994 3502; baseline 0.008 -24"><span class='ocrx_word' id='word_1_464' title='bbox 383 3427 596 3496; x_wconf 85' lang='lat' dir='ltr'><strong>quibus</strong></span> <span class='ocrx_word' id='word_1_465' title='bbox 627 3443 678 3482; x_wconf 92' lang='lat' dir='ltr'><strong>c.</strong></span> <span class='ocrx_word' id='word_1_466' title='bbox 712 3429 767 3484; x_wconf 79' lang='grc'><strong>3.</strong></span> <span class='ocrx_word' id='word_1_467' title='bbox 799 3428 946 3484; x_wconf 78' lang='lat' dir='ltr'><strong>Gout</strong></span> <span class='ocrx_word' id='word_1_468' title='bbox 974 3429 994 3502; x_wconf 95' lang='lat'><strong>]</strong></span> 
     </span>
    </p>
   </div>
   <div class='ocr_carea' id='block_1_66' title="bbox 458 3541 1966 3614">
    <p class='ocr_par' dir='ltr' id='par_1_66' title="bbox 458 3541 1966 3614">
     <span class='ocr_line' id='line_1_66' title="bbox 458 3541 1966 3614; baseline -0.001 -18"><span class='ocrx_word' id='word_1_469' title='bbox 458 3541 521 3596; x_wconf 89' lang='lat' dir='ltr'><strong>P.</strong></span> <span class='ocrx_word' id='word_1_470' title='bbox 543 3542 599 3598; x_wconf 70' lang='grc'><strong>4.</strong></span> <span class='ocrx_word' id='word_1_471' title='bbox 617 3543 780 3596; x_wconf 82' lang='lat' dir='ltr'><strong>Addit</strong></span> <span class='ocrx_word' id='word_1_472' title='bbox 800 3543 1040 3598; x_wconf 86' lang='lat' dir='ltr'><strong>Codinus</strong></span> <span class='ocrx_word' id='word_1_473' title='bbox 1079 3544 1324 3614; x_wconf 79' lang='lat' dir='ltr'><strong>ejusdem</strong></span> <span class='ocrx_word' id='word_1_474' title='bbox 1351 3543 1642 3614; x_wconf 72' lang='lat' dir='ltr'><strong>logothetae</strong></span> <span class='ocrx_word' id='word_1_475' title='bbox 1669 3541 1839 3597; x_wconf 83' lang='lat' dir='ltr'><strong>fuisse</strong></span> <span class='ocrx_word' id='word_1_476' title='bbox 1867 3541 1966 3602; x_wconf 81' lang='grc' dir='ltr'><strong>τὰς</strong></span> 
     </span>
    </p>
   </div>
   <div class='ocr_carea' id='block_1_67' title="bbox 385 3634 1960 3707">
    <p class='ocr_par' dir='ltr' id='par_1_67' title="bbox 385 3634 1960 3707">
     <span class='ocr_line' id='line_1_67' title="bbox 385 3634 1960 3707; baseline 0.001 -21"><span class='ocrx_word' id='word_1_477' title='bbox 385 3634 736 3703; x_wconf 68' lang='grc' dir='ltr'><strong>δημοπιακάς</strong></span> <span class='ocrx_word' id='word_1_478' title='bbox 769 3635 865 3688; x_wconf 75' lang='grc' dir='ltr'><strong>καὶ</strong></span> <span class='ocrx_word' id='word_1_479' title='bbox 904 3637 1235 3707; x_wconf 78' lang='grc' dir='ltr'><strong>ἁρχοντικὰς</strong></span> <span class='ocrx_word' id='word_1_480' title='bbox 1265 3636 1554 3698; x_wconf 80' lang='grc' dir='ltr'><strong>ὑποθέσεις</strong></span> <span class='ocrx_word' id='word_1_481' title='bbox 1577 3636 1960 3705; x_wconf 79' lang='grc' dir='ltr'><strong>λογογραφεῖν.</strong></span> 
     </span>
    </p>
   </div>
   <div class='ocr_carea' id='block_1_68' title="bbox 384 3724 1962 3796">
    <p class='ocr_par' dir='ltr' id='par_1_68' title="bbox 384 3724 1962 3796">
     <span class='ocr_line' id='line_1_68' title="bbox 384 3724 1962 3796; baseline 0.001 -19"><span class='ocrx_word' id='word_1_482' title='bbox 384 3724 589 3780; x_wconf 84' lang='lat' dir='ltr'><strong>Junius</strong></span> <span class='ocrx_word' id='word_1_483' title='bbox 613 3728 772 3780; x_wconf 83' lang='lat' dir='ltr'><strong>vertit</strong></span> <span class='ocrx_word' id='word_1_484' title='bbox 800 3749 813 3780; x_wconf 88' lang='lat'><strong>:</strong></span> <span class='ocrx_word' id='word_1_485' title='bbox 841 3726 1125 3796; x_wconf 84' lang='lat' dir='ltr'><strong>Logotheta</strong></span> <span class='ocrx_word' id='word_1_486' title='bbox 1157 3729 1464 3782; x_wconf 86' lang='lat' dir='ltr'><strong>rationibus-</strong></span> <span class='ocrx_word' id='word_1_487' title='bbox 1483 3735 1532 3780; x_wconf 88' lang='lat' dir='ltr'><strong>et</strong></span> <span class='ocrx_word' id='word_1_488' title='bbox 1569 3730 1775 3796; x_wconf 80' lang='lat' dir='ltr'><strong>quidem</strong></span> <span class='ocrx_word' id='word_1_489' title='bbox 1797 3727 1962 3779; x_wconf 88' lang='lat' dir='ltr'><strong>ratio-</strong></span> 
     </span>
    </p>
   </div>
   <div class='ocr_carea' id='block_1_69' title="bbox 387 3819 1954 3888">
    <p class='ocr_par' dir='ltr' id='par_1_69' title="bbox 387 3819 1954 3888">
     <span class='ocr_line' id='line_1_69' title="bbox 387 3819 1954 3888; baseline 0.001 -18"><span class='ocrx_word' id='word_1_490' title='bbox 387 3819 549 3870; x_wconf 78' lang='lat' dir='ltr'><strong>nibus</strong></span> <span class='ocrx_word' id='word_1_491' title='bbox 609 3819 677 3870; x_wconf 84' lang='lat' dir='ltr'><strong>ad</strong></span> <span class='ocrx_word' id='word_1_492' title='bbox 695 3819 944 3886; x_wconf 83' lang='lat' dir='ltr'><strong>populum</strong></span> <span class='ocrx_word' id='word_1_493' title='bbox 961 3821 1351 3888; x_wconf 80' lang='lat' dir='ltr'><strong>principemque</strong></span> <span class='ocrx_word' id='word_1_494' title='bbox 1422 3820 1762 3872; x_wconf 81' lang='lat' dir='ltr'><strong>sacerdotum</strong></span> <span class='ocrx_word' id='word_1_495' title='bbox 1788 3819 1954 3886; x_wconf 87' lang='lat' dir='ltr'><strong>perti-</strong></span> 
     </span>
    </p>
   </div>
   <div class='ocr_carea' id='block_1_70' title="bbox 387 3906 1963 3978">
    <p class='ocr_par' dir='ltr' id='par_1_70' title="bbox 387 3906 1963 3978">
     <span class='ocr_line' id='line_1_70' title="bbox 387 3906 1963 3978; baseline 0.001 -19"><span class='ocrx_word' id='word_1_496' title='bbox 387 3908 634 3960; x_wconf 73' lang='lat' dir='ltr'><strong>nentibus</strong></span> <span class='ocrx_word' id='word_1_497' title='bbox 671 3906 1071 3975; x_wconf 64' lang='lat' dir='ltr'><strong>preseribendis</strong></span> <span class='ocrx_word' id='word_1_498' title='bbox 1138 3921 1349 3978; x_wconf 64' lang='lat' dir='ltr'><strong>praeest.</strong></span> <span class='ocrx_word' id='word_1_499' title='bbox 1409 3907 1594 3961; x_wconf 82' lang='lat' dir='ltr'><strong>Male:</strong></span> <span class='ocrx_word' id='word_1_500' title='bbox 1646 3907 1963 3961; x_wconf 83' lang='lat' dir='ltr'><strong>vertendum</strong></span> 
     </span>
    </p>
   </div>
   <div class='ocr_carea' id='block_1_71' title="bbox 385 3995 1962 4067">
    <p class='ocr_par' dir='ltr' id='par_1_71' title="bbox 385 3995 1962 4067">
     <span class='ocr_line' id='line_1_71' title="bbox 385 3995 1962 4067; baseline 0 -17"><span class='ocrx_word' id='word_1_501' title='bbox 385 3997 537 4050; x_wconf 86' lang='lat' dir='ltr'><strong>enim</strong></span> <span class='ocrx_word' id='word_1_502' title='bbox 570 4015 584 4051; x_wconf 91' lang='lat'><strong>:</strong></span> <span class='ocrx_word' id='word_1_503' title='bbox 608 3995 892 4067; x_wconf 84' lang='lat' dir='ltr'><strong>Logotheta</strong></span> <span class='ocrx_word' id='word_1_504' title='bbox 920 4008 1108 4066; x_wconf 74' lang='lat' dir='ltr'><strong>prteest</strong></span> <span class='ocrx_word' id='word_1_505' title='bbox 1137 4000 1478 4054; x_wconf 81' lang='lat' dir='ltr'><strong>discutiendis</strong></span> <span class='ocrx_word' id='word_1_506' title='bbox 1500 4009 1549 4052; x_wconf 85' lang='lat' dir='ltr'><strong>et</strong></span> <span class='ocrx_word' id='word_1_507' title='bbox 1575 3999 1962 4052; x_wconf 82' lang='lat' dir='ltr'><strong>conscribendis</strong></span> 
     </span>
    </p>
   </div>
   <div class='ocr_carea' id='block_1_72' title="bbox 386 4088 1960 4160">
    <p class='ocr_par' dir='ltr' id='par_1_72' title="bbox 386 4088 1960 4160">
     <span class='ocr_line' id='line_1_72' title="bbox 386 4088 1960 4160; baseline 0.001 -20"><span class='ocrx_word' id='word_1_508' title='bbox 386 4088 710 4152; x_wconf 79' lang='lat' dir='ltr'><strong>rationibus,</strong></span> <span class='ocrx_word' id='word_1_509' title='bbox 755 4099 861 4144; x_wconf 85' lang='lat' dir='ltr'><strong>tant</strong></span> <span class='ocrx_word' id='word_1_510' title='bbox 889 4106 1022 4160; x_wconf 84' lang='lat' dir='ltr'><strong>quas</strong></span> <span class='ocrx_word' id='word_1_511' title='bbox 1079 4091 1300 4143; x_wconf 84' lang='lat' dir='ltr'><strong>reddunt</strong></span> <span class='ocrx_word' id='word_1_512' title='bbox 1357 4093 1447 4158; x_wconf 83' lang='lat' dir='ltr'><strong>qui</strong></span> <span class='ocrx_word' id='word_1_513' title='bbox 1489 4104 1554 4142; x_wconf 76' lang='lat' dir='ltr'><strong>ea:</strong></span> <span class='ocrx_word' id='word_1_514' title='bbox 1606 4090 1748 4156; x_wconf 81' lang='lat' dir='ltr'><strong>plebe</strong></span> <span class='ocrx_word' id='word_1_515' title='bbox 1801 4105 1960 4157; x_wconf 85' lang='lat' dir='ltr'><strong>quam</strong></span> 
     </span>
    </p>
   </div>
   <div class='ocr_carea' id='block_1_73' title="bbox 384 4181 1203 4249">
    <p class='ocr_par' dir='ltr' id='par_1_73' title="bbox 384 4181 1203 4249">
     <span class='ocr_line' id='line_1_73' title="bbox 384 4181 1203 4249; baseline 0.005 -18"><span class='ocrx_word' id='word_1_516' title='bbox 384 4181 479 4249; x_wconf 78' lang='lat' dir='ltr'><strong>qui</strong></span> <span class='ocrx_word' id='word_1_517' title='bbox 521 4197 585 4234; x_wconf 74' lang='lat' dir='ltr'><strong>ex</strong></span> <span class='ocrx_word' id='word_1_518' title='bbox 621 4181 808 4233; x_wconf 80' lang='lat' dir='ltr'><strong>ordine</strong></span> <span class='ocrx_word' id='word_1_519' title='bbox 824 4182 1203 4235; x_wconf 83' lang='lat' dir='ltr'><strong>ecclesiastico.</strong></span> 
     </span>
    </p>
   </div>
   <div class='ocr_carea' id='block_1_74' title="bbox 461 4291 2014 4370">
    <p class='ocr_par' dir='ltr' id='par_1_74' title="bbox 461 4291 2014 4370">
     <span class='ocr_line' id='line_1_74' title="bbox 461 4291 2014 4370; baseline 0 -18"><span class='ocrx_word' id='word_1_520' title='bbox 461 4299 651 4352; x_wconf 82' lang='lat' dir='ltr'><strong>Exstat</strong></span> <span class='ocrx_word' id='word_1_521' title='bbox 675 4298 817 4366; x_wconf 89' lang='lat' dir='ltr'><strong>apud</strong></span> <span class='ocrx_word' id='word_1_522' title='bbox 856 4301 1126 4353; x_wconf 80' lang='lat' dir='ltr'><strong>Joannem</strong></span> <span class='ocrx_word' id='word_1_523' title='bbox 1177 4299 1406 4354; x_wconf 89' lang='lat' dir='ltr'><strong>Citrium</strong></span> <span class='ocrx_word' id='word_1_524' title='bbox 1440 4302 1690 4370; x_wconf 75' lang='lat' dir='ltr'><strong>quaestio,</strong></span> <span class='ocrx_word' id='word_1_525' title='bbox 1738 4304 1796 4352; x_wconf 79' lang='grc' dir='ltr'><strong>ὲν</strong></span> <span class='ocrx_word' id='word_1_526' title='bbox 1849 4303 1960 4364; x_wconf 83' lang='grc' dir='ltr'><strong>τοῖς</strong></span> <span class='ocrx_word' id='word_1_527' title='bbox 2011 4291 2014 4294; x_wconf 64' lang='grc'><strong>’</strong></span> 
     </span>
    </p>
   </div>
   <div class='ocr_carea' id='block_1_75' title="bbox 388 4391 1957 4462">
    <p class='ocr_par' dir='ltr' id='par_1_75' title="bbox 388 4391 1957 4462">
     <span class='ocr_line' id='line_1_75' title="bbox 388 4391 1957 4462; baseline 0 -20"><span class='ocrx_word' id='word_1_528' title='bbox 388 4393 737 4462; x_wconf 77' lang='grc' dir='ltr'>ἁρχοντικοῖς</span> <span class='ocrx_word' id='word_1_529' title='bbox 773 4391 1246 4460; x_wconf 76' lang='grc' dir='ltr'><strong>ὲκκλησιαστικοῐς</strong></span> <span class='ocrx_word' id='word_1_530' title='bbox 1294 4391 1672 4461; x_wconf 76' lang='grc' dir='ltr'><strong>ἀξιώμασιτίς</strong></span> <span class='ocrx_word' id='word_1_531' title='bbox 1741 4393 1957 4460; x_wconf 79' lang='grc' dir='ltr'>πρῶτος</span> 
     </span>
    </p>
   </div>
   <div class='ocr_carea' id='block_1_76' title="bbox 388 4483 2032 4556">
    <p class='ocr_par' dir='ltr' id='par_1_76' title="bbox 388 4483 2032 4556">
     <span class='ocr_line' id='line_1_76' title="bbox 388 4483 2032 4556; baseline 0.002 -22"><span class='ocrx_word' id='word_1_532' title='bbox 388 4485 488 4535; x_wconf 75' lang='grc' dir='ltr'>καὶ</span> <span class='ocrx_word' id='word_1_533' title='bbox 515 4483 596 4546; x_wconf 79' lang='grc' dir='ltr'><strong>τίς</strong></span> <span class='ocrx_word' id='word_1_534' title='bbox 625 4484 876 4553; x_wconf 78' lang='grc' dir='ltr'>δεύτερος</span> <span class='ocrx_word' id='word_1_535' title='bbox 897 4523 913 4549; x_wconf 89' lang='grc'><em>,</em></span> <span class='ocrx_word' id='word_1_536' title='bbox 949 4495 1059 4541; x_wconf 72' lang='lat' dir='ltr'><strong>etc.‘</strong></span> <span class='ocrx_word' id='word_1_537' title='bbox 1093 4487 1398 4556; x_wconf 81' lang='lat' dir='ltr'><strong>Responsio</strong></span> <span class='ocrx_word' id='word_1_538' title='bbox 1435 4497 1518 4542; x_wconf 91' lang='lat' dir='ltr'><strong>est</strong></span> <span class='ocrx_word' id='word_1_539' title='bbox 1551 4507 1565 4543; x_wconf 91' lang='lat'><strong>:</strong></span> <span class='ocrx_word' id='word_1_540' title='bbox 1607 4489 1819 4542; x_wconf 79' lang='lat' dir='ltr'><strong>Primus</strong></span> <span class='ocrx_word' id='word_1_541' title='bbox 1871 4496 1954 4541; x_wconf 91' lang='lat' dir='ltr'><strong>est</strong></span> <span class='ocrx_word' id='word_1_542' title='bbox 1987 4483 2032 4538; x_wconf 87' lang='lat' dir='ltr'><strong>D</strong></span> 
     </span>
    </p>
   </div>
   <div class='ocr_carea' id='block_1_77' title="bbox 385 4578 1959 4647">
    <p class='ocr_par' dir='ltr' id='par_1_77' title="bbox 385 4578 1959 4647">
     <span class='ocr_line' id='line_1_77' title="bbox 385 4578 1959 4647; baseline 0.003 -21"><span class='ocrx_word' id='word_1_543' title='bbox 385 4590 623 4642; x_wconf 80' lang='lat' dir='ltr'><strong>magnus</strong></span> <span class='ocrx_word' id='word_1_544' title='bbox 684 4589 1046 4639; x_wconf 82' lang='lat' dir='ltr'><strong>oeconomus,</strong></span> <span class='ocrx_word' id='word_1_545' title='bbox 1099 4579 1371 4633; x_wconf 86' lang='lat' dir='ltr'><strong>secundus</strong></span> <span class='ocrx_word' id='word_1_546' title='bbox 1420 4592 1651 4647; x_wconf 79' lang='lat' dir='ltr'><strong>magnus</strong></span> <span class='ocrx_word' id='word_1_547' title='bbox 1727 4578 1959 4632; x_wconf 86' lang='lat' dir='ltr'><strong>sacella-</strong></span> 
     </span>
    </p>
   </div>
   <div class='ocr_carea' id='block_1_78' title="bbox 380 4667 1958 4739">
    <p class='ocr_par' dir='ltr' id='par_1_78' title="bbox 380 4667 1958 4739">
     <span class='ocr_line' id='line_1_78' title="bbox 380 4667 1958 4739; baseline 0.004 -21"><span class='ocrx_word' id='word_1_548' title='bbox 380 4669 520 4730; x_wconf 76' lang='lat' dir='ltr'><strong>rius,</strong></span> <span class='ocrx_word' id='word_1_549' title='bbox 549 4675 656 4720; x_wconf 91' lang='lat' dir='ltr'><strong>etc.</strong></span> <span class='ocrx_word' id='word_1_550' title='bbox 683 4668 772 4721; x_wconf 85' lang='lat' dir='ltr'><strong>Isti</strong></span> <span class='ocrx_word' id='word_1_551' title='bbox 800 4667 972 4733; x_wconf 88' lang='lat' dir='ltr'><strong>enim,</strong></span> <span class='ocrx_word' id='word_1_552' title='bbox 992 4678 1047 4722; x_wconf 90' lang='lat' dir='ltr'><strong>et</strong></span> <span class='ocrx_word' id='word_1_553' title='bbox 1077 4670 1164 4722; x_wconf 82' lang='lat' dir='ltr'><strong>alii</strong></span> <span class='ocrx_word' id='word_1_554' title='bbox 1199 4685 1334 4739; x_wconf 83' lang='lat' dir='ltr'><strong>quos</strong></span> <span class='ocrx_word' id='word_1_555' title='bbox 1395 4668 1600 4723; x_wconf 85' lang='lat' dir='ltr'><strong>Citrius</strong></span> <span class='ocrx_word' id='word_1_556' title='bbox 1621 4683 1958 4724; x_wconf 75' lang='lat' dir='ltr'><strong>coinmemo—</strong></span> 
     </span>
    </p>
   </div>
   <div class='ocr_carea' id='block_1_79' title="bbox 379 4761 1955 4833">
    <p class='ocr_par' dir='ltr' id='par_1_79' title="bbox 379 4761 1955 4833">
     <span class='ocr_line' id='line_1_79' title="bbox 379 4761 1955 4833; baseline 0.004 -21"><span class='ocrx_word' id='word_1_557' title='bbox 379 4769 492 4822; x_wconf 86' lang='lat' dir='ltr'><strong>rat,</strong></span> <span class='ocrx_word' id='word_1_558' title='bbox 555 4761 831 4815; x_wconf 87' lang='lat' dir='ltr'><strong>habebant</strong></span> <span class='ocrx_word' id='word_1_559' title='bbox 892 4763 1194 4832; x_wconf 73' lang='grc' dir='ltr'>ἀρχαντικὰ</span> <span class='ocrx_word' id='word_1_560' title='bbox 1268 4763 1584 4832; x_wconf 77' lang='grc' dir='ltr'>ἀξιώματα,</span> <span class='ocrx_word' id='word_1_561' title='bbox 1635 4765 1955 4833; x_wconf 72' lang='lat' dir='ltr'><strong>horumque</strong></span> 
     </span>
    </p>
   </div>
   <div class='ocr_carea' id='block_1_80' title="bbox 375 4854 1958 4924">
    <p class='ocr_par' dir='ltr' id='par_1_80' title="bbox 375 4854 1958 4924">
     <span class='ocr_line' id='line_1_80' title="bbox 375 4854 1958 4924; baseline 0.001 -18"><span class='ocrx_word' id='word_1_562' title='bbox 375 4855 599 4921; x_wconf 65' lang='lat' dir='ltr'><strong>negotia</strong></span> <span class='ocrx_word' id='word_1_563' title='bbox 651 4863 783 4908; x_wconf 85' lang='lat' dir='ltr'><strong>sunt</strong></span> <span class='ocrx_word' id='word_1_564' title='bbox 835 4863 888 4908; x_wconf 90' lang='lat' dir='ltr'><strong>et</strong></span> <span class='ocrx_word' id='word_1_565' title='bbox 955 4854 1302 4923; x_wconf 87' lang='lat' dir='ltr'><strong>appellantur</strong></span> <span class='ocrx_word' id='word_1_566' title='bbox 1377 4855 1703 4924; x_wconf 77' lang='grc' dir='ltr'>ἀρχοντικαὶ</span> <span class='ocrx_word' id='word_1_567' title='bbox 1757 4856 1958 4908; x_wconf 80' lang='grc' dir='ltr'><strong>ὑποθέ-</strong></span> 
     </span>
    </p>
   </div>
   <div class='ocr_carea' id='block_1_81' title="bbox 374 4947 1956 5018">
    <p class='ocr_par' dir='ltr' id='par_1_81' title="bbox 374 4947 1956 5018">
     <span class='ocr_line' id='line_1_81' title="bbox 374 4947 1956 5018; baseline 0.001 -18"><span class='ocrx_word' id='word_1_568' title='bbox 374 4963 515 5011; x_wconf 78' lang='grc' dir='ltr'>σεις,</span> <span class='ocrx_word' id='word_1_569' title='bbox 545 4961 657 5001; x_wconf 91' lang='lat' dir='ltr'><strong>non</strong></span> <span class='ocrx_word' id='word_1_570' title='bbox 693 4956 874 5001; x_wconf 85' lang='lat' dir='ltr'><strong>autem</strong></span> <span class='ocrx_word' id='word_1_571' title='bbox 904 4947 990 5000; x_wconf 85' lang='lat' dir='ltr'><strong>illa</strong></span> <span class='ocrx_word' id='word_1_572' title='bbox 1015 4955 1244 5012; x_wconf 86' lang='lat' dir='ltr'><strong>tantum,</strong></span> <span class='ocrx_word' id='word_1_573' title='bbox 1273 4963 1392 5015; x_wconf 70' lang='lat' dir='ltr'><strong>qua:</strong></span> <span class='ocrx_word' id='word_1_574' title='bbox 1413 4949 1478 5001; x_wconf 81' lang='lat' dir='ltr'><strong>ad</strong></span> <span class='ocrx_word' id='word_1_575' title='bbox 1515 4949 1690 5018; x_wconf 87' lang='lat' dir='ltr'><strong>ipsum</strong></span> <span class='ocrx_word' id='word_1_576' title='bbox 1724 4950 1956 5018; x_wconf 87' lang='lat' dir='ltr'><strong>patriar-</strong></span> 
     </span>
    </p>
   </div>
   <div class='ocr_carea' id='block_1_82' title="bbox 371 5039 1572 5110">
    <p class='ocr_par' dir='ltr' id='par_1_82' title="bbox 371 5039 1572 5110">
     <span class='ocr_line' id='line_1_82' title="bbox 371 5039 1572 5110; baseline 0.001 -16"><span class='ocrx_word' id='word_1_577' title='bbox 371 5043 542 5094; x_wconf 87' lang='lat' dir='ltr'><strong>cham</strong></span> <span class='ocrx_word' id='word_1_578' title='bbox 569 5054 666 5093; x_wconf 84' lang='lat' dir='ltr'><strong>seu</strong></span> <span class='ocrx_word' id='word_1_579' title='bbox 690 5039 1012 5109; x_wconf 87' lang='lat' dir='ltr'><strong>episcopum</strong></span> <span class='ocrx_word' id='word_1_580' title='bbox 1040 5042 1336 5110; x_wconf 89' lang='lat' dir='ltr'><strong>pertinent.</strong></span> <span class='ocrx_word' id='word_1_581' title='bbox 1365 5040 1572 5095; x_wconf 76' lang='lat' dir='ltr'><strong>Gners.</strong></span> 
     </span>
    </p>
   </div>
   <div class='ocr_carea' id='block_1_83' title="bbox 452 5175 1954 5247">
    <p class='ocr_par' dir='ltr' id='par_1_83' title="bbox 452 5175 1954 5247">
     <span class='ocr_line' id='line_1_83' title="bbox 452 5175 1954 5247; baseline 0.002 -19"><span class='ocrx_word' id='word_1_582' title='bbox 452 5175 624 5247; x_wconf 80' lang='lat' dir='ltr'><strong>[Ibid.</strong></span> <span class='ocrx_word' id='word_1_583' title='bbox 696 5175 912 5245; x_wconf 84' lang='lat' dir='ltr'><strong>Optime</strong></span> <span class='ocrx_word' id='word_1_584' title='bbox 955 5179 1244 5246; x_wconf 81' lang='lat' dir='ltr'><strong>interpres</strong></span> <span class='ocrx_word' id='word_1_585' title='bbox 1288 5177 1411 5239; x_wconf 70' lang='grc' dir='ltr'>τοὺς</span> <span class='ocrx_word' id='word_1_586' title='bbox 1471 5176 1830 5246; x_wconf 81' lang='grc' dir='ltr'>ἁρχοντικούς</span> <span class='ocrx_word' id='word_1_587' title='bbox 1889 5178 1954 5231; x_wconf 87' lang='lat' dir='ltr'><strong>ad</strong></span> 
     </span>
    </p>
   </div>
   <div class='ocr_carea' id='block_1_84' title="bbox 371 5267 1956 5336">
    <p class='ocr_par' dir='ltr' id='par_1_84' title="bbox 371 5267 1956 5336">
     <span class='ocr_line' id='line_1_84' title="bbox 371 5267 1956 5336; baseline 0.001 -14"><span class='ocrx_word' id='word_1_588' title='bbox 371 5270 629 5323; x_wconf 82' lang='lat' dir='ltr'><strong>ordinem</strong></span> <span class='ocrx_word' id='word_1_589' title='bbox 694 5267 1126 5322; x_wconf 87' lang='lat' dir='ltr'><strong>ecclesiasticum</strong></span> <span class='ocrx_word' id='word_1_590' title='bbox 1199 5269 1472 5335; x_wconf 82' lang='lat' dir='ltr'><strong>pertinere</strong></span> <span class='ocrx_word' id='word_1_591' title='bbox 1535 5270 1956 5336; x_wconf 69' lang='lat' dir='ltr'><strong>aestimatzquo</strong></span> 
     </span>
    </p>
   </div>
   <div class='ocr_carea' id='block_1_85' title="bbox 369 5357 1954 5428">
    <p class='ocr_par' dir='ltr' id='par_1_85' title="bbox 369 5357 1954 5428">
     <span class='ocr_line' id='line_1_85' title="bbox 369 5357 1954 5428; baseline 0.002 -19"><span class='ocrx_word' id='word_1_592' title='bbox 369 5359 549 5428; x_wconf 68' lang='lat' dir='ltr'><strong>gradu</strong></span> <span class='ocrx_word' id='word_1_593' title='bbox 587 5373 716 5410; x_wconf 85' lang='lat' dir='ltr'><strong>vero</strong></span> <span class='ocrx_word' id='word_1_594' title='bbox 738 5373 844 5411; x_wconf 89' lang='lat' dir='ltr'><strong>non</strong></span> <span class='ocrx_word' id='word_1_595' title='bbox 867 5357 1135 5426; x_wconf 89' lang='lat' dir='ltr'><strong>apposuit.</strong></span> <span class='ocrx_word' id='word_1_596' title='bbox 1161 5358 1300 5412; x_wconf 87' lang='lat' dir='ltr'><strong>Sunt</strong></span> <span class='ocrx_word' id='word_1_597' title='bbox 1330 5359 1494 5428; x_wconf 68' lang='lat' dir='ltr'><strong>igitur</strong></span> <span class='ocrx_word' id='word_1_598' title='bbox 1513 5359 1954 5428; x_wconf 63' lang='lat' dir='ltr'><strong>epxovttxoi,qui</strong></span> 
     </span>
    </p>
   </div>
   <div class='ocr_carea' id='block_1_86' title="bbox 365 5448 1956 5520">
    <p class='ocr_par' dir='ltr' id='par_1_86' title="bbox 365 5448 1956 5520">
     <span class='ocr_line' id='line_1_86' title="bbox 365 5448 1956 5520; baseline -0.001 -17"><span class='ocrx_word' id='word_1_599' title='bbox 365 5451 581 5503; x_wconf 81' lang='lat' dir='ltr'><strong>habent</strong></span> <span class='ocrx_word' id='word_1_600' title='bbox 605 5448 841 5514; x_wconf 75' lang='grc' dir='ltr'>ὀφφίκια</span> <span class='ocrx_word' id='word_1_601' title='bbox 869 5449 1169 5517; x_wconf 75' lang='grc' dir='ltr'><strong>ἁρχοντικά</strong></span> <span class='ocrx_word' id='word_1_602' title='bbox 1195 5449 1440 5503; x_wconf 60' lang='lat' dir='ltr'><strong>ecclesiae</strong></span> <span class='ocrx_word' id='word_1_603' title='bbox 1462 5450 1568 5504; x_wconf 89' lang='lat' dir='ltr'><strong>CP.</strong></span> <span class='ocrx_word' id='word_1_604' title='bbox 1586 5449 1769 5504; x_wconf 80' lang='lat' dir='ltr'><strong>clerici</strong></span> <span class='ocrx_word' id='word_1_605' title='bbox 1790 5467 1956 5520; x_wconf 83' lang='lat' dir='ltr'><strong>;qnos</strong></span> 
     </span>
    </p>
   </div>
   <div class='ocr_carea' id='block_1_87' title="bbox 363 5538 1953 5612">
    <p class='ocr_par' dir='ltr' id='par_1_87' title="bbox 363 5538 1953 5612">
     <span class='ocr_line' id='line_1_87' title="bbox 363 5538 1953 5612; baseline 0.003 -19"><span class='ocrx_word' id='word_1_606' title='bbox 363 5540 470 5593; x_wconf 80' lang='lat' dir='ltr'><strong>Jns</strong></span> <span class='ocrx_word' id='word_1_607' title='bbox 488 5538 582 5592; x_wconf 74' lang='lat' dir='ltr'><strong>GR</strong></span> <span class='ocrx_word' id='word_1_608' title='bbox 632 5555 684 5608; x_wconf 92' lang='lat' dir='ltr'><strong>p.</strong></span> <span class='ocrx_word' id='word_1_609' title='bbox 705 5540 814 5594; x_wconf 74' lang='grc'><strong>215</strong></span> <span class='ocrx_word' id='word_1_610' title='bbox 831 5540 998 5594; x_wconf 75' lang='lat' dir='ltr'><strong>et269</strong></span> <span class='ocrx_word' id='word_1_611' title='bbox 1021 5549 1179 5595; x_wconf 83' lang='lat' dir='ltr'><strong>vocat</strong></span> <span class='ocrx_word' id='word_1_612' title='bbox 1200 5541 1560 5604; x_wconf 72' lang='grc' dir='ltr'>δεσποτικοὺς</span> <span class='ocrx_word' id='word_1_613' title='bbox 1586 5543 1873 5612; x_wconf 81' lang='grc' dir='ltr'>ἄρχοντας.</span> <span class='ocrx_word' id='word_1_614' title='bbox 1888 5559 1953 5597; x_wconf 92' lang='lat' dir='ltr'><strong>eo</strong></span> 
     </span>
    </p>
   </div>
   <div class='ocr_carea' id='block_1_88' title="bbox 367 5632 1949 5702">
    <p class='ocr_par' dir='ltr' id='par_1_88' title="bbox 367 5632 1949 5702">
     <span class='ocr_line' id='line_1_88' title="bbox 367 5632 1949 5702; baseline 0.006 -22"><span class='ocrx_word' id='word_1_615' title='bbox 367 5633 522 5702; x_wconf 83' lang='lat' dir='ltr'><strong>quod</strong></span> <span class='ocrx_word' id='word_1_616' title='bbox 559 5632 884 5699; x_wconf 64' lang='lat' dir='ltr'><strong>patriarcha!</strong></span> <span class='ocrx_word' id='word_1_617' title='bbox 922 5633 1193 5702; x_wconf 87' lang='lat' dir='ltr'><strong>obsequio</strong></span> <span class='ocrx_word' id='word_1_618' title='bbox 1236 5636 1524 5700; x_wconf 86' lang='lat' dir='ltr'><strong>mancipati</strong></span> <span class='ocrx_word' id='word_1_619' title='bbox 1560 5635 1628 5702; x_wconf 91' lang='lat' dir='ltr'><strong>(is</strong></span> <span class='ocrx_word' id='word_1_620' title='bbox 1663 5637 1809 5688; x_wconf 89' lang='lat' dir='ltr'><strong>enim</strong></span> <span class='ocrx_word' id='word_1_621' title='bbox 1866 5637 1949 5690; x_wconf 57' lang='grc' dir='ltr'><strong>δερ</strong></span> 
     </span>
    </p>
   </div>
   <div class='ocr_carea' id='block_1_89' title="bbox 369 5726 1952 5795">
    <p class='ocr_par' dir='ltr' id='par_1_89' title="bbox 369 5726 1952 5795">
     <span class='ocr_line' id='line_1_89' title="bbox 369 5726 1952 5795; baseline 0.003 -18"><span class='ocrx_word' id='word_1_622' title='bbox 369 5726 584 5792; x_wconf 72' lang='grc' dir='ltr'><strong>στῖότης</strong></span> <span class='ocrx_word' id='word_1_623' title='bbox 611 5726 718 5789; x_wconf 79' lang='lat' dir='ltr'><strong>est)</strong></span> <span class='ocrx_word' id='word_1_624' title='bbox 750 5737 1037 5793; x_wconf 88' lang='lat' dir='ltr'><strong>procerum</strong></span> <span class='ocrx_word' id='word_1_625' title='bbox 1066 5726 1324 5782; x_wconf 64' lang='lat' dir='ltr'><strong>Ecclesizc</strong></span> <span class='ocrx_word' id='word_1_626' title='bbox 1350 5742 1661 5795; x_wconf 87' lang='lat' dir='ltr'><strong>supremum</strong></span> <span class='ocrx_word' id='word_1_627' title='bbox 1686 5727 1952 5793; x_wconf 79' lang='lat' dir='ltr'><strong>attingant</strong></span> 
     </span>
    </p>
   </div>
   <div class='ocr_carea' id='block_1_90' title="bbox 367 5814 1946 5894">
    <p class='ocr_par' dir='ltr' id='par_1_90' title="bbox 367 5814 1946 5894">
     <span class='ocr_line' id='line_1_90' title="bbox 367 5814 1946 5894; baseline 0.002 -27"><span class='ocrx_word' id='word_1_628' title='bbox 367 5815 625 5886; x_wconf 72' lang='lat' dir='ltr'><strong>gradum.</strong></span> <span class='ocrx_word' id='word_1_629' title='bbox 642 5814 932 5877; x_wconf 74' lang='lat' dir='ltr'><strong>&#39;1‘1t60s3t;</strong></span> <span class='ocrx_word' id='word_1_630' title='bbox 955 5832 1120 5894; x_wconf 85' lang='lat' dir='ltr'><strong>porro</strong></span> <span class='ocrx_word' id='word_1_631' title='bbox 1144 5833 1251 5872; x_wconf 90' lang='lat' dir='ltr'><strong>non</strong></span> <span class='ocrx_word' id='word_1_632' title='bbox 1275 5819 1564 5884; x_wconf 80' lang='lat' dir='ltr'><strong>rationem,</strong></span> <span class='ocrx_word' id='word_1_633' title='bbox 1581 5823 1671 5874; x_wconf 29' lang='lat' dir='ltr'><strong>set!</strong></span> <span class='ocrx_word' id='word_1_634' title='bbox 1687 5819 1946 5891; x_wconf 77' lang='lat' dir='ltr'><strong>negotium</strong></span> 
     </span>
    </p>
   </div>
   <div class='ocr_carea' id='block_1_91' title="bbox 2071 3236 3650 3310">
    <p class='ocr_par' dir='ltr' id='par_1_91' title="bbox 2071 3236 3650 3310">
     <span class='ocr_line' id='line_1_91' title="bbox 2071 3236 3650 3310; baseline 0.008 -22"><span class='ocrx_word' id='word_1_635' title='bbox 2071 3250 2235 3305; x_wconf 88' lang='lat' dir='ltr'><strong>quam</strong></span> <span class='ocrx_word' id='word_1_636' title='bbox 2270 3236 2480 3292; x_wconf 80' lang='lat' dir='ltr'><strong>audivit</strong></span> <span class='ocrx_word' id='word_1_637' title='bbox 2509 3240 2805 3310; x_wconf 77' lang='grc' dir='ltr'>κάνστριον</span> <span class='ocrx_word' id='word_1_638' title='bbox 2837 3257 2960 3296; x_wconf 80' lang='lat' dir='ltr'><strong>esse</strong></span> <span class='ocrx_word' id='word_1_639' title='bbox 2989 3244 3290 3299; x_wconf 88' lang='lat' dir='ltr'><strong>turibulum</strong></span> <span class='ocrx_word' id='word_1_640' title='bbox 3320 3247 3342 3298; x_wconf 86' lang='lat'><strong>?</strong></span> <span class='ocrx_word' id='word_1_641' title='bbox 3371 3247 3474 3300; x_wconf 85' lang='lat' dir='ltr'><strong>nisi</strong></span> <span class='ocrx_word' id='word_1_642' title='bbox 3510 3248 3650 3301; x_wconf 81' lang='lat' dir='ltr'><strong>forte</strong></span> 
     </span>
    </p>
   </div>
   <div class='ocr_carea' id='block_1_92' title="bbox 2069 3329 3644 3395">
    <p class='ocr_par' dir='ltr' id='par_1_92' title="bbox 2069 3329 3644 3395">
     <span class='ocr_line' id='line_1_92' title="bbox 2069 3329 3644 3395; baseline 0.009 -14"><span class='ocrx_word' id='word_1_643' title='bbox 2069 3329 2233 3382; x_wconf 91' lang='lat' dir='ltr'><strong>etiam</strong></span> <span class='ocrx_word' id='word_1_644' title='bbox 2266 3331 2569 3384; x_wconf 89' lang='lat' dir='ltr'><strong>canistrum</strong></span> <span class='ocrx_word' id='word_1_645' title='bbox 2602 3334 2672 3386; x_wconf 89' lang='lat' dir='ltr'><strong>sit</strong></span> <span class='ocrx_word' id='word_1_646' title='bbox 2699 3335 2998 3390; x_wconf 84' lang='lat' dir='ltr'><strong>turibulum</strong></span> <span class='ocrx_word' id='word_1_647' title='bbox 3033 3355 3044 3389; x_wconf 94' lang='lat'>:</span> <span class='ocrx_word' id='word_1_648' title='bbox 3073 3352 3195 3391; x_wconf 89' lang='lat' dir='ltr'><strong>nam</strong></span> <span class='ocrx_word' id='word_1_649' title='bbox 3231 3354 3260 3393; x_wconf 93' lang='lat' dir='ltr'><strong>a</strong></span> <span class='ocrx_word' id='word_1_650' title='bbox 3292 3341 3524 3394; x_wconf 83' lang='lat' dir='ltr'><strong>canistro</strong></span> <span class='ocrx_word' id='word_1_651' title='bbox 3549 3356 3644 3395; x_wconf 85' lang='lat' dir='ltr'><strong>seu</strong></span> 
     </span>
    </p>
   </div>
   <div class='ocr_carea' id='block_1_93' title="bbox 2069 3419 3644 3504">
    <p class='ocr_par' dir='ltr' id='par_1_93' title="bbox 2069 3419 3644 3504">
     <span class='ocr_line' id='line_1_93' title="bbox 2069 3419 3644 3504; baseline 0.01 -32"><span class='ocrx_word' id='word_1_652' title='bbox 2069 3419 2398 3477; x_wconf 87' lang='lat' dir='ltr'><strong>diminutive</strong></span> <span class='ocrx_word' id='word_1_653' title='bbox 2458 3425 2716 3479; x_wconf 85' lang='lat' dir='ltr'><strong>canistrio</strong></span> <span class='ocrx_word' id='word_1_654' title='bbox 2755 3426 2812 3481; x_wconf 87' lang='lat' dir='ltr'><strong>lit</strong></span> <span class='ocrx_word' id='word_1_655' title='bbox 2865 3431 3139 3484; x_wconf 82' lang='lat' dir='ltr'><strong>canstrion</strong></span> <span class='ocrx_word' id='word_1_656' title='bbox 3193 3448 3290 3502; x_wconf 90' lang='lat' dir='ltr'><strong>per</strong></span> <span class='ocrx_word' id='word_1_657' title='bbox 3349 3449 3644 3504; x_wconf 74' lang='lat' dir='ltr'><strong>syncopen,</strong></span> 
     </span>
    </p>
   </div>
   <div class='ocr_carea' id='block_1_94' title="bbox 2068 3511 3643 3590">
    <p class='ocr_par' dir='ltr' id='par_1_94' title="bbox 2068 3511 3643 3590">
     <span class='ocr_line' id='line_1_94' title="bbox 2068 3511 3643 3590; baseline 0.012 -27"><span class='ocrx_word' id='word_1_658' title='bbox 2068 3511 2320 3582; x_wconf 82' lang='lat' dir='ltr'><strong>idemque</strong></span> <span class='ocrx_word' id='word_1_659' title='bbox 2351 3525 2434 3569; x_wconf 92' lang='lat' dir='ltr'><strong>est</strong></span> <span class='ocrx_word' id='word_1_660' title='bbox 2465 3517 2611 3586; x_wconf 88' lang='lat' dir='ltr'><strong>quod</strong></span> <span class='ocrx_word' id='word_1_661' title='bbox 2645 3517 2862 3584; x_wconf 79' lang='grc' dir='ltr'>κάνεον,</span> <span class='ocrx_word' id='word_1_662' title='bbox 2892 3531 3174 3578; x_wconf 83' lang='lat' dir='ltr'><strong>contracte</strong></span> <span class='ocrx_word' id='word_1_663' title='bbox 3203 3525 3426 3590; x_wconf 71' lang='grc' dir='ltr'><strong>κανοῦν,</strong></span> <span class='ocrx_word' id='word_1_664' title='bbox 3455 3527 3527 3580; x_wconf 89' lang='lat' dir='ltr'><strong>ita</strong></span> <span class='ocrx_word' id='word_1_665' title='bbox 3585 3537 3643 3582; x_wconf 90' lang='lat' dir='ltr'><strong>ttt</strong></span> 
     </span>
    </p>
   </div>
   <div class='ocr_carea' id='block_1_95' title="bbox 2067 3605 3645 3686">
    <p class='ocr_par' dir='ltr' id='par_1_95' title="bbox 2067 3605 3645 3686">
     <span class='ocr_line' id='line_1_95' title="bbox 2067 3605 3645 3686; baseline 0.012 -32"><span class='ocrx_word' id='word_1_666' title='bbox 2067 3605 2417 3674; x_wconf 78' lang='grc' dir='ltr'>κανστρίσιος</span> <span class='ocrx_word' id='word_1_667' title='bbox 2473 3607 2682 3679; x_wconf 77' lang='lat' dir='ltr'><strong>integre</strong></span> <span class='ocrx_word' id='word_1_668' title='bbox 2714 3610 2786 3664; x_wconf 90' lang='lat' dir='ltr'><strong>sit</strong></span> <span class='ocrx_word' id='word_1_669' title='bbox 2809 3614 3206 3681; x_wconf 78' lang='grc' dir='ltr'>κανιστρίσιος,</span> <span class='ocrx_word' id='word_1_670' title='bbox 3240 3617 3519 3686; x_wconf 72' lang='lat' dir='ltr'><strong>prwfectus</strong></span> <span class='ocrx_word' id='word_1_671' title='bbox 3561 3636 3645 3672; x_wconf 84' lang='lat' dir='ltr'><strong>ca-</strong></span> 
     </span>
    </p>
   </div>
   <div class='ocr_carea' id='block_1_96' title="bbox 2064 3695 3644 3774">
    <p class='ocr_par' dir='ltr' id='par_1_96' title="bbox 2064 3695 3644 3774">
     <span class='ocr_line' id='line_1_96' title="bbox 2064 3695 3644 3774; baseline 0.013 -28"><span class='ocrx_word' id='word_1_672' title='bbox 2064 3695 2256 3749; x_wconf 80' lang='lat' dir='ltr'><strong>nistrio</strong></span> <span class='ocrx_word' id='word_1_673' title='bbox 2279 3712 2375 3750; x_wconf 85' lang='lat' dir='ltr'><strong>seu</strong></span> <span class='ocrx_word' id='word_1_674' title='bbox 2415 3701 2692 3763; x_wconf 83' lang='lat' dir='ltr'><strong>canistro;</strong></span> <span class='ocrx_word' id='word_1_675' title='bbox 2749 3703 2907 3772; x_wconf 84' lang='lat' dir='ltr'><strong>cujus</strong></span> <span class='ocrx_word' id='word_1_676' title='bbox 2961 3705 3345 3774; x_wconf 62' lang='lat' dir='ltr'><strong>praefecturam</strong></span> <span class='ocrx_word' id='word_1_677' title='bbox 3400 3711 3644 3767; x_wconf 61' lang='lat' dir='ltr'><strong>extendit</strong></span> 
     </span>
    </p>
   </div>
   <div class='ocr_carea' id='block_1_97' title="bbox 2065 3788 3640 3868">
    <p class='ocr_par' dir='ltr' id='par_1_97' title="bbox 2065 3788 3640 3868">
     <span class='ocr_line' id='line_1_97' title="bbox 2065 3788 3640 3868; baseline 0.013 -31"><span class='ocrx_word' id='word_1_678' title='bbox 2065 3801 2283 3855; x_wconf 88' lang='lat' dir='ltr'><strong>quoque</strong></span> <span class='ocrx_word' id='word_1_679' title='bbox 2311 3788 2510 3844; x_wconf 81' lang='lat' dir='ltr'><strong>Junius</strong></span> <span class='ocrx_word' id='word_1_680' title='bbox 2546 3792 2612 3846; x_wconf 87' lang='lat' dir='ltr'><strong>ad</strong></span> <span class='ocrx_word' id='word_1_681' title='bbox 2632 3797 2930 3860; x_wconf 79' lang='lat' dir='ltr'><strong>penuriam.</strong></span> <span class='ocrx_word' id='word_1_682' title='bbox 2963 3798 3034 3850; x_wconf 90' lang='lat' dir='ltr'><strong>At</strong></span> <span class='ocrx_word' id='word_1_683' title='bbox 3059 3799 3238 3862; x_wconf 82' lang='lat' dir='ltr'><strong>nobis,</strong></span> <span class='ocrx_word' id='word_1_684' title='bbox 3273 3811 3326 3855; x_wconf 88' lang='lat' dir='ltr'><strong>et</strong></span> <span class='ocrx_word' id='word_1_685' title='bbox 3352 3801 3450 3868; x_wconf 87' lang='lat' dir='ltr'><strong>ipsi</strong></span> <span class='ocrx_word' id='word_1_686' title='bbox 3476 3803 3640 3858; x_wconf 89' lang='lat' dir='ltr'><strong>etiam</strong></span> 
     </span>
    </p>
   </div>
   <div class='ocr_carea' id='block_1_98' title="bbox 2065 3877 3643 3950">
    <p class='ocr_par' dir='ltr' id='par_1_98' title="bbox 2065 3877 3643 3950">
     <span class='ocr_line' id='line_1_98' title="bbox 2065 3877 3643 3950; baseline 0.015 -23"><span class='ocrx_word' id='word_1_687' title='bbox 2065 3877 2304 3945; x_wconf 85' lang='lat' dir='ltr'><strong>veritati,</strong></span> <span class='ocrx_word' id='word_1_688' title='bbox 2340 3881 2443 3934; x_wconf 89' lang='lat' dir='ltr'><strong>nisi</strong></span> <span class='ocrx_word' id='word_1_689' title='bbox 2472 3881 2652 3944; x_wconf 81' lang='lat' dir='ltr'><strong>fallor.</strong></span> <span class='ocrx_word' id='word_1_690' title='bbox 2689 3886 2865 3940; x_wconf 89' lang='lat' dir='ltr'><strong>satius</strong></span> <span class='ocrx_word' id='word_1_691' title='bbox 2898 3889 3131 3943; x_wconf 70' lang='lat' dir='ltr'><strong>&quot;videtur</strong></span> <span class='ocrx_word' id='word_1_692' title='bbox 3183 3894 3465 3947; x_wconf 83' lang='lat' dir='ltr'><strong>cunstrisii</strong></span> <span class='ocrx_word' id='word_1_693' title='bbox 3523 3896 3643 3950; x_wconf 75' lang='grc' dir='ltr'><strong>οΙῐίο</strong></span> 
     </span>
    </p>
   </div>
   <div class='ocr_carea' id='block_1_99' title="bbox 2063 3970 3644 4042">
    <p class='ocr_par' dir='ltr' id='par_1_99' title="bbox 2063 3970 3644 4042">
     <span class='ocr_line' id='line_1_99' title="bbox 2063 3970 3644 4042; baseline 0.011 -18"><span class='ocrx_word' id='word_1_694' title='bbox 2063 3970 2208 4024; x_wconf 88' lang='lat' dir='ltr'><strong>cium</strong></span> <span class='ocrx_word' id='word_1_695' title='bbox 2252 3975 2512 4027; x_wconf 87' lang='lat' dir='ltr'><strong>vestiario</strong></span> <span class='ocrx_word' id='word_1_696' title='bbox 2541 3976 3014 4042; x_wconf 83' lang='lat' dir='ltr'><strong>circumscribere,</strong></span> <span class='ocrx_word' id='word_1_697' title='bbox 3055 3992 3108 4035; x_wconf 91' lang='lat' dir='ltr'><strong>et</strong></span> <span class='ocrx_word' id='word_1_698' title='bbox 3138 3985 3365 4037; x_wconf 81' lang='lat' dir='ltr'><strong>canstrii</strong></span> <span class='ocrx_word' id='word_1_699' title='bbox 3420 3988 3644 4042; x_wconf 90' lang='lat' dir='ltr'><strong>nomine</strong></span> 
     </span>
    </p>
   </div>
   <div class='ocr_carea' id='block_1_100' title="bbox 2064 4064 3644 4148">
    <p class='ocr_par' dir='ltr' id='par_1_100' title="bbox 2064 4064 3644 4148">
     <span class='ocr_line' id='line_1_100' title="bbox 2064 4064 3644 4148; baseline 0.011 -32"><span class='ocrx_word' id='word_1_700' title='bbox 2064 4064 2204 4117; x_wconf 91' lang='lat' dir='ltr'><strong>nihil</strong></span> <span class='ocrx_word' id='word_1_701' title='bbox 2234 4065 2378 4118; x_wconf 91' lang='lat' dir='ltr'><strong>aliud</strong></span> <span class='ocrx_word' id='word_1_702' title='bbox 2413 4067 2662 4136; x_wconf 88' lang='lat' dir='ltr'><strong>accipere</strong></span> <span class='ocrx_word' id='word_1_703' title='bbox 2694 4084 2853 4138; x_wconf 91' lang='lat' dir='ltr'><strong>quam</strong></span> <span class='ocrx_word' id='word_1_704' title='bbox 2899 4072 3079 4126; x_wconf 91' lang='lat' dir='ltr'><strong>locum</strong></span> <span class='ocrx_word' id='word_1_705' title='bbox 3134 4074 3224 4128; x_wconf 88' lang='lat' dir='ltr'><strong>ubi</strong></span> <span class='ocrx_word' id='word_1_706' title='bbox 3263 4085 3440 4132; x_wconf 82' lang='lat' dir='ltr'><strong>vestes</strong></span> <span class='ocrx_word' id='word_1_707' title='bbox 3505 4094 3644 4148; x_wconf 88' lang='lat' dir='ltr'><strong>pon-</strong></span> 
     </span>
    </p>
   </div>
   <div class='ocr_carea' id='block_1_101' title="bbox 2060 4157 3641 4225">
    <p class='ocr_par' dir='ltr' id='par_1_101' title="bbox 2060 4157 3641 4225">
     <span class='ocr_line' id='line_1_101' title="bbox 2060 4157 3641 4225; baseline 0.009 -15"><span class='ocrx_word' id='word_1_708' title='bbox 2060 4157 2282 4212; x_wconf 84' lang='lat' dir='ltr'><strong>tiﬁcales</strong></span> <span class='ocrx_word' id='word_1_709' title='bbox 2305 4159 2749 4224; x_wconf 84' lang='lat' dir='ltr'><strong>asservahantnr.</strong></span> <span class='ocrx_word' id='word_1_710' title='bbox 2771 4177 2880 4215; x_wconf 85' lang='lat' dir='ltr'><strong>uno</strong></span> <span class='ocrx_word' id='word_1_711' title='bbox 2903 4163 3070 4217; x_wconf 82' lang='lat' dir='ltr'><strong>verbo</strong></span> <span class='ocrx_word' id='word_1_712' title='bbox 3091 4167 3415 4221; x_wconf 83' lang='lat' dir='ltr'><strong>vestiarium.</strong></span> <span class='ocrx_word' id='word_1_713' title='bbox 3437 4168 3641 4225; x_wconf 71' lang='lat' dir='ltr'><strong>Guars.</strong></span> 
     </span>
    </p>
   </div>
   <div class='ocr_carea' id='block_1_102' title="bbox 2136 4251 3641 4326">
    <p class='ocr_par' dir='ltr' id='par_1_102' title="bbox 2136 4251 3641 4326">
     <span class='ocr_line' id='line_1_102' title="bbox 2136 4251 3641 4326; baseline 0.006 -21"><span class='ocrx_word' id='word_1_714' title='bbox 2136 4251 2219 4324; x_wconf 88' lang='lat' dir='ltr'><strong>[P.</strong></span> <span class='ocrx_word' id='word_1_715' title='bbox 2251 4253 2306 4306; x_wconf 74' lang='grc'><strong>4.</strong></span> <span class='ocrx_word' id='word_1_716' title='bbox 2337 4254 3002 4324; x_wconf 74' lang='grc' dir='ltr'>Κανστρήνσιοςιιυοιιυρ,</span> <span class='ocrx_word' id='word_1_717' title='bbox 3025 4272 3127 4310; x_wconf 82' lang='lat' dir='ltr'><strong>nec</strong></span> <span class='ocrx_word' id='word_1_718' title='bbox 3153 4273 3263 4312; x_wconf 84' lang='lat' dir='ltr'><strong>non</strong></span> <span class='ocrx_word' id='word_1_719' title='bbox 3290 4260 3641 4326; x_wconf 78' lang='grc' dir='ltr'><strong>καστρξνσιος</strong></span> 
     </span>
    </p>
   </div>
   <div class='ocr_carea' id='block_1_103' title="bbox 2057 4347 3640 4420">
    <p class='ocr_par' dir='ltr' id='par_1_103' title="bbox 2057 4347 3640 4420">
     <span class='ocr_line' id='line_1_103' title="bbox 2057 4347 3640 4420; baseline 0.007 -23"><span class='ocrx_word' id='word_1_720' title='bbox 2057 4352 2112 4398; x_wconf 88' lang='lat' dir='ltr'><strong>et</strong></span> <span class='ocrx_word' id='word_1_721' title='bbox 2171 4347 2534 4416; x_wconf 75' lang='grc' dir='ltr'><strong>καστρήνσιος</strong></span> <span class='ocrx_word' id='word_1_722' title='bbox 2591 4347 2850 4414; x_wconf 82' lang='lat' dir='ltr'><strong>scriptum</strong></span> <span class='ocrx_word' id='word_1_723' title='bbox 2916 4349 3178 4418; x_wconf 76' lang='lat' dir='ltr'><strong>reperies,</strong></span> <span class='ocrx_word' id='word_1_724' title='bbox 3217 4364 3280 4404; x_wconf 91' lang='lat' dir='ltr'><strong>ac</strong></span> <span class='ocrx_word' id='word_1_725' title='bbox 3316 4366 3416 4420; x_wconf 83' lang='lat' dir='ltr'><strong>pro</strong></span> <span class='ocrx_word' id='word_1_726' title='bbox 3471 4354 3640 4408; x_wconf 83' lang='lat' dir='ltr'><strong>variis</strong></span> 
     </span>
    </p>
   </div>
   <div class='ocr_carea' id='block_1_104' title="bbox 2059 4434 3638 4510">
    <p class='ocr_par' dir='ltr' id='par_1_104' title="bbox 2059 4434 3638 4510">
     <span class='ocr_line' id='line_1_104' title="bbox 2059 4434 3638 4510; baseline 0.008 -22"><span class='ocrx_word' id='word_1_727' title='bbox 2059 4434 2262 4491; x_wconf 64' lang='lat' dir='ltr'><strong>Graecis</strong></span> <span class='ocrx_word' id='word_1_728' title='bbox 2288 4437 2693 4493; x_wconf 74' lang='lat' dir='ltr'><strong>cltarathribns</strong></span> <span class='ocrx_word' id='word_1_729' title='bbox 2708 4439 2915 4495; x_wconf 88' lang='lat' dir='ltr'><strong>Latinis</strong></span> <span class='ocrx_word' id='word_1_730' title='bbox 2939 4457 3156 4510; x_wconf 87' lang='lat' dir='ltr'><strong>quoque</strong></span> <span class='ocrx_word' id='word_1_731' title='bbox 3180 4443 3329 4497; x_wconf 87' lang='lat' dir='ltr'><strong>varie</strong></span> <span class='ocrx_word' id='word_1_732' title='bbox 3349 4445 3638 4500; x_wconf 89' lang='lat' dir='ltr'><strong>redditum.</strong></span> 
     </span>
    </p>
   </div>
   <div class='ocr_carea' id='block_1_105' title="bbox 2061 4519 3643 4601">
    <p class='ocr_par' dir='ltr' id='par_1_105' title="bbox 2061 4519 3643 4601">
     <span class='ocr_line' id='line_1_105' title="bbox 2061 4519 3643 4601; baseline 0.006 -20"><span class='ocrx_word' id='word_1_733' title='bbox 2061 4519 2272 4581; x_wconf 86' lang='lat' dir='ltr'><strong>Sensus</strong></span> <span class='ocrx_word' id='word_1_734' title='bbox 2305 4530 2639 4598; x_wconf 84' lang='lat' dir='ltr'><strong>requiratur,</strong></span> <span class='ocrx_word' id='word_1_735' title='bbox 2676 4532 2766 4583; x_wconf 86' lang='lat' dir='ltr'><strong>ubi</strong></span> <span class='ocrx_word' id='word_1_736' title='bbox 2827 4533 2912 4585; x_wconf 79' lang='lat' dir='ltr'><strong>vix</strong></span> <span class='ocrx_word' id='word_1_737' title='bbox 2955 4533 3107 4601; x_wconf 87' lang='lat' dir='ltr'><strong>juvat</strong></span> <span class='ocrx_word' id='word_1_738' title='bbox 3151 4534 3459 4590; x_wconf 86' lang='lat' dir='ltr'><strong>character.</strong></span> <span class='ocrx_word' id='word_1_739' title='bbox 3500 4539 3643 4591; x_wconf 71' lang='grc' dir='ltr'><strong>Κανο-</strong></span> 
     </span>
    </p>
   </div>
   <div class='ocr_carea' id='block_1_106' title="bbox 2065 4620 3640 4700">
    <p class='ocr_par' dir='ltr' id='par_1_106' title="bbox 2065 4620 3640 4700">
     <span class='ocr_line' id='line_1_106' title="bbox 2065 4620 3640 4700; baseline 0.009 -30"><span class='ocrx_word' id='word_1_740' title='bbox 2065 4620 2304 4690; x_wconf 81' lang='grc' dir='ltr'>στρίσιον</span> <span class='ocrx_word' id='word_1_741' title='bbox 2329 4622 2435 4674; x_wconf 76' lang='grc' dir='ltr'><strong>ἀπὸ</strong></span> <span class='ocrx_word' id='word_1_742' title='bbox 2461 4623 2554 4675; x_wconf 73' lang='grc' dir='ltr'>τοῦ</span> <span class='ocrx_word' id='word_1_743' title='bbox 2580 4624 2869 4694; x_wconf 68' lang='grc' dir='ltr'>κκνστρίου</span> <span class='ocrx_word' id='word_1_744' title='bbox 2900 4627 3101 4679; x_wconf 91' lang='lat' dir='ltr'><strong>dictum</strong></span> <span class='ocrx_word' id='word_1_745' title='bbox 3139 4627 3320 4692; x_wconf 87' lang='lat' dir='ltr'><strong>video;</strong></span> <span class='ocrx_word' id='word_1_746' title='bbox 3347 4631 3640 4700; x_wconf 82' lang='grc' dir='ltr'>κάνστριον</span> 
     </span>
    </p>
   </div>
   <div class='ocr_carea' id='block_1_107' title="bbox 2062 4715 3641 4788">
    <p class='ocr_par' dir='ltr' id='par_1_107' title="bbox 2062 4715 3641 4788">
     <span class='ocr_line' id='line_1_107' title="bbox 2062 4715 3641 4788; baseline 0.008 -23"><span class='ocrx_word' id='word_1_747' title='bbox 2062 4728 2194 4765; x_wconf 77' lang='lat' dir='ltr'><strong>vero</strong></span> <span class='ocrx_word' id='word_1_748' title='bbox 2230 4715 2385 4782; x_wconf 85' lang='lat' dir='ltr'><strong>panis</strong></span> <span class='ocrx_word' id='word_1_749' title='bbox 2423 4715 2690 4770; x_wconf 81' lang='lat' dir='ltr'><strong>benedicti</strong></span> <span class='ocrx_word' id='word_1_750' title='bbox 2722 4718 2944 4782; x_wconf 85' lang='lat' dir='ltr'><strong>lancem,</strong></span> <span class='ocrx_word' id='word_1_751' title='bbox 2980 4719 3064 4771; x_wconf 82' lang='lat' dir='ltr'><strong>vel</strong></span> <span class='ocrx_word' id='word_1_752' title='bbox 3099 4720 3283 4788; x_wconf 82' lang='lat' dir='ltr'><strong>potius</strong></span> <span class='ocrx_word' id='word_1_753' title='bbox 3320 4723 3460 4776; x_wconf 89' lang='lat' dir='ltr'><strong>turis</strong></span> <span class='ocrx_word' id='word_1_754' title='bbox 3488 4740 3641 4777; x_wconf 82' lang='lat' dir='ltr'><strong>arcu-</strong></span> 
     </span>
    </p>
   </div>
   <div class='ocr_carea' id='block_1_108' title="bbox 2062 4803 3641 4882">
    <p class='ocr_par' dir='ltr' id='par_1_108' title="bbox 2062 4803 3641 4882">
     <span class='ocr_line' id='line_1_108' title="bbox 2062 4803 3641 4882; baseline 0.008 -26"><span class='ocrx_word' id='word_1_755' title='bbox 2062 4803 2190 4866; x_wconf 86' lang='lat' dir='ltr'><strong>lam,</strong></span> <span class='ocrx_word' id='word_1_756' title='bbox 2218 4809 2299 4860; x_wconf 89' lang='lat' dir='ltr'><strong>vel</strong></span> <span class='ocrx_word' id='word_1_757' title='bbox 2323 4807 2556 4876; x_wconf 82' lang='lat' dir='ltr'><strong>deniqne</strong></span> <span class='ocrx_word' id='word_1_758' title='bbox 2584 4810 2880 4862; x_wconf 77' lang='lat' dir='ltr'><strong>canistrum</strong></span> <span class='ocrx_word' id='word_1_759' title='bbox 2912 4809 3248 4880; x_wconf 86' lang='lat' dir='ltr'><strong>recipiendis</strong></span> <span class='ocrx_word' id='word_1_760' title='bbox 3311 4814 3641 4882; x_wconf 68' lang='lat' dir='ltr'><strong>patriarcha:</strong></span> 
     </span>
    </p>
   </div>
   <div class='ocr_carea' id='block_1_109' title="bbox 2063 4898 3632 4968">
    <p class='ocr_par' dir='ltr' id='par_1_109' title="bbox 2063 4898 3632 4968">
     <span class='ocr_line' id='line_1_109' title="bbox 2063 4898 3632 4968; baseline 0.006 -19"><span class='ocrx_word' id='word_1_761' title='bbox 2063 4898 2308 4951; x_wconf 72' lang='lat' dir='ltr'><strong>vestibus</strong></span> <span class='ocrx_word' id='word_1_762' title='bbox 2345 4899 2602 4953; x_wconf 89' lang='lat' dir='ltr'><strong>idoneum</strong></span> <span class='ocrx_word' id='word_1_763' title='bbox 2653 4900 3025 4968; x_wconf 85' lang='lat' dir='ltr'><strong>interpretor:</strong></span> <span class='ocrx_word' id='word_1_764' title='bbox 3062 4901 3264 4954; x_wconf 75' lang='grc' dir='ltr'>κανοῦν</span> <span class='ocrx_word' id='word_1_765' title='bbox 3311 4903 3456 4958; x_wconf 88' lang='lat' dir='ltr'><strong>enim</strong></span> <span class='ocrx_word' id='word_1_766' title='bbox 3491 4904 3632 4958; x_wconf 86' lang='lat' dir='ltr'><strong>idem</strong></span> 
     </span>
    </p>
   </div>
   <div class='ocr_carea' id='block_1_110' title="bbox 2063 4990 3637 5063">
    <p class='ocr_par' dir='ltr' id='par_1_110' title="bbox 2063 4990 3637 5063">
     <span class='ocr_line' id='line_1_110' title="bbox 2063 4990 3637 5063; baseline 0.007 -23"><span class='ocrx_word' id='word_1_767' title='bbox 2063 4990 2208 5055; x_wconf 78' lang='lat' dir='ltr'><strong>quod</strong></span> <span class='ocrx_word' id='word_1_768' title='bbox 2240 4990 2486 5044; x_wconf 75' lang='grc' dir='ltr'>πινάκιον</span> <span class='ocrx_word' id='word_1_769' title='bbox 2521 4991 2802 5044; x_wconf 87' lang='lat' dir='ltr'><strong>vasculum</strong></span> <span class='ocrx_word' id='word_1_770' title='bbox 2829 4994 2972 5060; x_wconf 85' lang='lat' dir='ltr'><strong>apud</strong></span> <span class='ocrx_word' id='word_1_771' title='bbox 3025 4991 3292 5056; x_wconf 81' lang='lat' dir='ltr'><strong>Nicetam,</strong></span> <span class='ocrx_word' id='word_1_772' title='bbox 3329 5009 3427 5063; x_wconf 91' lang='lat' dir='ltr'><strong>pro</strong></span> <span class='ocrx_word' id='word_1_773' title='bbox 3469 4998 3637 5051; x_wconf 88' lang='lat' dir='ltr'><strong>variis</strong></span> 
     </span>
    </p>
   </div>
   <div class='ocr_carea' id='block_1_111' title="bbox 2063 5080 3636 5154">
    <p class='ocr_par' dir='ltr' id='par_1_111' title="bbox 2063 5080 3636 5154">
     <span class='ocr_line' id='line_1_111' title="bbox 2063 5080 3636 5154; baseline 0.005 -23"><span class='ocrx_word' id='word_1_774' title='bbox 2063 5080 2414 5136; x_wconf 63' lang='lat' dir='ltr'><strong>lectionibus.</strong></span> <span class='ocrx_word' id='word_1_775' title='bbox 2433 5082 2702 5135; x_wconf 80' lang='lat' dir='ltr'><strong>Allatiana</strong></span> <span class='ocrx_word' id='word_1_776' title='bbox 2730 5085 2804 5152; x_wconf 85' lang='lat' dir='ltr'><strong>(et</strong></span> <span class='ocrx_word' id='word_1_777' title='bbox 2826 5083 2893 5154; x_wconf 77' lang='grc' dir='ltr'><strong>Μ)</strong></span> <span class='ocrx_word' id='word_1_778' title='bbox 2913 5084 2982 5138; x_wconf 89' lang='lat' dir='ltr'><strong>de</strong></span> <span class='ocrx_word' id='word_1_779' title='bbox 3007 5087 3354 5140; x_wconf 78' lang='lat' dir='ltr'><strong>canstrensio</strong></span> <span class='ocrx_word' id='word_1_780' title='bbox 3381 5090 3474 5141; x_wconf 73' lang='lat' dir='ltr'><strong>.‘O</strong></span> <span class='ocrx_word' id='word_1_781' title='bbox 3503 5107 3636 5142; x_wconf 49' lang='lat' dir='ltr'><strong>xxv-</strong></span> 
     </span>
    </p>
   </div>
   <div class='ocr_carea' id='block_1_112' title="bbox 2066 5174 3630 5250">
    <p class='ocr_par' dir='ltr' id='par_1_112' title="bbox 2066 5174 3630 5250">
     <span class='ocr_line' id='line_1_112' title="bbox 2066 5174 3630 5250; baseline 0.004 -28"><span class='ocrx_word' id='word_1_782' title='bbox 2066 5174 2350 5239; x_wconf 81' lang='grc' dir='ltr'>στρήνσιος</span> <span class='ocrx_word' id='word_1_783' title='bbox 2385 5175 2669 5227; x_wconf 70' lang='grc' dir='ltr'><strong>ἀλλάσσων</strong></span> <span class='ocrx_word' id='word_1_784' title='bbox 2701 5176 2775 5245; x_wconf 77' lang='grc' dir='ltr'><strong>τῷ</strong></span> <span class='ocrx_word' id='word_1_785' title='bbox 2819 5176 3076 5247; x_wconf 79' lang='grc' dir='ltr'>ἀρχιερεῖ</span> <span class='ocrx_word' id='word_1_786' title='bbox 3097 5177 3193 5247; x_wconf 80' lang='grc' dir='ltr'><strong>τὴν</strong></span> <span class='ocrx_word' id='word_1_787' title='bbox 3219 5179 3385 5231; x_wconf 74' lang='grc' dir='ltr'>αὑτοῦ</span> <span class='ocrx_word' id='word_1_788' title='bbox 3417 5180 3630 5250; x_wconf 74' lang='grc' dir='ltr'><strong>στολὴν,</strong></span> 
     </span>
    </p>
   </div>
   <div class='ocr_carea' id='block_1_113' title="bbox 2063 5262 3629 5339">
    <p class='ocr_par' dir='ltr' id='par_1_113' title="bbox 2063 5262 3629 5339">
     <span class='ocr_line' id='line_1_113' title="bbox 2063 5262 3629 5339; baseline 0.007 -26"><span class='ocrx_word' id='word_1_789' title='bbox 2063 5262 2280 5332; x_wconf 76' lang='grc' dir='ltr'><strong>κριτῶν</strong></span> <span class='ocrx_word' id='word_1_790' title='bbox 2309 5263 2364 5314; x_wconf 77' lang='grc' dir='ltr'><strong>δὲ</strong></span> <span class='ocrx_word' id='word_1_791' title='bbox 2393 5266 2484 5316; x_wconf 68' lang='grc' dir='ltr'><strong>καὶ</strong></span> <span class='ocrx_word' id='word_1_792' title='bbox 2515 5266 2888 5335; x_wconf 75' lang='grc' dir='ltr'><strong>τὸνθυμιατὸν</strong></span> <span class='ocrx_word' id='word_1_793' title='bbox 2917 5272 2974 5319; x_wconf 82' lang='grc' dir='ltr'><strong>ὲν</strong></span> <span class='ocrx_word' id='word_1_794' title='bbox 3008 5271 3072 5338; x_wconf 82' lang='grc' dir='ltr'><strong>τῇ</strong></span> <span class='ocrx_word' id='word_1_795' title='bbox 3137 5270 3476 5339; x_wconf 67' lang='grc' dir='ltr'><strong>λειτουργίᾳ,</strong></span> <span class='ocrx_word' id='word_1_796' title='bbox 3534 5275 3629 5324; x_wconf 75' lang='grc' dir='ltr'><strong>καὶ</strong></span> 
     </span>
    </p>
   </div>
   <div class='ocr_carea' id='block_1_114' title="bbox 2061 5355 3622 5434">
    <p class='ocr_par' dir='ltr' id='par_1_114' title="bbox 2061 5355 3622 5434">
     <span class='ocr_line' id='line_1_114' title="bbox 2061 5355 3622 5434; baseline 0.007 -28"><span class='ocrx_word' id='word_1_797' title='bbox 2061 5356 2151 5406; x_wconf 72' lang='grc' dir='ltr'><strong>τὸν</strong></span> <span class='ocrx_word' id='word_1_798' title='bbox 2185 5355 2321 5424; x_wconf 65' lang='grc' dir='ltr'><strong>ἀέρι</strong></span> <span class='ocrx_word' id='word_1_799' title='bbox 2351 5359 2551 5424; x_wconf 73' lang='lat' dir='ltr'><strong>(velum</strong></span> <span class='ocrx_word' id='word_1_800' title='bbox 2589 5359 2854 5413; x_wconf 33' lang='lat' dir='ltr'><strong>calicis‘et</strong></span> <span class='ocrx_word' id='word_1_801' title='bbox 2885 5357 3044 5428; x_wconf 85' lang='lat' dir='ltr'><strong>disci)</strong></span> <span class='ocrx_word' id='word_1_802' title='bbox 3083 5363 3141 5412; x_wconf 81' lang='grc' dir='ltr'>ἐν</span> <span class='ocrx_word' id='word_1_803' title='bbox 3171 5365 3235 5432; x_wconf 83' lang='grc' dir='ltr'><strong>τῇ</strong></span> <span class='ocrx_word' id='word_1_804' title='bbox 3274 5363 3425 5434; x_wconf 76' lang='grc' dir='ltr'>δεξιᾷ</span> <span class='ocrx_word' id='word_1_805' title='bbox 3455 5365 3622 5417; x_wconf 72' lang='grc' dir='ltr'>αὑτοῦ</span> 
     </span>
    </p>
   </div>
   <div class='ocr_carea' id='block_1_115' title="bbox 2062 5448 3628 5522">
    <p class='ocr_par' dir='ltr' id='par_1_115' title="bbox 2062 5448 3628 5522">
     <span class='ocr_line' id='line_1_115' title="bbox 2062 5448 3628 5522; baseline 0.004 -25"><span class='ocrx_word' id='word_1_806' title='bbox 2062 5448 2228 5516; x_wconf 69' lang='grc' dir='ltr'>χειρὶ,</span> <span class='ocrx_word' id='word_1_807' title='bbox 2283 5450 2547 5518; x_wconf 77' lang='grc' dir='ltr'><strong>ῥαντξζων</strong></span> <span class='ocrx_word' id='word_1_808' title='bbox 2607 5454 2698 5502; x_wconf 67' lang='grc' dir='ltr'><strong>καὶ</strong></span> <span class='ocrx_word' id='word_1_809' title='bbox 2727 5453 2784 5504; x_wconf 69' lang='grc' dir='ltr'><strong>τὸ</strong></span> <span class='ocrx_word' id='word_1_810' title='bbox 2840 5451 2984 5521; x_wconf 72' lang='grc' dir='ltr'>ὖῗωρ</span> <span class='ocrx_word' id='word_1_811' title='bbox 3030 5455 3106 5514; x_wconf 79' lang='lat' dir='ltr'><strong>ei;</strong></span> <span class='ocrx_word' id='word_1_812' title='bbox 3147 5457 3238 5505; x_wconf 63' lang='grc' dir='ltr'><strong>τὶν</strong></span> <span class='ocrx_word' id='word_1_813' title='bbox 3291 5455 3416 5507; x_wconf 69' lang='grc' dir='ltr'>λαὸν</span> <span class='ocrx_word' id='word_1_814' title='bbox 3440 5458 3496 5506; x_wconf 74' lang='grc' dir='ltr'><strong>ὲν</strong></span> <span class='ocrx_word' id='word_1_815' title='bbox 3550 5455 3628 5522; x_wconf 77' lang='grc' dir='ltr'>τῷ</span> 
     </span>
    </p>
   </div>
   <div class='ocr_carea' id='block_1_116' title="bbox 2060 5543 3626 5614">
    <p class='ocr_par' dir='ltr' id='par_1_116' title="bbox 2060 5543 3626 5614">
     <span class='ocr_line' id='line_1_116' title="bbox 2060 5543 3626 5614; baseline 0.003 -22"><span class='ocrx_word' id='word_1_816' title='bbox 2060 5543 2326 5613; x_wconf 53' lang='lat' dir='ltr'><strong>emam};</strong></span> <span class='ocrx_word' id='word_1_817' title='bbox 2375 5543 2552 5614; x_wconf 73' lang='grc' dir='ltr'>ὕμνῳ.</span> <span class='ocrx_word' id='word_1_818' title='bbox 2591 5546 2809 5613; x_wconf 79' lang='grc' dir='ltr'>κρατῶν</span> <span class='ocrx_word' id='word_1_819' title='bbox 2867 5546 2922 5596; x_wconf 73' lang='grc' dir='ltr'><strong>δὲ</strong></span> <span class='ocrx_word' id='word_1_820' title='bbox 2959 5548 3050 5596; x_wconf 65' lang='grc' dir='ltr'>καὶ</span> <span class='ocrx_word' id='word_1_821' title='bbox 3109 5547 3167 5596; x_wconf 59' lang='grc' dir='ltr'><strong>τὸ</strong></span> <span class='ocrx_word' id='word_1_822' title='bbox 3219 5544 3475 5597; x_wconf 70' lang='grc' dir='ltr'>κιϐώτιον</span> <span class='ocrx_word' id='word_1_823' title='bbox 3518 5546 3626 5596; x_wconf 83' lang='grc' dir='ltr'><strong>τῶν</strong></span> 
     </span>
    </p>
   </div>
   <div class='ocr_carea' id='block_1_117' title="bbox 2063 5634 3622 5707">
    <p class='ocr_par' dir='ltr' id='par_1_117' title="bbox 2063 5634 3622 5707">
     <span class='ocr_line' id='line_1_117' title="bbox 2063 5634 3622 5707; baseline 0.003 -21"><span class='ocrx_word' id='word_1_824' title='bbox 2063 5637 2394 5704; x_wconf 74' lang='grc' dir='ltr'><strong>ἀρωμάτων,</strong></span> <span class='ocrx_word' id='word_1_825' title='bbox 2418 5636 2783 5703; x_wconf 63' lang='grc' dir='ltr'><strong>καθςζὸμενος</strong></span> <span class='ocrx_word' id='word_1_826' title='bbox 2815 5641 2908 5691; x_wconf 70' lang='grc' dir='ltr'><strong>καὶ</strong></span> <span class='ocrx_word' id='word_1_827' title='bbox 2946 5639 3025 5700; x_wconf 77' lang='lat' dir='ltr'><strong>ei;</strong></span> <span class='ocrx_word' id='word_1_828' title='bbox 3049 5639 3144 5699; x_wconf 73' lang='grc' dir='ltr'><strong>τὰς</strong></span> <span class='ocrx_word' id='word_1_829' title='bbox 3173 5638 3398 5703; x_wconf 72' lang='grc' dir='ltr'><strong>κρίσεις.</strong></span> <span class='ocrx_word' id='word_1_830' title='bbox 3422 5634 3622 5707; x_wconf 72' lang='lat' dir='ltr'><strong>Com.)</strong></span> 
     </span>
    </p>
   </div>
   <div class='ocr_carea' id='block_1_118' title="bbox 2133 5727 3623 5799">
    <p class='ocr_par' dir='ltr' id='par_1_118' title="bbox 2133 5727 3623 5799">
     <span class='ocr_line' id='line_1_118' title="bbox 2133 5727 3623 5799; baseline 0.001 -21"><span class='ocrx_word' id='word_1_831' title='bbox 2133 5728 2536 5794; x_wconf 67' lang='lat' dir='ltr'><strong>lie/‘ercnrlnrius</strong></span> <span class='ocrx_word' id='word_1_832' title='bbox 2569 5749 2599 5781; x_wconf 81' lang='grc' dir='ltr'><strong>ιι</strong></span> <span class='ocrx_word' id='word_1_833' title='bbox 2636 5731 2904 5799; x_wconf 75' lang='lat' dir='ltr'><strong>referendo</strong></span> <span class='ocrx_word' id='word_1_834' title='bbox 2961 5745 3158 5781; x_wconf 74' lang='lat' dir='ltr'><strong>litmwlt</strong></span> <span class='ocrx_word' id='word_1_835' title='bbox 3195 5727 3416 5778; x_wconf 77' lang='lat' dir='ltr'><strong>trahens</strong></span> <span class='ocrx_word' id='word_1_836' title='bbox 3465 5728 3623 5780; x_wconf 88' lang='lat' dir='ltr'><strong>hodie</strong></span> 
     </span>
    </p>
   </div>
   <div class='ocr_carea' id='block_1_119' title="bbox 2059 5817 3617 5880">
    <p class='ocr_par' dir='ltr' id='par_1_119' title="bbox 2059 5817 3617 5880">
     <span class='ocr_line' id='line_1_119' title="bbox 2059 5817 3617 5880; baseline -0.001 -8"><span class='ocrx_word' id='word_1_837' title='bbox 2059 5825 2219 5872; x_wconf 65' lang='lat' dir='ltr'><strong>etiarn</strong></span> <span class='ocrx_word' id='word_1_838' title='bbox 2257 5821 2574 5875; x_wconf 68' lang='lat' dir='ltr'><strong>iner~t-lesi:u</strong></span> <span class='ocrx_word' id='word_1_839' title='bbox 2616 5838 2714 5876; x_wconf 86' lang='lat' dir='ltr'><strong>usu</strong></span> <span class='ocrx_word' id='word_1_840' title='bbox 2753 5833 2932 5880; x_wconf 85' lang='lat' dir='ltr'><strong>manet</strong></span> <span class='ocrx_word' id='word_1_841' title='bbox 2967 5837 2979 5872; x_wconf 70' lang='grc' dir='ltr'><strong><em>τ</em></strong></span> <span class='ocrx_word' id='word_1_842' title='bbox 3016 5818 3332 5879; x_wconf 78' lang='lat' dir='ltr'><strong>mittebatur</strong></span> <span class='ocrx_word' id='word_1_843' title='bbox 3357 5834 3417 5869; x_wconf 72' lang='lat' dir='ltr'><strong>ex</strong></span> <span class='ocrx_word' id='word_1_844' title='bbox 3444 5817 3617 5879; x_wconf 75' lang='lat' dir='ltr'><strong>cilicio</strong></span> 
     </span>
    </p>
   </div>
  </div>
