3936 6594
1798 324 1823 345 \

381 338 474 465 ιιι

1468 400 1547 463 [Ν
1581 400 1889 467 LIBRUM
1917 405 2015 468 DE
2048 408 2370 475 OFFlCllS
2413 416 2521 479 Cl‘.

3502 422 3608 493 152

369 507 433 563 ad
467 504 852 577 imperatorem
885 510 979 563 καὶ
1002 510 1077 573 εἰς
1103 510 1279 580 μέγαν
1303 513 1558 587 ἄρχοντα.
1584 517 1719 592 Male
1746 520 1909 575 Juniu

2049 541 2186 579 ctum
2233 531 2303 581 ad
2362 532 2642 586 diaconum
2706 534 2990 587 necessario
3043 536 3286 605 pertinet.
3324 535 3464 592 Nam
3519 543 3608 594 hic

367 598 437 652 ad
459 599 781 655 sacerdotem
833 603 1125 657 maximum
1158 620 1176 659 :
1205 620 1331 659 nam
1358 609 1386 660 6
1413 610 1587 678 μέγας
1614 612 1798 684 ἄρχων
1852 614 1941 667 di-

366 691 551 757 gnitas
580 700 696 748 erat
724 693 986 764 palatina,
1006 705 1064 751 ut
1098 696 1303 753 clarum
1336 714 1400 754 ex
1425 700 1544 770 ipso
1569 700 1778 759 Codino
1809 720 1858 759 ο.
1878 705 1936 759 2.

364 778 572 839 (iners.
1242 847 1247 854 _

436 870 596 942 [Ibid
629 870 826 932 Sitidas
851 892 865 930 :
902 878 1353 953 Ῥεφερενδάριος
1381 882 1692 963 Ῥωμαϊκὸν
1716 887 1938 959 ἀξίωμά

360 964 539 1028 ἐστιν,
566 969 733 1035 ἤγουν
759 970 1087 1041 ἀναφορεύς.
1113 973 1329 1030 Nicetes
1353 975 1407 1037 in
1430 976 1619 1031 Alexio
1643 981 1884 1034 secundo
1916 1000 1930 1037 :

368 1054 476 1107 Τοῦ
516 1062 863 1133 πατριάρχου
903 1064 1211 1128 στείλαντος
1248 1067 1331 1129 εἰς
1365 1066 1464 1135 τὴν
1501 1068 1793 1123 δέσποιναν
1839 1073 1933 1126 τὸν

362 1148 557 1211 ἑαυτοῦ
588 1150 888 1221 ὑπηρέτην,
922 1152 981 1218 ὃς
1008 1155 1071 1207 ἐκ
1099 1153 1196 1208 τοῦ
1230 1155 1561 1228 προϐάλλειν
1593 1160 1674 1221 εἰς
1698 1161 1766 1212 τὰ
1826 1161 1928 1229 ἀρ-

356 1243 475 1309 χεῖα
504 1243 597 1297 καὶ
625 1243 1058 1315 διαπορθμεύειν
1098 1248 1210 1310 τοῖς
1248 1246 1533 1317 βασιλεῦσι
1563 1249 1632 1303 τά
1664 1251 1930 1322 βουλητέα

359 1334 452 1389 καὶ
473 1336 571 1399 τάς
599 1337 920 1417 ἀποκρίσεις
954 1338 1165 1393 ἰκεῖθεν
1199 1339 1356 1404 αὖθις
1408 1343 1737 1415 μεταφέρειν
1761 1346 1930 1401 παλα-

354 1426 498 1488 τίνος
525 1427 866 1496 ὠνόμασται.
894 1429 1166 1485 Allaliana
1203 1449 1217 1485 :
1255 1431 1316 1485 Ὀ
1341 1433 1763 1505 ρεφερενδάριος
1789 1438 1928 1490 ἀπο-

355 1518 708 1590 στελλόμενος
736 1524 817 1586 εἰς
849 1522 1143 1593 (ἄρχοντας
1166 1523 1263 1577 καὶ
1297 1525 1375 1594 Μ)
1412 1525 1684 1595 μεγάλους
1714 1531 1923 1600 ἀνθρὼ-

354 1623 490 1663 πους
521 1610 823 1696 μηνύματα
880 1614 1031 1682 παρὰ
1054 1614 1132 1682 τῷ
1195 1616 1447 1685 ἀρχιερεῖ
1492 1620 1787 1688 ἐγγράιρως
1830 1624 1927 1674 καὶ

352 1700 618 1769 ᾀγράφως
648 1705 827 1773 φέρει,
869 1703 1238 1775 καθεζόμενος
1300 1710 1390 1760 καὶ
1427 1711 1506 1771 είς
1532 1712 1631 1773 τὰς
1685 1714 1916 1791 κρίσεις.

352 1791 524 1851 Gesn.

2043 616 2200 668 simul
2261 635 2377 671 cum
2441 622 2724 677 eanstrisio
2792 624 3043 677 subservit
3100 627 3364 679 induendo
3434 644 3604 682 sacris

2048 703 2274 757 vestibus
2347 708 2719 776 sacriﬁcatura
2808 712 3074 779 pontifici.
3168 714 3229 767 Si
3304 729 3422 767 vero
3494 715 3608 767 hie-

2043 809 2345 849 romnemon
2393 798 2460 850 sit
2506 800 2772 865 sacerdos,
2803 800 2917 853 solo
2945 803 3152 854 nomine
3176 804 3603 873 ἱερομνημονεῖι

2042 899 2203 952 neque
2222 888 2358 938 enim
2396 887 2443 940 ei
2476 888 2591 941 licet
2613 891 2671 941 ἐν
2695 891 2815 953 ταῖς
2849 891 3180 960 ὑπηρεσίαις
3199 893 3305 946 τῶν
3338 894 3604 964 ἀρχιερα-

2037 976 2205 1028 τικῶν
2247 978 2624 1048 στολισμάτων
2646 982 2898 1036 διακόνου
2937 984 3088 1051 τάξιν
3127 987 3331 1056 τηρεῖν.
3380 986 3606 1042 Videtur

2036 1065 2218 1119 dicere
2272 1068 2718 1127 hieromnemona
2774 1075 3030 1142 pontilice
3099 1078 3273 1131 sacris
3340 1092 3605 1146 operante

2034 1172 2140 1210 non
2177 1173 2336 1227 posse
2364 1160 2580 1216 diaconi
2610 1162 2792 1219 ofﬁcio
2824 1165 2996 1238 fungi,
3031 1167 3078 1221 si
3134 1169 3207 1223 sit
3231 1172 3511 1235 sacerdos,
3547 1179 3604 1224 et

2036 1249 2117 1302 sic
2144 1250 2263 1305 solo
2300 1251 2523 1308 nomine
2566 1254 3013 1312 hieromnemona
3039 1259 3355 1327 esse.Quod
3395 1260 3602 1317 Citrius

2036 1341 2214 1397 hausit
2256 1358 2323 1398 ex
2385 1348 2749 1403 recentiorum
2786 1349 3098 1407 Grazcorum
3159 1354 3463 1418 error-ilius,
3497 1356 3593 1424 qui

2032 1436 2440 1504 reprehendunt
2507 1439 2730 1496 Latinos
2784 1444 2926 1511 quod
2991 1443 3044 1496 in
3097 1457 3285 1497 eorum
3351 1443 3599 1498 Ecclesia

2032 1528 2347 1583 sacerdotes
2437 1545 2577 1599 saepe
2655 1531 2955 1602 fungantur
3029 1548 3258 1588 minuere
3337 1534 3600 1595 diaconi,

2033 1617 2162 1671 dum
2241 1631 2654 1677 sacrosanctum
2703 1624 2884 1678 missa:
2945 1624 3273 1677 sacriﬁcium
3350 1623 3599 1678 oll‘ertur.

2031 1708 2276 1778 [mprobe
2321 1712 2593 1781 profecto,
2648 1713 2827 1782 inquit
2882 1712 3094 1766 Manuel
3153 1713 3341 1766 Caleca
3409 1724 3599 1765 contra

2028 1801 2246 1858 Graecos
2289 1818 2363 1869 tv,
2410 1804 2473 1857 21
2517 1822 2533 1860 :
2571 1805 2816 1875 ignorant
2863 1806 3023 1865 enim,
3082 1805 3206 1872 quia
3281 1804 3325 1855 is
3388 1804 3601 1871 quidem

422 1882 565 1938 Ibid.
612 1884 1346 1959 .06101trnﬂat0)‘pd§(dv.
1373 1891 1560 1945 Latine
1600 1912 1630 1944 a
1671 1910 1916 1948 comntcn-

2032 1894 2279 1964 quiquod
2301 1895 2473 1964 majus
2494 1884 2577 1949 “est
2598 1873 2771 1961 habet,
2792 1896 2958 1949 etiam
2985 1896 3124 1965 quod
3149 1894 3320 1947 minus
3349 1903 3426 1947 est
3451 1895 3602 1960 ejus-

352 1972 506 2026 tariis
542 1989 636 2028 seu
685 1981 1189 2044 commentariensis,
1222 1981 1508 2034 scribendis
1534 1985 1927 2039 commentariis

350 2066 757 2136 prafectus,qui
806 2067 1009 2123 Graecis
1068 2069 1231 2125 etiam
1278 2071 1851 2143 ὑπομνηματογράφος
1874 2087 1928 2130 et

350 2161 787 2229 κομενταρεσιος.
807 2160 1017 2217 Nomen
1070 2162 1231 2217 ofﬁcii
1272 2180 1380 2217 non
1402 2173 1623 2219 .tantum
1673 2166 1927 2221 ecclesia-

348 2251 493 2318 stici,
537 2253 708 2307 sedet
736 2253 962 2321 politici,
992 2254 1183 2311 saltem
1224 2256 1366 2325 apud
1417 2256 1665 2315 Latinos.
1723 2258 1790 2311 de
1819 2273 1927 2327 quo

350 2343 520 2405 multa
575 2343 843 2403 Baronius
898 2346 965 2401 ad
1011 2345 1527 2418 Martyrolog.tom.
1600 2347 1793 2402 XXV"
1838 2349 1927 2404 die

348 2434 546 2490 Martii.
581 2436 892 2495 Boneﬁdius
924 2439 1089 2494 vertit
1119 2442 1442 2494 actuan’um.
1470 2440 1649 2496 Guers
1679 2440 1698 2513 ]

420 2525 576 2597 137
601 2526 683 2598 [Ρ.
701 2530 755 2584 4.
778 2530 1046 2587 Allatiana
1075 2533 1165 2587 :'0
1187 2533 1762 2604 ὑπομνηματογράφος
1792 2538 1924 2588 καο-

343 2618 599 2688 δεξόμενος
651 2624 730 2684 εἰς
763 2624 979 2692 ψήφους
1038 2626 1381 2689 επισκόπων,
1414 2630 1509 2679 καὶ
1547 2628 1769 2696 γράφει,
1795 2630 1846 2680 εἴ
1874 2646 1923 2681 τι

343 2710 506 2765 αὑτὸν
538 2712 801 2783 ὁρίσωσιν
825 2715 1041 2784 ἀληθῶς
1068 2715 1134 2785 (οι
1165 2718 1443 2787 ἀρχιερεῖς
1486 2720 1536 2771 l\l
1571 2720 1663 2787 qui
1717 2718 1862 2773 addit
1904 2738 1918 2773 :

345 2800 461 2865 ἐστι
490 2799 546 2855 δὲ
573 2804 794 2874 οἰκέτης
839 2806 940 2875 τῆς
994 2809 1258 2879 δευτέρας
1319 2809 1631 2878 πεντάδος).
1679 2810 1920 2867 Joannes

346 2893 478 2950 Citri
508 2897 800 2967 episcopus
833 2897 887 2952 in
920 2897 1080 2970 Resp.
1109 2899 1245 2967 iuris
1276 2899 1391 2954 GR.
1430 2901 1468 2956 l.
1501 2918 1533 2953 ν
1569 2920 1581 2954 :
1622 2902 1918 2966 Νοσοῦντος

349 2989 532 3055 μέντοι
563 2990 657 3042 τοῦ
689 2990 1156 3083 χαρτοεῖύλακοςῆ
1194 2992 1744 3089 ἀτεοιῗτιμιοῦνὶξς«ςὲινιτ⁹
1776 2998 1918 3050 ὲκεί-

343 3099 435 3140 νου
481 3083 557 3152 τῷ
611 3064 1179 3155 ὑπομνημῖτογράφῳ
1216 3087 1427 3139 ἀνεῖται
1458 3062 1771 3155 “finem;
1824 3091 1919 3141 καὶ

344 3174 649 3240 ἀνάγνωσις
675 3175 785 3229 τῶν
820 3173 912 3228 τοῦ
961 3177 1444 3245 χαρτοιρυλακικοῦ
1495 3178 1755 3248 σεκρέτου
1788 3181 1918 3233 ὑπο-

348 3268 772 3339 μνηματισμῶν.
810 3265 886 3319 Ex
910 3281 1020 3333 quo
1068 3268 1189 3337 ejus
1221 3283 1422 3324 munus
1477 3270 1919 3342 chartopltylacis

345 3358 522 3415 ollicio
559 3360 772 3414 videtur
808 3359 1163 3428 coniunctum
1188 3369 1242 3415 et
1275 3374 1471 3431 operas
1517 3363 1680 3417 etiam
1717 3363 1920 3419 habere

342 3462 637 3507 conuexas.
663 3448 857 3524 Ceam]

414 3539 491 3597 Po
506 3528 599 3596 r‘ro
621 3539 859 3609 Joannes
895 3543 1099 3605 Citrius
1128 3547 1181 3598 in
1216 3544 1329 3599 suis
1359 3544 1644 3614 responsis
1692 3545 1801 3599 alio
1830 3560 1923 3599 or-

342 3632 736 3693 dine-collocat
769 3644 821 3689 et
852 3645 1140 3695 enumerat
1172 3638 1269 3691 has
1290 3636 1697 3695 ecclesiasticas
1729 3637 1911 3708 digni-

342 3730 505 3782 tates.
552 3722 687 3781 Nam
735 3736 853 3793 post
894 3734 1116 3780 exocata
1150 3724 1318 3779 oculos
1367 3724 1545 3793 primo
1593 3724 1714 3783 loco
1768 3719 1920 3794 ponit

345 3815 775 3877 protonotarium
797 3854 811 3878 ,
844 3816 1084 3870 secundo
1130 3804 1730 3885 ὑπομνηματογράφον,
1758 3819 1917 3871 tertio

343 3904 697 3973 lagothctam,
732 3919 926 3978 quarto
954 3907 1328 3973 canstrisium,
1364 3909 1556 3978 quinto
1607 3910 1915 3962 liicr'omne-

346 4012 529 4061 mona,
555 3999 647 4067 qui
701 3999 846 4068 apud
890 4000 1157 4055 Codiuum
1212 4000 1425 4069 primus
1478 4009 1561 4055 est
1594 4001 1645 4054 in
1683 4001 1916 4070 peritade

345 4086 526 4147 tertia,
558 4098 712 4142 sexto
742 4072 1200 4153 referendarium,
1225 4089 1317 4159 qui
1338 4091 1390 4143 in
1416 4091 1645 4158 peutade
1672 4093 1915 4145 sccunr'a

341 4184 595 4253 quartum
636 4177 811 4232 locum
846 4188 1015 4232 tenet.
1054 4181 1257 4231 Cas-rs.

918 4266 1154 4322 CAPUT
1194 4268 1306 4321 VII.

409 4355 485 4417 De
545 4357 718 4409 tertia'
767 4357 995 4426 pentade
1067 4358 1364 4435 ofﬁciorum
1419 4366 1468 4412 et
1509 4358 1841 4428 oﬂicialium.

406 4446 468 4502 P.
504 4446 559 4499 5.
592 4445 788 4502 Tertiae
811 4448 1059 4517 pentadis
1086 4450 1292 4526 primas
1320 4458 1465 4504 tenet
1488 4451 1515 4502 ὁ
1538 4450 1908 4520 ἱερομνήμων,

2032 1983 2151 2034 dem
2185 1986 2389 2051 generis
2418 1985 2568 2038 habet
2589 1986 2905 2049 necessario,
2939 2001 3040 2039 non
3072 1994 3250 2039 autem
3271 2001 3297 2039 e
3324 2000 3598 2037 conuerso.

2030 2072 2199 2127 Homo
2231 2075 2369 2127 enim
2417 2076 2731 2129 rationalem
2767 2076 2961 2129 habens
3005 2077 3244 2129 animam
3305 2073 3598 2127 sensibilem

2029 2180 2229 2233 quoque
2282 2175 2329 2217 et
2364 2165 2698 2234 uegetabilem
2744 2166 2841 2220 sub
2888 2182 2950 2220 ea
2975 2166 3125 2220 habet
3161 2180 3364 2231 :neque
3400 2176 3600 2224 tamen,

2027 2271 2143 2323 qua!
2227 2257 2501 2326 vegetabili
2559 2259 2741 2310 anima
2794 2268 3056 2323 utuntur,
3130 2256 3367 2311 sensibili
3433 2257 3598 2309 etiam

2026 2359 2075 2399 et
2160 2349 2413 2402 rationali
2472 2352 2770 2412 potiuntur.
2826 2350 2996 2419 Atque
3069 2351 3249 2402 itidem
3308 2349 3364 2401 in
3420 2348 3543 2401 aliis
3581 2387 3597 2408 ,

2027 2442 2131 2492 sire
2212 2441 2445 2493 humana
2521 2442 2625 2495 sive
2678 2442 2857 2494 diuina
2924 2442 3182 2509 inspicere
3254 2442 3367 2509 quis
3449 2441 3594 2493 uelit.

2031 2531 2189 2599 138
2214 2529 2411 2599 Nempe
2433 2541 2480 2584 et
2509 2532 2782 2597 Dominus,
2804 2533 3091 2586 secundum
3113 2532 3370 2585 hominem
3388 2533 3595 2600 primus

2026 2627 2278 2677 exsistens
2295 2636 2340 2677 et
2362 2626 2624 2677 maximus
2647 2624 2912 2690 sacerdos,
2929 2640 3032 2679 non
3056 2625 3192 2689 ideo,
3208 2627 3335 2694 quia
3363 2624 3595 2676 ministri

2023 2716 2260 2769 habitum
2300 2725 2347 2767 et
2398 2717 2747 2768 ministerium
2792 2715 2946 2784 pedes
2983 2715 3241 2769 abluendo
3260 2715 3591 2775 monstravit,

2024 2807 2306 2861 sacerdotii
2332 2808 2572 2876 confudit
2596 2810 2855 2862 ordinem.
2909 2806 2979 2859 Et
3011 2807 3092 2859 hic
3123 2808 3285 2875 igitur
3322 2808 3590 2864 sacerdos,

2022 2903 2267 2967 quoniam
2310 2899 2577 2964 inferioris
2614 2900 2905 2952 sacerdotii
2938 2899 3135 2968 gradus
3167 2898 3221 2951 in
3245 2914 3299 2950 se
3327 2898 3440 2961 ipso
3461 2912 3589 2948 con-

2022 2992 2174 3050 tinet.
2199 3001 2401 3043 constat
2437 2991 2560 3059 quia
2594 2991 2832 3043 omnibus
2875 3006 2992 3059 qua:
3010 2991 3106 3043 sub
3140 3004 3195 3043 se
3214 2998 3334 3041 sunt
3362 2988 3592 3056 legitime

2024 3082 2220 3135 utetur.
2238 3082 2361 3137 llaec
2381 3082 2642 3152 pra-clare
2659 3082 2874 3147 Caleca,
2895 3082 3037 3152 apud
3051 3095 3212 3150 quem
3236 3080 3393 3150 plura
3421 3079 3588 3144 leges,

2021 3173 2066 3228 si
2108 3173 2260 3229 velis.

2101 3266 2357 3319 Additad
2396 3277 2700 3321 extremum
2748 3265 2953 3320 Citrius
3003 3248 3205 3333 injuste
3255 3263 3435 3319 facere
3467 3262 3590 3315 illos

2029 3358 2336 3425 poutitices,
2360 3359 2453 3427 qui
2493 3358 2925 3411 liieromnemoni
2960 3356 3272 3411 testimonia
3309 3358 3372 3408 de
3404 3355 3509 3408 vita
3538 3364 3591 3405 ιιι

2028 3448 2275 3501 mor-ilius
2319 3463 2507 3503 eorum
2545 3448 2635 3517 qui
2690 3447 2754 3501 ad
2816 3461 3005 3503 sacros
3060 3447 3285 3501 ordines
3346 3448 3592 3515 aspir-aut

2025 3538 2361 3593 discutienda
2418 3549 2471 3593 et
2529 3539 2890 3593 examinanda
2953 3538 3362 3603 tradunt:lioc
3432 3538 3581 3591 enim

2025 3631 2298 3697 pertinere
2318 3631 2384 3684 ad
2417 3631 2659 3685 ofﬁcium
2693 3630 3164 3702 cliartophylacis.

2093 3723 2337 3778 Codinus
2362 3725 2472 3776 Ilaec
2505 3724 2606 3777 tria
2640 3723 3076 3777 ltieronmemoni
3126 3722 3337 3783 tribuit,
3369 3720 3590 3790 βλέπειν

2022 3815 2120 3875 τὰς
2155 3814 2322 3884 εὐχὰς
2351 3815 2579 3868 omam
2613 3814 2707 3867 τοῦ
2742 3813 3067 3882 ἀρχιερέως,
3091 3812 3266 3865 uidere
3309 3822 3455 3874 vota,
3484 3811 3587 3871 hoc

2021 3917 2107 3962 est
2150 3905 2427 3976 su/fragia,
2454 3908 2503 3959 in
2533 3906 2893 3969 electionibus,
2922 3920 3056 3971 pone
3085 3904 3410 3966 sacerdotem
3440 3920 3588 3957 sant-

2021 4014 2186 4059 mum,
2230 3999 2309 4051 vel
2346 4013 2376 4050 a
2413 4008 2562 4066 tergo
2586 3997 2788 4051 summi
2818 3996 3141 4060 sacerdotis,
3173 3996 3277 4050 hoc
3304 4004 3385 4049 est
3418 3998 3589 4062 patri-

2019 4088 2196 4143 archae
2230 4087 2461 4152 ;deinde
2487 4092 2704 4157 κρατεῖν
2732 4089 2822 4143 τὸν
2854 4088 3265 4159 ὲνθρονιασμδν,
3295 4087 3586 4155 habercjus

2017 4176 2312 4229 collocandi
2334 4175 2561 4229 electum
2591 4179 2642 4228 in
2667 4178 2875 4241 throno,
2892 4192 3011 4239 seu,
3033 4185 3091 4230 ut
3108 4175 3271 4246 vulgo
3290 4175 3587 4244 loquimur,

2017 4268 2412 4322 inthronizandi
2434 4283 2453 4329 ;
2479 4270 2636 4322 tertio
2676 4269 2900 4339 κρατεῖν
2930 4269 3024 4321 καὶ
3072 4267 3132 4320 τὸ
3163 4265 3451 4319 κοντάκιον
3485 4266 3587 4331 τῆς

2016 4360 2371 4430 χειροτονίας,
2413 4360 2616 4414 habere
2670 4359 2951 4427 etialnjus
3001 4358 3315 4427 auspicandi
3368 4374 3459 4410 seu
3495 4373 3584 4408 ca-

2019 4451 2175 4509 nendi
2214 4451 2511 4505 contacium
2548 4451 2600 4502 in
2634 4451 2967 4503 ordinatione
3013 4451 3222 4503 cantari
3251 4459 3580 4503 consuetum.

338 4537 431 4607 qui
454 4526 737 4592 'Bonelidio
773 4555 1046 4594 sacrorum
1099 4540 1423 4598 memorialis
1476 4547 1530 4595 et
1556 4556 1665 4594 uno
1736 4541 1903 4595 verbo
1933 4541 1985 4600 D
2014 4537 2089 4591 ιω
2127 4538 2342 4605 quidem
2365 4536 2584 4602 Junius,
2604 4538 2874 4606 cui,quod
2899 4538 3188 4591 κοντάκιον
3210 4541 3471 4592 canticum
3493 4540 3581 4595 in-

338 4630 700 4705 sircrimeutor,
748 4630 908 4686 Junio
934 4633 1174 4687 deterius
1226 4648 1499 4689 sacrorum
1540 4631 1756 4701 praesul.
1786 4632 1902 4701 Ego

320 4719 585 4793 .Graacum
642 4722 984 4778 retinendum
1020 4739 1240 4787 censeo,
1291 4722 1512 4793 quando
1589 4724 1733 4777 nulla
1794 4738 1898 4777 vox

340 4796 524 4865 Iuntina
544 4812 676 4868 satis
694 4824 814 4882 apta
836 4814 1092 4885 suppetit.
1108 4814 1311 4868 Guers.

405 4902 570 4983 [Ibid.
595 4904 859 4960 Allatiana
888 4920 1115 4961 rursus:
1152 4908 1210 4959 Ὀ
1237 4906 1583 4975 ἱεριιμνήμων
1613 4908 1795 4977 κρατῶ
1820 4908 1909 4960 νὲν

336 4997 401 5063 τῇ
436 4996 732 5063 παραδόσει
759 4995 999 5066 (φυλακῇ
1026 4996 1102 5065 Μ)
1132 4996 1297 5049 αὐτοῦ
1321 4998 1410 5071 τὴν
1444 4997 1648 5049 κώδικα
1678 4998 1758 5068 (τὸ
1784 5016 1903 5051 κον-

336 5087 525 5149 τάκιον
558 5085 633 5155 Μ)
686 5087 787 5161 τῆς
824 5086 1118 5156 ἐκκλησίας
1168 5087 1540 5156 squamosum
1592 5090 1743 5157 παρὰ
1795 5090 1902 5141 τῶν

341 5176 619 5247 κληρικῶν
644 5177 739 5229 καὶ
783 5176 878 5230 τοῦ
928 5178 1232 5255 ἀρχιερέως
1281 5178 1658 5246 ἐμϐαλάντιον.
1716 5180 1822 5230 Καὶ
1854 5181 1902 5229 εἰ

339 5269 437 5337 μὲν
465 5268 562 5327 οὐκ
591 5268 737 5322 ἔστιν
767 5269 1084 5331 ἐπίσκοπος,
1119 5269 1324 5337 μᾶλλον
1350 5270 1651 5334 ἐγκαινὶζει
1700 5269 1901 5335 ἐκκλη-

335 5361 457 5413 σίαν
504 5359 653 5414 νέαν.
714 5358 1015 5433 Σφραγίζει
1065 5359 1121 5411 δὲ
1180 5360 1274 5411 καὶ
1309 5358 1691 5425 ἀναγνώστας.
1746 5358 1899 5412 lluuc

334 5452 505 5506 ϐπερὶ
589 5451 781 5523 volunt
843 5466 965 5505 esse
1052 5451 1367 5515 diaconum,
1473 5466 1596 5505 cum
1667 5451 1891 5505 subscr-

334 5542 443 5595 viut
501 5542 764 5611 pontiﬁci,
827 5541 913 5594 cui
964 5541 1183 5593 diaconi
1259 5556 1324 5594 ev
1415 5540 1593 5593 olﬁcio
1680 5538 1882 5592 debent

336 5632 808 5689 ministrarc.Vide
832 5632 1062 5687 Citrium
1103 5641 1224 5701 apte
1248 5642 1300 5685 et
1321 5632 1528 5686 erudite
1556 5632 1622 5684 de
1657 5631 1757 5685 hoc
1780 5631 1891 5684 dis-

336 5734 603 5778 serentem
644 5723 762 5777 loco
789 5723 1059 5793 superiori
1094 5733 1216 5775 nota
1248 5724 1439 5778 citato.
1471 5721 1668 5793 GOAR.]

394 5798 480 5868 'De
503 5816 627 5888 ejus
659 5817 833 5869 oﬂicio
862 5814 971 5869 lucc
1000 5814 1203 5869 Citrius
1231 5830 1241 5863 :
1289 5802 1739 5868 llicrmunemonis
1772 5817 1891 5883 tif/5-

2016 4637 2345 4699 terpretatur
2373 4638 2422 4684 et
2458 4630 2546 4683 hic
2577 4629 2672 4683 fol.
2695 4628 2829 4684 lOet
2861 4629 2956 4684 [οι.
2987 4629 3109 4696 114,
3138 4631 3391 4685 assentiri
3423 4646 3582 4700 pror-

2015 4737 2111 4776 sus
2156 4737 2263 4775 non
2315 4737 2560 4790 possum.
2599 4722 2878 4775 Canticum
2928 4722 3077 4777 enim
3133 4723 3385 4794 generale
3442 4732 3576 4776 est:

2014 4812 2276 4882 quidquid
2308 4813 2449 4865 enim
2484 4812 2602 4866 cani
2637 4818 2833 4881 potest,
2868 4812 2918 4866 id
2976 4811 3165 4884 utique
3192 4822 3337 4867 recte
3364 4813 3466 4865 dici
3488 4829 3584 4880 p0-

2016 4914 2120 4957 test
2148 4904 2433 4958 canticum.
2469 4903 2537 4955 At
2567 4903 2852 4957 κοντάκιον
2887 4912 2971 4957 est
3000 4904 3274 4975 peculiare
3300 4903 3578 4973 quoddam

2015 5010 2207 5064 genus.
2236 5004 2293 5047 ut
2317 5004 2537 5063 patetcs
2558 4993 2874 5051 Grarcorum
2910 4995 3064 5051 libris
3087 4998 3403 5061 ritualibus,
3428 5001 3576 5051 sicut

2012 5096 2067 5139 et
2102 5086 2239 5151 apud
2297 5086 2517 5141 eosdem
2568 5084 2773 5154 εἱρμοί.
2833 5087 3093 5155 traparia,
3156 5103 3403 5151 canones,
3439 5089 3577 5143 adre.

2012 5178 2298 5239 theotocia,
2327 5177 2580 5245 στιχηρά,
2614 5175 2946 5244 καθίσματα,
2973 5177 3295 5247 προσόμοια,
3321 5189 3452 5241 etc.,
3486 5193 3579 5245 pc-

2008 5270 2235 5322 culiaria
2287 5271 2533 5337 qumdam
2591 5276 2718 5321 sunt
2755 5267 3113 5324 ecclesiastici
3145 5268 3284 5323 ritus
3325 5270 3575 5324 modula-

2013 5361 2197 5424 mina;
2248 5360 2700 5429 quemadmodunt
2732 5357 2892 5412 etiam
2926 5360 3068 5426 apud
3119 5359 3340 5413 Latinos
3371 5376 3571 5420 versus,

2013 5451 2280 5511 uersiculi,
2317 5451 2635 5514 antiphonw,
2695 5450 2973 5519 graduale,
3025 5459 3251 5513 tractus,
3304 5454 3574 5518 sequentia

2012 5554 2066 5598 et
2095 5543 2291 5594 similia
2314 5551 2421 5595 tam
2445 5543 2497 5594 in
2520 5542 2703 5594 divino
2734 5540 2915 5593 missae
2937 5539 3207 5594 sacriﬁcio
3233 5554 3396 5607 quam
3420 5550 3570 5591 cura

2014 5635 2348 5701 inprecilms
2362 5632 2983 5686 ecclesiasticisusitata.
3006 5629 3189 5695 Quare
3218 5645 3314 5699 per
3347 5646 3575 5700 genera-

2012 5725 2079 5777 lia
2117 5724 2374 5777 vocabula
2402 5722 2594 5775 idonee
2624 5737 2729 5773 non
2757 5710 3173 5788 exprimuntur.

2082 5816 2335 5871 Secundo
2367 5816 2709 5868 vclwuwntcr
2748 5813 2958 5878 dubito,
2993 5827 3121 5865 num
3152 5810 3371 5880 βλέπειν
3398 5808 3566 5879 εὐχάς
