3936 6594
354 348 464 460 ιειᾲ

1444 386 1824 447 GRETSER]
1869 387 1961 447 ET
1982 387 2217 447 00AM
2257 387 2497 451 NOT/E.

2210 274 2230 297 Χ

3495 378 3597 442 ibi

348 506 430 558 sit
450 501 582 557 illud
603 498 746 571 quod
764 496 874 552 vult
906 496 1135 552 Junius:
1165 510 1290 549 nam
1325 496 1491 561 εὐχὰς
1526 512 1621 565 pro
1642 498 1913 572 suﬂ'ragiis

2034 509 2097 552 tsi
2120 500 2179 552 τὸ
2204 499 2401 569 βραχὺ,
2429 499 2491 551 τὸ
2522 496 2787 567 σύντομον
2820 494 2915 550 καὶ
2950 488 3404 561 συνεσταλμένον,
3431 489 3485 543 id
3518 499 3594 541 est

348 592 537 662 accipi
559 587 696 658 apud
724 586 964 651 Graecos,
996 584 1159 637 etiam
1187 583 1539 644 recentiores,
1572 585 1757 639 nescio
1790 601 1918 637 num

350 681 609 749 exemplo
639 679 820 747 aliquo
844 672 1206 731 demonstrari
1246 684 1432 743 queat.
1465 672 1659 727 Latine
1700 676 1918 744 quidem

352 773 527 843 vulgo
564 770 864 839 accipimus
920 778 1040 818 vota
1095 779 1193 832 pro
1241 765 1550 833 suffragiis:
1585 765 1677 820 sed
1739 767 1923 820 nescio

356 882 495 921 num
534 865 738 921 Grzccis
767 863 882 917 hac
904 861 1058 913 notio
1085 869 1296 927 recepta
1315 859 1423 921 sit;
1458 868 1604 913 certe
1624 859 1709 913 vix
1736 860 1921 914 credo.

355 959 427 1012 Et
467 958 595 1027 quid
630 955 842 1010 tandem
875 953 1004 1006 illud
1033 961 1137 1017 est,
1170 967 1300 1021 pone
1325 950 1651 1004 sacerdotem
1681 960 1799 1003 vota
1828 967 1922 1005 seu

354 1048 624 1117 sua'ragia
672 1047 922 1112 inspicere
953 1044 978 1096 ?
1017 1043 1122 1096 nisi
1168 1042 1313 1095 is1ud
1342 1040 1566 1093 ὄπισθεν
1626 1050 1923 1109 usurpetur

358 1157 461 1205 ιιι-υ
483 1149 623 1207 post,
655 1146 715 1191 ut
743 1150 937 1195 sensus
967 1138 1058 1197 sit,
1095 1144 1219 1204 post
1251 1133 1559 1202 pontiﬁcem
1589 1133 1779 1201 inspici
1810 1133 1925 1188 sui.

362 1231 561 1298 fragia,
589 1244 709 1299 quae
727 1227 930 1289 Graecis
951 1234 1009 1283 et
1039 1227 1141 1295 ipsi
1172 1226 1382 1282 Codino
1405 1226 1607 1295 passim
1632 1225 1826 1293 ψῆφοι,
1856 1226 1924 1281 ab

360 1322 826 1374 hieromnemone.
850 1316 965 1371 Nec
992 1331 1090 1384 per
1110 1315 1272 1385 εὐχάς
1302 1314 1524 1385 intelligi
1559 1316 1797 1369 arbitror
1825 1316 1924 1372 τὰς

359 1412 650 1481 ἐγγραφῦς
676 1408 785 1460 τῶν
811 1406 1128 1477 μαρτύρων,
1155 1406 1387 1472 scriptas
1434 1406 1656 1460 testium
1709 1405 1926 1475 deposi-

362 1510 540 1556 tiones
567 1502 634 1555 de
666 1502 770 1553 vita
801 1508 855 1553 et
882 1498 1125 1552 moribus
1179 1497 1635 1562 ordinandorum,
1691 1513 1922 1567 quarum

356 1607 592 1646 examen
614 1590 692 1645 ait
723 1589 928 1645 Citrius
950 1589 1311 1642 commissum
1329 1601 1393 1642 ex
1424 1586 1695 1654 imperitia
1715 1587 1926 1655 aliquo-

360 1700 483 1738 rum
505 1679 958 1736 hieromnemoni.
983 1679 1038 1731 in
1061 1692 1178 1732 eam
1202 1678 1366 1744 igitur
1380 1676 1924 1731 sententiamincliuo

356 1776 527 1845 εὐχάς
580 1774 892 1845 signiﬁcare
945 1770 1088 1841 apud
1129 1770 1397 1825 Codinum
1432 1783 1626 1840 preces
1679 1785 1774 1824 seu
1805 1783 1926 1838 pre-

2031 595 2200 654 breue.
2247 592 2695 660 compendiariam
2744 602 2793 644 et
2851 597 3203 642 contractum.
3282 583 3510 637 Proinde
3564 600 3594 632 ιι

2029 686 2274 738 brevitate
2295 685 2519 737 canticis
2573 683 2890 750 ejuscemodi
2942 694 3129 733 nomen
3175 677 3405 730 inditum
3447 682 3594 739 puto,

2030 795 2130 830 non
2170 778 2375 846 quidem
2410 776 2548 845 quod
2568 777 2803 829 omnium
2836 772 3164 831 brevissima,
3233 768 3323 822 sed
3351 766 3489 836 quod
3514 766 3596 817 in-

2032 879 2109 925 ter
2147 869 2453 922 brevissima
2499 868 2625 922 sint.
2663 863 2981 937 Hujusmodi
3031 878 3150 916 vero
3199 858 3596 915 nomenclatura

2030 960 2162 1013 nulli
2198 962 2330 1013 mira
2386 960 2644 1018 videatur,
2690 973 2806 1011 cum
2839 958 2894 1009 in
2957 953 3255 1008 ercorum
3317 947 3595 1002 ritualibus

2029 1051 2360 1105 lmicsiiniles
2401 1050 2581 1104 multo:
2612 1050 2959 1117 reperiantur,
2993 1046 3095 1099 imo
3151 1043 3311 1096 etiam
3363 1037 3597 1092 nonnul-

2030 1143 2096 1195 la:
2124 1158 2267 1196 voces
2297 1158 2414 1210 qua:
2438 1140 2517 1195 vel
2544 1140 2752 1196 Latina:
2807 1135 3036 1193 omnino'
3069 1145 3188 1189 sunt
3236 1132 3331 1201 uel
3387 1130 3596 1184 Latinis

2031 1235 2218 1302 af/ines
2242 1241 2290 1287 et
2320 1234 2384 1286 ab
2434 1234 2543 1288 illis
2590 1233 2742 1303 quasi
2793 1231 3064 1293 deductas;
3114 1224 3415 1294 cujusmodi
3476 1231 3598 1275 sunt

2029 1325 2287 1393 ὡράριον,
2328 1324 2673 1392 μανουάλιον,
2720 1321 3009 1391 φακέλλων
3069 1327 3117 1372 et
3173 1315 3393 1371 similia.
3456 1310 3597 1376 Quin

2030 1419 2182 1470 etiam
2206 1417 2251 1469 si
2276 1424 2507 1484 tempora
2530 1423 2578 1468 et
2622 1422 2828 1468 atatem
2885 1412 2978 1465 τοῦ
3011 1408 3238 1479 ποιητοῦ
3297 1408 3405 1459 τῶν
3469 1420 3597 1455 κον-

2029 1509 2234 1563 τακίων
2262 1520 2578 1572 scrutemur,
2611 1524 2797 1561 nomen
2825 1507 2917 1561 τοῦ
2971 1503 3258 1557 κονιακίου
3307 1499 3450 1553 haud
3517 1499 3601 1550 in-

2029 1598 2198 1652 solens
2219 1598 2499 1661 videbitur,
2528 1613 2648 1652 cum
2675 1597 2946 1651 Romanus
3000 1595 3256 1648 diaconus
3287 1590 3596 1646 Emesenus.

2031 1699 2088 1742 ut
2119 1689 2404 1743 liabeturin
2447 1689 2657 1744 Henceis
2684 1688 2996 1743 Grteeorum
3028 1700 3205 1739 mense
3237 1682 3454 1738 Octobri
3512 1680 3598 1733 die

2033 1783 2227 1848 prima,
2262 1782 2463 1849 primus
2492 1781 2600 1834 τῶν
2624 1780 2925 1833 κοντακὶων
2954 1786 3140 1832 auctor
3159 1784 3209 1830 et
3258 1774 3599 1828 concinnator

353 1869 623 1932 rationes,
656 1880 894 1936 eumque
926 1864 1063 1918 nihil
1092 1862 1238 1917 aliud
1262 1862 1394 1916 velle
1418 1877 1582 1931 quam
1613 1862 1921 1916 bieromne-

2037 1875 2305 1928 Anastasii
2336 1874 2664 1940 imperatoris
2698 1880 2873 1934 (etate,
2899 1872 2951 1924 id
2981 1879 3058 1924 est
3086 1870 3229 1923 circa
3254 1880 3451 1920 annum
3492 1863 3600 1916 Do-

355 1975 577 2014 omnem
619 1966 879 2029 tanquam
907 1955 1195 2013 diaconum
1231 1955 1471 2024 pontiﬁci
1509 1954 1562 2007 in
1592 1953 1811 2020 liturgia
1834 1968 1927 2008 sa-

354 2066 484 2106 cras
503 2064 695 2120 preces
741 2047 995 2103 recitanti
1032 2061 1169 2115 pone
1207 2046 1486 2109 assistere,
1539 2057 1607 2098 eo
1636 2044 1794 2098 modo
1820 2057 1927 2113 quo

350 2142 520 2196 etiam
551 2139 693 2209 apud
714 2154 816 2194 nos
836 2137 1051 2193 diaconi
1090 2136 1352 2191 assistere
1402 2134 1839 2189 sacriﬁcantibus
1873 2142 1927 2188 et

355 2248 553 2301 preces
582 2247 721 2302 quas
737 2230 968 2288 recitant
988 2228 1233 2299 aspicere
1255 2237 1312 2282 et
1345 2226 1473 2282 folia
1496 2213 1684 2281 itidem
1712 2234 1925 2282 vertere

350 2325 559 2379 solent.
592 2323 797 2379 (iners.

424 2414 514 2486 [1³.
558 2416 614 2471 5.
645 2415 763 2479 Qua
795 2414 863 2470 de
917 2428 1087 2470 causa
1118 2413 1207 2468 τὸν
1244 2411 1448 2465 κώδικα
1480 2412 1580 2478 τῆς
1629 2410 1924 2479 ἐκκλησίας

347 2523 524 2577 penes
555 2521 615 2562 se
642 2492 811 2570 tenet,
842 2505 1264 2575 patriarelticum
1296 2502 1454 2572 139
1481 2501 1731 2555 videlicet
1764 2515 1929 2554 ciere-

348 2597 596 2651 moniale
618 2597 700 2651 vel
717 2595 1121 2665 euchologium,
1142 2595 1448 2649 orationum
1474 2592 1925 2662 promptuarium,

345 2700 411 2744 ut
441 2705 567 2759 quia:
587 2700 714 2745 sunt
744 2690 948 2760 agenda
971 2689 1265 2742 dicendave
1286 2694 1562 2756 suggerat.
1588 2683 1782 2755 Gaure]

423 2780 856 2835 Euthronismus
885 2794 982 2835 seu
1004 2776 1455 2835 entbroniasmus
1494 2786 1546 2830 et
1571 2775 1664 2845 jus
1696 2774 1926 2829 contucii

256 2886 267 2891 '
345 2871 406 2923 in
445 2871 909 2932 cbirotonia,boc
968 2879 1051 2924 est
1084 2869 1432 2924 ordinatione
1472 2881 1572 2920 seu
1628 2865 1927 2934 inaugura-

345 2961 529 3022 tione,
568 2961 823 3016 distincta
849 2970 976 3015 sunt
1002 2975 1033 3015 a
1063 2961 1245 3028 priore
1270 2959 1480 3013 munia.
1511 2956 1715 3011 Gnsrs.

423 3048 520 3119 [Ρ.
548 3049 604 3105 5.
639 3049 899 3121 Reliquiae
930 3050 1034 3109 sub
1064 3050 1221 3105 altari
1263 3049 1555 3105 reconditae
1586 3049 1639 3101 in
1686 3045 1927 3102 ecclesiae

344 3141 779 3199 consecratione
808 3142 1225 3213 ἐνθρονίζονται,
1285 3133 1424 3197 teste
1480 3140 1816 3207 Eucltologio
1872 3138 1922 3188 in

2027 1966 2157 2018 mini
2193 1964 2688 2032 quingentesimum,
2721 1962 2988 2031 ﬂoruerit,
3024 1976 3125 2029 quo
3179 1966 3406 2024 tempore
3464 1968 3595 2020 pene

2026 2070 2306 2127 corruptus
2334 2065 2383 2111 et
2410 2057 2742 2124 adulteratus
2769 2065 2885 2108 erat
2915 2052 3130 2109 Grtccus
3165 2066 3357 2114 sermo,
3401 2059 3455 2102 ut
3504 2048 3599 2100 Irae

2026 2150 2162 2202 idem
2198 2164 2380 2205 nomen
2410 2147 2638 2200 ostendit
2661 2157 2708 2200 et
2733 2145 2848 2213 ejus
2874 2145 3050 2199 tctatis
3109 2142 3321 2196 locutio.
3385 2139 3449 2193 Et
3484 2138 3600 2192 hate

2028 2241 2245 2310 quidem
2272 2250 2417 2293 recte
2444 2253 2509 2293 ac
2535 2239 2694 2294 docte
2722 2237 2945 2293 Graecus
2970 2237 3096 2292 iste.

2098 2330 2365 2384 (la-terum
2403 2329 2688 2382 κοντάκιον
2723 2328 2900 2382 adhuc
2924 2341 3087 2380 uuam
3124 2324 3403 2378 notionem
3463 2320 3597 2374 sub-

2023 2417 2224 2488 iectam
2262 2417 2428 2471 liabet
2461 2432 2476 2471 :
2516 2417 2788 2486 signiﬁcat
2829 2414 2975 2469 enim
3028 2412 3194 2467 etiam
3249 2412 3448 2464 librum
3504 2423 3596 2461 seu

2029 2509 2289 2563 volumen
2317 2522 2412 2563 seu
2442 2506 2718 2581 codicem.
2749 2505 3039 2559 Balsamon
3090 2504 3156 2557 ad
3214 2503 3453 2556 Marcum
3505 2513 3597 2567 pa»

2027 2600 2324 2655 triarcham
2381 2598 2834 2661 Alexandrinum,
2874 2597 3144 2665 Respons.
3195 2595 3279 2649 δε
3342 2594 3598 2661 Ἔχοντες

2028 2692 2133 2744 τῶν
2164 2691 2414 2762 συνήθων
2444 2690 2614 2758 ἁγίων
2641 2689 2817 2760 εὐχῶν
2852 2688 3271 2756 ἀπαράλλακτα,
3313 2683 3380 2746 is;
3432 2701 3594 2762 μεῖοη

2028 2784 2306 2851 γραφέντα
2321 2784 2384 2836 ὲκ
2404 2781 2702 2835 κοντακὲων
2725 2779 3295 2848 καλλιγραφηοέντων,
3313 2776 3398 2828 διὰ
3427 2792 3599 2843 γραμ-

2028 2873 2215 2939 μάτων
2274 2871 2618 2941 Ἑλληνικῶν.
2664 2869 3127 2940 Ἀπροςδιονύσως
3160 2867 3318 2939 140
3368 2868 3600 2920 trahitur

2027 2978 2057 3016 a
2087 2964 2363 3018 Glossario
2391 2964 2458 3018 ad
2499 2965 2640 3018 hanc
2681 2965 2962 3017 notionem
3023 2961 3312 3014 contaeion
3368 2960 3434 3011 de
3490 2974 3601 3026 quo

2027 3057 2271 3111 Codinus
2304 3072 2354 3110 c.
2392 3057 2423 3109 7
2473 3056 2766 3125 ψάλλοντες
2811 3054 2873 3108 τὸ
2926 3055 3260 3113 κοντῶειονε
3318 3068 3445 3106 nam
3486 3054 3598 3106 'Itie

2027 3151 2303 3203 contacion
2328 3164 2436 3204 non
2484 3157 2563 3203 est
2626 3149 2798 3203 codex
2849 3163 2946 3202 seu
2989 3147 3243 3201 volumen
3290 3160 3386 3199 seu
3439 3145 3601 3211 liber,

345 3232 554 3287 ‘39de
593 3232 800 3293 οίδθῖοο
839 3233 958 3302 lPse
1010 3234 1304 3304 episcopus
1349 3233 1760 3288 consecratione
1800 3244 1922 3298 βετ-
1953 3213 1993 3267 C
2026 3242 2121 3296 sed
2146 3242 2394 3294 odarium
2422 3255 2662 3303 sacrum,
2691 3254 2885 3309 nempe
2918 3239 3052 3294 illud
3082 3237 3241 3307 cujus
3268 3236 3598 3300 initittm,'ll

344 3336 476 3380 acta
518 3326 715 3382 sedens
744 3340 869 3382 eum
902 3327 1233 3398 presbyteris
1274 3328 1332 3380 ὲν
1370 3325 1667 3395 συνορόνῳ,
1694 3327 1745 3377 in
1780 3324 1922 3377 (ltro.

350 3434 427 3471 no
452 3417 626 3471 altare
654 3418 1132 3481 circumambiente,
1162 3434 1355 3473 rursus
1407 3416 1772 3485 ὲνθρονεζεται
1836 3415 1923 3470 vel

349 3511 786 3581 ὲνθρονιάςεται.
819 3512 967 3567 Idem
1016 3512 1229 3569 domum
1288 3511 1356 3566 ad
1406 3511 1756 3581 praesulatum
1811 3508 1920 3578 pri-

350 3619 508 3659 mum
540 3613 781 3671 evectus,
805 3619 1229 3675 concessumque
1261 3590 1443 3659 sedem
1467 3614 1716 3659 recenter
1749 3616 1917 3657 occu-

352 3713 522 3763 pans,
562 3698 746 3753 verius
770 3697 1171 3766 ἑνθρονιάζεται
1224 3715 1238 3751 :
1294 3695 1437 3751 unde
1504 3695 1788 3751 Cedrenus
1862 3694 1916 3748 in

352 3788 685 3844 Constantio
740 3789 832 3843 τὸν
887 3789 986 3859 μὲν
1019 3788 1197 3856 inquit
1225 3788 1435 3841 Παῦλον
1461 3787 1715 3858 ἐξορίζει,
1746 3788 1835 3840 τὸν
1863 3787 1921 3840 δὲ

351 3881 690 3936 Μακεδόνων
719 3881 1074 3952 ἑνθρονιάζει.
1104 3880 1250 3951 Lego
1275 3896 1438 3952 quam
1481 3881 1715 3935 dilucide
1766 3880 1916 3935 Juris

350 3973 474 4029 GR.
494 3990 551 4044 p.
579 3974 676 4028 451
704 3975 1059 4044 ἐνθρονισμόν
1080 3989 1180 4043 pro
1227 3967 1488 4042 sportula,
1541 3989 1662 4042 quae
1711 3971 1921 4043 pende-

353 4065 524 4119 batur
546 4064 616 4117 ab
664 4063 927 4133 episcopo
986 4064 1402 4133 pauperioribus
1440 4062 1680 4129 clericis,
1715 4077 1836 4117 cum
1862 4061 1916 4114 in

352 4157 559 4212 solium
602 4156 1006 4212 collocaretur:
1055 4159 1232 4212 satius
1292 4167 1473 4212 tamen
1532 4171 1776 4212 asseram
1829 4157 1914 4211 vel

355 4249 571 4302 litteras
627 4248 872 4304 ecclesiae
928 4259 1281 4310 consecrate,
1341 4249 1424 4304 vel
1476 4250 1686 4305 similes
1746 4251 1922 4318 ipsius

352 4339 600 4409 cpiscOpi
627 4340 933 4396 consecrati
966 4350 1154 4408 testes,
1189 4341 1270 4395 vel
1299 4341 1531 4411 denique
1558 4341 1735 4408 ipsum
1768 4342 1919 4408 οι-πιὶο

355 4433 777 4504 nandiepiseopi
808 4450 873 4490 ac
904 4434 957 4489 in
987 4436 1182 4490 solium
1214 4435 1517 4490 collocandi
1571 4437 1732 4489 ritum
1799 4450 1922 4491 esse

2033 3334 2298 3402 παρθένος
2326 3333 2587 3403 σήμερον.
2630 3330 2721 3386 Sic
2752 3330 2893 3401 apud
2928 3329 3160 3384 Citrium
3193 3328 3246 3382 in
3302 3328 3601 3395 Responsis

2033 3425 2099 3480 ad
2125 3425 2427 3480 Cabasilam
2457 3423 2664 3495 (ἄρχων
2698 3424 2807 3477 τῶν
2841 3421 3165 3486 κονςακίων)
3197 3436 3292 3489 per
3355 3422 3598 3475 contaria

2034 3533 2143 3572 non
2175 3518 2413 3584 codices,
2441 3518 2534 3572 sed
2569 3531 2757 3573 sacras
2789 3517 2920 3571 odas
2961 3516 3168 3584 accipe.
3201 3514 3260 3569 In
3294 3524 3489 3568 nostro
3517 3522 3601 3566 ta-‘

2035 3625 2157 3663 men
2193 3611 2468 3678 proposito
2512 3625 2620 3664 non
2674 3609 2870 3677 injuria
2935 3608 3172 3673 dubitari
3231 3615 3437 3675 posset,
3470 3619 3598 3669 num

2034 3701 2323 3759 contacion
2374 3702 2572 3755 librum
2618 3715 2686 3754 an
2745 3700 2992 3769 odarium
3035 3699 3302 3770 signiﬁcet
3336 3716 3349 3752 :
3388 3698 3601 3752 videtur

2033 3791 2175 3843 enim
2202 3791 2263 3843 τὸ
2292 3774 2575 3845 κοντάέιον
2592 3792 2690 3860 τῆς
2708 3792 3046 3865 χειροτονίας
3073 3806 3196 3865 esse
3240 3780 3379 3844 liber
3429 3788 3601 3844 τῑιιιιιο

2034 3880 2122 3945 lis,
2154 3881 2207 3934 in
2235 3896 2343 3949 quo
2369 3882 2503 3936 ordo
2556 3881 2877 3937 ebirotoniae
2929 3898 3022 3938 seu
3072 3897 3243 3937 sacras
3293 3880 3595 3935 ordinatim

2033 3974 2117 4027 nis
2155 3973 2304 4038 insit,
2340 3988 2500 4043 quem
2540 3972 2948 4027 lticromnemon
2977 3986 3178 4030 teneat.
3208 3972 3350 4027 Nihil
3376 3972 3599 4035 deﬁnio,

2036 4065 2127 4120 sed
2158 4066 2334 4120 solum
2369 4064 2736 4134 suspicionem
2774 4078 2951 4119 meam
2990 4078 3205 4134 promo.
3228 4063 3351 4118 Ιιευο
3380 4064 3445 4117 de
3466 4077 3598 4117 cons

2034 4158 2195 4219 tacio,
2226 4156 2370 4226 quod
2410 4156 2608 4231 saepius
2635 4154 2790 4210 nobis
2811 4163 3081 4212 occurret.
3111 4153 3315 4209 Gnms.

2107 4243 2190 4317 [P.
2215 4245 2272 4299 5.
2308 4244 2383 4297 Τὸ
2409 4244 2727 4299 κοντάκιον
2756 4244 3123 4314 χειροτονίας
3151 4261 3164 4274 ·
3189 4244 3598 4301 ()rdinutionum

2036 4338 2269 4391 omnium
2304 4336 2538 4391 ordinem
2577 4354 2640 4391 ac
2674 4354 2857 4392 earum
2901 4338 3147 4391 ritualem
3194 4336 3414 4389 librum:
3448 4336 3598 4390 illum

2034 4428 2180 4483 enim
2202 4430 2484 4482 κοντάκιον
2518 4428 2606 4485 hic
2626 4430 2961 4494 manifestat,
2979 4429 3227 4498 quamvis
3248 4428 3378 4482 alibi
3409 4428 3596 4480 librum

352 4526 765 4595 ὲνθρονιασμὸν.
785 4525 859 4582 Ea
884 4526 951 4582 de
975 4541 1141 4582 causa
1165 4527 1393 4581 observo
1424 4526 1921 4582 bicromncmoncm
1958 4558 1999 4613 Β
2035 4518 2310 4574 missalcm
2329 4520 2490 4590 vulgo
2511 4520 2732 4586 indicet,
2755 4522 2837 4576 vel
2864 4520 3027 4575 etiam
3055 4520 3270 4573 brevem
3313 4519 3592 4572 modulum

356 4618 541 4678 adhuc
572 4624 776 4682 tenere,
807 4626 967 4687 prout
997 4618 1270 4673 subditur.
1292 4617 1449 4673 Gosu
1476 4616 1497 4687 1
1564 4674 1571 4683 ,

433 4710 513 4763 Ex
542 4709 631 4764 his
652 4724 774 4779 qua:
810 4710 878 4765 de
908 4710 1170 4766 contaciis
1192 4717 1247 4765 et
1276 4709 1459 4779 εὐχαῖς
1507 4710 1767 4776 diximus,
1793 4710 1887 4780 qui
1912 4741 1917 4746 -

356 4802 440 4855 vis
471 4801 725 4856 eruditus
780 4801 934 4855 nullo
971 4800 1190 4870 negotio
1216 4800 1484 4870 judicium
1550 4802 1685 4855 teret
1717 4802 1782 4856 de
1814 4802 1923 4857 illis

352 4907 479 4961 quae
512 4899 913 4947 commentatur
935 4890 988 4944 in
1018 4890 1240 4945 scholiis
1297 4891 1409 4944 suis
1434 4888 1634 4944 Junius
1675 4888 1769 4944 fol.
1793 4891 1921 4955 2i8,

351 4985 511 5051 ἓως
552 4984 989 5053 quotiescunque
1051 4983 1196 5037 enim
1257 4984 1552 5037 contacium
1616 4983 1921 5038 cautionem

351 5092 454 5131 seu
510 5078 871 5130 cantationem
929 5075 1112 5140 vertit,
1154 5076 1315 5131 toties
1372 5075 1761 5141 ballucinatur,
1823 5091 1923 5131 nec

349 5168 551 5222 ulloex
578 5166 701 5221 loco
725 5166 916 5221 Codini
944 5184 1130 5222 verum
1192 5176 1246 5222 et
1295 5166 1531 5222 solidum
1593 5168 1765 5222 errori
1823 5183 1924 5223 suo

346 5258 719 5327 patrocinium
776 5258 1024 5314 invenire
1079 5267 1274 5328 potest.

429 5348 712 5406 Ascribam
738 5349 1164 5406 lticAnconitani
1195 5330 1477 5420 cujusdam
1510 5352 1727 5421 origine
1746 5350 1918 5405 Graeci

339 5440 625 5511 judicium
650 5441 719 5494 de
778 5439 1051 5504 contacio,
1093 5440 1247 5509 cujus
1270 5450 1376 5494 tam
1420 5441 1676 5509 frequens
1735 5440 1787 5492 iu
1841 5441 1919 5493 ri-

344 5534 602 5589 tualibus
640 5530 955 5587 Graecorum
977 5532 1135 5587 libris
1163 5542 1219 5587 et
1247 5533 1301 5587 in
1333 5533 1542 5589 Codin
1571 5524 1796 5597 ntettti'o,
1826 5533 1919 5602 qui

340 5642 519 5693 super
552 5622 658 5677 hac
687 5639 744 5689 re
782 5630 1003 5694 rogatus
1043 5623 1189 5679 hunc
1219 5626 1273 5679 in
1339 5627 1557 5681 modum
1598 5628 1875 5694 rescripsit
1904 5642 1920 5693 ξ

342 5719 656 5773 Κωτάκιον
683 5729 785 5768 non
818 5714 1064 5768 Latinam
1095 5731 1288 5779 vocem,
1311 5717 1399 5770 sed
1430 5715 1668 5770 Grtecau:
1692 5733 1805 5771 esse
1827 5735 1919 5769 ar-

349 5812 551 5870 tutor,
572 5804 697 5862 licet
720 5808 1063 5867 vernaculam,
1104 5807 1302 5866 Κοντὸν
1334 5809 1469 5860 enim
1516 5807 1666 5859 hodie
1723 5808 1919 5863 (ir-uris

2030 4609 2169 4673 inter
2190 4609 2370 4665 ofﬁcia
2391 4611 2573 4665 divina
2592 4610 3016 4677 decantandum,
3038 4610 3106 4665 de
3127 4624 3235 4679 quo
3257 4624 3356 4664 nos
3377 4608 3596 4671 abunde

2026 4700 2088 4755 iu
2106 4702 2677 4783 Euchologiciszcoaa
2702 4702 2724 4775 ]

2096 4792 2157 4849 P.
2184 4794 2239 4850 5.
2273 4793 2584 4849 Secundum
2609 4796 2815 4853 locum,
2839 4795 2890 4848 in
2917 4794 3018 4848 hac
3045 4796 3200 4850 tertia
3238 4793 3479 4848 Pentadc
3505 4793 3600 4846 ob-

2025 4887 2160 4941 tinet
2179 4887 2208 4940 ὁ
2230 4887 2321 4941 ἐπὶ
2343 4886 2450 4941 τῶν
2474 4887 2745 4975 χονάτων,
2784 4886 3020 4940 minister
3056 4903 3088 4939 a
3117 4890 3353 4954 genibus,
3377 4883 3600 4953 κρεμῶν

2024 4979 2085 5029 τὸ
2128 4979 2469 5047 ἐπιγονὰτιον
2529 4978 2620 5031 τοῦ
2664 4979 2987 5049 ἀρχιερέως,
3038 4978 3335 5047 appendens
3380 4975 3600 5045 genitale

2029 5070 2341 5135 patriarcha:
2367 5088 2456 5125 seu
2494 5072 2689 5131 summi
2734 5072 3045 5129 sacerdotis.
3081 5070 3155 5124 Ita
3224 5069 3449 5135 Junius;
3504 5069 3595 5136 (ιυὶ

2028 5156 2190 5210 etiam
2220 5157 2279 5210 τὸ
2308 5159 2650 5227 ὲτςιγονάτιον
2674 5161 3131 5224 vocatinstratum
3174 5175 3421 5229 genuum.
3449 5148 3594 5228 quia,

2030 5259 2087 5311 ut
2124 5250 2321 5319 inquit,
2355 5268 2471 5307 cum
2502 5252 2808 5321 patriarcha
2858 5252 3351 5322 circumferebatur,
3392 5259 3446 5302 ut
3477 5266 3596 5319 per-

2027 5349 2237 5407 petuum
2267 5340 2431 5407 ipsius
2465 5342 2533 5394 ad
2566 5342 2867 5413 fundendus
2891 5360 3066 5413 preces
3094 5344 3328 5413 ofﬁcium
3386 5341 3594 5409 signi/is

2024 5441 2255 5484 curetur.
2291 5431 2514 5501 Mystica
2546 5434 2859 5501 explicatio,
2893 5449 3067 5504 eaque
3116 5445 3335 5504 promer
3368 5433 3593 5500 pulchra

2025 5532 2079 5577 et
2131 5522 2583 5582 festiva.Forsau
2648 5526 2791 5581 idem
2858 5528 3178 5597 mysterium
3245 5524 3585 5588 signiﬁcatur

2022 5630 2117 5683 per
2140 5615 2439 5684 pulvinum,
2469 5618 2562 5684 qui
2604 5618 2902 5687 principum
2933 5617 3167 5688 genibus
3199 5614 3392 5680 subjici
3421 5620 3475 5665 ct
3534 5613 3586 5662 iu

2024 5722 2147 5758 cum
2178 5722 2335 5758 usum
2385 5707 2732 5764 circumferri
2789 5708 3093 5763 eonsucvit.

2094 5798 2250 5855 Addit
2273 5798 2464 5854 Junius
2496 5817 2510 5855 :
2532 5801 2642 5855 Iloc
2657 5813 2826 5856 amem
2844 5800 3179 5866 ἐπιγι,νάτιον
3196 5792 3583 5864 appendebutnr
