3936 6608
228 473 305 535 161
1287 475 1682 537 GRE'I‘SERI
1727 476 1772 535 Ε

1882 472 2095 537 30AM
2126 474 2365 536 ΝΟἸίΕ.

3327 471 3439 534 162
3466 467 3473 473 ’

223 607 426 659 primum
465 608 653 646 menste
694 593 1019 645 subslratum
1065 605 1401 659 mensamque
1446 606 1537 643 seu
1598 585 1771 642 altare

1882 592 1962 637 lur
1994 583 2069 647 ὼς
2094 583 2485 654 ἀντιπρόσωπα
2511 581 2605 636 καὶ
2629 582 2897 635 ἀντίτυπα
2931 581 3038 634 τῶν
3083 581 3287 634 πολλῶν
3320 583 3440 652 μιν·

226 695 462 748 Lgentem,
494 683 545 734 in
609 683 788 750 frusta
843 683 1130 736 dissectum
1184 681 1486 750 pictumque
1522 678 1768 734 sacerdo-

226 776 338 825 tibus
384 773 668 837 distribuit,
722 786 779 826 ut
836 789 896 827 eo
947 772 1159 841 praediti
1204 772 1527 840 sacriﬁcium
1574 771 1765 839 offerre

225 870 383 931 queant
443 861 583 917 Sunt
615 864 784 932 igitur
810 863 1126 917 antimensia
1157 877 1218 916 ea
1243 877 1365 931 qua:
1419 861 1562 930 apud
1621 861 1766 915 Lati-

227 966 304 1006 nos
324 952 508 1021 lapides
532 956 832 1007 consecrati
864 969 960 1010 seu
983 970 1092 1009 ara:
1114 954 1407 1023 portatiles,
1431 954 1549 1009 sine
1566 954 1764 1023 quibus

227 1044 515 1097 sacriﬁcium
546 1044 662 1098 ﬁeri
700 1060 811 1099 non
854 1053 1055 1114 potest,
1119 1046 1164 1099 si
1226 1060 1332 1099 non
1390 1044 1650 1099 oﬁ‘eratnr
1706 1044 1763 1097 in

225 1136 353 1187 altari
406 1150 496 1201 per
555 1149 615 1189 se
684 1136 926 1205 alioquin
977 1145 1301 1191 consecrato
1356 1146 1411 1188 et
1487 1134 1760 1188 dedicato.

226 1224 452 1279 Dicuntur
505 1227 996 1294 antimensia,qnia
1056 1236 1188 1281 sunt
1237 1227 1360 1281 loco
1415 1241 1614 1280 mensa:
1668 1241 1762 1278 seu

226 1332 315 1370 ara
344 1328 669 1372 consecrata:
698 1318 928 1388 ejusque
966 1314 1138 1373 vicem
1170 1319 1450 1384 subeunt;
1518 1318 1762 1385 ﬁuntque

226 1424 276 1461 ex
328 1424 502 1477 panno
549 1408 728 1463 diviso
776 1420 823 1463 et
890 1410 943 1463 in
998 1409 1171 1465 frusta
1209 1407 1469 1472 dissecto,
1515 1424 1584 1461 ex
1627 1408 1760 1469 illo,

226 1502 432 1569 inquam,
454 1515 636 1570 panno
657 1502 750 1569 qui
769 1502 938 1555 altare
958 1501 1027 1556 ab
1048 1500 1308 1571 episcopo
1335 1500 1402 1554 de
1454 1515 1594 1552 novo
1624 1514 1754 1553 con-

226 1602 459 1646 secratum
487 1593 756 1647 vestiebat
786 1603 839 1646 et
863 1594 1096 1647 ornabat
1131 1610 1146 1646 :
1214 1592 1319 1646 hoc
1373 1593 1520 1647 cnim
1571 1592 1757 1661 operi-

228 1691 431 1734 mentum
455 1682 508 1735 in
539 1693 723 1751 partes
757 1682 995 1737 minutas
1044 1683 1343 1738 dissectum
1402 1682 1762 1738 distribuebat

226 1776 477 1846 episcopus
497 1778 899 1844 sacerdOtibus,
929 1789 987 1833 ut
1012 1791 1202 1848 postea
1232 1779 1468 1848 partium
1531 1779 1760 1832 istarum

1875 691 1984 727 σων
2016 675 2127 727 τῶν
2160 673 2596 744 καταρτιζόντων
2631 674 2729 741 τὴν
2760 673 2922 740 ἁγίαν
2968 672 3063 725 καὶ
3116 672 3439 745 δεσποτικὴν

1869 764 2166 834 τράπεζαν.
2209 765 2348 820 Sunt
2385 765 2533 821 enim
2561 766 2734 834 ipsius
2762 773 3096 819 consecrata:
3123 781 3323 820 mensa:
3343 780 3438 820 seu

1869 873 1979 913 arte
2011 859 2208 912 vicaria
2232 876 2246 913 :
2266 874 2392 913 nam
2413 867 2471 912 ut
2505 858 2647 912 idem
2686 857 3032 928 Nicephorus
3061 857 3214 921 dicit,
3232 859 3441 926 proprie

1872 967 2075 1005 mensas
2113 966 2206 1005 seu
2251 967 2376 1006 aras
2417 950 2727 1021 signiﬁcant
2781 966 2928 1019 quas-
2960 952 3285 1005 consecratio
3339 966 3438 1002 non

1868 1044 2240 1109 sancti/irati";
2276 1042 2455 1097 Monet
2492 1042 2655 1097 etiam
2693 1042 2794 1097 hoc
2844 1041 3185 1111 Nicephorus
3218 1061 3230 1094 :
3260 1040 3319 1095 Si
3348 1057 3441 1110 per

1867 1126 2226 1203 ignorantiam
2280 1134 2447 1187 lotum
2494 1134 2656 1203 fuerit
2714 1133 3108 1196 antimensiunt,
3170 1148 3275 1184 non
3314 1131 3439 1199 pro-

1868 1226 2300 1293 ptereuamittere
2321 1227 2799 1294 sanctiﬁcationem
2824 1240 2917 1278 nec
2973 1223 3256 1292 profanum
3290 1223 3437 1291 emci.

1865 1314 1974 1369 Pro
2014 1332 2122 1383 quo
2143 1316 2257 1379 alii,
2318 1318 2509 1370 vitiose
2548 1331 2777 1385 prorsus
2833 1316 3091 1384 nulloque
3158 1329 3345 1375 sensu,
3394 1314 3440 1366 si

1867 1406 2136 1474 impletum
2166 1407 2323 1475 fuerit
2352 1406 2728 1459 antimensium
2762 1423 2776 1459 :
2847 1406 3111 1458 nimirum
3132 1419 3232 1473 pro
3267 1402 3439 1471 πλυοῇ
3494 1440 3517 1461 ,

1865 1496 2114 1566 legerunt
2144 1496 2438 1566 πληθυνθῇ.
2476 1496 2606 1561 Qum
2632 1494 2825 1549 vitiosa
2864 1496 3022 1550 lectio
3079 1510 3110 1549 a
3164 1493 3443 1548 Boocﬁdio

1868 1588 2111 1659 profecta
2150 1596 2330 1643 exstat
2359 1588 2522 1641 etiam
2565 1598 2701 1644 tom.
2729 1586 2796 1643 Vl
2828 1586 3171 1642 Bibliotheca
3204 1583 3306 1640 SS.
3343 1582 3444 1637 l‘a-

1869 1693 2039 1735 Ulli“.
2676 1742 2679 1747 _

1940 1771 1995 1825 ln
2015 1771 2352 1841 Euchologio
2379 1767 2689 1824 Graecorum
2732 1769 3107 1838 praescribitur
3133 1767 3305 1832 τάξις,
3342 1766 3445 1821 hoc

227 1867 457 1922 beneﬁcio
475 1867 817 1924 sacriﬁcium
838 1870 894 1924 in
921 1871 1185 1927 altaribus
1212 1872 1376 1926 etiam
1415 1885 1523 1926 non
1572 1884 1765 1927 conse-
1801 1892 1842 1948 Β
1869 1874 1954 1919 csl
1986 1865 2180 1918 modus
2210 1872 2263 1917 et
2293 1866 2428 1917 ordo
2493 1861 2853 1916 consecrandi
2884 1860 3230 1915 antimellsia-
3256 1858 3444 1922 Quan-

226 1960 360 2012 cratis
382 1960 584 2015 oﬁ‘crre
612 1970 861 2029 possent.
899 1961 1106 2017 Gens.

282 2048 354 2121 [Ρ.
379 2051 432 2105 5.
457 2051 829 2119 Antimcnsia,
852 2055 1009 2123 quasi
1026 2069 1219 2108 mensae
1241 2068 1409 2107 sacra?
1431 2053 1539 2108 vice
1561 2066 1777 2107 assum-

227 2150 319 2211 pta,
344 2153 466 2197 sunt
530 2142 858 2199 Graecorum
884 2142 1082 2198 altaria
1146 2133 1630 2213 poriatilia,lintea
1686 2142 1773 2196 ni-

231 2231 396 2285 mirum
456 2234 636 2288 sacris
691 2232 939 2303 reliquiis
985 2233 1175 2300 ditata,
1243 2243 1520 2302 unguento
1559 2247 1775 2302 quoque

229 2337 359 2376 sacro
372 2322 612 2378 delibuta
661 2339 724 2379 ac
740 2324 1014 2394 pontiﬁcis
1039 2324 1419 2379 benedictione
1438 2324 1506 2377 ad
1555 2324 1773 2378 missam

229 2412 274 2465 in
295 2413 353 2467 iis
372 2413 747 2469 celebrandam
779 2413 1046 2470 dedicata.
1106 2415 1179 2470 Ut
1234 2430 1425 2468 eorum
1490 2428 1626 2469 usus
1689 2424 1774 2468 est

230 2503 272 2555 in
309 2504 701 2568 communione,
767 2505 859 2572 qui
913 2504 1077 2575 hujus
1119 2519 1309 2561 curam
1351 2504 1603 2574 suscipit,
1664 2503 1773 2559 illis

230 2597 394 2664 pratici
415 2603 699 2652 asseritur.
718 2596 918 2668 Gonn]
972 2602 976 2606 '

285 2687 537 2749 Quocirca
586 2690 788 2759 quaerit
835 2690 926 2744 ille
987 2689 1040 2743 in
1098 2687 1229 2744 Jure
1278 2687 1774 2754 Graecodlomano,

227 2780 333 2846 quid
361 2780 656 2847 faciendum
684 2782 732 2835 si
766 2780 932 2835 desint
959 2782 1297 2846 antintensia,
1355 2796 1473 2833 cum
1497 2847 1500 2850 .
1524 2781 1640 2834 sine
1692 2780 1775 2834 Itis

228 2869 457 2922 celebrare
484 2885 588 2924 non
626 2871 839 2926 liceat!
868 2868 1211 2940 Responsum
1244 2870 1326 2924 his
1352 2870 1533 2925 verbis
1577 2870 1773 2924 datur:

228 2961 521 3015 Antimensia
552 2962 606 3014 in
640 2962 881 3016 omnibus
909 2963 1104 3017 sanctis
1145 2963 1337 3017 mensis
1365 2961 1492 3029 (hoc
1525 2969 1607 3014 est
1635 2960 1775 3014 alta-

231 3052 377 3121 ribus)
418 3055 542 3121 poni
572 3070 778 3108 necesse
809 3071 909 3107 non
961 3063 1062 3118 est,
1093 3055 1183 3109 sed
1231 3055 1284 3107 in
1351 3055 1418 3108 iis
1475 3055 1540 3108 de
1588 3054 1774 3124 quibus

230 3144 452 3197 incertum
489 3162 614 3197 num
647 3155 972 3200 consecrata:
993 3148 1099 3200 sint
1126 3161 1305 3201 necne.
1336 3145 1478 3199 Nam
1500 3146 1766 3199 antimen.

1881 1955 1966 2016 do,
1994 1954 2189 2023 inquit,
2240 1957 2537 2007 sacerdotes
2571 1954 2886 2007 antimensia
2922 1968 3111 2007 mensa
3148 1953 3441 2019 imponunt,

1876 2046 1985 2100 illis
2004 2061 2068 2107 ea:
2087 2046 2328 2100 cenantlte
2350 2062 2437 2100 seu
2467 2047 2596 2115 ﬂore
2618 2046 2726 2099 vini
2744 2044 3136 2112 superinfundit
3165 2044 3445 2112 episcopus

1880 2148 1959 2193 ter
1986 2148 2241 2208 quantum
2278 2141 2429 2204 satis,
2456 2139 2676 2192 recitato
2701 2138 2909 2191 interim
2941 2136 3177 2206 psalmo:
3212 2153 3232 2187 ι
3259 2137 3448 2203 Αψενο

1878 2246 1962 2299 ges
1992 2246 2092 2296 me,
2111 2230 2353 2295 Domine,
2401 2232 2648 2299 hyssopo,
2684 2238 2734 2283 et
2768 2228 3083 2293 mundabor,
3122 2227 3318 2281 lavabis
3344 2242 3445 2287 me,

1880 2333 1928 2375 et
1951 2338 2106 2390 super
2133 2322 2305 2375 nivem
2325 2321 2662 2376 dealbabora
2689 2321 2801 2376 Hoc
2825 2331 2903 2375 ter
2927 2321 3069 2375 dicto
3092 2320 3289 2388 reliqua
3311 2319 3450 2386 ejus-

1877 2416 1993 2467 dem
2017 2415 2212 2483 psalmi
2240 2412 2505 2483 adjungit,
2532 2413 2797 2482 Deumque
2838 2412 3140 2465 benedicens
3169 2412 3266 2474 ait,
3300 2429 3318 2460 ι
3348 2409 3447 2462 Be-

1878 2506 2111 2560 nedictus
2165 2505 2302 2558 Deus
2339 2515 2532 2571 noster,
2569 2519 2705 2557 nunc
2732 2513 2781 2557 et
2824 2519 3029 2572 semper
3064 2512 3114 2556 et
3147 2503 3203 2555 in
3251 2501 3448 2555 sterula

1877 2597 2211 2670 sa'culorum,
2241 2597 2427 2653 Amen.
2472 2615 2493 2649 ι
2554 2600 2747 2651 Postea
2768 2607 2980 2664 accepto
3016 2595 3159 2648 sacri
3200 2594 3449 2664 unguenti

1877 2706 2021 2753 vase,
2046 2698 2094 2741 et
2118 2689 2340 2741 diacono
2371 2690 2632 2742 clamante
2651 2727 2666 2754 ,
2695 2707 2713 2740 ι
2748 2689 3111 2751 Attendamus,
3146 2704 3167 2737 ι
3205 2686 3332 2754 facit
3359 2701 3451 2753 per

1878 2780 2251 2833 autimeusium
2284 2796 2459 2832 cruces
2496 2788 2622 2843 tres,
2683 2795 2843 2832 unam
2871 2795 2963 2848 per
2995 2779 3242 2838 medium,
3286 2777 3453 2829 utrin-

1875 2886 1973 2941 que
1992 2871 2148 2931 duas.
2175 2870 2522 2939 recitaturque
2543 2868 2777 2937 psalmus
2802 2887 2816 2924 :
2854 2886 2873 2921 s
2907 2868 3038 2923 Ecce
3066 2883 3223 2938 quant
3259 2869 3451 2921 bonum

1875 2971 1925 3017 et
1957 2977 2115 3031 quam
2134 2961 2455 3031 jucundum,
2496 2977 2516 3010 ›
2549 2976 2711 3030 usque
2730 2961 2798 3012 ad
2820 2961 3010 3029 ﬁnem;
3051 2960 3313 3029 Deumque
3340 2962 3451 3014 cols
3487 3002 3491 3010 λ

1876 3054 2103 3108 laudans
2119 3052 2249 3106 dicit
2265 3054 2534 3121 episcopus
2554 3066 2573 3105 :
2601 3069 2619 3101 ι
2646 3050 2827 3105 Gloria
2849 3053 2963 3117 tibi,
2989 3061 3172 3105 sancta
3197 3050 3447 3114 Trinitas,

1876 3144 2014 3199 Deus
2053 3152 2228 3197 noster
2271 3144 2327 3196 in
2359 3143 2579 3197 swcula.
2640 3161 2659 3195 ›
2708 3142 2905 3196 Deinde
2958 3151 3168 3210 accepto
3217 3142 3451 3203 turibulo

229 3235 293 3283 sia
329 3234 491 3288 locum
541 3237 770 3290 obtinent
822 3246 1248 3291 consecratarum
1298 3253 1618 3301 mensarum,
1681 3252 1771 3290 nec
1800 3227 1841 3284 Β
1876 3239 2139 3292 incensum
2177 3235 2341 3304 facit;
2369 3243 2420 3288 et
2448 3237 2667 3289 diacono
2684 3236 2921 3288 dicente:
2958 3251 2974 3283 ι
3008 3233 3228 3287 Oremus
3272 3232 3453 3286 Domi-

228 3324 282 3375 iis
304 3341 418 3391 opus
451 3336 526 3379 est
553 3328 642 3380 ubi
675 3343 885 3382 mensas
916 3338 1256 3384 consecratas
1288 3345 1398 3383 esse
1421 3337 1650 3382 constat.
1692 3328 1771 3383 Ex

230 3418 405 3481 quibus
429 3417 636 3486 liquido
691 3427 837 3487 patet
899 3435 1023 3490 quae
1074 3420 1182 3474 sint
1236 3421 1574 3484 antimensia,
1652 3420 1776 3489 quis

230 3516 388 3557 eorum
429 3521 581 3571 usus,
623 3522 819 3576 nempe
856 3505 999 3561 idem
1064 3524 1292 3576 prorsus
1346 3511 1440 3579 qni
1481 3509 1622 3577 apud
1670 3524 1773 3564 nos

233 3593 457 3648 altarium
498 3596 832 3665 portatilium
906 3613 1003 3653 seu
1062 3599 1322 3673 lapidum,
1383 3611 1444 3655 ut
1490 3614 1772 3666 vocamus,

233 3698 644 3751 consecratorunt,
676 3704 913 3758 quorum
945 3691 1209 3746 beneﬁcio
1236 3700 1410 3760 potest
1471 3691 1594 3761 quis
1612 3692 1774 3746 etiam

235 3777 280 3829 in
298 3795 390 3832 non
410 3792 726 3837 consecrato
754 3784 913 3838 altari
940 3783 1241 3838 celebrare.
1294 3783 1448 3850 Quod
1500 3800 1630 3854 ergo
1679 3798 1778 3840 nos

236 3878 496 3932 possumus
524 3871 626 3925 hoc
648 3873 850 3938 medio,
871 3872 926 3927 id
945 3870 1119 3926 Graeci
1140 3872 1373 3941 quihant
1399 3887 1493 3940 per
1516 3875 1780 3928 antimen-

235 3959 320 4021 sia,
348 3959 448 4015 hoc
475 3969 556 4016 est
583 3977 679 4031 per
698 3971 879 4032 partes
904 3964 1197 4031 tegumenti
1223 3962 1370 4018 illius
1398 3964 1541 4032 quod
1576 3979 1777 4018 novum

236 4051 401 4115 altare,
463 4054 681 4122 quando
750 4054 1008 4124 templum
1066 4055 1513 4120 consecrabatur,
1558 4069 1782 4123 operue-

238 4151 331 4195 rat.

296 4236 429 4291 Inter
462 4246 684 4293 caeteras
721 4238 1053 4308 quaestiones
1090 4235 1285 4293 Joanni
1330 4235 1503 4291 Citrio
1536 4237 1783 4306 proposi-

237 4338 306 4382 tas
337 4330 444 4383 hzcc
488 4332 649 4385 etiam
685 4346 792 4384 una
845 4343 983 4394 erat,
1012 4346 1078 4384 an
1112 4330 1425 4384 antimensia
1479 4328 1638 4381 etiant
1697 4344 1786 4380 va-

235 4418 353 4473 leant
378 4423 427 4474 in
449 4422 571 4477 aliis
602 4422 944 4491 provinciiset
964 4421 1288 4481 dioecesibus,
1307 4436 1373 4472 an
1399 4418 1569 4473 solum
1590 4421 1641 4471 in
1659 4418 1789 4472 dios-

1876 3345 2022 3395 num,
2049 3347 2068 3379 »
2108 3328 2185 3381 sic
2209 3336 2457 3395 precatur
2474 3310 2737 3394 pontifex.
2765 3324 3092 3380 Subduntur
3113 3324 3310 3379 deinde
3330 3340 3452 3394 pre-

1873 3433 1986 3487 ces,
2011 3434 2148 3489 quas
2169 3433 2333 3489 super
2350 3418 2670 3471 antimensia
2695 3417 2943 3485 pontifex
2968 3417 3146 3472 fundit
3171 3433 3188 3482 ;
3217 3432 3450 3486 quarunt

1874 3510 2146 3568 desiderio
2178 3510 2271 3581 qui
2311 3518 2546 3576 tenetur,
2585 3510 2631 3564 is
2663 3508 3054 3580 Euchologium
3090 3510 3359 3565 consulat.

1949 3601 2126 3656 Animi
2170 3617 2334 3657 causa
2365 3600 2516 3671 juvat
2573 3599 2774 3655 addere
2823 3600 3187 3669 quaestionem
3249 3599 3450 3655 Joanni

1876 3693 2047 3748 Citrio
2080 3692 2435 3762 prepositam,
2475 3690 2605 3760 quid
2646 3689 2836 3745 Grece
2872 3690 3145 3761 signiﬁcet
3193 3690 3453 3744 antimen-

1874 3788 2110 3852 sium,et
2137 3785 2411 3855 quomodo
2433 3784 2778 3839 scribendum
2817 3784 2907 3848 sit,
2956 3798 3085 3838 num
3123 3797 3222 3853 per
3254 3779 3360 3854 ἦτα
3382 3799 3451 3837 an

1880 3894 1974 3949 per
1993 3877 2145 3931 idm.
2160 3875 2239 3930 Ad
2265 3877 2406 3930 hanc
2429 3874 2790 3945 quaestionem
2815 3874 2887 3927 ita
2907 3872 3198 3943 respondet
3221 3873 3448 3927 Citrius:

1879 3968 2173 4038 Appellatio
2207 3968 2487 4020 deducitur
2520 3982 2551 4018 a
2587 3980 2787 4025 mensa,
2815 3964 2951 4032 quod
2980 3965 3267 4015 secundum
3299 3962 3451 4016 Grai-

1881 4074 1970 4113 cos
1995 4058 2200 4127 quidem
2221 4054 2485 4126 signiﬁcat
2506 4052 2701 4107 κανοῦν
2746 4053 3065 4116 canistrum,
3094 4060 3142 4103 et
3167 4051 3453 4103 secundum

1887 4151 2132 4206 Italicam
2160 4149 2397 4218 linguam
2413 4146 2475 4198 τὸ
2497 4142 3062 4215 πεπραγματευμένον
3085 4144 3198 4206 τοῖς
3229 4143 3453 4211 ἑψοποιο

1885 4246 1965 4307 οἷς
2008 4239 2550 4307 ὲδεστόν.1ηιθι-ρι·ρε,
2582 4236 2775 4291 Venale
2798 4234 3197 4304 propinatorum
3219 4233 3452 4287 edulium

1888 4337 1907 4408 (
1943 4350 2106 4406 quam
2140 4335 2276 4397 bene
2298 4332 2541 4394 Cra-cus,
2565 4340 2671 4383 tam
2707 4329 2846 4382 bene
2880 4325 3054 4381 Graeci
3111 4324 3376 4394 interpres
3408 4326 3449 4393 ).

1889 4426 2190 4480 Audiamus
2216 4433 2427 4476 caetera.
2447 4422 2563 4473 Hac
2602 4418 2806 4470 ratione
2848 4426 2896 4469 et
2924 4417 2979 4468 in
3009 4416 3201 4469 mensis
3223 4415 3453 4484 explica-

236 4514 549 4582 ccsiepiscopi
570 4515 886 4567 antimensia
906 4513 999 4565 illa
1016 4514 1368 4565 consecrantis
1383 4522 1430 4562 et
1449 4510 1866 4604 conficientis..D
1896 4531 1962 4575 ηε
1996 4534 2195 4587 ηιαρραν
2226 4515 2567 4567 "nummum;—
2589 4508 2860 4570 memalia,
2896 4518 3146 4576 tauquam
3187 4508 3257 4560 ad
3291 4523 3454 4558 οηιη.

240 4601 374 4673 147
410 4605 708 4673 Responsio
730 4615 814 4658 est
859 4605 1030 4657 valere
1069 4604 1273 4670 ubique,
1328 4603 1461 4654 sicut
1532 4588 1581 4654 et
1614 4602 1782 4667 ipsum

235 4710 419 4747 sacrum
451 4706 772 4767 unguentum
792 4707 844 4751 et
894 4697 1003 4750 alia
1064 4713 1239 4761 sacra,
1293 4694 1528 4765 quamvis
1585 4710 1688 4746 uno
1728 4693 1784 4773 in

235 4784 331 4837 loco
357 4790 707 4857 sanctiﬁcata,
725 4790 883 4842 semel
909 4798 1084 4842 tamen
1102 4788 1571 4855 sanctiﬁcationem
1595 4786 1783 4854 adepta

237 4877 407 4948 ubique
434 4898 546 4936 eam
576 4884 804 4936 retinent
837 4891 885 4935 et
913 4891 1182 4943 exserunt,
1220 4880 1397 4951 inquit
1427 4878 1656 4941 Citrins,
1688 4877 1782 4945 qui

235 4979 279 5022 et
306 4973 454 5026 docet
488 4975 803 5028 antimensia
830 4989 933 5026 non
983 4974 1151 5041 primo
1211 4972 1393 5024 statim
1439 4970 1783 5022 dedicationis

236 5060 307 5111 die
348 5063 648 5129 distributa,
713 5062 803 5117 sed
858 5073 969 5116 tum
1026 5065 1258 5127 demum,
1313 5061 1401 5113 ubi
1428 5071 1783 5130 tegumentum

238 5151 404 5206 altaris
443 5170 530 5220 per
548 5155 816 5224 sacriﬁcia
847 5164 1043 5221 septem
1080 5155 1343 5207 continuis
1373 5154 1553 5206 diebus
1605 5145 1783 5205 oblata

236 5246 680 5312 sanctiﬁcationem
712 5248 1021 5311 accepisset,
1046 5248 1098 5299 in
1147 5257 1321 5315 partes
1349 5246 1579 5298 divisum
1611 5253 1659 5296 et
1686 5260 1782 5313 pro

237 5338 541 5394 antimensiis
579 5341 921 5395 distributum
949 5357 1081 5395 esse.
1108 5341 1162 5394 ln
1191 5341 1434 5394 eamdem
1458 5339 1781 5394 sententiam

239 5425 550 5499 Nicephorus
621 5435 942 5504 patriarcha
998 5434 1318 5504 Cpolitanns
1375 5443 1506 5485 tom.
1562 5430 1581 5483 1
1635 5430 1783 5485 Jnris

239 5518 569 5589 GR.l'ol.29,
611 5526 964 5588 Antimensia,
1013 5527 1208 5595 inquit,
1281 5525 1571 5591 ubicunque
1624 5524 1783 5591 fuerit

238 5612 459 5681 iisoptts,
491 5620 794 5681 mittuntur,
846 5633 937 5670 nec
994 5618 1072 5669 uel
1138 5617 1236 5668 hac
1292 5614 1368 5668 vel
1426 5615 1521 5666 illa
1578 5615 1783 5678 regione

241 5707 736 5782 circumscribuntur.
764 5712 852 5763 sed
893 5711 948 5762 in
993 5708 1150 5762 aliam
1212 5723 1412 5777 quoque
1457 5707 1781 5774 provinciam

240 5797 604 5865 transferuntur
629 5801 764 5853 sicut
786 5808 834 5851 et
867 5815 1077 5852 sacrum
1127 5806 1465 5867 unguentum.
1504 5792 1662 5845 Addit
1686 5791 1777 5843 Ni-

242 5888 483 5955 ccphurus
514 5891 846 5945 notationem
879 5890 1118 5945 nominis
1154 5904 1168 5942 :
1208 5889 1293 5941 Sic
1315 5895 1488 5939 autent
1511 5882 1787 5952 appellan-

1887 4626 1998 4671 tum
2016 4623 2204 4663 mensae
2230 4605 2422 4673 posita.
2462 4600 2676 4670 Vulgari
2704 4609 2877 4651 autem
2902 4615 2999 4651 usu
3030 4597 3344 4650 antimensiu
3373 4596 3457 4647 di-

1884 4715 2075 4761 cuntur
2099 4710 2153 4753 ut
2185 4700 2238 4751 in
2267 4697 2487 4750 vestibus
2512 4696 2768 4762 antipana
2808 4689 3157 4761 (antipanni).
3203 4687 3328 4741 llwc
3356 4705 3455 4741 au-

1887 4808 1987 4852 tem
2013 4796 2067 4847 in
2101 4788 2296 4844 sanctis
2313 4786 2430 4838 illis
2456 4792 2719 4850 ponuntur
2745 4782 2931 4834 mensis
2975 4796 3107 4846 quas
3132 4781 3454 4831 consecrato

1886 4905 1989 4942 non
2018 4879 2386 4949 sancu'ﬁravit.
2417 4874 2577 4946 148
2603 4872 2892 4940 Subjungit
2919 4870 3124 4923 Citrins
3150 4886 3163 4921 :
3226 4866 3284 4921 Si
3324 4880 3453 4920 tent-
3499 4906 3507 4949 ς

1884 4980 2030 5049 plum
2059 4990 2159 5026 non
2190 4944 2267 5024 est
2296 4944 2617 5027 dedicalum,
2645 4962 2784 5032 quod
2807 4962 2854 5014 ei
2893 4960 3056 5024 deest,
3091 4958 3455 5025 sanctiﬁcato-

1888 5071 1971 5121 ria
2006 5067 2079 5120 vis
2120 5058 2423 5116 antimensii
2452 5054 2654 5123 implet.
2690 5052 2916 5121 Ideoque
2946 5052 3002 5103 in
3036 5066 3136 5102 non
3157 5060 3459 5102 consecrato

1886 5157 2077 5227 templo
2122 5149 2442 5218 sacriﬁcium
2485 5147 2598 5201 sine
2643 5142 2959 5197 antimensio
2990 5156 3254 5210 nunquam
3286 5140 3456 5207 facere

1883 5252 2023 5304 licet.
2072 5245 2137 5299 Et
2164 5240 2423 5299 sacerdoti
2462 5238 2553 5307 qui
2593 5237 2688 5289 hoc
2720 5252 2881 5288 ausus
2934 5234 3116 5302 fuerit,
3160 5247 3308 5294 paena
3359 5232 3457 5284 erit

1883 5339 2159 5409 depositio.
2195 5333 2299 5388 Per
2329 5334 2438 5385 iota
2460 5340 2643 5383 autem
2683 5326 2937 5380 scribitur
2980 5325 3162 5399 διὰ-τὸ
3194 5322 3407 5374 ἐᾶνικόν
3441 5337 3455 5351 ·

1885 5434 1953 5485 τὰ
1980 5431 2089 5499 γὰρ
2122 5428 2314 5480 ὲθνικὰ
2344 5423 2489 5476 κατὰ
2511 5421 2603 5473 τὸν
2640 5417 3032 5489 γραμματικὸν
3085 5416 3289 5468 κανόνα
3327 5412 3457 5465 οὕτε

1885 5520 2221 5591 παραγωγὰς
2237 5515 2362 5571 οὔτε
2385 5516 2614 5576 κανόνας
2638 5513 2869 5580 ἔχουσιν.
2891 5507 3071 5563 Solent
3089 5517 3260 5559 autem
3278 5519 3461 5572 granta

1885 5613 2066 5665 matici
2080 5626 2169 5678 per
2191 5610 2298 5662 iota
2316 5619 2360 5660 et
2384 5606 2615 5659 omicron
2638 5613 2684 5657 et
2703 5602 2907 5666 epsilon
2926 5599 3023 5661 τὰς
3045 5596 3260 5657 ἐθνικὰς
3281 5594 3460 5662 φωνάς

1884 5704 2130 5759 scribere.
2186 5700 2316 5765 Qum
2355 5699 2498 5753 ratio
2550 5694 2707 5751 Citrii
2755 5692 2944 5764 quanti
2992 5691 3082 5752 sit,
3135 5689 3186 5741 in
3219 5682 3461 5754 cujusvis

1880 5795 2105 5850 arbitrio
2136 5794 2299 5847 situm
2324 5800 2461 5845 esto.

1956 5890 2043 5941 Ait
2085 5887 2303 5954 insuper
2344 5879 2662 5935 antimensia
2692 5878 2843 5933 nullo
2888 5875 3051 5932 modo
3085 5872 3294 5927 licitum
3327 5880 3466 5923 con-
