3936 6590
459 427 560 496 163

1584 434 1665 494 ΙΝ
1697 433 2003 494 LIBRUM
2049 433 2144 491 DE
2174 432 2507 491 OFFlCllS
2543 434 2655 492 (ΣΡ.

3601 433 3696 497 164

457 535 652 610 licere,
674 543 781 598 nisi
813 542 868 596 in
888 543 1016 596 novi
1050 541 1235 612 templi
1260 540 1619 608 dedicatione,
1643 546 1848 615 quique
1872 558 2034 598 secus
2065 548 2106 602 Α
2139 557 2312 612 nugas
2337 544 2400 597 dc
2435 542 2816 607 suifragatione
2851 553 2902 595 ct
2955 542 3240 605 electione,
3293 545 3566 612 quomodo
3602 553 3696 600 ad-

454 643 635 706 agant,
676 649 916 690 canones
975 636 1324 704 transgredi,
1360 651 1461 692 nec
1517 636 1720 692 referre
1763 651 1890 690 num
1925 652 2030 689 nn-

454 743 548 796 per
579 726 836 796 templum
868 726 942 781 sit
965 735 1307 782 exstructum
1372 744 1386 793 ;
1415 728 1547 784 satis
1591 743 1712 784 esse
1743 728 1890 797 quod
1921 744 2028 780 nutt

455 818 618 874 fuerit
652 817 984 885 dedicatum,
1041 817 1484 890 quandocunque
1547 821 1769 875 demum
1817 829 2034 876 exstru-

454 921 598 967 ctum
622 911 812 968 luerit.

525 1002 622 1057 llis
657 1003 804 1057 hunc
834 1003 888 1056 in
921 1002 1143 1057 modum
1194 1002 1262 1057 de
1312 1001 1767 1058 antimensiurum
1821 1005 2032 1058 ratione

453 1092 762 1161 explicatis,
796 1092 851 1146 in
883 1100 1073 1147 tenues
1103 1107 1269 1148 auras
1324 1095 1600 1149 evanescit
1645 1093 1911 1149 Junianus
1943 1096 2034 1149 ille

455 1181 750 1234 antecossui
791 1197 984 1236 mensis
1013 1181 1314 1250 praefectus,
1342 1197 1465 1236 cum
1493 1181 1721 1238 scholiis
1773 1183 1880 1237 illis
1908 1197 2042 1237 vero

456 1272 655 1326 scoriis
677 1280 733 1327 et
788 1272 1034 1328 insulsis.
1092 1272 1200 1328 Nos
1234 1273 1546 1343 pradectum
1593 1275 2033 1328 antimensiorum

455 1363 541 1416 vel
569 1363 870 1416 antimensii
912 1363 1294 1428 nominemus;
1321 1363 1408 1418 cui
1438 1372 1640 1434 praeter
1673 1377 1861 1418 curam
1896 1367 2036 1418 anti-

456 1452 776 1504 mensiorum
805 1452 966 1507 etiam
996 1452 1111 1506 haec
1135 1451 1505 1515 incumbebat,
1541 1461 1598 1506 ut
1627 1467 1828 1522 corpus
1849 1453 2036 1508 Domi-

456 1543 512 1595 ni
551 1552 876 1610 accepturos
904 1543 972 1595 ad
1000 1541 1440 1598 communionem
1470 1558 1566 1596 seu
1613 1542 1907 1598 deduceret
1937 1557 2034 1598 seu

459 1634 761 1689 induceret.
792 1633 1000 1689 Gac'rs.

1077 1725 1307 1782 CAPUT
1342 1723 1414 1780 X.

583 1817 660 1872 De
688 1827 839 1872 sexta
861 1818 1088 1886 pentade
1135 1819 1431 1887 of/iciorum
1487 1829 1535 1874 et
1575 1819 1910 1888 offic-iulium.

529 1908 592 1964 P.
629 1910 684 1964 5.
716 1908 768 1962 ln
806 1919 962 1963 sexta
995 1907 1230 1978 pentade
1262 1911 1498 1978 primum
1536 1909 1712 1964 locum
1759 1921 1905 1966 tenet
1927 1929 2037 1981 prt~

461 2018 576 2055 mus
643 2003 893 2055 ostiarius
931 2001 1152 2068 κρατῶν
1186 2002 1283 2070 τᾲς
1325 2001 1496 2072 Θύρσ.ς
1539 2005 1616 2064 εἰς
1645 2001 1746 2064 τὰς
1797 2021 2037 2074 χειροτο-

459 2091 597 2160 νίας,
641 2092 730 2160 qui
763 2091 903 2159 fores
941 2092 1167 2146 custodit
1199 2093 1252 2145 in
1287 2093 1514 2160 ferendis
1531 2093 1831 2163 suffragiis,
1865 2097 2042 2164 inquit

459 2182 676 2247 Junius,
732 2182 1085 2236 chirotoniam
1130 2197 1228 2250 pro
1281 2181 1528 2236 electione
1579 2184 1872 2252 accipiens.
1929 2186 2040 2254 Ego

463 2277 646 2330 malim
669 2275 1024 2328 cltirotoniam
1056 2275 1303 2343 accipere
1350 2290 1451 2344 pro
1475 2276 1698 2344 proprio
1716 2291 1818 2330 suo
1872 2277 2042 2345 signi-

462 2368 647 2430 licato,
684 2380 880 2434 nempe
929 2379 1030 2433 pro
1078 2367 1496 2420 consecratione
1544 2382 1637 2420 seu
1692 2367 2038 2422 ordinatione

463 2458 837 2511 ministrorum
866 2454 1143 2521 Ecclesiae,
1170 2456 1242 2510 ita
1273 2466 1329 2510 ut
1354 2458 1525 2526 primo
1555 2460 1774 2512 ostiario
1800 2475 1930 2513 cura
1958 2460 2042 2529 ja-

461 2566 583 2605 nnze
612 2549 938 2604 demandata
969 2547 1039 2601 sit
1069 2559 1197 2604 tunc
1220 2549 1437 2618 quando
1465 2549 1702 2617 diaconi,
1729 2553 2042 2607 sacerdotes

461 2644 662 2712 aliique
694 2643 1018 2696 ordinantur
1044 2651 1098 2696 ct
1141 2648 1557 2695 consecrantur.
1610 2639 1874 2705 Quamvis
1920 2659 2040 2698 nta-

460 2749 700 2801 gnopere
730 2748 836 2786 non
866 2732 1200 2801 repugnabo,
1225 2731 1270 2786 si
1307 2732 1432 2798 quis
1463 2730 1699 2786 ollicium
1743 2733 1902 2802 primi
1940 2734 2042 2788 ltu-

459 2825 550 2890 jus
574 2823 786 2876 ostiarii
811 2823 1204 2891 interpretetur
1235 2823 1302 2874 de
1324 2822 1439 2889 ipsa
1457 2822 1724 2878 electione
1761 2824 2041 2880 ministro-

464 2929 584 2967 rum
619 2913 904 2975 Ecclesiae,
941 2930 1064 2966 cum
1099 2927 1192 2981 per
1244 2913 1499 2983 sull'ragia
1534 2914 1812 2983 eliguntur
1841 2917 1908 2970 ab
1935 2918 2043 2972 illis

460 3003 660 3074 quibus
688 3005 778 3074 jus
802 3012 857 3058 et
885 3012 1127 3074 potestas
1147 3003 1380 3073 eligendi
1404 3014 1557 3058 :tunc
1584 3007 1729 3059 enim
1753 3006 1835 3060 vel
1860 3009 2037 3062 maxi-

463 3113 548 3151 me
571 3108 777 3156 attento
801 3107 855 3152 et
875 3098 1274 3166 circumspecto
1299 3098 1521 3151 ostiario
1549 3113 1688 3166 opus
1713 3107 1816 3152 est.
1835 3098 2041 3156 Gut-rs.

545 3189 715 3260 [Ibid.
742 3189 879 3242 lluie
906 3190 1050 3244 aliud
1079 3204 1280 3244 munus
1307 3189 1612 3259 adiungunt
1639 3190 1938 3247 Allatiana:
1972 3193 2035 3246 Oi
2069 3204 2112 3264 α

462 3281 727 3350 ὀστιάριοι
759 3281 1058 3350 βαστάζων
1081 3281 1179 3351 τὴν
1208 3283 1408 3352 ῥάϐδον
1434 3283 1527 3336 τοῦ
1573 3285 1896 3354 ἀρχιερέως.
1924 3287 2037 3340 (luo

467 3370 721 3424 bicularii
761 3385 902 3425 onus
949 3385 1074 3426 esse
1117 3380 1374 3426 asserunt
1413 3373 1561 3427 alia:
1617 3373 1674 3426 '0
1699 3374 2039 3446 κουόούκλης

467 3463 553 3513 ἵνα
575 3460 819 3530 Baetici}
853 3461 912 3512 sb
950 3461 1262 3516 δεκανίκιον
1286 3463 1380 3516 τοῦ
1413 3463 1738 3533 ἀρχιερέως,
1763 3465 1893 3518 ὅταν
1944 3484 2040 3518 πει

465 3554 704 3620 ριπατεῖ.
739 3552 890 3605 ϐοιυι
926 3550 939 3622 ]

533 3640 594 3694 P.
689 3640 960 3696 Secundus
979 3643 1230 3698 ostiarius
1248 3644 1274 3695 ὁ
1293 3643 1511 3712 κρατῶν
1523 3646 1586 3698 τὸ
1606 3647 2038 3718 μονοὸάμὸυλον,

463 3734 550 3800 qui
577 3744 734 3800 tenet,
760 3749 856 3789 seu
904 3735 989 3789 cui
1023 3737 1116 3805 jus
1144 3738 1199 3790 in
1232 3737 1686 3808 nwnobambylum
1715 3758 1729 3793 :
1771 3743 1842 3794 ita
1874 3742 2042 3796 edidit

464 3827 689 3884 Junius.
737 3829 879 3895 Quid
920 3845 1050 3885 vero
1103 3832 1207 3886 hoc
1246 3833 1520 3887 nominis?
1566 3836 1642 3888 vel
1688 3837 1865 3904 potius
1906 3837 2039 3905 quid

466 3919 738 3973 monstri?
765 3918 958 3974 Junius
1009 3919 1099 3974 hie
1126 3921 1316 3985 multa,
1357 3924 1451 3976 sed
1494 3924 1654 3992 plane
1705 3925 2038 3979 ridicularia.

464 4011 605 4076 Quid
647 4028 779 4083 ergo
822 4012 897 4066 illi
927 4021 1010 4067 est
1063 4013 1538 4082 monobambylon?
1567 4016 1682 4069 Duo
1708 4016 1826 4070 loca
1861 4017 2043 4070 clliro-

467 4106 626 4158 tollite
657 4105 966 4176 distinguit,
1020 4107 1267 4173 alterum,
1293 4109 1348 4160 in
1379 4125 1531 4176 quem
1563 4125 1593 4160 a
1622 4110 1791 4176 prima
1823 4111 2040 4163 ostiario

463 4211 636 4248 omnes
665 4195 926 4248 admissos
961 4197 1092 4249 dicit
1117 4213 1246 4265 quos
1273 4209 1488 4250 nouerat
1512 4197 1700 4251 habere
1722 4199 1812 4266 jus
1846 4199 2042 4266 suffra-

464 4289 536 4357 gii
565 4287 798 4357 ferendi;
829 4289 1054 4341 alterum
1095 4290 1452 4350 secretiorem,
1483 4290 1534 4341 in
1581 4289 1741 4359 15.9
1781 4307 1930 4358 quem
1971 4291 2040 4343 ad

463 4380 827 4446 patriarcltam
857 4377 932 4431 cel
965 4378 1263 4446 episcopum
1289 4395 1378 4447 per
1407 4382 1693 4432 secundum
1752 4381 2040 4434 ostiarium

463 4469 758 4522 intromissi
790 4469 1007 4536 fuerint,
1044 4479 1098 4521 ut
1132 4469 1293 4522 libere
1321 4481 1368 4522 et
1402 4471 1660 4538 intrepide
1695 4472 1893 4538 optima
1933 4472 2038 4540 fide

464 4563 695 4615 dicerent
724 4562 912 4629 quibus
948 4560 1390 4628 suffragarentur,
1417 4564 1605 4631 quibus
1641 4577 1741 4614 non
1778 4563 2036 4631 suffraga-

465 4667 666 4718 rentur,
693 4666 741 4708 et
771 4669 956 4722 quare.
984 4652 1136 4705 Hunc
1163 4657 1491 4708 secretiorem
1514 4656 1800 4726 singularis
1859 4673 2034 4726 χειροο

462 4747 640 4809 savia;
658 4746 850 4810 locum,
873 4748 1076 4813 opinor,
1099 4746 1343 4798 dixerunt
1365 4744 1538 4800 (ἔνατεὲ
1569 4747 1880 4800 recentiores
1938 4765 2034 4816 pto-

463 4841 819 4912 νοϐάμὸυ).ον,
859 4840 1008 4910 παρὰ
1037 4841 1096 4892 τὸ
1131 4841 1323 4910 μόνους
1357 4841 1389 4910 ἢ
1445 4842 1586 4895 κατὰ
1619 4842 1782 4910 μόνας
1817 4841 2036 4912 ﬂatde-

429 4935 434 4982 i
463 4935 595 4997 λειν,
632 4951 690 4988 eo
713 4933 852 5001 quod
898 4933 950 4985 in
985 4932 1098 4986 loco
1137 4932 1400 5000 ejusmodi
1430 4943 1650 5002 rogatus
1693 4936 1912 5002 quisque
1939 4952 2034 5003 pro

465 5026 569 5094 ﬁde
599 5026 815 5078 seorsint
852 5023 1168 5075 sententiam
1206 5037 1358 5074 suam
1387 5031 1650 5075 teneretur
1674 5025 1910 5092 quamvis
1930 5035 2038 5077 tre-

463 5116 582 5183 pide
608 5115 906 5172 enuntiare,
945 5113 992 5163 si
1024 5127 1175 5180 quem
1213 5127 1315 5163 non
1347 5127 1460 5164 esse
1483 5113 1847 5184 ἀνεπίληπτον
1892 5132 2037 5168 cam-

463 5207 678 5274 perisset
708 5208 837 5265 (hate
864 5205 1004 5256 enim
1024 5204 1320 5256 testimonia
1358 5216 1402 5256 et
1430 5207 1790 5259 accusationes
1826 5210 2034 5261 nonnisi

463 5294 738 5363 trepidPet
760 5295 918 5347 labris
951 5296 1112 5364 ferme
1145 5296 1480 5370 trementibus
1511 5297 1680 5366 efferri
1706 5300 1920 5368 solent),
1943 5311 2036 5353 aut

461 5395 595 5438 certe
627 5386 781 5437 alteri
831 5387 1126 5454 obstrepere
1157 5397 1205 5440 et
1238 5387 1512 5442 detrahere
1557 5389 1622 5440 de
1644 5391 2035 5447 existimatione

463 5475 646 5535 ipsius.
677 5474 766 5526 Est
784 5477 920 5526 enim
942 5476 1244 5544 βαμϐάλειν
1265 5477 1460 5531 Gra'cis
1478 5478 1668 5546 ψοφεῖν
1685 5483 1792 5541 τοῖς
1811 5483 2032 5550 χείλεσι,

461 5568 757 5628 autetiam,
793 5577 846 5619 ut
880 5568 931 5618 in
981 5566 1248 5621 Clossario
1303 5569 1522 5638 legimus
1544 5612 1557 5634 ,
1579 5572 1845 5637 Ita'sitare,
1869 5577 2036 5627 vacil-

463 5656 596 5723 lare,
631 5659 889 5711 titubare:
922 5659 1012 5710 sed
1045 5659 1100 5711 in
1125 5660 1294 5711 locum
1321 5659 1413 5710 τοῦ
1443 5677 1477 5711 α
1510 5658 1692 5715 Dorice
1713 5665 2034 5730 usu/fectum

461 5761 533 5803 est
557 5791 572 5812 ,
611 5761 658 5803 et
697 5750 1103 5820 μονοϐάμϐυλον
1141 5759 1384 5822 corrupte
1410 5753 1629 5806 dictum.
1654 5753 1791 5819 Quid
1821 5766 1904 5810 est
1933 5773 2034 5809 nu-

463 5845 600 5910 gari,
635 5845 677 5896 si
721 5845 822 5896 hoc
861 5859 966 5896 non
999 5842 1120 5896 est?
1151 5843 1211 5897 Ut
1246 5844 1388 5897 enim
1422 5845 1668 5897 omittam
1708 5850 2034 5902 vanissimas

2135 635 2285 688 missi
2319 644 2448 689 sunt
2473 643 2532 689 ut
2561 633 2730 688 libere
2769 643 2823 688 et
2856 633 3122 703 intrepide
3170 634 3472 690 indicarent
3501 638 3700 706 quibus

2133 726 2588 796 sull‘ragarentur,
2622 726 2667 780 si
2696 726 2830 787 haec,
2867 733 2928 778 ut
2954 736 3142 795 postea
3165 726 3261 791 ait,
3291 728 3508 782 nonnisi
3542 731 3700 795 trepi-

2134 818 2197 871 de
2217 827 2270 872 et
2297 817 2462 871 labris
2482 817 2822 872 trementibus
2849 817 3030 872 elIerri
3061 818 3256 883 solent,
3287 820 3388 873 etsi
3420 820 3470 873 in
3499 819 3582 874 his
3612 837 3704 875 ne-

2135 924 2290 964 cesse
2328 920 2410 964 est
2445 908 2766 979 βαμϐάλειν,
2789 909 3038 962 [imitare
3069 919 3123 963 et
3151 909 3452 977 ﬂuctuare?
3484 909 3590 964 Sed
3613 926 3703 963 va-

2135 1001 2242 1054 leat
2265 999 2537 1054 bambalio
2573 1001 2704 1054 iste:
2739 1014 2839 1054 nos
2875 1000 3124 1067 legamus
3162 1002 3573 1070 μονάμπουλλον
3607 1021 3700 1059 seu

2139 1089 2540 1159 μονάμπουλον.
2567 1086 2638 1142 Ut
2661 1089 2807 1144 enim
2827 1089 3025 1158 prioris
3051 1091 3259 1144 ostiarii
3307 1103 3388 1146 est
3432 1091 3577 1147 fores
3612 1110 3700 1148 cu-

2137 1181 2366 1241 stodire.
2387 1181 2516 1235 dum
2546 1181 2784 1234 ministri
2805 1179 3075 1246 Ecclesiae,
3097 1181 3335 1246 diaconi,
3359 1184 3703 1249 subdiaconi,

2137 1277 2478 1338 sacerdotes,
2515 1274 2782 1343 cpisc0pi,
2823 1275 3149 1328 ordinantur
3182 1285 3236 1329 et
3267 1276 3575 1337 initiantur,
3634 1276 3704 1327 ita

2139 1366 2301 1435 hujus
2330 1365 2554 1419 secundi
2623 1364 2834 1418 ostiarii
2861 1376 2945 1418 est
2984 1375 3167 1419 tenere
3199 1369 3492 1434 ampullam
3543 1380 3705 1418 unam

2136 1469 2190 1512 et
2220 1457 2411 1519 solam,
2437 1465 2496 1510 ut
2528 1455 2899 1519 distinguatur
2927 1469 2957 1508 a
2981 1455 3312 1524 dibampulo,
3348 1457 3416 1511 de
3442 1471 3551 1526 quo
3574 1456 3710 1510 infra

2138 1547 2205 1602 ad
2243 1562 2296 1616 p.
2330 1547 2422 1600 44.
2477 1544 2610 1599 Erat
2659 1554 2842 1600 autem
2908 1548 2962 1599 in
3027 1546 3264 1614 ampulla
3322 1547 3423 1600 hac
3473 1547 3708 1601 chrisma

2139 1641 2204 1695 ad
2232 1639 2545 1693 unctionem
2580 1637 2924 1692 sacerdotum
2957 1647 3010 1692 et
3037 1637 3418 1706 episcoporum
3462 1652 3711 1693 necessa-

2142 1733 2302 1796 rium,
2336 1742 2569 1799 eamque
2605 1729 2824 1784 tenebat
2870 1729 2973 1782 iste
3002 1729 3281 1792 ostiarius,
3327 1738 3386 1782 ut
3415 1732 3468 1782 in
3498 1743 3716 1799 promp-

2142 1835 2196 1877 tu
2228 1823 2412 1878 statim
2441 1820 2604 1883 foret.
2641 1820 2687 1874 si
2711 1819 2954 1874 initiator
2985 1829 3314 1888 reposceret.
3347 1818 3514 1874 Porro
3544 1835 3711 1875 vocu-

2139 1917 2246 1970 lam
2287 1913 2526 1980 ampulla
2550 1914 2715 1966 etiam
2765 1911 2940 1966 Grzeci
2994 1912 3241 1967 fecerunt
3274 1928 3428 1967 suam
3460 1912 3713 1982 ᾶμπουλα

2141 2003 2221 2058 vel
2247 2001 2554 2072 ἄμπουλλα.
2607 1999 2797 2054 Aetius
2820 2040 2834 2062 ,
2873 2000 2909 2054 l.
2947 2017 3017 2056 vtt
3063 2020 3078 2056 :
3116 2002 3469 2071 ’Λμπουλλαν
3503 2002 3714 2072 ὑελίνην

2142 2093 2352 2160 πλήσας
2381 2091 2584 2152 ελαίου,
2617 2096 2676 2144 ιιι
2715 2091 2786 2144 sit
2816 2105 2912 2146 cur
2935 2105 3001 2144 eo
3024 2093 3209 2148 minus
3241 2093 3452 2148 mireris
3493 2093 3552 2144 τὸ
3618 2108 3714 2162 p.0-

2139 2183 2438 2254 νάμϐουλον
2458 2183 2552 2236 καὶ
2580 2181 2641 2234 τὸ
2662 2181 3047 2250 διϐἀμπουλον.
3078 2181 3286 2237 Gns'rs.

2213 2275 2358 2346 [P.6.
2385 2274 2738 2337 l’atriarchae,
2765 2273 2910 2328 sicut
2957 2285 3012 2327 et
3042 2274 3381 2344 imperatori,
3433 2273 3718 2345 prafertur

2137 2365 2278 2436 ignis
2308 2365 2359 2419 in
2387 2363 2641 2430 ecclesia,
2673 2363 2760 2416 l‘ax
2789 2363 3050 2418 nimirum
3081 2379 3315 2420 accensa
3347 2364 3516 2419 hastae
3554 2380 3716 2432 quam

2138 2468 2347 2513 ornata:
2372 2455 2548 2508 allisa.
2578 2453 2925 2510 Vncaturilla
2959 2454 3340 2524 μονάμπουλον
3359 2455 3446 2508 διὰ
3466 2455 3525 2508 τὸ
3549 2455 3719 2524 μόνην

2141 2551 2332 2603 ἅπτειν
2362 2564 2376 2600 :
2405 2547 2553 2600 aliud
2587 2547 2707 2615 eius
2733 2561 2931 2601 nomen
2969 2555 3050 2600 est
3074 2547 3350 2616 λαμπρόν.
3396 2547 3719 2616 Imperatori

2142 2639 2856 2706 τεδθτνοιυτδιὸἀμπουλον.
2896 2640 2967 2692 De
3002 2649 3234 2707 utroque
3265 2639 3517 2694 l‘usiusc.
3570 2639 3638 2693 l5
3665 2640 3716 2692 in

2116 2729 2307 2801 .notis.
2347 2728 2588 2783 Consule
2623 2724 2971 2782 Balsamonis
2996 2728 3312 2784 Meditatum
3366 2731 3432 2782 de
3481 2731 3720 2798 patriar—

2139 2819 2365 2875 charum
2399 2817 2696 2886 privilegiis
2716 2815 2988 2871 JurisGR.
3019 2817 3054 2870 Ι.
3092 2831 3186 2870 vtt.
3220 2815 3390 2871 Porro
3413 2817 3718 2870 secundum

2146 2913 2289 2965 hunc
2322 2909 2608 2964 ostiarium
2650 2909 2876 2978 proprio
2932 2908 3152 2962 nomine
3210 2917 3407 2961 vocant
3449 2907 3720 2966 Allatiana

2144 2999 2654 3069 περιεισερχόμενον
2689 3013 2704 3028 ⁶
2763 3000 2792 3052 ὁ
2850 2998 3384 3068 περιεισερχόμενος.
3439 2997 3721 3068 inquiunt,

2143 3090 2229 3142 ἵνα
2255 3091 2398 3162 φέρῃ
2423 3089 2674 3160 λαμπρὸν
2706 3091 2786 3151 είς
2811 3090 2908 3161 τὴν
2931 3088 3247 3160 ἐκκλησίαν.
3266 3089 3466 3162 Goau.]

2219 3185 2361 3240 Ibid.
2391 3184 2546 3239 Nunc
2561 3185 2624 3238 ad
2648 3193 3003 3253 protopapam
3041 3199 3126 3238 me
3151 3184 3376 3242 confero
3413 3201 3428 3250 ;
3458 3201 3620 3256 quem
3642 3185 3723 3242 sic

2142 3277 2408 3332 describit
2434 3275 2678 3330 Codinus
2713 3293 2728 3330 :
2767 3277 3020 3340 Ἔκδικος
3047 3277 3141 3329 καὶ
3168 3276 3384 3346 πρῶτος
3409 3276 3504 3330 τοῦ
3536 3276 3721 3347 βήμαο

2139 3388 2251 3433 τος,
2286 3368 2657 3440 καὶφέρωντὰ
2681 3368 2967 3436 δευτερεῖα
2993 3369 3086 3422 τοῦ
3117 3370 3438 3440 ἀρχιερέως,
3473 3370 3721 3438 defensor

2139 3470 2188 3515 et
2210 3462 2410 3528 primus
2437 3459 2720 3515 tribunalis
2739 3460 2842 3530 (sic
2857 3462 3000 3515 enim
3019 3459 3214 3516 Junius
3236 3477 3257 3514 :
3275 3476 3373 3532 ego
3393 3461 3724 3518 tabernaculi

2142 3569 2239 3607 seu
2268 3552 2454 3607 altaris
2475 3552 2655 3623 εβῆμα
2682 3553 2828 3608 enim
2861 3553 2949 3608 hic
2972 3561 3052 3608 est
3073 3554 3227 3609 locus
3252 3553 3480 3610 interior
3503 3564 3557 3611 et
3589 3571 3722 3610 san-

2141 3644 2306 3704 ctior,
2326 3643 2414 3696 ubi
2439 3643 2772 3698 sacrificium
2792 3643 3115 3714 peragitur),
3129 3647 3398 3714 proximas
3421 3662 3453 3698 a
3472 3649 3722 3716 pontifice

2141 3736 2405 3790 obtinens.
2439 3735 2554 3791 Non
2589 3743 2773 3792 tamen
2800 3737 3125 3806 simpliciter
3162 3738 3310 3809 (nam
3350 3741 3718 3795 exocatacreli

2143 3828 2350 3896 absque
2382 3827 2548 3882 dubio
2579 3830 2821 3897 potiores
2855 3837 3013 3884 erant
3061 3829 3396 3899 maiorisque
3437 3832 3722 3900 dignitatis

2143 3929 2195 3972 et
2225 3919 2605 3989 excellentiae),
2635 3920 2730 3976 sed
2766 3921 2910 3975 inter
2941 3922 3285 3986 sacerdotes,
3321 3931 3381 3976 ut
3401 3921 3606 3977 Citrins
3643 3925 3723 3976 lo-

2143 4011 2352 4076 quitur,
2384 4011 2593 4073 κοινούς
2622 4022 2921 4082 protopapa
2958 4013 3170 4080 primus
3191 4024 3308 4068 erat
3336 4023 3389 4068 et
3415 4014 3495 4069 sic
3522 4015 3718 4082 prosi-

2146 4118 2269 4154 mus
2296 4116 2325 4154 a
2359 4102 2690 4170 patriarcha,
2723 4118 2844 4167 seu,
2871 4103 3018 4173 quod
3052 4105 3194 4158 idem
3217 4114 3325 4169 est,
3370 4106 3647 4160 secundus
3687 4123 3718 4161 a

2145 4193 2453 4261 patriarcha
2475 4193 2672 4250 terens.
2699 4194 2907 4253 Gens.

2217 4282 2385 4355 [Ibid.
2421 4283 2638 4340 Clarius
2664 4287 2930 4342 Allatiana
2956 4306 2971 4342 :
3015 4289 3075 4342 '0
3100 4290 3476 4359 πρωτοπαπᾶς
3501 4290 3720 4344 ἵσταται

2145 4376 2330 4428 ἐπάνω
2369 4376 2476 4430 τῶν
2531 4377 2804 4446 ὸφφικίων
2859 4378 2952 4432 τοῦ
3007 4381 3296 4450 εὐωνύμου
3357 4381 3545 4452 χοροῦ,
3587 4382 3722 4436 ὅταν

2145 4467 2448 4538 λειτουργεί
2472 4471 2500 4522 ὁ
2527 4469 2840 4539 ἀρχιερεύς.
2872 4471 3162 4524 Μεταδίδει
3201 4472 3365 4536 αὐτὸς
3409 4475 3510 4544 τὴν
3556 4475 3720 4541 ἁγίαν

2147 4559 2452 4628 μετάληψιν
2478 4559 2556 4629 τῷ
2585 4561 2856 4630 ἀρχιερεῖ,
2903 4562 3106 4630 ὁμοίως
3146 4564 3240 4615 καὶ
3261 4564 3290 4615 ὁ
3317 4565 3610 4634 ἀρχιερεὺς
3639 4565 3719 4633 τῷ

2149 4649 2308 4718 150
2362 4652 2750 4720 πρωτοπαπᾷ,
2788 4651 2926 4720 ἔχων
2986 4652 3043 4705 δὲ
3102 4655 3162 4706 ἐν
3215 4656 3282 4724 τῇ
3326 4654 3598 4726 ἐκκλησίᾳ
3652 4657 3722 4709 τὰ

2146 4745 2390 4810 πρωτεῖα
2441 4741 2642 4796 πάντα.
2671 4741 2738 4797 Ut
2769 4745 2955 4806 παπᾶς
2984 4746 3308 4799 sacerdotem
3335 4745 3564 4816 indicet,
3596 4747 3724 4803 vide

2147 4835 2538 4904 Eucltologica.
2562 4834 2767 4906 60am]

2214 4926 2374 4981 Notio
2403 4937 2456 4983 et
2485 4928 2639 4998 origo
2672 4931 2912 4985 nominis
2937 4931 3070 4985 satis
3090 4940 3324 4986 constat.
3347 4931 3505 5002 Apud
3528 4931 3723 4987 Balsa-

2145 5035 2360 5074 monem
2389 5031 2522 5074 tom.
2553 5019 2742 5076 lJuris
2793 5021 2908 5076 GR.
2954 5023 3184 5091 legimus
3219 5028 3638 5093 protopapadas,
3662 5035 3724 5080 ut

2145 5128 2328 5168 rectus
2362 5114 2436 5167 sit
2474 5113 3222 5186 npmonam’rﬁqglnterpres
3265 5117 3678 5186 primopapadas
3706 5137 3720 5173 :

2144 5207 2239 5262 sed
2301 5208 2476 5262 satius
2540 5210 2756 5262 videtur
2803 5209 2857 5262 in
2931 5209 3013 5264 his
3060 5221 3116 5264 et
3167 5211 3436 5267 similibus
3486 5212 3724 5266 retinere

2154 5296 2364 5351 (Era-ca.
2397 5296 2451 5351 ln
2495 5295 2873 5367 Turcogrtecia
2935 5298 3026 5352 iul.
3056 5298 3162 5354 218
3196 5300 3399 5355 dicitur
3429 5318 3726 5372 πρωτοπα-

2144 5386 2251 5447 πᾶς
2272 5388 2299 5438 ὁ
2318 5386 2532 5454 πρῶτος
2561 5387 2664 5438 τῶν
2698 5388 2906 5456 ἱερέων.
2932 5387 3063 5444 Jura
3096 5390 3246 5444 illius
3273 5391 3326 5444 in
3357 5391 3544 5446 eadem
3577 5390 3722 5445 Tur-

2145 5479 2407 5546 cogrtecia
2444 5478 2541 5533 fol.
2567 5479 2672 5534 258
2701 5480 3200 5549 πρωτοπαπαδίκια
3249 5483 3616 5550 appellantur.

2213 5569 2273 5623 Ρ.
2298 5571 2349 5624 6.
2391 5570 2649 5638 Sequitur
2673 5573 2700 5622 ὁ
2729 5571 3068 5642 δευτερεύων
3095 5573 3204 5626 τῶν
3236 5573 3444 5641 ἱερέων,
3461 5575 3723 5629 secundus

2141 5662 2495 5727 sacerdotum,
2531 5659 2816 5716 εἰσοὸεύων
2837 5665 2965 5725 τοὺς
3001 5666 3166 5734 ἱερεῖς
3191 5705 3207 5730 ,
3228 5664 3339 5718 dux
3365 5673 3419 5720 et
3472 5674 3725 5721 anteces-

2143 5769 2239 5809 sor
2271 5753 2614 5807 sacerdotum
2643 5762 2698 5808 et
2721 5755 3007 5824 proximus
3040 5770 3070 5810 a
3093 5767 3410 5825 protopapa,
3441 5771 3600 5826 quem
3625 5756 3722 5810 Ju-

2145 5847 2268 5900 nius
2289 5863 2396 5900 non
2418 5848 2556 5900 male
2573 5847 2986 5918 δευτεροπαπᾶν
3013 5849 3266 5916 appellnt.
3290 5851 3353 5902 At
3381 5851 3521 5904 male
3542 5848 3676 5903 illud
3701 5863 3720 5900 :
