3936 6598
238 458 333 521 185

1339 445 1732 507 GRETSERI
1763 447 1858 505 ΕΤ
1900 443 2146 504 ΟΟΛΒΙ
2181 443 2423 502 ΝΟΤίΕ.

3355 444 3455 508 166

234 575 321 640 Qui
363 567 646 624 sacerdotes
691 564 982 617 introducit
1009 601 1023 628 ,
1058 561 1342 615 εἰσοδξύων
1367 599 1381 623 ,
1414 561 1665 614 nimirum
1722 560 1778 614 iu
1809 566 1846 622 Α
1883 555 2202 625 pulantibus
2233 555 2345 609 liet.
2374 553 2500 610 llaec
2529 561 2705 610 autem
2737 554 2809 610 ita
2845 569 2967 612 esse
2990 555 3253 630 intelliget
3289 558 3459 617 lector

234 661 459 724 tribunal,
481 661 526 713 si
545 675 698 729 quant
731 673 948 712 causam
974 656 1231 726 agendam
1256 654 1559 707 habuerint.
1613 651 1774 707 Nullo

234 755 415 810 modo:
455 766 578 806 nam
607 749 894 803 εἰσοδεύειν
922 757 1006 802 est
1047 761 1168 802 esse
1220 746 1454 800 aliorum
1497 745 1554 799 in
1601 745 1774 799 sacris

235 833 543 909 ministeriis,
575 842 952 898 [inunctionibus
975 850 1028 895 et
1059 839 1558 910 supplicationibus
1578 837 1774 891 ducem

234 951 276 996 et
298 940 436 1009 quasi
462 945 864 991 antecessorem
884 942 936 989 et
973 933 1258 987 ductorem
1289 949 1303 998 ;
1342 931 1484 1002 quod
1521 931 1682 984 etitrtn
1707 945 1774 982 ex

232 1029 562 1100 descriptione
595 1029 687 1082 τοῦ
717 1028 1130 1096 δευτερεύοντος
1182 1025 1424 1088 diaconi,
1486 1037 1606 1092 (ιιιπ
1652 1036 1779 1091 Ρτο·

233 1127 352 1179 xime
382 1122 753 1191 subiungitur,
784 1119 1134 1173 manifestum
1170 1118 1376 1172 evadit.
1441 1116 1775 1183 Denter-Opa-

231 1231 295 1284 pa:
326 1213 548 1276 nullum,
583 1213 628 1267 si
660 1221 810 1266 recte
859 1211 1108 1284 memini,
1151 1210 1487 1266 mentionem
1527 1206 1774 1262 iacitCi-

231 1310 361 1362 trius.
387 1306 587 1360 Gners.

289 1399 358 1470 [Ρ.
399 1399 450 1454 6.
476 1393 750 1453 Allatiana
785 1413 800 1451 :
836 1398 898 1450 Ὀ
932 1394 1268 1466 δευτερεύων
1295 1395 1615 1464 λειτουργεϊ
1678 1393 1775 1446 καὶ

231 1495 364 1554 nisi);
394 1493 525 1561 μετὰ
548 1489 647 1544 τοῦ
675 1489 975 1561 ἀρχιερέως
999 1491 1018 1559 (
1047 1490 1152 1544 hoc
1171 1497 1255 1544 est
1281 1505 1406 1543 cum
1435 1488 1772 1558 patriarcha,

231 1600 329 1642 cum
353 1599 454 1653 quo
477 1583 612 1638 alias
639 1583 742 1638 soli
769 1582 1012 1651 episcopi
1071 1582 1372 1649 celebrant,
1408 1591 1466 1636 ut
1495 1595 1617 1636 cum
1660 1581 1775 1651 epi-

231 1677 386 1746 scopis
429 1674 814 1745 sacerdotes).
867 1674 1038 1728 Ὀταν
1067 1673 1248 1726 λείπει
1289 1675 1317 1726 ὁ
1373 1675 1772 1743 πρωτοπαπᾶς,

232 1769 385 1837 ἔχειὲν
405 1770 468 1836 τῇ
491 1767 760 1837 ἐκκλησίᾳ
779 1766 846 1820 τὰ
871 1767 1111 1835 πρωτεῖα
1132 1764 1334 1820 πάντα.
1357 1763 1557 1836 ϐολιι.]

283 1861 336 1915 Ρ.
365 1860 413 1912 6.
436 1859 672 1915 Ultimus
705 1860 972 1914 hacsexta
1003 1857 1238 1928 peulade
1271 1866 1354 1912 est
1386 1860 1414 1910 ὁ
1443 1855 1774 1926 δευτερεύων

229 1957 318 2008 τῶν
347 1956 629 2021 διακόνων,
661 1962 923 2011 secundus
956 1957 1240 2019 diaconus,
1268 1953 1487 2025 πρῶτος
1522 1951 1630 2005 τῶν
1662 1967 1776 2004 κοι-

230 2049 332 2114 νῶν,
357 2050 559 2119 primus
582 2065 651 2104 ex
669 2048 1051 2104 communibus
1074 2047 1346 2112 diuconis,
1371 2050 1465 2099 uso.
1489 2042 1776 2099 εἰσοδεύων

228 2143 332 2203 τοὺς
357 2142 653 2204 διακόνους.
689 2140 886 2198 Junius
915 2157 930 2195 :
957 2151 1006 2195 et
1033 2139 1287 2194 diaconos
1310 2138 1615 2192 intromittit
1639 2151 1657 2190 :
1682 2135 1778 2190 ad-

227 2232 382 2303 ditque
400 2233 498 2288 hoc
514 2233 792 2288 scholium
824 2249 839 2287 :
866 2233 922 2286 in
943 2235 1239 2299 [unctiones
1267 2240 1316 2285 et
1341 2231 1599 2284 stationes
1629 2229 1774 2297 ipso-

229 2341 341 2377 rum.
368 2323 443 2379 Tu
465 2324 683 2396 corrige
724 2341 738 2379 :
768 2323 861 2394 qui
890 2323 1248 2378 diaconorum
1306 2323 1515 2389 ductor,
1578 2331 1771 2384 rector,

228 2416 423 2470 director
449 2425 502 2471 et
532 2425 591 2472 ut
628 2417 711 2472 sic
737 2414 913 2471 dicam
945 2416 1233 2486 dispositor
1253 2423 1334 2470 est
1360 2428 1378 2468 :
1401 2415 1506 2470 hoc
1523 2413 1668 2470 enim
1693 2423 1775 2468 est

226 2509 500 2574 εισοδεὺειν,
534 2508 684 2579 quod
715 2508 990 2578 signiﬁcat
1017 2509 1316 2580 quemlibet
1345 2509 1401 2564 in
1429 2509 1570 2563 viam
1613 2522 1770 2564 suam

225 2601 745 2670 quasiintroducere,
780 2600 1001 2656 utsciat
1041 2615 1203 2670 quem
1248 2600 1496 2655 ordinem
1553 2609 1608 2655 et
1663 2609 1773 2655 sta-

225 2693 397 2746 tionem
423 2701 608 2749 tenere
631 2692 848 2748 debeat.
868 2689 1016 2747 Vidit
1041 2694 1260 2748 tandem
1295 2689 1491 2746 Junius
1509 2691 1649 2745 hanc
1669 2704 1769 2745 no-

226 2785 415 2848 tionem,
450 2784 547 2838 sed
577 2784 738 2853 quasi
758 2800 854 2854 per
876 2784 1227 2851 nebulam,ut
1251 2794 1480 2854 apparet
1513 2799 1576 2838 ex
1605 2783 1772 2838 schoo

225 2876 281 2929 lio
300 2880 430 2945 quod
448 2892 558 2930 suae
573 2876 1014 2945 interpretationi
1040 2877 1312 2945 adiunxit.
1335 2873 1411 2928 Ex
1433 2890 1541 2945 quo
1563 2885 1767 2940 tamen,

223 2978 443 3037 tanquam
464 2971 518 3025 in
539 2973 711 3028 rebus
735 2971 1123 3030 ecclesiasticis
1143 2965 1460 3025 Graecorum
1487 2969 1641 3024 valde
1663 2969 1771 3024 sci-

225 3061 324 3114 licet
343 3063 530 3132 perito,
563 3063 918 3134 quaerendum
950 3071 1088 3130 erat,
1108 3078 1280 3134 quare
1338 3062 1563 3117 verbum
1619 3060 1767 3114 εἰσοο

223 3150 371 3206 δεύειν
396 3153 786 3224 interpretatus
831 3155 921 3223 sit,
954 3155 1183 3224 loquens
1231 3153 1298 3207 de
1347 3151 1632 3207 sacerdote
1675 3167 1765 3207 se-

1878 663 2004 702 cum
2035 663 2099 704 ex
2125 647 2248 702 aliis
2275 645 2588 702 Graecorum
2615 648 2922 714 ritualibus,
2943 649 3099 705 libris
3125 660 3238 706 tum
3262 667 3325 708 ex
3354 653 3460 707 Eu-

1881 741 2151 811 cliotogio.
2183 740 2370 795 Valeat
2401 741 2568 810 igitur
2600 739 2914 799 Boneﬁdius
2944 759 3073 799 cum
3107 746 3224 800 suis
3255 763 3457 800 conne-

1877 833 2128 888 aionibus
2153 841 2202 886 et
2235 832 2651 901 repetitionibus.
2688 831 2894 898 Quarta
2929 846 3010 890 est
3033 837 3270 900 ἀπόντος
3293 837 3456 908 ἀρχι-

1821 925 1823 927 ’
1877 925 2127 980 διακόνου
2156 924 2354 978 διδόναι
2387 924 2592 996 κηρδὺς
2616 927 2732 988 τοῖς
2751 927 2808 979 ὲν
2830 926 2904 996 τῷ
2927 926 3139 996 ἄμϐωνι
3170 928 3460 996 ὁακόνοες,

1879 1017 2088 1070 absente
2117 1016 2490 1070 archidiacono
2512 1017 2641 1070 dare
2665 1032 2840 1072 cereos
2870 1019 3104 1072 diaconis
3127 1021 3180 1073 in
3213 1022 3455 1076 amboue.

1880 1105 1981 1160 Ubi
2006 1107 2242 1176 pessime
2272 1106 2542 1176 interpres
2591 1123 2691 1175 pro
2739 1109 2942 1178 κηρούς
2990 1109 3174 1178 legens
3235 1114 3457 1182 καιρούς

1876 1203 2040 1254 vertit
2069 1216 2084 1253 :
2114 1208 2349 1268 tempora
2377 1199 2504 1252 dare
2534 1199 2799 1263 diaconis,
2827 1202 2916 1270 qui
2951 1204 3168 1256 umboni
3197 1205 3453 1257 seruiunt.

1878 1293 2044 1359 Quid,
2070 1307 2276 1361 quasso,
2316 1299 2402 1346 est
2444 1300 2683 1360 tempora
2741 1293 2868 1346 dare
2892 1290 3154 1349 'dinconis
3207 1295 3233 1348 ?
3275 1295 3460 1366 Neque

1876 1385 2215 1441 correctores
2259 1393 2355 1438 aut
2412 1384 2465 1438 in
2528 1384 2720 1440 Graeca
2783 1386 3064 1456 scriptura
3116 1397 3212 1442 aut
3251 1389 3305 1443 in
3356 1388 3460 1444 Bo-

1877 1477 2057 1532 nelidii
2117 1476 2564 1546 interpretatione
2624 1478 2770 1535 hunc
2823 1487 2931 1534 tam
2967 1490 3179 1552 turpem
3216 1497 3457 1552 errorem

1875 1569 2446 1632 animadverterunt;
2527 1579 2586 1624 ut
2655 1570 2739 1625 vel
2803 1571 2930 1628 hinc
3006 1573 3214 1644 liqueat
3294 1589 3456 1644 quam

1877 1665 2040 1716 rudes
2111 1678 2296 1717 rerum
2365 1663 2866 1718 ecclesiasticarum
2938 1665 3028 1720 isti
3094 1678 3125 1720 a
3185 1666 3457 1722 catholica

1877 1754 2142 1824 religione
2169 1755 2343 1810 aversi
2369 1755 2436 1809 ad
2479 1755 2616 1810 ritus
2674 1755 3091 1812 Ecclesiasticos
3118 1771 3212 1813 seu
3239 1756 3458 1812 Gnaeos
3552 1797 3557 1801 -

1878 1861 1975 1900 seu
2024 1844 2246 1900 Latinos
2307 1846 2660 1916 explicandos
2731 1847 3018 1902 accedant.
3076 1849 3218 1904 Dicit
3277 1859 3456 1904 autem

1882 1936 2090 1990 absente
2143 1937 2536 2003 arcliiitiacono,
2572 1939 2697 2008 quia
2729 1949 2786 1994 ut
2820 1938 3062 1996 Codinus
3084 1942 3250 1997 tradit
3283 1958 3336 2012 p.
3365 1944 3455 2012 94,

1880 2028 2009 2084 olim
2063 2029 2284 2099 quidem
2342 2027 2534 2101 Magna
2585 2030 2832 2087 Ecclesia
2897 2033 3130 2089 habebat
3182 2035 3461 2091 archidia-

1878 2137 2101 2188 conum,
2125 2123 2218 2178 sed
2253 2133 2441 2192 postea
2470 2123 2681 2178 nullum
2738 2126 2952 2188 habuit,
2979 2142 3149 2196 quare
3197 2130 3226 2181 ὸ
3273 2129 3459 2183 δευτε-

1882 2215 2052 2284 ρεύων
2075 2225 2258 2284 partes
2285 2215 2403 2284 ejus
2435 2216 2728 2285 supplevit.
2761 2216 2901 2273 Hinc
2931 2218 3225 2275 aitCitrius
3243 2233 3446 2276 secun-

1877 2306 1930 2360 di
1962 2305 2178 2362 diaconi
2206 2308 2328 2361 csSe
2343 2307 2579 2361 etiamin
2609 2307 2730 2364 aliis
2755 2308 3126 2364 archidiaconi
3147 2327 3347 2367 munus
3363 2327 3458 2366 ex-

1876 2398 2025 2468 plere
2057 2414 2071 2463 ;
2098 2413 2164 2453 ex
2190 2399 2391 2468 quibus
2422 2397 2564 2453 forte
2596 2399 2699 2454 hoc
2724 2410 2830 2466 est,
2856 2401 3062 2471 θυμιᾷν
3086 2402 3180 2455 τὸν
3201 2403 3453 2472 βασιλέα,

1875 2490 2256 2552 imperatorem
2291 2504 2490 2544 recens
2519 2501 2844 2545 coronatum
2881 2495 3120 2561 incenso,
3168 2505 3227 2550 ut
3290 2509 3456 2552 vocat

1875 2583 2140 2649 Ecclesia,
2171 2582 2442 2648 venerari,
2471 2584 2631 2653 eique
2656 2584 2795 2639 bene
2825 2587 3130 2642 ominatum
3166 2588 3303 2644 illud
3329 2605 3454 2644 car-

1875 2692 1998 2732 men
2025 2677 2297 2743 accinere,
2322 2694 2341 2727 s
2376 2675 2698 2738 Recordctur
2734 2677 2988 2733 Dominus
3010 2676 3148 2734 Deus
3175 2681 3275 2750 τῆς
3304 2681 3455 2752 βασι-

1873 2769 2021 2833 λείας
2047 2771 2168 2837 σᾶς,
2194 2771 2342 2839 regni
2370 2770 2468 2835 tui,
2505 2769 2561 2822 in
2585 2785 2740 2839 regno
2771 2785 2887 2836 suo,
2909 2787 3046 2826 nunc
3074 2782 3123 2827 et
3154 2789 3359 2843 semper
3401 2787 3451 2829 et

1872 2862 1926 2916 in
1955 2862 2150 2916 sarcula
2174 2860 2510 2916 seculorum.
2539 2862 2760 2916 Anien.»
2794 2860 2885 2916 Sic
2913 2861 3056 2918 idem
3083 2865 3260 2922 fausta
3280 2869 3455 2922 accla-

1872 2954 2113 3008 matione
2131 2952 2572 3022 prosequebatur
2594 2940 2960 3021 patriarcham
2981 2971 2999 3012 ς
3025 2956 3311 3028 Μνησθειη
3327 2960 3454 3011 νκέ-

1875 3063 1987 3116 ριος
2011 3047 2042 3099 ὁ
2073 3045 2206 3107 Θεὸς
2235 3045 2335 3113 τῆς
2366 3044 2777 3116 ἀρχιερωεύνης
2795 3062 2911 3112 σου,
2929 3046 3251 3104 Recordetur
3274 3049 3453 3106 Denti-

1873 3155 1968 3192 nus
1991 3140 2333 3208 pontiﬁcatus
2358 3139 2435 3193 tui
2465 3140 2658 3210 ubique
2673 3156 2812 3194 nunc
2837 3151 2884 3196 et
2911 3157 3115 3211 semper
3131 3154 3179 3198 ct
3201 3143 3252 3196 in
3279 3159 3452 3198 sa’cu-

225 3244 396 3310 eundo,
429 3247 768 3302 introducens
791 3248 908 3302 illos
932 3248 986 3301 in
1009 3245 1267 3308 tribunal,
1299 3245 1524 3313 siquam
1555 3259 1774 3296 causam
1801 3234 1848 3297 C-
1881 3229 1935 3282 ια
1965 3231 2310 3285 δασαίοναηθ·
2341 3228 2453 3285 Nec
2478 3231 2582 3286 hoc
2613 3231 2776 3285 nebat
2807 3243 3021 3287 “mlum
3070 3248 3136 3289 θο
3195 3233 3284 3289 die
3339 3249 3449 3304 ι]υο

225 3336 444 3404 agendam
471 3336 781 3401 habuerint,
802 3335 1054 3406 idemque
1084 3334 1312 3390 verbum
1345 3333 1534 3387 eadem
1563 3332 1773 3400 signifi-

223 3427 406 3483 catione
425 3444 530 3483 non
560 3429 950 3499 interpretatus
976 3428 1046 3483 sit
1074 3427 1126 3480 in
1152 3425 1524 3495 descriptione
1543 3423 1773 3480 secundi

223 3516 430 3587 diaconi,
467 3521 772 3588 praesertim
823 3534 945 3573 cum
996 3518 1228 3573 diversa:
1274 3517 1514 3573 notionis
1562 3515 1770 3571 nullum

224 3626 418 3678 prorsus
446 3613 714 3667 indicium
739 3609 1068 3680 Curopalata
1091 3609 1326 3665 dederit.

279 3703 457 3760 Verum
477 3717 536 3760 ut
553 3703 870 3761 accuratius
886 3701 1254 3776 intelligamus
1276 3711 1528 3758 naturam
1549 3709 1674 3757 etut
1693 3699 1772 3756 sic

222 3799 369 3853 dicam
389 3800 630 3855 indolem
660 3800 820 3869 hujus
835 3797 1069 3862 diaconi,
1088 3811 1270 3866 opera:
1287 3796 1523 3866 pretium
1548 3795 1655 3850 erit
1676 3809 1773 3847 au-

222 3893 577 3953 direloanuezn
599 3891 848 3958 Citrium,
863 3889 950 3946 cui
965 3891 1077 3945 hare
1099 3889 1279 3960 ignota
1300 3903 1402 3943 non
1421 3885 1770 3954 iuerunt,qui

221 3988 566 4042 aitdiaconum
586 3987 750 4041 istum
775 3999 881 4039 non
902 3982 1025 4052 eligi
1051 3991 1144 4036 aut
1170 3982 1345 4036 creari
1362 3980 1682 4048 simpliciter
1701 3976 1767 4031 ad

221 4081 356 4133 unius
368 4079 675 4138 arbitrium,
697 4074 792 4132 sed
812 4076 931 4129 κατ’
949 4075 1203 4146 ἐκλογήν,
1223 4091 1313 4142 per
1330 4076 1592 4144 suffragia
1613 4091 1632 4129 :
1649 4089 1771 4131 esse

217 4174 333 4226 enim
351 4171 620 4242 ejusmodi
658 4169 759 4224 olli.
782 4171 914 4235 inin,
939 4169 1081 4239 quod
1107 4167 1379 4236 desideret
1403 4169 1578 4223 virum
1635 4176 1768 4224 (tex-

218 4273 335 4316 trum
353 4276 651 4334 aptumque
673 4264 737 4316 ad
760 4277 953 4316 omnes
971 4262 1132 4315 etiam
1167 4261 1394 4316 fortuito
1409 4269 1766 4316 occurrentes

193 4339 535 4421 'htnctiones;
570 4370 802 4424 quarum
841 4355 1055 4420 aliquas
1070 4362 1334 4407 recensu.
1365 4351 1541 4406 Prima
1568 4361 1650 4406 est
1685 4352 1768 4405 in-

219 4447 388 4513 gressis
411 4448 463 4500 in
478 4431 745 4515 templum
773 4441 1195 4513 imperatoribus
1217 4449 1270 4496 cl
1292 4439 1616 4510 patriarchis
1641 4437 1764 4492 fau-

220 4541 298 4592 stis
321 4538 802 4594 acclamationibus
823 4537 959 4591 bene
979 4533 1212 4605 precari,
1239 4542 1294 4587 et
1316 4542 1374 4587 ut
1395 4529 1636 4586 Codinus
1665 4545 1766 4583 no-

1879 3323 2177 3389 imperator
2209 3321 2641 3390 inaugurabatur
2671 3329 2725 3374 et
2756 3321 3146 3385 coronabatur,
3180 3321 3276 3376 sed
3309 3337 3452 3391 quo-

1879 3413 1978 3468 ties
2009 3413 2061 3466 in
2083 3412 2374 3468 ecclesiam
2403 3411 2724 3466 ventitabat.
2746 3412 2819 3465 Ea
2839 3413 2904 3466 de
2918 3425 3087 3466 causa
3107 3411 3400 3468 aitCitrius
3429 3430 3446 3468 :

1875 3500 2054 3557 Αὐτοῦ
2073 3503 2181 3575 γάρ
2210 3505 2361 3557 ἐστιν
2383 3505 2414 3574 ἡ
2445 3504 2582 3572 μετὰ
2598 3506 2695 3575 τὴν
2724 3503 2932 3557 εἴσοδον
2951 3504 3194 3574 εὐφημία
3215 3505 3328 3558 τῶν
3351 3506 3448 3576 βα-

1877 3595 2078 3650 σιλέων
2116 3597 2210 3649 καὶ
2239 3595 2560 3666 ἀρχιερέων,
2585 3594 2762 3665 Ipsius
2807 3604 2885 3650 est
2930 3596 3338 3663 imperatoribus
3393 3608 3443 3651 et

1873 3689 2194 3760 patriarchis
2225 3690 2279 3741 in
2321 3687 2568 3756 templum
2592 3688 2840 3756 ingressis
2893 3687 3020 3741 bene
3070 3691 3280 3759 precari
3303 3690 3442 3756 ;nisi

1875 3782 2001 3852 quis
2034 3781 2164 3835 illud
2199 3781 2336 3849 μετὰ
2365 3779 2462 3848 τὴν
2492 3779 2691 3830 εἴσοδον
2724 3785 2840 3847 post
2889 3779 3181 3849 ingressum
3239 3781 3444 3836 referre

1875 3872 2002 3926 velit
2033 3871 2098 3925 ad
2128 3873 2436 3938 ingressum
2469 3868 2522 3921 in
2558 3868 2970 3923 tabernaculum
3013 3883 3108 3924 seu
3142 3869 3198 3924 in
3243 3869 3443 3925 Sancta

1874 3971 2212 4026 sanctorum,
2247 3959 2320 4014 ita
2354 3966 2414 4013 ut
2437 3957 2615 4012 fausta
2649 3959 2764 4013 lucc
2809 3961 3129 4015 acclamatio
3176 3961 3318 4017 facta
3370 3962 3444 4018 sit

1871 4064 1995 4126 post
2016 4051 2323 4108 absolutam
2345 4049 2816 4119 supplicationem,
2860 4049 2916 4104 in
2945 4063 3053 4118 qua
3102 4052 3259 4120 panis
3298 4067 3442 4122 pras-

1873 4144 2249 4203 sanctilicatus
2297 4141 2362 4196 ad
2422 4139 2747 4195 sacriﬁcium
2820 4141 3308 4198 circumferebatur
3346 4160 3445 4216 per

1872 4243 2132 4312 templum
2157 4249 2210 4295 et
2236 4245 2420 4307 postea
2449 4236 2515 4290 ad
2542 4235 2716 4290 altare
2739 4234 3098 4294 inferebatur.
3145 4237 3266 4305 Quo
3289 4241 3349 4296 ﬁt
3383 4251 3448 4297 ut

1871 4335 2144 4391 secundus
2167 4330 2430 4384 diaconus
2452 4327 2726 4399 εὐφημίαν
2747 4328 2890 4384 hanc
2913 4330 3213 4387 instituerit
3232 4347 3441 4403 regres-

1869 4440 1932 4481 so
1960 4425 2073 4493 jam
2098 4419 2404 4492 patriarcha
2425 4418 2491 4472 ad
2505 4418 2676 4472 altare
2697 4426 2751 4473 et
2771 4421 3123 4488 processione
3145 4423 3397 4480 absoluta
3421 4442 3444 4490 ι

1868 4516 2012 4587 quod
2045 4528 2173 4569 vero
2196 4511 2421 4582 propius
2449 4510 2684 4565 videtur.
3021 4536 3026 4540 -

219 4645 309 4686 ster
329 4634 594 4702 loquitur,
624 4629 776 4703 151
805 4631 896 4684 τὸν
914 4591 1140 4700 βαισιὶέα
1173 4627 1579 4696 πτήυχρονίζειν
1600 4640 1694 4678 seu
1710 4623 1769 4676 τὸ

1948 4606 2246 4660 Dicebatur
2269 4601 2608 4681 δευτερεύων
2633 4602 2740 4654 τῶν
2760 4602 3046 4669 διακόνων,
3072 4621 3177 4660 non
3209 4609 3350 4676 quod
3384 4609 3436 4660 in

219 4727 603 4796 πολυχρόνισμα
664 4725 913 4778 accinere
981 4737 1073 4775 seu
1132 4721 1482 4788 πολυχρόνιον
1566 4715 1760 4768 ποιεῖν.

217 4814 297 4878 Qui
324 4831 432 4870 IIIOS
461 4831 526 4869 ex
564 4814 790 4881 antiquo
824 4827 975 4866 more
1011 4811 1171 4864 hodie
1197 4805 1636 4879 (ιιιθαυεϐι-ειεοίε
1667 4804 1763 4855 ad-

217 4905 378 4961 lueret.
403 4906 659 4961 Secunda
683 4916 765 4959 est
805 4901 1396 4972 portareEvangclium
1447 4898 1501 4951 in
1552 4894 1764 4965 suppli-

215 4998 493 5053 cationibus
530 5013 596 5052 ac
629 4995 855 5050 litaniis.
895 4993 1076 5047 Tertia
1106 4993 1203 5055 τὰς
1232 4993 1290 5044 ὲν
1349 4989 1548 5050 αὐταῖς
1595 5003 1762 5039 συνα-

218 5096 332 5150 uti;
353 5092 446 5143 καὶ
467 5090 713 5157 αἰτήσεις
737 5089 929 5138 ποιεῖν.
953 5085 1134 5154 Inepte
1163 5083 1430 5149 interpres
1458 5079 1767 5131 :connexio-

217 5194 285 5231 nes
309 5192 350 5232 et
381 5183 710 5250 repetitiones
753 5183 804 5231 in
836 5180 908 5232 eis
942 5177 1132 5246 facere.
1167 5169 1635 5227 Correxeruntalii
1659 5168 1766 5220 col-

215 5258 349 5319 lectas
371 5279 417 5321 et
443 5283 646 5335 preces.
685 5267 820 5320 Sunt
864 5262 1136 5317 συναπταί
1175 5261 1389 5329 pmprie
1443 5274 1564 5325 qua:
1617 5259 1760 5325 apud

216 5376 298 5414 nos
322 5365 368 5415 in
410 5364 562 5417 horis
590 5361 869 5415 cauOuiris
905 5367 1165 5409 vocantur
1191 5368 1393 5423 preces,
1446 5352 1636 5403 diebus
1681 5351 1765 5417 je-

211 5451 462 5517 juniorum
495 5452 837 5521 potissimum
871 5449 1103 5508 usitata),
1133 5462 1236 5498 non
1254 5443 1416 5495 modo
1443 5441 1495 5494 iu
1544 5441 1762 5492 matuti-

215 5542 306 5603 nis,
332 5545 418 5596 sed
442 5553 496 5597 et
521 5546 572 5595 in
599 5540 826 5608 singulis
854 5537 1024 5591 horis.
1049 5534 1109 5586 Et
1137 5547 1324 5602 preces
1353 5532 1456 5583 illae
1478 5544 1615 5598 quas
1639 5537 1759 5596 post

217 5633 404 5690 Iitaiiias
436 5652 534 5706 pro
563 5635 710 5688 omni
747 5631 1024 5685 hominum
1061 5637 1201 5682 statu
1234 5637 1286 5679 et
1336 5625 1530 5677 ordine
1578 5621 1760 5675 fundi-

218 5739 339 5783 mus,
374 5728 658 5795 ipsissimae
691 5738 816 5778 sunt
864 5725 1180 5778 Gratcoruut
1237 5716 1529 5776 συναπταί,
1588 5715 1782 5782 qua"?

218 5831 356 5883 quam
403 5830 456 5873 et
501 5835 640 5888 quas
690 5833 789 5870 nos
851 5829 1105 5867 voramus
1133 5809 1508 5864 collectusltoc
1536 5807 1759 5861 tt0'uinc

220 5911 462 5976 appellare
487 5912 565 5965 nil
606 5919 771 5973 vetat,
804 5907 929 5978 quia
990 5906 1300 5961 Gl'IBCUl‘Lllll
1354 5901 1589 5970 liturgiis
1632 5899 1761 5952 asti-

1868 4699 2058 4753 ordine
2084 4696 2440 4750 diaconorum
2466 4693 2672 4765 Magnae
2699 4694 2952 4750 Ecclesia:
2980 4698 3254 4752 secundus
3271 4710 3438 4758 esset,

1869 4790 1963 4843 sed
2007 4796 2260 4857 respectu
2284 4785 2352 4839 ad
2380 4785 2852 4848 archidiaconum,
2891 4783 3048 4854 152
3079 4787 3170 4856 qui
3198 4797 3443 4856 tempore

1865 4881 2056 4934 Codini
2087 4878 2267 4932 nullus
2293 4876 2662 4946 quidemerat,
2691 4886 2745 4928 at
2775 4876 3071 4944 aliquando
3103 4876 3280 4931 fuerat
3303 4893 3434 4942 ;uir-
3503 4871 3510 4946 ξ

1866 4975 1934 5029 de
1953 4983 2006 5027 et
2030 4972 2102 5041 τῷ
2141 4969 2510 5040 δευτέρεύοντι
2536 4969 2642 5023 τῶν
2677 4968 2941 5021 διακόνων
2982 4982 3182 5022 nomen
3211 4971 3444 5034 mansit,-
3499 4955 3508 5006 Ῐ

1865 5067 2007 5121 sicut
2036 5075 2090 5118 et
2115 5063 2190 5132 τῷ
2223 5061 2592 5131 δευτερεύοντι
2634 5060 2742 5112 τῶν
2799 5060 2990 5130 ἱερέων
3031 5059 3173 5116 idem
3238 5077 3442 5115 nomen
3504 5100 3508 5112 .

1867 5158 2180 5217 mansisset,
2216 5155 2262 5207 si
2298 5164 2625 5223 protopapas
2660 5155 2713 5207 iu
2747 5153 2895 5207 clero
2932 5151 3137 5221 Magnae
3180 5151 3443 5208 Ecclesiae

1814 5243 1821 5249 ’
1862 5247 2118 5308 desisset,
2151 5246 2279 5313 quia
2311 5259 2437 5297 cum
2469 5243 2777 5297 secundarii
2807 5246 3029 5298 nomine
3071 5245 3280 5314 primus
3298 5244 3434 5299 iuis~

1865 5345 1964 5389 set.
2006 5335 2215 5389 (ine-rs.

1935 5427 2018 5498 [P.
2050 5429 2105 5482 6.
2135 5427 2272 5491 Quid
2303 5428 2403 5479 hoc
2439 5427 2513 5478 rei
2534 5436 2636 5493 est,
2670 5427 2833 5480 uthic
2855 5425 3208 5480 diacouorum
3247 5439 3442 5479 sccnna

1864 5520 1967 5572 dus
1995 5517 2264 5572 scribatur
2287 5531 2348 5569 ac
2377 5516 2598 5570 insimul
2642 5516 2860 5586 πρῶτος
2891 5515 3000 5566 τῶν
3032 5513 3227 5566 κοινῶν
3258 5514 3442 5566 διακό-

1863 5629 1968 5662 νων
2002 5609 2324 5664 asscratnr?
2366 5609 2564 5662 Paucis
2605 5609 2692 5662 hic
2750 5609 2904 5676 plura
2955 5606 3271 5668 evolvenda,
3330 5621 3440 5673 quo

1864 5705 2140 5773 proposita
2166 5701 2463 5756 difficultas
2488 5702 2662 5755 lucem
2695 5701 2943 5770 accipiat.
2974 5698 3334 5767 Temporibus
3362 5698 3442 5748 ul-

1867 5797 2010 5848 timis
2033 5794 2245 5847 diaconi
2268 5801 2474 5846 tantum
2499 5792 2562 5846 ad
2583 5793 2899 5861 ἁρχοντῐκια
2917 5791 3165 5858 (quinta,
3182 5786 3437 5839 nobiliora

1865 5888 2063 5955 cilicia,
2088 5898 2223 5940 sunt
2261 5884 2505 5946 admissi,
2532 5885 2624 5954 qui
2657 5883 2930 5952 prioribus
2965 5880 3276 5936 sacerdotes
3310 5892 3447 5959 per-p
