  <div class='ocr_page' id='page_1' title='image "/cluster/home/n/w/nwhite01/storage/ocr_20150623/157/hvd.32044019307677/107.png"; bbox 0 0 3936 6586; ppageno 0'>
   <div class='ocr_carea' id='block_1_1' title="bbox 453 427 550 493">
    <p class='ocr_par' dir='ltr' id='par_1_1' title="bbox 453 427 550 493">
     <span class='ocr_line' id='line_1_1' title="bbox 453 427 550 493; baseline 0 -1"><span class='ocrx_word' id='word_1_1' title='bbox 453 427 550 493; x_wconf 78' lang='grc'><strong>167</strong></span> 
     </span>
    </p>
   </div>
   <div class='ocr_carea' id='block_1_2' title="bbox 1589 427 2647 489">
    <p class='ocr_par' dir='ltr' id='par_1_2' title="bbox 1589 427 2647 489">
     <span class='ocr_line' id='line_1_2' title="bbox 1589 427 2647 489; baseline 0 -4"><span class='ocrx_word' id='word_1_2' title='bbox 1589 429 1662 486; x_wconf 72' lang='grc' dir='ltr'>ΙΝ</span> <span class='ocrx_word' id='word_1_3' title='bbox 1713 429 2016 489; x_wconf 68' lang='lat' dir='ltr'><strong>LIBRUM</strong></span> <span class='ocrx_word' id='word_1_4' title='bbox 2053 428 2144 487; x_wconf 77' lang='lat' dir='ltr'><strong>UE</strong></span> <span class='ocrx_word' id='word_1_5' title='bbox 2171 427 2496 484; x_wconf 78' lang='lat' dir='ltr'><strong>OFFiCilS</strong></span> <span class='ocrx_word' id='word_1_6' title='bbox 2539 427 2647 485; x_wconf 70' lang='grc' dir='ltr'><strong>(ΖΡ.</strong></span> 
     </span>
    </p>
   </div>
   <div class='ocr_carea' id='block_1_3' title="bbox 3588 421 3688 488">
    <p class='ocr_par' dir='ltr' id='par_1_3' title="bbox 3588 421 3688 488">
     <span class='ocr_line' id='line_1_3' title="bbox 3588 421 3688 488; baseline -0.04 -1"><span class='ocrx_word' id='word_1_7' title='bbox 3588 421 3688 488; x_wconf 74' lang='lat'><strong>168</strong></span> 
     </span>
    </p>
   </div>
   <div class='ocr_carea' id='block_1_4' title="bbox 445 527 3688 604">
    <p class='ocr_par' dir='ltr' id='par_1_4' title="bbox 445 527 3688 604">
     <span class='ocr_line' id='line_1_4' title="bbox 445 527 3688 604; baseline 0 -14"><span class='ocrx_word' id='word_1_8' title='bbox 445 540 646 590; x_wconf 69' lang='lat' dir='ltr'><strong>mistint</strong></span> <span class='ocrx_word' id='word_1_9' title='bbox 681 548 736 592; x_wconf 91' lang='lat' dir='ltr'><strong>et</strong></span> <span class='ocrx_word' id='word_1_10' title='bbox 765 537 976 590; x_wconf 77' lang='lat' dir='ltr'><strong>diaconi</strong></span> <span class='ocrx_word' id='word_1_11' title='bbox 1009 549 1130 590; x_wconf 85' lang='lat' dir='ltr'><strong>esse</strong></span> <span class='ocrx_word' id='word_1_12' title='bbox 1160 527 1428 604; x_wconf 69' lang='lat' dir='ltr'><strong>petierant,</strong></span> <span class='ocrx_word' id='word_1_13' title='bbox 1463 550 1804 598; x_wconf 59' lang='lat' dir='ltr'><strong>caecutimus,</strong></span> <span class='ocrx_word' id='word_1_14' title='bbox 1837 537 2005 590; x_wconf 69' lang='lat' dir='ltr'><strong>saecl—</strong></span> <span class='ocrx_word' id='word_1_15' title='bbox 2037 546 2076 596; x_wconf 78' lang='grc' dir='ltr'><strong>Λ</strong></span> <span class='ocrx_word' id='word_1_16' title='bbox 2113 537 2384 587; x_wconf 79' lang='lat' dir='ltr'><strong>mestt&#39;cum</strong></span> <span class='ocrx_word' id='word_1_17' title='bbox 2443 545 2733 588; x_wconf 79' lang='lat' dir='ltr'><strong>cantarent.</strong></span> <span class='ocrx_word' id='word_1_18' title='bbox 2786 535 2923 600; x_wconf 73' lang='lat' dir='ltr'><strong>Quid</strong></span> <span class='ocrx_word' id='word_1_19' title='bbox 2987 535 3059 590; x_wconf 87' lang='lat' dir='ltr'><strong>sit</strong></span> <span class='ocrx_word' id='word_1_20' title='bbox 3119 535 3470 600; x_wconf 74' lang='lat' dir='ltr'><strong>domesticus,</strong></span> <span class='ocrx_word' id='word_1_21' title='bbox 3543 537 3688 594; x_wconf 81' lang='lat' dir='ltr'><strong>infra</strong></span> 
     </span>
    </p>
   </div>
   <div class='ocr_carea' id='block_1_5' title="bbox 441 625 2008 698">
    <p class='ocr_par' dir='ltr' id='par_1_5' title="bbox 441 625 2008 698">
     <span class='ocr_line' id='line_1_5' title="bbox 441 625 2008 698; baseline -0.003 -15"><span class='ocrx_word' id='word_1_22' title='bbox 441 631 636 694; x_wconf 85' lang='lat' dir='ltr'><strong>larius,</strong></span> <span class='ocrx_word' id='word_1_23' title='bbox 657 629 1046 698; x_wconf 81' lang='lat' dir='ltr'><strong>sccuophylax,</strong></span> <span class='ocrx_word' id='word_1_24' title='bbox 1065 635 1118 680; x_wconf 91' lang='lat' dir='ltr'><strong>et</strong></span> <span class='ocrx_word' id='word_1_25' title='bbox 1149 625 1340 694; x_wconf 81' lang='lat' dir='ltr'><strong>reliqui</strong></span> <span class='ocrx_word' id='word_1_26' title='bbox 1363 625 1672 694; x_wconf 79' lang='lat' dir='ltr'><strong>quindecim</strong></span> <span class='ocrx_word' id='word_1_27' title='bbox 1703 627 1875 680; x_wconf 89' lang='lat' dir='ltr'><strong>tribus</strong></span> <span class='ocrx_word' id='word_1_28' title='bbox 1902 627 2008 694; x_wconf 86' lang='lat' dir='ltr'><strong>pri-</strong></span> 
     </span>
    </p>
   </div>
   <div class='ocr_carea' id='block_1_6' title="bbox 442 715 2006 786">
    <p class='ocr_par' dir='ltr' id='par_1_6' title="bbox 442 715 2006 786">
     <span class='ocr_line' id='line_1_6' title="bbox 442 715 2006 786; baseline -0.004 -13"><span class='ocrx_word' id='word_1_29' title='bbox 442 722 545 774; x_wconf 86' lang='lat' dir='ltr'><strong>mis</strong></span> <span class='ocrx_word' id='word_1_30' title='bbox 601 719 898 773; x_wconf 83' lang='lat' dir='ltr'><strong>olliciorum</strong></span> <span class='ocrx_word' id='word_1_31' title='bbox 955 717 1279 786; x_wconf 87' lang='lat' dir='ltr'><strong>pentadibus</strong></span> <span class='ocrx_word' id='word_1_32' title='bbox 1311 715 1711 784; x_wconf 78' lang='lat' dir='ltr'><strong>comprehensi.</strong></span> <span class='ocrx_word' id='word_1_33' title='bbox 1781 715 1846 769; x_wconf 90' lang='lat' dir='ltr'><strong>lli</strong></span> <span class='ocrx_word' id='word_1_34' title='bbox 1908 717 2006 786; x_wconf 82' lang='grc' dir='ltr'><strong>τῆς</strong></span> 
     </span>
    </p>
   </div>
   <div class='ocr_carea' id='block_1_7' title="bbox 439 807 2008 880">
    <p class='ocr_par' dir='ltr' id='par_1_7' title="bbox 439 807 2008 880">
     <span class='ocr_line' id='line_1_7' title="bbox 439 807 2008 880; baseline -0.002 -17"><span class='ocrx_word' id='word_1_35' title='bbox 439 811 736 880; x_wconf 74' lang='grc' dir='ltr'><strong>ἐκκλησίας</strong></span> <span class='ocrx_word' id='word_1_36' title='bbox 763 811 858 862; x_wconf 78' lang='grc' dir='ltr'>καὶ</span> <span class='ocrx_word' id='word_1_37' title='bbox 916 809 1305 878; x_wconf 68' lang='grc' dir='ltr'>πατριαρχικοὶ</span> <span class='ocrx_word' id='word_1_38' title='bbox 1358 808 1638 877; x_wconf 76' lang='grc' dir='ltr'>ἄρχοντες,</span> <span class='ocrx_word' id='word_1_39' title='bbox 1699 807 2008 874; x_wconf 79' lang='grc' dir='ltr'>δεσποτικοὶ</span> 
     </span>
    </p>
   </div>
   <div class='ocr_carea' id='block_1_8' title="bbox 439 901 2004 974">
    <p class='ocr_par' dir='ltr' id='par_1_8' title="bbox 439 901 2004 974">
     <span class='ocr_line' id='line_1_8' title="bbox 439 901 2004 974; baseline -0.001 -18"><span class='ocrx_word' id='word_1_40' title='bbox 439 905 716 974; x_wconf 76' lang='grc' dir='ltr'>ἄρχοντες,</span> <span class='ocrx_word' id='word_1_41' title='bbox 745 901 1066 973; x_wconf 82' lang='grc' dir='ltr'>ἀρχοντίκια</span> <span class='ocrx_word' id='word_1_42' title='bbox 1092 901 1343 970; x_wconf 82' lang='grc' dir='ltr'>ὀφφίκια,</span> <span class='ocrx_word' id='word_1_43' title='bbox 1403 903 1719 973; x_wconf 84' lang='grc' dir='ltr'>ἁρχοντίκια</span> <span class='ocrx_word' id='word_1_44' title='bbox 1775 902 2004 971; x_wconf 77' lang='grc' dir='ltr'>μεγάλα,</span> 
     </span>
    </p>
   </div>
   <div class='ocr_carea' id='block_1_9' title="bbox 437 993 2005 1065">
    <p class='ocr_par' dir='ltr' id='par_1_9' title="bbox 437 993 2005 1065">
     <span class='ocr_line' id='line_1_9' title="bbox 437 993 2005 1065; baseline 0 -17"><span class='ocrx_word' id='word_1_45' title='bbox 437 995 724 1049; x_wconf 71' lang='grc' dir='ltr'><strong>διακονικὰ</strong></span> <span class='ocrx_word' id='word_1_46' title='bbox 777 993 1086 1062; x_wconf 79' lang='grc' dir='ltr'>ἀξιώματα,</span> <span class='ocrx_word' id='word_1_47' title='bbox 1135 1003 1188 1048; x_wconf 86' lang='lat' dir='ltr'><strong>el.</strong></span> <span class='ocrx_word' id='word_1_48' title='bbox 1245 995 1391 1065; x_wconf 72' lang='grc' dir='ltr'>(κατ’</span> <span class='ocrx_word' id='word_1_49' title='bbox 1441 995 1654 1064; x_wconf 76' lang='grc' dir='ltr'>ἐξοχὴν)</span> <span class='ocrx_word' id='word_1_50' title='bbox 1698 995 2005 1064; x_wconf 57' lang='grc' dir='ltr'>κληριλιάτα</span> 
     </span>
    </p>
   </div>
   <div class='ocr_carea' id='block_1_10' title="bbox 440 1087 2008 1156">
    <p class='ocr_par' dir='ltr' id='par_1_10' title="bbox 440 1087 2008 1156">
     <span class='ocr_line' id='line_1_10' title="bbox 440 1087 2008 1156; baseline 0 -16"><span class='ocrx_word' id='word_1_51' title='bbox 440 1095 846 1156; x_wconf 72' lang='lat' dir='ltr'><strong>nuncupantur.</strong></span> <span class='ocrx_word' id='word_1_52' title='bbox 911 1087 1074 1140; x_wconf 85' lang='lat' dir='ltr'><strong>Iidem</strong></span> <span class='ocrx_word' id='word_1_53' title='bbox 1140 1101 1283 1148; x_wconf 89' lang='lat' dir='ltr'><strong>vero,</strong></span> <span class='ocrx_word' id='word_1_54' title='bbox 1329 1097 1384 1141; x_wconf 89' lang='lat' dir='ltr'><strong>ut</strong></span> <span class='ocrx_word' id='word_1_55' title='bbox 1445 1087 1688 1142; x_wconf 76' lang='lat' dir='ltr'><strong>ecclesia:</strong></span> <span class='ocrx_word' id='word_1_56' title='bbox 1747 1087 2008 1140; x_wconf 73' lang='lat' dir='ltr'><strong>altatisre</strong></span> 
     </span>
    </p>
   </div>
   <div class='ocr_carea' id='block_1_11' title="bbox 441 1177 2008 1247">
    <p class='ocr_par' dir='ltr' id='par_1_11' title="bbox 441 1177 2008 1247">
     <span class='ocr_line' id='line_1_11' title="bbox 441 1177 2008 1247; baseline 0.001 -17"><span class='ocrx_word' id='word_1_57' title='bbox 441 1195 714 1247; x_wconf 81' lang='lat' dir='ltr'><strong>proceres,</strong></span> <span class='ocrx_word' id='word_1_58' title='bbox 761 1177 1076 1247; x_wconf 71' lang='lat' dir='ltr'><strong>patriarchae</strong></span> <span class='ocrx_word' id='word_1_59' title='bbox 1109 1179 1347 1232; x_wconf 85' lang='lat' dir='ltr'><strong>assident</strong></span> <span class='ocrx_word' id='word_1_60' title='bbox 1373 1177 1424 1230; x_wconf 90' lang='lat' dir='ltr'><strong>in</strong></span> <span class='ocrx_word' id='word_1_61' title='bbox 1464 1178 1687 1246; x_wconf 90' lang='lat' dir='ltr'><strong>judiciis</strong></span> <span class='ocrx_word' id='word_1_62' title='bbox 1721 1180 2008 1246; x_wconf 84' lang='lat' dir='ltr'><strong>eidemque</strong></span> 
     </span>
    </p>
   </div>
   <div class='ocr_carea' id='block_1_12' title="bbox 442 1268 2006 1337">
    <p class='ocr_par' dir='ltr' id='par_1_12' title="bbox 442 1268 2006 1337">
     <span class='ocr_line' id='line_1_12' title="bbox 442 1268 2006 1337; baseline 0 -15"><span class='ocrx_word' id='word_1_63' title='bbox 442 1270 734 1324; x_wconf 86' lang='lat' dir='ltr'><strong>celebranti</strong></span> <span class='ocrx_word' id='word_1_64' title='bbox 768 1268 1050 1329; x_wconf 69' lang='lat' dir='ltr'><strong>assistunt,</strong></span> <span class='ocrx_word' id='word_1_65' title='bbox 1085 1279 1140 1321; x_wconf 88' lang='lat' dir='ltr'><strong>at</strong></span> <span class='ocrx_word' id='word_1_66' title='bbox 1170 1268 1470 1322; x_wconf 87' lang='lat' dir='ltr'><strong>laboriosas</strong></span> <span class='ocrx_word' id='word_1_67' title='bbox 1511 1268 1628 1322; x_wconf 90' lang='lat' dir='ltr'><strong>illas</strong></span> <span class='ocrx_word' id='word_1_68' title='bbox 1654 1284 1847 1337; x_wconf 83' lang='lat' dir='ltr'><strong>operas</strong></span> <span class='ocrx_word' id='word_1_69' title='bbox 1897 1285 2006 1324; x_wconf 87' lang='lat' dir='ltr'><strong>non</strong></span> 
     </span>
    </p>
   </div>
   <div class='ocr_carea' id='block_1_13' title="bbox 443 1360 2006 1432">
    <p class='ocr_par' dir='ltr' id='par_1_13' title="bbox 443 1360 2006 1432">
     <span class='ocr_line' id='line_1_13' title="bbox 443 1360 2006 1432; baseline 0.001 -20"><span class='ocrx_word' id='word_1_70' title='bbox 443 1371 700 1432; x_wconf 61' lang='lat' dir='ltr'><strong>praestant</strong></span> <span class='ocrx_word' id='word_1_71' title='bbox 733 1377 870 1431; x_wconf 89' lang='lat' dir='ltr'><strong>quas</strong></span> <span class='ocrx_word' id='word_1_72' title='bbox 901 1361 1285 1415; x_wconf 87' lang='lat' dir='ltr'><strong>archidiacouo</strong></span> <span class='ocrx_word' id='word_1_73' title='bbox 1337 1360 1554 1413; x_wconf 86' lang='lat' dir='ltr'><strong>voluere</strong></span> <span class='ocrx_word' id='word_1_74' title='bbox 1585 1371 1884 1416; x_wconf 86' lang='lat' dir='ltr'><strong>reservatas</strong></span> <span class='ocrx_word' id='word_1_75' title='bbox 1907 1379 2006 1416; x_wconf 86' lang='lat' dir='ltr'><strong>ceu</strong></span> 
     </span>
    </p>
   </div>
   <div class='ocr_carea' id='block_1_14' title="bbox 441 1451 2008 1528">
    <p class='ocr_par' dir='ltr' id='par_1_14' title="bbox 441 1451 2008 1528">
     <span class='ocr_line' id='line_1_14' title="bbox 441 1451 2008 1528; baseline 0.001 -22"><span class='ocrx_word' id='word_1_76' title='bbox 441 1468 672 1528; x_wconf 76' lang='lat' dir='ltr'><strong>operoso</strong></span> <span class='ocrx_word' id='word_1_77' title='bbox 741 1451 928 1506; x_wconf 85' lang='lat' dir='ltr'><strong>altaris</strong></span> <span class='ocrx_word' id='word_1_78' title='bbox 997 1451 1268 1506; x_wconf 88' lang='lat' dir='ltr'><strong>ministro.</strong></span> <span class='ocrx_word' id='word_1_79' title='bbox 1327 1451 1444 1516; x_wconf 81' lang='lat' dir='ltr'><strong>Qua</strong></span> <span class='ocrx_word' id='word_1_80' title='bbox 1499 1453 1567 1506; x_wconf 90' lang='lat' dir='ltr'><strong>de</strong></span> <span class='ocrx_word' id='word_1_81' title='bbox 1629 1467 1793 1507; x_wconf 86' lang='lat' dir='ltr'><strong>causa</strong></span> <span class='ocrx_word' id='word_1_82' title='bbox 1861 1461 2008 1508; x_wconf 87' lang='lat' dir='ltr'><strong>totus</strong></span> 
     </span>
    </p>
   </div>
   <div class='ocr_carea' id='block_1_15' title="bbox 441 1543 2004 1611">
    <p class='ocr_par' dir='ltr' id='par_1_15' title="bbox 441 1543 2004 1611">
     <span class='ocr_line' id='line_1_15' title="bbox 441 1543 2004 1611; baseline 0 -13"><span class='ocrx_word' id='word_1_83' title='bbox 441 1544 758 1598; x_wconf 89' lang='lat' dir='ltr'><strong>ministeriis</strong></span> <span class='ocrx_word' id='word_1_84' title='bbox 825 1543 1067 1598; x_wconf 77' lang='lat' dir='ltr'><strong>intentus</strong></span> <span class='ocrx_word' id='word_1_85' title='bbox 1129 1543 1550 1598; x_wconf 79' lang='lat' dir='ltr'><strong>archidiaconus</strong></span> <span class='ocrx_word' id='word_1_86' title='bbox 1597 1545 1852 1611; x_wconf 73' lang='grc' dir='ltr'>ὀφφίκιόν</span> <span class='ocrx_word' id='word_1_87' title='bbox 1889 1547 2004 1598; x_wconf 67' lang='grc' dir='ltr'>ἐστι</span> 
     </span>
    </p>
   </div>
   <div class='ocr_carea' id='block_1_16' title="bbox 445 1633 2009 1703">
    <p class='ocr_par' dir='ltr' id='par_1_16' title="bbox 445 1633 2009 1703">
     <span class='ocr_line' id='line_1_16' title="bbox 445 1633 2009 1703; baseline 0.004 -19"><span class='ocrx_word' id='word_1_88' title='bbox 445 1634 624 1701; x_wconf 70' lang='grc' dir='ltr'>μόνον,</span> <span class='ocrx_word' id='word_1_89' title='bbox 661 1642 719 1686; x_wconf 85' lang='grc' dir='ltr'><strong>ιιι</strong></span> <span class='ocrx_word' id='word_1_90' title='bbox 752 1634 1120 1701; x_wconf 65' lang='lat' dir='ltr'><strong>praemisimus</strong></span> <span class='ocrx_word' id='word_1_91' title='bbox 1147 1645 1274 1686; x_wconf 86' lang='lat' dir='ltr'><strong>nota</strong></span> <span class='ocrx_word' id='word_1_92' title='bbox 1306 1633 1468 1698; x_wconf 83' lang='lat' dir='ltr'><strong>huius</strong></span> <span class='ocrx_word' id='word_1_93' title='bbox 1493 1635 1688 1703; x_wconf 79' lang='lat' dir='ltr'><strong>capitis</strong></span> <span class='ocrx_word' id='word_1_94' title='bbox 1727 1637 1779 1696; x_wconf 82' lang='lat' dir='ltr'><strong>l;</strong></span> <span class='ocrx_word' id='word_1_95' title='bbox 1809 1652 1907 1689; x_wconf 91' lang='lat' dir='ltr'><strong>nec</strong></span> <span class='ocrx_word' id='word_1_96' title='bbox 1928 1651 2009 1692; x_wconf 77' lang='lat' dir='ltr'><strong>eSt</strong></span> 
     </span>
    </p>
   </div>
   <div class='ocr_carea' id='block_1_17' title="bbox 439 1725 2010 1794">
    <p class='ocr_par' dir='ltr' id='par_1_17' title="bbox 439 1725 2010 1794">
     <span class='ocr_line' id='line_1_17' title="bbox 439 1725 2010 1794; baseline 0.003 -18"><span class='ocrx_word' id='word_1_97' title='bbox 439 1726 805 1793; x_wconf 78' lang='grc' dir='ltr'>ἁρχοντίκιον,</span> <span class='ocrx_word' id='word_1_98' title='bbox 871 1739 968 1778; x_wconf 89' lang='lat' dir='ltr'><strong>nec</strong></span> <span class='ocrx_word' id='word_1_99' title='bbox 995 1725 1132 1778; x_wconf 89' lang='lat' dir='ltr'><strong>inter</strong></span> <span class='ocrx_word' id='word_1_100' title='bbox 1173 1740 1427 1794; x_wconf 89' lang='lat' dir='ltr'><strong>proceres</strong></span> <span class='ocrx_word' id='word_1_101' title='bbox 1455 1725 1713 1780; x_wconf 87' lang='lat' dir='ltr'><strong>diaconos</strong></span> <span class='ocrx_word' id='word_1_102' title='bbox 1757 1743 2010 1781; x_wconf 83' lang='lat' dir='ltr'><strong>numera-</strong></span> 
     </span>
    </p>
   </div>
   <div class='ocr_carea' id='block_1_18' title="bbox 439 1816 2010 1884">
    <p class='ocr_par' dir='ltr' id='par_1_18' title="bbox 439 1816 2010 1884">
     <span class='ocr_line' id='line_1_18' title="bbox 439 1816 2010 1884; baseline 0.001 -15"><span class='ocrx_word' id='word_1_103' title='bbox 439 1827 548 1870; x_wconf 90' lang='lat' dir='ltr'><strong>tur.</strong></span> <span class='ocrx_word' id='word_1_104' title='bbox 583 1816 944 1870; x_wconf 84' lang='lat' dir='ltr'><strong>Diaconorum</strong></span> <span class='ocrx_word' id='word_1_105' title='bbox 971 1825 1172 1882; x_wconf 88' lang='lat' dir='ltr'><strong>tamen,</strong></span> <span class='ocrx_word' id='word_1_106' title='bbox 1219 1825 1488 1884; x_wconf 73' lang='lat' dir='ltr'><strong>quatenus</strong></span> <span class='ocrx_word' id='word_1_107' title='bbox 1515 1816 1882 1872; x_wconf 73' lang='lat' dir='ltr'><strong>ministerium</strong></span> <span class='ocrx_word' id='word_1_108' title='bbox 1910 1817 2010 1870; x_wconf 87' lang='lat' dir='ltr'><strong>ali-</strong></span> 
     </span>
    </p>
   </div>
   <div class='ocr_carea' id='block_1_19' title="bbox 2110 625 3690 695">
    <p class='ocr_par' dir='ltr' id='par_1_19' title="bbox 2110 625 3690 695">
     <span class='ocr_line' id='line_1_19' title="bbox 2110 625 3690 695; baseline 0.003 -17"><span class='ocrx_word' id='word_1_109' title='bbox 2110 625 2468 694; x_wconf 69' lang='lat' dir='ltr'><strong>explicabitur</strong></span> <span class='ocrx_word' id='word_1_110' title='bbox 2517 629 2582 679; x_wconf 92' lang='lat' dir='ltr'><strong>ad</strong></span> <span class='ocrx_word' id='word_1_111' title='bbox 2639 641 2696 695; x_wconf 88' lang='lat' dir='ltr'><strong>p.</strong></span> <span class='ocrx_word' id='word_1_112' title='bbox 2753 627 2808 680; x_wconf 82' lang='grc' dir='ltr'><strong>Ἰ.</strong></span> <span class='ocrx_word' id='word_1_113' title='bbox 2883 626 2943 680; x_wconf 88' lang='lat' dir='ltr'><strong>In</strong></span> <span class='ocrx_word' id='word_1_114' title='bbox 3001 626 3244 694; x_wconf 86' lang='lat' dir='ltr'><strong>palatino</strong></span> <span class='ocrx_word' id='word_1_115' title='bbox 3299 637 3478 682; x_wconf 88' lang='lat' dir='ltr'><strong>tamen</strong></span> <span class='ocrx_word' id='word_1_116' title='bbox 3537 630 3690 684; x_wconf 87' lang='lat' dir='ltr'><strong>clero</strong></span> 
     </span>
    </p>
   </div>
   <div class='ocr_carea' id='block_1_20' title="bbox 2107 717 3687 786">
    <p class='ocr_par' dir='ltr' id='par_1_20' title="bbox 2107 717 3687 786">
     <span class='ocr_line' id='line_1_20' title="bbox 2107 717 3687 786; baseline 0.003 -16"><span class='ocrx_word' id='word_1_117' title='bbox 2107 726 2227 770; x_wconf 85' lang='lat' dir='ltr'><strong>eral.</strong></span> <span class='ocrx_word' id='word_1_118' title='bbox 2285 717 2664 786; x_wconf 87' lang='lat' dir='ltr'><strong>protopsaltes,</strong></span> <span class='ocrx_word' id='word_1_119' title='bbox 2721 717 2958 772; x_wconf 87' lang='lat' dir='ltr'><strong>utdocet</strong></span> <span class='ocrx_word' id='word_1_120' title='bbox 3017 717 3258 772; x_wconf 86' lang='lat' dir='ltr'><strong>Codinus</strong></span> <span class='ocrx_word' id='word_1_121' title='bbox 3315 719 3436 774; x_wconf 87' lang='lat' dir='ltr'><strong>loco</strong></span> <span class='ocrx_word' id='word_1_122' title='bbox 3494 720 3687 786; x_wconf 89' lang='lat' dir='ltr'><strong>citato,</strong></span> 
     </span>
    </p>
   </div>
   <div class='ocr_carea' id='block_1_21' title="bbox 2108 807 3686 876">
    <p class='ocr_par' dir='ltr' id='par_1_21' title="bbox 2108 807 3686 876">
     <span class='ocr_line' id='line_1_21' title="bbox 2108 807 3686 876; baseline 0.004 -16"><span class='ocrx_word' id='word_1_123' title='bbox 2108 808 2200 876; x_wconf 86' lang='lat' dir='ltr'><strong>qui</strong></span> <span class='ocrx_word' id='word_1_124' title='bbox 2239 808 2403 862; x_wconf 89' lang='lat' dir='ltr'><strong>simul</strong></span> <span class='ocrx_word' id='word_1_125' title='bbox 2442 816 2560 861; x_wconf 88' lang='lat' dir='ltr'><strong>erat</strong></span> <span class='ocrx_word' id='word_1_126' title='bbox 2613 808 2874 861; x_wconf 76' lang='lat' dir='ltr'><strong>exercitus</strong></span> <span class='ocrx_word' id='word_1_127' title='bbox 2905 807 3038 861; x_wconf 89' lang='lat' dir='ltr'><strong>cieri</strong></span> <span class='ocrx_word' id='word_1_128' title='bbox 3077 809 3439 876; x_wconf 75' lang='lat' dir='ltr'><strong>imperatorii.</strong></span> <span class='ocrx_word' id='word_1_129' title='bbox 3475 809 3686 866; x_wconf 76' lang='lat' dir='ltr'><strong>Gns&#39;rs.</strong></span> 
     </span>
    </p>
   </div>
   <div class='ocr_carea' id='block_1_22' title="bbox 2179 897 3688 970">
    <p class='ocr_par' dir='ltr' id='par_1_22' title="bbox 2179 897 3688 970">
     <span class='ocr_line' id='line_1_22' title="bbox 2179 897 3688 970; baseline 0.003 -20"><span class='ocrx_word' id='word_1_130' title='bbox 2179 899 2240 952; x_wconf 88' lang='lat' dir='ltr'><strong>P.</strong></span> <span class='ocrx_word' id='word_1_131' title='bbox 2277 901 2332 952; x_wconf 77' lang='lat' dir='ltr'><strong>ii.</strong></span> <span class='ocrx_word' id='word_1_132' title='bbox 2363 899 2672 953; x_wconf 82' lang='lat' dir='ltr'><strong>Allatiana:</strong></span> <span class='ocrx_word' id='word_1_133' title='bbox 2719 897 2778 950; x_wconf 88' lang='lat'><strong>&#39;0</strong></span> <span class='ocrx_word' id='word_1_134' title='bbox 2800 899 3196 968; x_wconf 69' lang='grc' dir='ltr'>πρωτοψάλτης</span> <span class='ocrx_word' id='word_1_135' title='bbox 3243 899 3456 954; x_wconf 82' lang='grc' dir='ltr'>ἵσταται</span> <span class='ocrx_word' id='word_1_136' title='bbox 3515 903 3688 970; x_wconf 59' lang='grc' dir='ltr'>μέσον</span> 
     </span>
    </p>
   </div>
   <div class='ocr_carea' id='block_1_23' title="bbox 2108 988 3686 1062">
    <p class='ocr_par' dir='ltr' id='par_1_23' title="bbox 2108 988 3686 1062">
     <span class='ocr_line' id='line_1_23' title="bbox 2108 988 3686 1062; baseline 0.004 -22"><span class='ocrx_word' id='word_1_137' title='bbox 2108 990 2216 1041; x_wconf 80' lang='grc' dir='ltr'>τῶν</span> <span class='ocrx_word' id='word_1_138' title='bbox 2242 988 2334 1042; x_wconf 80' lang='grc' dir='ltr'><strong>δύο</strong></span> <span class='ocrx_word' id='word_1_139' title='bbox 2366 989 2563 1059; x_wconf 86' lang='grc' dir='ltr'>χορῶν,</span> <span class='ocrx_word' id='word_1_140' title='bbox 2595 988 2770 1052; x_wconf 80' lang='grc' dir='ltr'>δεξιοῦ</span> <span class='ocrx_word' id='word_1_141' title='bbox 2825 1005 2882 1041; x_wconf 89' lang='grc' dir='ltr'><strong>τε</strong></span> <span class='ocrx_word' id='word_1_142' title='bbox 2911 992 3005 1042; x_wconf 76' lang='grc' dir='ltr'><strong>καὶ</strong></span> <span class='ocrx_word' id='word_1_143' title='bbox 3061 990 3365 1058; x_wconf 77' lang='grc' dir='ltr'><strong>εὐωνύμου.</strong></span> <span class='ocrx_word' id='word_1_144' title='bbox 3421 995 3686 1062; x_wconf 75' lang='grc' dir='ltr'>Ἀρχεται</span> 
     </span>
    </p>
   </div>
   <div class='ocr_carea' id='block_1_24' title="bbox 2109 1078 3688 1152">
    <p class='ocr_par' dir='ltr' id='par_1_24' title="bbox 2109 1078 3688 1152">
     <span class='ocr_line' id='line_1_24' title="bbox 2109 1078 3688 1152; baseline 0.003 -20"><span class='ocrx_word' id='word_1_145' title='bbox 2109 1081 2164 1132; x_wconf 78' lang='grc' dir='ltr'>δὲ</span> <span class='ocrx_word' id='word_1_146' title='bbox 2199 1083 2295 1134; x_wconf 67' lang='grc' dir='ltr'><strong>καὶ</strong></span> <span class='ocrx_word' id='word_1_147' title='bbox 2319 1081 2418 1152; x_wconf 81' lang='grc' dir='ltr'>τὴν</span> <span class='ocrx_word' id='word_1_148' title='bbox 2444 1079 2662 1148; x_wconf 77' lang='grc' dir='ltr'>ἐναρξιν</span> <span class='ocrx_word' id='word_1_149' title='bbox 2690 1079 2787 1147; x_wconf 78' lang='grc' dir='ltr'><strong>τῆς</strong></span> <span class='ocrx_word' id='word_1_150' title='bbox 2819 1078 3156 1149; x_wconf 70' lang='grc' dir='ltr'>ψαλμῳδίας.</span> <span class='ocrx_word' id='word_1_151' title='bbox 3204 1082 3358 1132; x_wconf 79' lang='grc' dir='ltr'>Μετὰ</span> <span class='ocrx_word' id='word_1_152' title='bbox 3408 1082 3464 1134; x_wconf 85' lang='grc' dir='ltr'>δὲ</span> <span class='ocrx_word' id='word_1_153' title='bbox 3509 1084 3688 1136; x_wconf 78' lang='grc' dir='ltr'>ταῦτα</span> 
     </span>
    </p>
   </div>
   <div class='ocr_carea' id='block_1_25' title="bbox 2109 1173 3686 1244">
    <p class='ocr_par' dir='ltr' id='par_1_25' title="bbox 2109 1173 3686 1244">
     <span class='ocr_line' id='line_1_25' title="bbox 2109 1173 3686 1244; baseline 0 -17"><span class='ocrx_word' id='word_1_154' title='bbox 2109 1177 2202 1228; x_wconf 74' lang='grc' dir='ltr'><strong>καὶ</strong></span> <span class='ocrx_word' id='word_1_155' title='bbox 2233 1174 2432 1244; x_wconf 65' lang='grc' dir='ltr'>ψάλται</span> <span class='ocrx_word' id='word_1_156' title='bbox 2467 1173 2598 1225; x_wconf 75' lang='grc' dir='ltr'>ὅλοι.</span> <span class='ocrx_word' id='word_1_157' title='bbox 2641 1173 2860 1226; x_wconf 82' lang='lat' dir='ltr'><strong>Addunt</strong></span> <span class='ocrx_word' id='word_1_158' title='bbox 2913 1173 3044 1236; x_wconf 85' lang='lat' dir='ltr'><strong>alia,</strong></span> <span class='ocrx_word' id='word_1_159' title='bbox 3089 1174 3139 1224; x_wconf 79' lang='lat' dir='ltr'><strong>oi</strong></span> <span class='ocrx_word' id='word_1_160' title='bbox 3181 1173 3614 1242; x_wconf 73' lang='grc' dir='ltr'>δομὲστικοι-καὶ</span> <span class='ocrx_word' id='word_1_161' title='bbox 3635 1177 3686 1227; x_wconf 80' lang='grc' dir='ltr'>οἱ</span> 
     </span>
    </p>
   </div>
   <div class='ocr_carea' id='block_1_26' title="bbox 2110 1267 3684 1338">
    <p class='ocr_par' dir='ltr' id='par_1_26' title="bbox 2110 1267 3684 1338">
     <span class='ocr_line' id='line_1_26' title="bbox 2110 1267 3684 1338; baseline 0 -18"><span class='ocrx_word' id='word_1_162' title='bbox 2110 1269 2537 1338; x_wconf 76' lang='grc' dir='ltr'>πριμμικήριοι.</span> <span class='ocrx_word' id='word_1_163' title='bbox 2569 1269 2731 1337; x_wconf 79' lang='grc' dir='ltr'>Φορεῖ</span> <span class='ocrx_word' id='word_1_164' title='bbox 2784 1267 2838 1319; x_wconf 86' lang='grc' dir='ltr'>δὲ</span> <span class='ocrx_word' id='word_1_165' title='bbox 2873 1273 2969 1320; x_wconf 72' lang='grc' dir='ltr'>καὶ.</span> <span class='ocrx_word' id='word_1_166' title='bbox 3022 1267 3370 1336; x_wconf 81' lang='grc' dir='ltr'>σφικτούριον</span> <span class='ocrx_word' id='word_1_167' title='bbox 3425 1269 3684 1338; x_wconf 75' lang='lat' dir='ltr'><strong>(tunicam</strong></span> 
     </span>
    </p>
   </div>
   <div class='ocr_carea' id='block_1_27' title="bbox 2110 1358 2920 1430">
    <p class='ocr_par' dir='ltr' id='par_1_27' title="bbox 2110 1358 2920 1430">
     <span class='ocr_line' id='line_1_27' title="bbox 2110 1358 2920 1430; baseline 0.002 -16"><span class='ocrx_word' id='word_1_168' title='bbox 2110 1363 2306 1416; x_wconf 81' lang='lat' dir='ltr'><strong>brevem</strong></span> <span class='ocrx_word' id='word_1_169' title='bbox 2335 1371 2384 1416; x_wconf 85' lang='lat' dir='ltr'><strong>et</strong></span> <span class='ocrx_word' id='word_1_170' title='bbox 2415 1361 2696 1430; x_wconf 74' lang='lat' dir='ltr'><strong>strictam).</strong></span> <span class='ocrx_word' id='word_1_171' title='bbox 2725 1359 2874 1416; x_wconf 64' lang='lat' dir='ltr'><strong>Goan</strong></span> <span class='ocrx_word' id='word_1_172' title='bbox 2903 1358 2920 1430; x_wconf 92' lang='lat'>]</span> 
     </span>
    </p>
   </div>
   <div class='ocr_carea' id='block_1_28' title="bbox 2186 1441 3690 1528">
    <p class='ocr_par' dir='ltr' id='par_1_28' title="bbox 2186 1441 3690 1528">
     <span class='ocr_line' id='line_1_28' title="bbox 2186 1441 3690 1528; baseline 0.001 -23"><span class='ocrx_word' id='word_1_173' title='bbox 2186 1441 2520 1523; x_wconf 7' lang='lat' dir='ltr'><strong>Sequiturié</strong></span> <span class='ocrx_word' id='word_1_174' title='bbox 2576 1453 3029 1528; x_wconf 67' lang='grc' dir='ltr'>ἰδιοδομέστικοςί,</span> <span class='ocrx_word' id='word_1_175' title='bbox 3081 1457 3370 1527; x_wconf 75' lang='lat' dir='ltr'><strong>singularis</strong></span> <span class='ocrx_word' id='word_1_176' title='bbox 3436 1455 3690 1514; x_wconf 56' lang='lat' dir='ltr'><strong>demear-</strong></span> 
     </span>
    </p>
   </div>
   <div class='ocr_carea' id='block_1_29' title="bbox 2110 1542 3687 1612">
    <p class='ocr_par' dir='ltr' id='par_1_29' title="bbox 2110 1542 3687 1612">
     <span class='ocr_line' id='line_1_29' title="bbox 2110 1542 3687 1612; baseline 0.003 -18"><span class='ocrx_word' id='word_1_177' title='bbox 2110 1558 2224 1604; x_wconf 74' lang='lat' dir='ltr'><strong>cus,</strong></span> <span class='ocrx_word' id='word_1_178' title='bbox 2294 1550 2350 1594; x_wconf 87' lang='lat' dir='ltr'><strong>ut</strong></span> <span class='ocrx_word' id='word_1_179' title='bbox 2407 1542 2794 1610; x_wconf 81' lang='lat' dir='ltr'><strong>interpretatur</strong></span> <span class='ocrx_word' id='word_1_180' title='bbox 2853 1543 3073 1608; x_wconf 82' lang='lat' dir='ltr'><strong>Junius,</strong></span> <span class='ocrx_word' id='word_1_181' title='bbox 3133 1547 3292 1612; x_wconf 82' lang='lat' dir='ltr'><strong>primi</strong></span> <span class='ocrx_word' id='word_1_182' title='bbox 3361 1555 3410 1599; x_wconf 84' lang='lat' dir='ltr'><strong>et</strong></span> <span class='ocrx_word' id='word_1_183' title='bbox 3467 1546 3687 1599; x_wconf 76' lang='lat' dir='ltr'><strong>secumii</strong></span> 
     </span>
    </p>
   </div>
   <div class='ocr_carea' id='block_1_30' title="bbox 2109 1631 3684 1704">
    <p class='ocr_par' dir='ltr' id='par_1_30' title="bbox 2109 1631 3684 1704">
     <span class='ocr_line' id='line_1_30' title="bbox 2109 1631 3684 1704; baseline 0.003 -20"><span class='ocrx_word' id='word_1_184' title='bbox 2109 1634 2274 1686; x_wconf 83' lang='lat' dir='ltr'><strong>chori.</strong></span> <span class='ocrx_word' id='word_1_185' title='bbox 2309 1631 2412 1686; x_wconf 85' lang='lat' dir='ltr'><strong>Sed</strong></span> <span class='ocrx_word' id='word_1_186' title='bbox 2441 1643 2616 1687; x_wconf 83' lang='lat' dir='ltr'><strong>errat:</strong></span> <span class='ocrx_word' id='word_1_187' title='bbox 2655 1634 2944 1702; x_wconf 78' lang='lat' dir='ltr'><strong>legendum</strong></span> <span class='ocrx_word' id='word_1_188' title='bbox 2974 1639 3022 1689; x_wconf 80' lang='lat' dir='ltr'><strong>oi</strong></span> <span class='ocrx_word' id='word_1_189' title='bbox 3065 1636 3158 1688; x_wconf 81' lang='grc' dir='ltr'><strong>δύο</strong></span> <span class='ocrx_word' id='word_1_190' title='bbox 3198 1638 3538 1704; x_wconf 76' lang='grc' dir='ltr'>δομέστνκοι,</span> <span class='ocrx_word' id='word_1_191' title='bbox 3577 1639 3684 1688; x_wconf 83' lang='lat' dir='ltr'><strong>duo</strong></span> 
     </span>
    </p>
   </div>
   <div class='ocr_carea' id='block_1_31' title="bbox 2110 1723 3688 1818">
    <p class='ocr_par' dir='ltr' id='par_1_31' title="bbox 2110 1723 3688 1818">
     <span class='ocr_line' id='line_1_31' title="bbox 2110 1723 3688 1818; baseline 0.003 -43"><span class='ocrx_word' id='word_1_192' title='bbox 2110 1723 2406 1787; x_wconf 69' lang='lat' dir='ltr'><strong>domestici,</strong></span> <span class='ocrx_word' id='word_1_193' title='bbox 2431 1724 2566 1779; x_wconf 83' lang='lat' dir='ltr'><strong>alter</strong></span> <span class='ocrx_word' id='word_1_194' title='bbox 2587 1725 2784 1790; x_wconf 73' lang='lat' dir='ltr'><strong>dextri,</strong></span> <span class='ocrx_word' id='word_1_195' title='bbox 2817 1728 2958 1818; x_wconf 62' lang='lat' dir='ltr'><strong>alte‘</strong></span> <span class='ocrx_word' id='word_1_196' title='bbox 2986 1729 3186 1782; x_wconf 82' lang='lat' dir='ltr'><strong>sinistri</strong></span> <span class='ocrx_word' id='word_1_197' title='bbox 3215 1729 3381 1782; x_wconf 75' lang='lat' dir='ltr'><strong>chori.</strong></span> <span class='ocrx_word' id='word_1_198' title='bbox 3411 1729 3566 1783; x_wconf 82' lang='lat' dir='ltr'><strong>Clare</strong></span> <span class='ocrx_word' id='word_1_199' title='bbox 3595 1729 3688 1780; x_wconf 81' lang='lat' dir='ltr'><strong>Ci-</strong></span> 
     </span>
    </p>
   </div>
   <div class='ocr_carea' id='block_1_32' title="bbox 2112 1816 3682 1888">
    <p class='ocr_par' dir='ltr' id='par_1_32' title="bbox 2112 1816 3682 1888">
     <span class='ocr_line' id='line_1_32' title="bbox 2112 1816 3682 1888; baseline 0.003 -22"><span class='ocrx_word' id='word_1_200' title='bbox 2112 1816 2246 1869; x_wconf 90' lang='lat' dir='ltr'><strong>trius</strong></span> <span class='ocrx_word' id='word_1_201' title='bbox 2264 1817 2402 1870; x_wconf 90' lang='lat' dir='ltr'><strong>duos</strong></span> <span class='ocrx_word' id='word_1_202' title='bbox 2429 1819 2693 1882; x_wconf 87' lang='lat' dir='ltr'><strong>nominat,</strong></span> <span class='ocrx_word' id='word_1_203' title='bbox 2717 1821 2744 1870; x_wconf 84' lang='grc' dir='ltr'>ὁ</span> <span class='ocrx_word' id='word_1_204' title='bbox 2771 1816 3089 1888; x_wconf 71' lang='grc' dir='ltr'>δομὲστικος</span> <span class='ocrx_word' id='word_1_205' title='bbox 3124 1820 3215 1872; x_wconf 76' lang='grc' dir='ltr'>τοῦ</span> <span class='ocrx_word' id='word_1_206' title='bbox 3242 1819 3417 1884; x_wconf 79' lang='grc' dir='ltr'>δεξιοῦ</span> <span class='ocrx_word' id='word_1_207' title='bbox 3444 1819 3628 1888; x_wconf 56' lang='grc' dir='ltr'>χοροῦ,</span> <span class='ocrx_word' id='word_1_208' title='bbox 3651 1821 3682 1871; x_wconf 85' lang='grc' dir='ltr'>ὁ</span> 
     </span>
    </p>
   </div>
   <div class='ocr_carea' id='block_1_33' title="bbox 437 1875 2009 1980">
    <p class='ocr_par' dir='ltr' id='par_1_33' title="bbox 437 1897 2007 1980">
     <span class='ocr_line' id='line_1_33' title="bbox 437 1897 2007 1980; baseline 0.001 -18"><span class='ocrx_word' id='word_1_209' title='bbox 437 1908 582 1978; x_wconf 90' lang='lat' dir='ltr'><strong>quod</strong></span> <span class='ocrx_word' id='word_1_210' title='bbox 627 1897 890 1978; x_wconf 61' lang='lat' dir='ltr'><strong>implent,</strong></span> <span class='ocrx_word' id='word_1_211' title='bbox 922 1897 1086 1976; x_wconf 84' lang='lat' dir='ltr'><strong>caput</strong></span> <span class='ocrx_word' id='word_1_212' title='bbox 1125 1917 1205 1962; x_wconf 86' lang='lat' dir='ltr'><strong>est</strong></span> <span class='ocrx_word' id='word_1_213' title='bbox 1249 1917 1303 1962; x_wconf 84' lang='lat' dir='ltr'><strong>ct</strong></span> <span class='ocrx_word' id='word_1_214' title='bbox 1357 1909 1630 1978; x_wconf 86' lang='lat' dir='ltr'><strong>princeps,</strong></span> <span class='ocrx_word' id='word_1_215' title='bbox 1691 1910 2007 1980; x_wconf 88' lang='lat' dir='ltr'><strong>eisdemque</strong></span> 
     </span>
    </p>
   </div>
   <div class='ocr_carea' id='block_1_34' title="bbox 2117 1875 3679 1980">
    <p class='ocr_par' dir='ltr' id='par_1_34' title="bbox 2117 1905 3679 1979">
     <span class='ocr_line' id='line_1_34' title="bbox 2117 1905 3679 1979; baseline 0.003 -21"><span class='ocrx_word' id='word_1_216' title='bbox 2117 1905 2429 1974; x_wconf 80' lang='grc' dir='ltr'>δομέστικος</span> <span class='ocrx_word' id='word_1_217' title='bbox 2463 1909 2554 1960; x_wconf 80' lang='grc' dir='ltr'>τοῦ</span> <span class='ocrx_word' id='word_1_218' title='bbox 2589 1909 2900 1979; x_wconf 77' lang='grc' dir='ltr'><strong>ἀριστεροῦ.</strong></span> <span class='ocrx_word' id='word_1_219' title='bbox 2933 1911 2996 1964; x_wconf 82' lang='lat' dir='ltr'><strong>Et</strong></span> <span class='ocrx_word' id='word_1_220' title='bbox 3053 1911 3225 1966; x_wconf 76' lang='lat' dir='ltr'><strong>facilis</strong></span> <span class='ocrx_word' id='word_1_221' title='bbox 3272 1912 3356 1965; x_wconf 84' lang='lat' dir='ltr'><strong>via</strong></span> <span class='ocrx_word' id='word_1_222' title='bbox 3409 1911 3508 1964; x_wconf 80' lang='lat' dir='ltr'><strong>fuit</strong></span> <span class='ocrx_word' id='word_1_223' title='bbox 3543 1921 3679 1965; x_wconf 75' lang='lat' dir='ltr'><strong>Coli-</strong></span> 
     </span>
    </p>
   </div>
   <div class='ocr_carea' id='block_1_35' title="bbox 439 2001 2008 2074">
    <p class='ocr_par' dir='ltr' id='par_1_35' title="bbox 439 2001 2008 2074">
     <span class='ocr_line' id='line_1_35' title="bbox 439 2001 2008 2074; baseline 0.003 -18"><span class='ocrx_word' id='word_1_224' title='bbox 439 2002 792 2070; x_wconf 86' lang='lat' dir='ltr'><strong>quantumvis</strong></span> <span class='ocrx_word' id='word_1_225' title='bbox 811 2002 1124 2070; x_wconf 88' lang='lat' dir='ltr'><strong>proceribus</strong></span> <span class='ocrx_word' id='word_1_226' title='bbox 1144 2002 1196 2054; x_wconf 89' lang='lat' dir='ltr'><strong>in</strong></span> <span class='ocrx_word' id='word_1_227' title='bbox 1217 2001 1516 2056; x_wconf 86' lang='lat' dir='ltr'><strong>diaeonicis</strong></span> <span class='ocrx_word' id='word_1_228' title='bbox 1539 2004 1856 2059; x_wconf 89' lang='lat' dir='ltr'><strong>ministeriis</strong></span> <span class='ocrx_word' id='word_1_229' title='bbox 1874 2021 2008 2074; x_wconf 73' lang='lat' dir='ltr'><strong>pra:-</strong></span> 
     </span>
    </p>
   </div>
   <div class='ocr_carea' id='block_1_36' title="bbox 440 2094 2004 2164">
    <p class='ocr_par' dir='ltr' id='par_1_36' title="bbox 440 2094 2004 2164">
     <span class='ocr_line' id='line_1_36' title="bbox 440 2094 2004 2164; baseline 0.003 -14"><span class='ocrx_word' id='word_1_230' title='bbox 440 2098 637 2150; x_wconf 87' lang='lat' dir='ltr'><strong>licitur.</strong></span> <span class='ocrx_word' id='word_1_231' title='bbox 677 2095 850 2164; x_wconf 83' lang='lat' dir='ltr'><strong>Hujus</strong></span> <span class='ocrx_word' id='word_1_232' title='bbox 895 2094 1176 2150; x_wconf 68' lang='lat' dir='ltr'><strong>sententiae</strong></span> <span class='ocrx_word' id='word_1_233' title='bbox 1232 2105 1423 2149; x_wconf 83' lang='lat' dir='ltr'><strong>auctor</strong></span> <span class='ocrx_word' id='word_1_234' title='bbox 1475 2096 1610 2150; x_wconf 89' lang='lat' dir='ltr'><strong>mihi</strong></span> <span class='ocrx_word' id='word_1_235' title='bbox 1654 2108 1740 2152; x_wconf 92' lang='lat' dir='ltr'><strong>est</strong></span> <span class='ocrx_word' id='word_1_236' title='bbox 1765 2097 2004 2154; x_wconf 85' lang='lat' dir='ltr'><strong>Joannes</strong></span> 
     </span>
    </p>
   </div>
   <div class='ocr_carea' id='block_1_37' title="bbox 437 2187 2003 2260">
    <p class='ocr_par' dir='ltr' id='par_1_37' title="bbox 437 2187 2003 2260">
     <span class='ocr_line' id='line_1_37' title="bbox 437 2187 2003 2260; baseline 0.001 -16"><span class='ocrx_word' id='word_1_237' title='bbox 437 2191 572 2244; x_wconf 83' lang='lat' dir='ltr'><strong>Citri</strong></span> <span class='ocrx_word' id='word_1_238' title='bbox 635 2190 926 2259; x_wconf 86' lang='lat' dir='ltr'><strong>episcopus</strong></span> <span class='ocrx_word' id='word_1_239' title='bbox 978 2188 1117 2256; x_wconf 85' lang='lat' dir='ltr'><strong>juris</strong></span> <span class='ocrx_word' id='word_1_240' title='bbox 1159 2187 1337 2244; x_wconf 71' lang='lat'><strong>68.1.</strong></span> <span class='ocrx_word' id='word_1_241' title='bbox 1401 2205 1452 2243; x_wconf 89' lang='lat' dir='ltr'><strong>v.</strong></span> <span class='ocrx_word' id='word_1_242' title='bbox 1523 2189 1810 2260; x_wconf 82' lang='lat' dir='ltr'><strong>Postquam</strong></span> <span class='ocrx_word' id='word_1_243' title='bbox 1861 2193 2003 2246; x_wconf 85' lang='lat' dir='ltr'><strong>enim</strong></span> 
     </span>
    </p>
   </div>
   <div class='ocr_carea' id='block_1_38' title="bbox 419 2282 2006 2352">
    <p class='ocr_par' dir='ltr' id='par_1_38' title="bbox 419 2282 2006 2352">
     <span class='ocr_line' id='line_1_38' title="bbox 419 2282 2006 2352; baseline 0.002 -17"><span class='ocrx_word' id='word_1_244' title='bbox 419 2282 652 2352; x_wconf 62' lang='lat' dir='ltr'><strong>quasiit</strong></span> <span class='ocrx_word' id='word_1_245' title='bbox 719 2283 780 2334; x_wconf 89' lang='grc' dir='ltr'><strong>τδ</strong></span> <span class='ocrx_word' id='word_1_246' title='bbox 829 2282 1267 2352; x_wconf 72' lang='grc' dir='ltr'>ἀρχιδιακονικὸν</span> <span class='ocrx_word' id='word_1_247' title='bbox 1333 2282 1584 2351; x_wconf 78' lang='grc' dir='ltr'>ὀφφίκιον</span> <span class='ocrx_word' id='word_1_248' title='bbox 1671 2284 1832 2346; x_wconf 83' lang='grc' dir='ltr'>ποίας</span> <span class='ocrx_word' id='word_1_249' title='bbox 1888 2286 2006 2339; x_wconf 67' lang='grc' dir='ltr'>ἐστὶ</span> 
     </span>
    </p>
   </div>
   <div class='ocr_carea' id='block_1_39' title="bbox 434 2371 2005 2444">
    <p class='ocr_par' dir='ltr' id='par_1_39' title="bbox 434 2371 2005 2444">
     <span class='ocr_line' id='line_1_39' title="bbox 434 2371 2005 2444; baseline 0.002 -17"><span class='ocrx_word' id='word_1_250' title='bbox 434 2375 640 2440; x_wconf 78' lang='grc' dir='ltr'>τάξεως</span> <span class='ocrx_word' id='word_1_251' title='bbox 671 2375 763 2428; x_wconf 72' lang='grc' dir='ltr'>καὶ</span> <span class='ocrx_word' id='word_1_252' title='bbox 801 2373 954 2427; x_wconf 88' lang='grc' dir='ltr'>ποίου</span> <span class='ocrx_word' id='word_1_253' title='bbox 987 2371 1226 2442; x_wconf 82' lang='grc' dir='ltr'><strong>βαθμοῦ,</strong></span> <span class='ocrx_word' id='word_1_254' title='bbox 1273 2373 1368 2426; x_wconf 76' lang='grc' dir='ltr'>καὶ</span> <span class='ocrx_word' id='word_1_255' title='bbox 1425 2375 1476 2426; x_wconf 89' lang='grc' dir='ltr'><strong>εί</strong></span> <span class='ocrx_word' id='word_1_256' title='bbox 1519 2375 1844 2444; x_wconf 78' lang='grc' dir='ltr'><strong>προΐσταται</strong></span> <span class='ocrx_word' id='word_1_257' title='bbox 1895 2378 2005 2431; x_wconf 80' lang='grc' dir='ltr'><strong>τῶν</strong></span> 
     </span>
    </p>
   </div>
   <div class='ocr_carea' id='block_1_40' title="bbox 433 2464 2004 2535">
    <p class='ocr_par' dir='ltr' id='par_1_40' title="bbox 433 2464 2004 2535">
     <span class='ocr_line' id='line_1_40' title="bbox 433 2464 2004 2535; baseline 0.001 -15"><span class='ocrx_word' id='word_1_258' title='bbox 433 2469 573 2520; x_wconf 75' lang='grc' dir='ltr'>ὅλων</span> <span class='ocrx_word' id='word_1_259' title='bbox 621 2465 884 2519; x_wconf 81' lang='grc' dir='ltr'>διακόνων</span> <span class='ocrx_word' id='word_1_260' title='bbox 919 2465 994 2526; x_wconf 86' lang='grc' dir='ltr'><strong>ὼς</strong></span> <span class='ocrx_word' id='word_1_261' title='bbox 1045 2464 1446 2535; x_wconf 78' lang='grc' dir='ltr'>ἀρχιδιάκονος,</span> <span class='ocrx_word' id='word_1_262' title='bbox 1503 2467 1601 2518; x_wconf 73' lang='grc' dir='ltr'><strong>καὶ</strong></span> <span class='ocrx_word' id='word_1_263' title='bbox 1657 2467 1840 2520; x_wconf 80' lang='grc' dir='ltr'>αὐτῶν</span> <span class='ocrx_word' id='word_1_264' title='bbox 1879 2468 2004 2522; x_wconf 80' lang='grc' dir='ltr'><strong>¹τῶν</strong></span> 
     </span>
    </p>
   </div>
   <div class='ocr_carea' id='block_1_41' title="bbox 435 2557 2003 2628">
    <p class='ocr_par' dir='ltr' id='par_1_41' title="bbox 435 2557 2003 2628">
     <span class='ocr_line' id='line_1_41' title="bbox 435 2557 2003 2628; baseline 0.001 -17"><span class='ocrx_word' id='word_1_265' title='bbox 435 2557 902 2628; x_wconf 70' lang='grc' dir='ltr'>ἐκκλησιαστικῶν</span> <span class='ocrx_word' id='word_1_266' title='bbox 919 2557 1218 2627; x_wconf 81' lang='grc' dir='ltr'>ἀρχόντων,</span> <span class='ocrx_word' id='word_1_267' title='bbox 1243 2558 1340 2610; x_wconf 77' lang='grc' dir='ltr'>καὶ</span> <span class='ocrx_word' id='word_1_268' title='bbox 1361 2558 1410 2610; x_wconf 87' lang='grc' dir='ltr'><strong>εί</strong></span> <span class='ocrx_word' id='word_1_269' title='bbox 1428 2559 1764 2626; x_wconf 79' lang='grc' dir='ltr'><strong>προτιμᾶται</strong></span> <span class='ocrx_word' id='word_1_270' title='bbox 1788 2559 2003 2614; x_wconf 84' lang='grc' dir='ltr'>πάντων</span> 
     </span>
    </p>
   </div>
   <div class='ocr_carea' id='block_1_42' title="bbox 437 2647 2008 2720">
    <p class='ocr_par' dir='ltr' id='par_1_42' title="bbox 437 2647 2008 2720">
     <span class='ocr_line' id='line_1_42' title="bbox 437 2647 2008 2720; baseline 0.004 -20"><span class='ocrx_word' id='word_1_271' title='bbox 437 2653 495 2700; x_wconf 79' lang='grc' dir='ltr'>ἐν</span> <span class='ocrx_word' id='word_1_272' title='bbox 529 2654 594 2720; x_wconf 83' lang='grc' dir='ltr'>τῇ</span> <span class='ocrx_word' id='word_1_273' title='bbox 635 2647 935 2718; x_wconf 74' lang='grc' dir='ltr'>μεταλήψει</span> <span class='ocrx_word' id='word_1_274' title='bbox 987 2649 1094 2700; x_wconf 86' lang='grc' dir='ltr'>τῶν</span> <span class='ocrx_word' id='word_1_275' title='bbox 1125 2649 1285 2703; x_wconf 79' lang='grc' dir='ltr'>Θείων</span> <span class='ocrx_word' id='word_1_276' title='bbox 1339 2649 1676 2718; x_wconf 75' lang='grc' dir='ltr'>μυστηρίων,</span> <span class='ocrx_word' id='word_1_277' title='bbox 1718 2652 2008 2720; x_wconf 87' lang='lat' dir='ltr'><strong>respondet</strong></span> 
     </span>
    </p>
   </div>
   <div class='ocr_carea' id='block_1_43' title="bbox 436 2737 2004 2811">
    <p class='ocr_par' dir='ltr' id='par_1_43' title="bbox 436 2737 2004 2811">
     <span class='ocr_line' id='line_1_43' title="bbox 436 2737 2004 2811; baseline -0.001 -17"><span class='ocrx_word' id='word_1_278' title='bbox 436 2741 662 2794; x_wconf 68' lang='lat' dir='ltr'><strong>Cilnius:</strong></span> <span class='ocrx_word' id='word_1_279' title='bbox 724 2739 798 2790; x_wconf 83' lang='grc' dir='ltr'><strong>Τδ</strong></span> <span class='ocrx_word' id='word_1_280' title='bbox 831 2737 1264 2807; x_wconf 83' lang='grc' dir='ltr'>ἀρχιδιακονικὸν</span> <span class='ocrx_word' id='word_1_281' title='bbox 1299 2739 1552 2806; x_wconf 78' lang='grc' dir='ltr'>ὀφφίκιον</span> <span class='ocrx_word' id='word_1_282' title='bbox 1598 2740 1698 2793; x_wconf 81' lang='grc' dir='ltr'><strong>οὐκ</strong></span> <span class='ocrx_word' id='word_1_283' title='bbox 1727 2741 1871 2795; x_wconf 78' lang='grc' dir='ltr'>ἔστιν</span> <span class='ocrx_word' id='word_1_284' title='bbox 1903 2744 2004 2811; x_wconf 79' lang='grc' dir='ltr'><strong>ἁρ-</strong></span> 
     </span>
    </p>
   </div>
   <div class='ocr_carea' id='block_1_44' title="bbox 437 2829 2007 2901">
    <p class='ocr_par' dir='ltr' id='par_1_44' title="bbox 437 2829 2007 2901">
     <span class='ocr_line' id='line_1_44' title="bbox 437 2829 2007 2901; baseline 0 -17"><span class='ocrx_word' id='word_1_285' title='bbox 437 2831 728 2901; x_wconf 78' lang='grc' dir='ltr'>χοντίκιον,</span> <span class='ocrx_word' id='word_1_286' title='bbox 773 2829 892 2884; x_wconf 80' lang='grc' dir='ltr'>οὐδὲ</span> <span class='ocrx_word' id='word_1_287' title='bbox 941 2831 1006 2882; x_wconf 82' lang='grc' dir='ltr'>ὲκ</span> <span class='ocrx_word' id='word_1_288' title='bbox 1069 2829 1378 2898; x_wconf 74' lang='grc' dir='ltr'>φιλοτιμίας</span> <span class='ocrx_word' id='word_1_289' title='bbox 1431 2832 1845 2900; x_wconf 78' lang='grc' dir='ltr'>ἀρχιερατικῆς,</span> <span class='ocrx_word' id='word_1_290' title='bbox 1899 2833 2007 2886; x_wconf 83' lang='grc' dir='ltr'><strong>ὥσ·</strong></span> 
     </span>
    </p>
   </div>
   <div class='ocr_carea' id='block_1_45' title="bbox 437 2919 2006 2993">
    <p class='ocr_par' dir='ltr' id='par_1_45' title="bbox 437 2919 2006 2993">
     <span class='ocr_line' id='line_1_45' title="bbox 437 2919 2006 2993; baseline 0.001 -18"><span class='ocrx_word' id='word_1_291' title='bbox 437 2939 544 2993; x_wconf 83' lang='grc' dir='ltr'><strong>περ</strong></span> <span class='ocrx_word' id='word_1_292' title='bbox 567 2923 640 2975; x_wconf 76' lang='grc' dir='ltr'><strong>.τά</strong></span> <span class='ocrx_word' id='word_1_293' title='bbox 691 2919 1032 2990; x_wconf 80' lang='grc' dir='ltr'>ἀχροντίκια,</span> <span class='ocrx_word' id='word_1_294' title='bbox 1075 2921 1380 2990; x_wconf 78' lang='grc' dir='ltr'>περιφορᾶς</span> <span class='ocrx_word' id='word_1_295' title='bbox 1439 2922 1496 2974; x_wconf 77' lang='grc' dir='ltr'>δὲ</span> <span class='ocrx_word' id='word_1_296' title='bbox 1561 2922 1772 2976; x_wconf 83' lang='grc' dir='ltr'>πολλῶν</span> <span class='ocrx_word' id='word_1_297' title='bbox 1839 2925 2006 2993; x_wconf 81' lang='grc' dir='ltr'>ἡλίων</span> 
     </span>
    </p>
   </div>
   <div class='ocr_carea' id='block_1_46' title="bbox 443 3011 2004 3082">
    <p class='ocr_par' dir='ltr' id='par_1_46' title="bbox 443 3011 2004 3082">
     <span class='ocr_line' id='line_1_46' title="bbox 443 3011 2004 3082; baseline 0.002 -16"><span class='ocrx_word' id='word_1_298' title='bbox 443 3014 820 3082; x_wconf 75' lang='grc' dir='ltr'>συμπέρασμα</span> <span class='ocrx_word' id='word_1_299' title='bbox 883 3011 1008 3081; x_wconf 90' lang='lat' dir='ltr'><strong>(hoc</strong></span> <span class='ocrx_word' id='word_1_300' title='bbox 1036 3019 1122 3066; x_wconf 88' lang='lat' dir='ltr'><strong>est</strong></span> <span class='ocrx_word' id='word_1_301' title='bbox 1189 3012 1616 3066; x_wconf 85' lang='lat' dir='ltr'><strong>ministeriorum</strong></span> <span class='ocrx_word' id='word_1_302' title='bbox 1676 3029 1706 3067; x_wconf 88' lang='lat' dir='ltr'><strong>a</strong></span> <span class='ocrx_word' id='word_1_303' title='bbox 1759 3014 2004 3070; x_wconf 87' lang='lat' dir='ltr'><strong>diaconis</strong></span> 
     </span>
    </p>
   </div>
   <div class='ocr_carea' id='block_1_47' title="bbox 439 3101 2001 3174">
    <p class='ocr_par' dir='ltr' id='par_1_47' title="bbox 439 3101 2001 3174">
     <span class='ocr_line' id='line_1_47' title="bbox 439 3101 2001 3174; baseline 0.001 -18"><span class='ocrx_word' id='word_1_304' title='bbox 439 3103 849 3173; x_wconf 76' lang='lat' dir='ltr'><strong>magistratibus</strong></span> <span class='ocrx_word' id='word_1_305' title='bbox 881 3101 1256 3156; x_wconf 85' lang='lat' dir='ltr'><strong>obeundorum</strong></span> <span class='ocrx_word' id='word_1_306' title='bbox 1283 3103 1722 3174; x_wconf 89' lang='lat' dir='ltr'><strong>compendium).</strong></span> <span class='ocrx_word' id='word_1_307' title='bbox 1786 3105 1877 3158; x_wconf 86' lang='grc' dir='ltr'>Διὸ</span> <span class='ocrx_word' id='word_1_308' title='bbox 1907 3107 2001 3158; x_wconf 77' lang='grc' dir='ltr'>καὶ</span> 
     </span>
    </p>
   </div>
   <div class='ocr_carea' id='block_1_48' title="bbox 2113 1996 3682 2072">
    <p class='ocr_par' dir='ltr' id='par_1_48' title="bbox 2113 1996 3682 2072">
     <span class='ocr_line' id='line_1_48' title="bbox 2113 1996 3682 2072; baseline 0.003 -23"><span class='ocrx_word' id='word_1_309' title='bbox 2113 1996 2369 2051; x_wconf 84' lang='lat' dir='ltr'><strong>trahendi</strong></span> <span class='ocrx_word' id='word_1_310' title='bbox 2402 2001 2660 2054; x_wconf 80' lang='lat' dir='ltr'><strong>vocabula</strong></span> <span class='ocrx_word' id='word_1_311' title='bbox 2704 2002 2976 2071; x_wconf 87' lang='lat' dir='ltr'><strong>disjuncta</strong></span> <span class='ocrx_word' id='word_1_312' title='bbox 3024 2003 3075 2054; x_wconf 92' lang='grc' dir='ltr'><strong>οί</strong></span> <span class='ocrx_word' id='word_1_313' title='bbox 3110 2003 3202 2055; x_wconf 84' lang='grc' dir='ltr'>δύο</span> <span class='ocrx_word' id='word_1_314' title='bbox 3251 2003 3567 2072; x_wconf 84' lang='grc' dir='ltr'>δομέστικοι</span> <span class='ocrx_word' id='word_1_315' title='bbox 3623 2003 3682 2054; x_wconf 89' lang='lat' dir='ltr'><strong>in</strong></span> 
     </span>
    </p>
   </div>
   <div class='ocr_carea' id='block_1_49' title="bbox 2115 2087 3684 2160">
    <p class='ocr_par' dir='ltr' id='par_1_49' title="bbox 2115 2087 3684 2160">
     <span class='ocr_line' id='line_1_49' title="bbox 2115 2087 3684 2160; baseline 0.006 -24"><span class='ocrx_word' id='word_1_316' title='bbox 2115 2099 2282 2138; x_wconf 77' lang='lat' dir='ltr'><strong>nutum</strong></span> <span class='ocrx_word' id='word_1_317' title='bbox 2317 2087 2725 2158; x_wconf 84' lang='grc' dir='ltr'>ίδιοδομέστικοι</span> <span class='ocrx_word' id='word_1_318' title='bbox 2749 2109 2762 2144; x_wconf 90' lang='lat'>:</span> <span class='ocrx_word' id='word_1_319' title='bbox 2789 2095 3038 2146; x_wconf 58' lang='lat' dir='ltr'><strong>caecutiat</strong></span> <span class='ocrx_word' id='word_1_320' title='bbox 3060 2093 3154 2160; x_wconf 89' lang='lat' dir='ltr'><strong>qui</strong></span> <span class='ocrx_word' id='word_1_321' title='bbox 3188 2094 3290 2148; x_wconf 92' lang='lat' dir='ltr'><strong>hoc</strong></span> <span class='ocrx_word' id='word_1_322' title='bbox 3325 2108 3432 2146; x_wconf 88' lang='lat' dir='ltr'><strong>non</strong></span> <span class='ocrx_word' id='word_1_323' title='bbox 3475 2094 3684 2146; x_wconf 75' lang='lat' dir='ltr'><strong>videat.</strong></span> 
     </span>
    </p>
   </div>
   <div class='ocr_carea' id='block_1_50' title="bbox 2112 2175 3688 2249">
    <p class='ocr_par' dir='ltr' id='par_1_50' title="bbox 2112 2175 3688 2249">
     <span class='ocr_line' id='line_1_50' title="bbox 2112 2175 3688 2249; baseline 0.006 -19"><span class='ocrx_word' id='word_1_324' title='bbox 2112 2175 2222 2231; x_wconf 87' lang='lat' dir='ltr'><strong>Nec</strong></span> <span class='ocrx_word' id='word_1_325' title='bbox 2255 2178 2438 2234; x_wconf 85' lang='lat' dir='ltr'><strong>obstat</strong></span> <span class='ocrx_word' id='word_1_326' title='bbox 2476 2181 2618 2249; x_wconf 93' lang='lat' dir='ltr'><strong>quod</strong></span> <span class='ocrx_word' id='word_1_327' title='bbox 2645 2183 2747 2236; x_wconf 87' lang='lat' dir='ltr'><strong>hac</strong></span> <span class='ocrx_word' id='word_1_328' title='bbox 2777 2184 2983 2236; x_wconf 87' lang='lat' dir='ltr'><strong>ratione</strong></span> <span class='ocrx_word' id='word_1_329' title='bbox 3027 2199 3124 2238; x_wconf 71' lang='lat' dir='ltr'><strong>sex</strong></span> <span class='ocrx_word' id='word_1_330' title='bbox 3156 2183 3325 2238; x_wconf 84' lang='lat' dir='ltr'><strong>futuri</strong></span> <span class='ocrx_word' id='word_1_331' title='bbox 3358 2185 3466 2238; x_wconf 90' lang='lat' dir='ltr'><strong>sint</strong></span> <span class='ocrx_word' id='word_1_332' title='bbox 3499 2183 3550 2238; x_wconf 87' lang='lat' dir='ltr'><strong>in</strong></span> <span class='ocrx_word' id='word_1_333' title='bbox 3593 2199 3688 2238; x_wconf 74' lang='grc' dir='ltr'>ει·-</span> 
     </span>
    </p>
   </div>
   <div class='ocr_carea' id='block_1_51' title="bbox 2113 2272 3682 2343">
    <p class='ocr_par' dir='ltr' id='par_1_51' title="bbox 2113 2272 3682 2343">
     <span class='ocr_line' id='line_1_51' title="bbox 2113 2272 3682 2343; baseline 0.001 -19"><span class='ocrx_word' id='word_1_334' title='bbox 2113 2272 2531 2340; x_wconf 83' lang='lat' dir='ltr'><strong>ptimapentade</strong></span> <span class='ocrx_word' id='word_1_335' title='bbox 2563 2290 2578 2324; x_wconf 79' lang='grc' dir='ltr'><strong>ι</strong></span> <span class='ocrx_word' id='word_1_336' title='bbox 2608 2288 2731 2328; x_wconf 89' lang='lat' dir='ltr'><strong>nam</strong></span> <span class='ocrx_word' id='word_1_337' title='bbox 2767 2283 2819 2328; x_wconf 90' lang='lat' dir='ltr'><strong>et</strong></span> <span class='ocrx_word' id='word_1_338' title='bbox 2851 2276 2904 2328; x_wconf 90' lang='lat' dir='ltr'><strong>in</strong></span> <span class='ocrx_word' id='word_1_339' title='bbox 2942 2275 3114 2342; x_wconf 84' lang='lat' dir='ltr'><strong>prima</strong></span> <span class='ocrx_word' id='word_1_340' title='bbox 3151 2275 3382 2343; x_wconf 87' lang='lat' dir='ltr'><strong>pentade</strong></span> <span class='ocrx_word' id='word_1_341' title='bbox 3409 2289 3500 2329; x_wconf 78' lang='lat' dir='ltr'><strong>sex</strong></span> <span class='ocrx_word' id='word_1_342' title='bbox 3526 2284 3682 2338; x_wconf 88' lang='lat' dir='ltr'><strong>sunt,</strong></span> 
     </span>
    </p>
   </div>
   <div class='ocr_carea' id='block_1_52' title="bbox 2114 2363 3684 2435">
    <p class='ocr_par' dir='ltr' id='par_1_52' title="bbox 2114 2363 3684 2435">
     <span class='ocr_line' id='line_1_52' title="bbox 2114 2363 3684 2435; baseline 0.001 -19"><span class='ocrx_word' id='word_1_343' title='bbox 2114 2373 2356 2432; x_wconf 78' lang='lat' dir='ltr'><strong>utsupra</strong></span> <span class='ocrx_word' id='word_1_344' title='bbox 2385 2363 2645 2428; x_wconf 77' lang='lat' dir='ltr'><strong>diximus,</strong></span> <span class='ocrx_word' id='word_1_345' title='bbox 2678 2377 2732 2419; x_wconf 91' lang='lat' dir='ltr'><strong>et</strong></span> <span class='ocrx_word' id='word_1_346' title='bbox 2757 2374 2938 2420; x_wconf 87' lang='lat' dir='ltr'><strong>tamen</strong></span> <span class='ocrx_word' id='word_1_347' title='bbox 2961 2375 3188 2422; x_wconf 84' lang='lat' dir='ltr'><strong>vocatur</strong></span> <span class='ocrx_word' id='word_1_348' title='bbox 3221 2377 3407 2435; x_wconf 84' lang='lat' dir='ltr'><strong>pcntas</strong></span> <span class='ocrx_word' id='word_1_349' title='bbox 3439 2381 3533 2420; x_wconf 85' lang='lat' dir='ltr'><strong>seu</strong></span> <span class='ocrx_word' id='word_1_350' title='bbox 3563 2367 3684 2434; x_wconf 80' lang='lat' dir='ltr'><strong>qui-</strong></span> 
     </span>
    </p>
   </div>
   <div class='ocr_carea' id='block_1_53' title="bbox 2114 2451 3682 2525">
    <p class='ocr_par' dir='ltr' id='par_1_53' title="bbox 2114 2451 3682 2525">
     <span class='ocr_line' id='line_1_53' title="bbox 2114 2451 3682 2525; baseline 0.003 -21"><span class='ocrx_word' id='word_1_351' title='bbox 2114 2454 2320 2507; x_wconf 83' lang='lat' dir='ltr'><strong>narius.</strong></span> <span class='ocrx_word' id='word_1_352' title='bbox 2351 2451 2490 2518; x_wconf 83' lang='lat' dir='ltr'><strong>Quid</strong></span> <span class='ocrx_word' id='word_1_353' title='bbox 2519 2457 2588 2510; x_wconf 91' lang='lat' dir='ltr'><strong>sit</strong></span> <span class='ocrx_word' id='word_1_354' title='bbox 2617 2456 2930 2510; x_wconf 72' lang='lat' dir='ltr'><strong>domesticus</strong></span> <span class='ocrx_word' id='word_1_355' title='bbox 2983 2457 3040 2510; x_wconf 91' lang='lat' dir='ltr'><strong>in</strong></span> <span class='ocrx_word' id='word_1_356' title='bbox 3093 2457 3215 2524; x_wconf 84' lang='lat' dir='ltr'><strong>jure</strong></span> <span class='ocrx_word' id='word_1_357' title='bbox 3237 2459 3385 2511; x_wconf 85' lang='lat' dir='ltr'><strong>civili</strong></span> <span class='ocrx_word' id='word_1_358' title='bbox 3441 2466 3496 2510; x_wconf 89' lang='lat' dir='ltr'><strong>et</strong></span> <span class='ocrx_word' id='word_1_359' title='bbox 3533 2457 3682 2525; x_wconf 89' lang='lat' dir='ltr'><strong>apud</strong></span> 
     </span>
    </p>
   </div>
   <div class='ocr_carea' id='block_1_54' title="bbox 2113 2540 3688 2616">
    <p class='ocr_par' dir='ltr' id='par_1_54' title="bbox 2113 2540 3688 2616">
     <span class='ocr_line' id='line_1_54' title="bbox 2113 2540 3688 2616; baseline 0.004 -23"><span class='ocrx_word' id='word_1_360' title='bbox 2113 2543 2249 2596; x_wconf 91' lang='lat' dir='ltr'><strong>alios</strong></span> <span class='ocrx_word' id='word_1_361' title='bbox 2271 2543 2472 2611; x_wconf 89' lang='lat' dir='ltr'><strong>passim</strong></span> <span class='ocrx_word' id='word_1_362' title='bbox 2507 2545 2805 2612; x_wconf 71' lang='lat' dir='ltr'><strong>scriptores</strong></span> <span class='ocrx_word' id='word_1_363' title='bbox 2837 2540 3058 2601; x_wconf 67' lang='lat' dir='ltr'><strong>Graecos</strong></span> <span class='ocrx_word' id='word_1_364' title='bbox 3095 2557 3148 2602; x_wconf 88' lang='lat' dir='ltr'><strong>et</strong></span> <span class='ocrx_word' id='word_1_365' title='bbox 3171 2545 3414 2610; x_wconf 84' lang='lat' dir='ltr'><strong>Latinos,</strong></span> <span class='ocrx_word' id='word_1_366' title='bbox 3447 2547 3688 2616; x_wconf 73' lang='lat' dir='ltr'><strong>eXplicat</strong></span> 
     </span>
    </p>
   </div>
   <div class='ocr_carea' id='block_1_55' title="bbox 2111 2633 3688 2703">
    <p class='ocr_par' dir='ltr' id='par_1_55' title="bbox 2111 2633 3688 2703">
     <span class='ocr_line' id='line_1_55' title="bbox 2111 2633 3688 2703; baseline 0.001 -16"><span class='ocrx_word' id='word_1_367' title='bbox 2111 2633 2370 2703; x_wconf 77' lang='lat' dir='ltr'><strong>anacius</strong></span> <span class='ocrx_word' id='word_1_368' title='bbox 2401 2635 2467 2688; x_wconf 88' lang='lat' dir='ltr'><strong>ad</strong></span> <span class='ocrx_word' id='word_1_369' title='bbox 2514 2635 2610 2688; x_wconf 85' lang='lat' dir='ltr'><strong>lib.</strong></span> <span class='ocrx_word' id='word_1_370' title='bbox 2633 2650 2710 2688; x_wconf 78' lang='lat' dir='ltr'><strong>xu</strong></span> <span class='ocrx_word' id='word_1_371' title='bbox 2743 2635 2877 2689; x_wconf 85' lang='lat' dir='ltr'><strong>God.</strong></span> <span class='ocrx_word' id='word_1_372' title='bbox 2912 2636 3258 2702; x_wconf 86' lang='lat' dir='ltr'><strong>Justinianei,</strong></span> <span class='ocrx_word' id='word_1_373' title='bbox 3289 2637 3356 2690; x_wconf 91' lang='lat' dir='ltr'><strong>ad</strong></span> <span class='ocrx_word' id='word_1_374' title='bbox 3387 2637 3468 2689; x_wconf 89' lang='lat' dir='ltr'><strong>tit.</strong></span> <span class='ocrx_word' id='word_1_375' title='bbox 3499 2637 3586 2700; x_wconf 75' lang='lat' dir='ltr'><strong>l2,</strong></span> <span class='ocrx_word' id='word_1_376' title='bbox 3629 2646 3688 2690; x_wconf 89' lang='lat' dir='ltr'><strong>et</strong></span> 
     </span>
    </p>
   </div>
   <div class='ocr_carea' id='block_1_56' title="bbox 2105 2722 3686 2795">
    <p class='ocr_par' dir='ltr' id='par_1_56' title="bbox 2105 2722 3686 2795">
     <span class='ocr_line' id='line_1_56' title="bbox 2105 2722 3686 2795; baseline 0.003 -18"><span class='ocrx_word' id='word_1_377' title='bbox 2105 2723 2304 2778; x_wconf 83' lang='lat' dir='ltr'><strong>Petrus</strong></span> <span class='ocrx_word' id='word_1_378' title='bbox 2357 2722 2649 2793; x_wconf 75' lang='lat' dir='ltr'><strong>Gregorius</strong></span> <span class='ocrx_word' id='word_1_379' title='bbox 2699 2725 3065 2795; x_wconf 79' lang='lat' dir='ltr'><strong>Synlagmatis</strong></span> <span class='ocrx_word' id='word_1_380' title='bbox 3087 2725 3404 2791; x_wconf 73' lang='lat' dir='ltr'><strong>\&#39;l,8.Quid</strong></span> <span class='ocrx_word' id='word_1_381' title='bbox 3451 2727 3552 2780; x_wconf 88' lang='lat' dir='ltr'><strong>hoc</strong></span> <span class='ocrx_word' id='word_1_382' title='bbox 3584 2743 3686 2781; x_wconf 87' lang='lat' dir='ltr'><strong>no-</strong></span> 
     </span>
    </p>
   </div>
   <div class='ocr_carea' id='block_1_57' title="bbox 2113 2813 3682 2884">
    <p class='ocr_par' dir='ltr' id='par_1_57' title="bbox 2113 2813 3682 2884">
     <span class='ocr_line' id='line_1_57' title="bbox 2113 2813 3682 2884; baseline 0.002 -15"><span class='ocrx_word' id='word_1_383' title='bbox 2113 2815 2259 2870; x_wconf 89' lang='lat' dir='ltr'><strong>mine</strong></span> <span class='ocrx_word' id='word_1_384' title='bbox 2293 2813 2658 2884; x_wconf 77' lang='lat' dir='ltr'><strong>signiﬁcarim</strong></span> <span class='ocrx_word' id='word_1_385' title='bbox 2680 2815 2852 2871; x_wconf 64' lang='lat' dir='ltr'><strong>Graeci</strong></span> <span class='ocrx_word' id='word_1_386' title='bbox 2879 2817 3206 2872; x_wconf 76' lang='lat' dir='ltr'><strong>recentiores</strong></span> <span class='ocrx_word' id='word_1_387' title='bbox 3253 2817 3412 2872; x_wconf 88' lang='lat' dir='ltr'><strong>docet</strong></span> <span class='ocrx_word' id='word_1_388' title='bbox 3451 2818 3682 2878; x_wconf 82' lang='lat' dir='ltr'><strong>Citrius.</strong></span> 
     </span>
    </p>
   </div>
   <div class='ocr_carea' id='block_1_58' title="bbox 2111 2906 3682 2978">
    <p class='ocr_par' dir='ltr' id='par_1_58' title="bbox 2111 2906 3682 2978">
     <span class='ocr_line' id='line_1_58' title="bbox 2111 2906 3682 2978; baseline 0.004 -21"><span class='ocrx_word' id='word_1_389' title='bbox 2111 2906 2197 2958; x_wconf 92' lang='lat' dir='ltr'><strong>cui</strong></span> <span class='ocrx_word' id='word_1_390' title='bbox 2226 2921 2348 2960; x_wconf 86' lang='lat' dir='ltr'><strong>eum</strong></span> <span class='ocrx_word' id='word_1_391' title='bbox 2375 2909 2484 2960; x_wconf 79' lang='lat' dir='ltr'><strong>haec</strong></span> <span class='ocrx_word' id='word_1_392' title='bbox 2512 2907 2739 2975; x_wconf 64' lang='lat' dir='ltr'><strong>quaistio</strong></span> <span class='ocrx_word' id='word_1_393' title='bbox 2768 2907 2963 2962; x_wconf 80' lang='lat' dir='ltr'><strong>fuisset</strong></span> <span class='ocrx_word' id='word_1_394' title='bbox 2980 2909 3276 2978; x_wconf 89' lang='lat' dir='ltr'><strong>proposita,</strong></span> <span class='ocrx_word' id='word_1_395' title='bbox 3300 2907 3463 2977; x_wconf 71' lang='lat' dir='ltr'><strong>Cujus</strong></span> <span class='ocrx_word' id='word_1_396' title='bbox 3484 2911 3682 2978; x_wconf 83' lang='lat' dir='ltr'><strong>lingua:</strong></span> 
     </span>
    </p>
   </div>
   <div class='ocr_carea' id='block_1_59' title="bbox 2112 2998 3684 3070">
    <p class='ocr_par' dir='ltr' id='par_1_59' title="bbox 2112 2998 3684 3070">
     <span class='ocr_line' id='line_1_59' title="bbox 2112 2998 3684 3070; baseline 0.003 -20"><span class='ocrx_word' id='word_1_397' title='bbox 2112 3009 2191 3051; x_wconf 74' lang='lat' dir='ltr'><strong>est</strong></span> <span class='ocrx_word' id='word_1_398' title='bbox 2218 2998 2492 3051; x_wconf 80' lang='lat' dir='ltr'><strong>domestici</strong></span> <span class='ocrx_word' id='word_1_399' title='bbox 2522 2999 2887 3068; x_wconf 82' lang='lat' dir='ltr'><strong>appellatio,et</strong></span> <span class='ocrx_word' id='word_1_400' title='bbox 2907 3001 3094 3070; x_wconf 80' lang='lat' dir='ltr'><strong>quibus</strong></span> <span class='ocrx_word' id='word_1_401' title='bbox 3117 3001 3346 3054; x_wconf 65' lang='lat' dir='ltr'><strong>ecclesiae</strong></span> <span class='ocrx_word' id='word_1_402' title='bbox 3373 3002 3684 3054; x_wconf 74' lang='lat' dir='ltr'><strong>ministeriis</strong></span> 
     </span>
    </p>
   </div>
   <div class='ocr_carea' id='block_1_60' title="bbox 2112 3091 3686 3162">
    <p class='ocr_par' dir='ltr' id='par_1_60' title="bbox 2112 3091 3686 3162">
     <span class='ocr_line' id='line_1_60' title="bbox 2112 3091 3686 3162; baseline 0.004 -21"><span class='ocrx_word' id='word_1_403' title='bbox 2112 3105 2296 3144; x_wconf 85' lang='lat' dir='ltr'><strong>nomen</strong></span> <span class='ocrx_word' id='word_1_404' title='bbox 2317 3091 2413 3144; x_wconf 86' lang='lat' dir='ltr'><strong>hac</strong></span> <span class='ocrx_word' id='word_1_405' title='bbox 2439 3093 2741 3159; x_wconf 79' lang='lat' dir='ltr'><strong>impositum</strong></span> <span class='ocrx_word' id='word_1_406' title='bbox 2771 3102 2845 3146; x_wconf 82' lang='lat' dir='ltr'><strong>est</strong></span> <span class='ocrx_word' id='word_1_407' title='bbox 2876 3095 2901 3146; x_wconf 88' lang='lat'><strong><em>?</em></strong></span> <span class='ocrx_word' id='word_1_408' title='bbox 2939 3093 3246 3162; x_wconf 85' lang='lat' dir='ltr'><strong>respondit:</strong></span> <span class='ocrx_word' id='word_1_409' title='bbox 3275 3093 3560 3147; x_wconf 84' lang='lat' dir='ltr'><strong>Domestici</strong></span> <span class='ocrx_word' id='word_1_410' title='bbox 3587 3110 3686 3162; x_wconf 86' lang='lat' dir='ltr'><strong>ap-</strong></span> 
     </span>
    </p>
   </div>
   <div class='ocr_carea' id='block_1_61' title="bbox 439 3183 2009 3280">
    <p class='ocr_par' dir='ltr' id='par_1_61' title="bbox 439 3194 2003 3267">
     <span class='ocr_line' id='line_1_61' title="bbox 439 3194 2003 3267; baseline 0.004 -21"><span class='ocrx_word' id='word_1_411' title='bbox 439 3196 510 3254; x_wconf 66' lang='grc' dir='ltr'><strong>ὡς</strong></span> <span class='ocrx_word' id='word_1_412' title='bbox 537 3197 730 3264; x_wconf 73' lang='grc' dir='ltr'>χρόνου</span> <span class='ocrx_word' id='word_1_413' title='bbox 761 3196 854 3246; x_wconf 73' lang='grc' dir='ltr'><strong>καὶ</strong></span> <span class='ocrx_word' id='word_1_414' title='bbox 893 3194 1024 3246; x_wconf 85' lang='grc' dir='ltr'>ίδίου</span> <span class='ocrx_word' id='word_1_415' title='bbox 1052 3195 1222 3246; x_wconf 84' lang='grc' dir='ltr'>κόπου</span> <span class='ocrx_word' id='word_1_416' title='bbox 1263 3195 1642 3265; x_wconf 85' lang='grc' dir='ltr'>συμπέρασμα</span> <span class='ocrx_word' id='word_1_417' title='bbox 1667 3199 1698 3250; x_wconf 79' lang='grc' dir='ltr'>ὁ</span> <span class='ocrx_word' id='word_1_418' title='bbox 1757 3198 2003 3267; x_wconf 67' lang='grc' dir='ltr'>ὰρχιδιάέ</span> 
     </span>
    </p>
   </div>
   <div class='ocr_carea' id='block_1_62' title="bbox 2117 3183 3686 3280">
    <p class='ocr_par' dir='ltr' id='par_1_62' title="bbox 2117 3183 3686 3254">
     <span class='ocr_line' id='line_1_62' title="bbox 2117 3183 3686 3254; baseline 0.001 -16"><span class='ocrx_word' id='word_1_419' title='bbox 2117 3183 2331 3253; x_wconf 88' lang='lat' dir='ltr'><strong>pellatio</strong></span> <span class='ocrx_word' id='word_1_420' title='bbox 2349 3185 2646 3239; x_wconf 88' lang='lat' dir='ltr'><strong>secundum</strong></span> <span class='ocrx_word' id='word_1_421' title='bbox 2685 3183 2909 3240; x_wconf 84' lang='lat' dir='ltr'><strong>Latinos</strong></span> <span class='ocrx_word' id='word_1_422' title='bbox 2939 3184 3160 3252; x_wconf 89' lang='lat' dir='ltr'><strong>ducem,</strong></span> <span class='ocrx_word' id='word_1_423' title='bbox 3185 3184 3504 3254; x_wconf 76' lang='grc' dir='ltr'>ὲξάρχοντα,</span> <span class='ocrx_word' id='word_1_424' title='bbox 3533 3187 3686 3240; x_wconf 88' lang='lat' dir='ltr'><strong>ince-</strong></span> 
     </span>
    </p>
   </div>
   <div class='ocr_carea' id='block_1_63' title="bbox 442 3284 2011 3356">
    <p class='ocr_par' dir='ltr' id='par_1_63' title="bbox 442 3284 2011 3356">
     <span class='ocr_line' id='line_1_63' title="bbox 442 3284 2011 3356; baseline 0.002 -17"><span class='ocrx_word' id='word_1_425' title='bbox 442 3304 593 3348; x_wconf 75' lang='grc' dir='ltr'>κονος</span> <span class='ocrx_word' id='word_1_426' title='bbox 617 3286 728 3354; x_wconf 66' lang='grc' dir='ltr'>ἔχει</span> <span class='ocrx_word' id='word_1_427' title='bbox 757 3286 851 3338; x_wconf 76' lang='grc' dir='ltr'><strong>καὶ</strong></span> <span class='ocrx_word' id='word_1_428' title='bbox 880 3284 975 3354; x_wconf 79' lang='grc' dir='ltr'>τὴν</span> <span class='ocrx_word' id='word_1_429' title='bbox 1003 3285 1274 3356; x_wconf 78' lang='grc' dir='ltr'>ὑπεροχὴν</span> <span class='ocrx_word' id='word_1_430' title='bbox 1311 3289 1404 3341; x_wconf 69' lang='grc' dir='ltr'>ἐπὶ</span> <span class='ocrx_word' id='word_1_431' title='bbox 1428 3288 1645 3342; x_wconf 80' lang='grc' dir='ltr'>πάντων</span> <span class='ocrx_word' id='word_1_432' title='bbox 1674 3288 1780 3342; x_wconf 83' lang='grc' dir='ltr'><strong>τῶν</strong></span> <span class='ocrx_word' id='word_1_433' title='bbox 1823 3290 2011 3342; x_wconf 82' lang='grc' dir='ltr'>διακό-</span> 
     </span>
    </p>
   </div>
   <div class='ocr_carea' id='block_1_64' title="bbox 446 3376 2006 3450">
    <p class='ocr_par' dir='ltr' id='par_1_64' title="bbox 446 3376 2006 3450">
     <span class='ocr_line' id='line_1_64' title="bbox 446 3376 2006 3450; baseline 0.005 -24"><span class='ocrx_word' id='word_1_434' title='bbox 446 3393 575 3440; x_wconf 86' lang='grc' dir='ltr'>νων,</span> <span class='ocrx_word' id='word_1_435' title='bbox 611 3376 740 3427; x_wconf 86' lang='grc' dir='ltr'>·εί’τε</span> <span class='ocrx_word' id='word_1_436' title='bbox 777 3377 1134 3444; x_wconf 75' lang='grc' dir='ltr'>ἀρχοντικίοις</span> <span class='ocrx_word' id='word_1_437' title='bbox 1158 3376 1463 3431; x_wconf 76' lang='grc' dir='ltr'>ὁποιοισοῦν</span> <span class='ocrx_word' id='word_1_438' title='bbox 1512 3379 1830 3450; x_wconf 76' lang='grc' dir='ltr'>τετίμηνται</span> <span class='ocrx_word' id='word_1_439' title='bbox 1891 3382 2006 3436; x_wconf 69' lang='grc' dir='ltr'>εἴτε</span> 
     </span>
    </p>
   </div>
   <div class='ocr_carea' id='block_1_65' title="bbox 442 3465 2008 3542">
    <p class='ocr_par' dir='ltr' id='par_1_65' title="bbox 442 3465 2008 3542">
     <span class='ocr_line' id='line_1_65' title="bbox 442 3465 2008 3542; baseline 0.004 -24"><span class='ocrx_word' id='word_1_440' title='bbox 442 3469 534 3518; x_wconf 64' lang='grc' dir='ltr'>καὶ</span> <span class='ocrx_word' id='word_1_441' title='bbox 563 3467 657 3534; x_wconf 76' lang='grc' dir='ltr'>μὴ,</span> <span class='ocrx_word' id='word_1_442' title='bbox 692 3466 748 3517; x_wconf 77' lang='grc' dir='ltr'>ὲν</span> <span class='ocrx_word' id='word_1_443' title='bbox 785 3465 866 3536; x_wconf 82' lang='grc' dir='ltr'>τῷ</span> <span class='ocrx_word' id='word_1_444' title='bbox 897 3467 1007 3537; x_wconf 86' lang='grc' dir='ltr'><strong>ναῷ</strong></span> <span class='ocrx_word' id='word_1_445' title='bbox 1044 3468 1137 3520; x_wconf 78' lang='grc' dir='ltr'><strong>καὶ</strong></span> <span class='ocrx_word' id='word_1_446' title='bbox 1169 3469 1224 3520; x_wconf 84' lang='grc' dir='ltr'>ὲν</span> <span class='ocrx_word' id='word_1_447' title='bbox 1243 3467 1320 3537; x_wconf 83' lang='grc' dir='ltr'>τῷ</span> <span class='ocrx_word' id='word_1_448' title='bbox 1353 3468 1558 3538; x_wconf 84' lang='grc' dir='ltr'>βήματι</span> <span class='ocrx_word' id='word_1_449' title='bbox 1589 3471 1686 3523; x_wconf 73' lang='grc' dir='ltr'>καὶ</span> <span class='ocrx_word' id='word_1_450' title='bbox 1715 3472 1774 3523; x_wconf 84' lang='grc' dir='ltr'>ὲν</span> <span class='ocrx_word' id='word_1_451' title='bbox 1805 3473 1873 3542; x_wconf 82' lang='grc' dir='ltr'>τῇ</span> <span class='ocrx_word' id='word_1_452' title='bbox 1912 3489 2008 3542; x_wconf 83' lang='grc' dir='ltr'>με·</span> 
     </span>
    </p>
   </div>
   <div class='ocr_carea' id='block_1_66' title="bbox 441 3556 2012 3631">
    <p class='ocr_par' dir='ltr' id='par_1_66' title="bbox 441 3556 2012 3631">
     <span class='ocr_line' id='line_1_66' title="bbox 441 3556 2012 3631; baseline 0.006 -23"><span class='ocrx_word' id='word_1_453' title='bbox 441 3556 667 3626; x_wconf 73' lang='grc' dir='ltr'>ταλήψει</span> <span class='ocrx_word' id='word_1_454' title='bbox 701 3557 810 3611; x_wconf 79' lang='grc' dir='ltr'>τῶν</span> <span class='ocrx_word' id='word_1_455' title='bbox 841 3557 1013 3626; x_wconf 81' lang='grc' dir='ltr'>ἁγίων</span> <span class='ocrx_word' id='word_1_456' title='bbox 1049 3558 1383 3628; x_wconf 79' lang='grc' dir='ltr'>μυστηρίων.</span> <span class='ocrx_word' id='word_1_457' title='bbox 1454 3560 1573 3616; x_wconf 89' lang='lat' dir='ltr'><strong>Uno</strong></span> <span class='ocrx_word' id='word_1_458' title='bbox 1601 3560 1770 3616; x_wconf 84' lang='lat' dir='ltr'><strong>verbo</strong></span> <span class='ocrx_word' id='word_1_459' title='bbox 1819 3577 2012 3631; x_wconf 86' lang='lat' dir='ltr'><strong>super-</strong></span> 
     </span>
    </p>
   </div>
   <div class='ocr_carea' id='block_1_67' title="bbox 443 3649 2015 3722">
    <p class='ocr_par' dir='ltr' id='par_1_67' title="bbox 443 3649 2015 3722">
     <span class='ocr_line' id='line_1_67' title="bbox 443 3649 2015 3722; baseline 0.003 -20"><span class='ocrx_word' id='word_1_460' title='bbox 443 3649 684 3718; x_wconf 73' lang='lat' dir='ltr'><strong>greditur</strong></span> <span class='ocrx_word' id='word_1_461' title='bbox 708 3649 969 3705; x_wconf 86' lang='lat' dir='ltr'><strong>diaconos</strong></span> <span class='ocrx_word' id='word_1_462' title='bbox 1001 3665 1247 3717; x_wconf 88' lang='lat' dir='ltr'><strong>proceres</strong></span> <span class='ocrx_word' id='word_1_463' title='bbox 1271 3666 1336 3704; x_wconf 82' lang='lat' dir='ltr'><strong>ex</strong></span> <span class='ocrx_word' id='word_1_464' title='bbox 1363 3651 1683 3718; x_wconf 86' lang='lat' dir='ltr'><strong>ministerio,</strong></span> <span class='ocrx_word' id='word_1_465' title='bbox 1713 3666 1818 3708; x_wconf 88' lang='lat' dir='ltr'><strong>non</strong></span> <span class='ocrx_word' id='word_1_466' title='bbox 1835 3653 2015 3722; x_wconf 67' lang='lat' dir='ltr'><strong>digni-</strong></span> 
     </span>
    </p>
   </div>
   <div class='ocr_carea' id='block_1_68' title="bbox 445 3737 2014 3809">
    <p class='ocr_par' dir='ltr' id='par_1_68' title="bbox 445 3737 2014 3809">
     <span class='ocr_line' id='line_1_68' title="bbox 445 3737 2014 3809; baseline 0.004 -21"><span class='ocrx_word' id='word_1_467' title='bbox 445 3750 574 3797; x_wconf 75' lang='lat' dir='ltr'><strong>lttlt‘.</strong></span> <span class='ocrx_word' id='word_1_468' title='bbox 649 3737 919 3803; x_wconf 78' lang='lat' dir='ltr'><strong>aliamque</strong></span> <span class='ocrx_word' id='word_1_469' title='bbox 972 3737 1201 3792; x_wconf 81' lang='lat' dir='ltr'><strong>classem</strong></span> <span class='ocrx_word' id='word_1_470' title='bbox 1287 3739 1436 3794; x_wconf 86' lang='lat' dir='ltr'><strong>solus</strong></span> <span class='ocrx_word' id='word_1_471' title='bbox 1498 3740 1795 3809; x_wconf 81' lang='lat' dir='ltr'><strong>componit;</strong></span> <span class='ocrx_word' id='word_1_472' title='bbox 1859 3757 2014 3796; x_wconf 88' lang='lat' dir='ltr'><strong>eum-</strong></span> 
     </span>
    </p>
   </div>
   <div class='ocr_carea' id='block_1_69' title="bbox 445 3827 2012 3902">
    <p class='ocr_par' dir='ltr' id='par_1_69' title="bbox 445 3827 2012 3902">
     <span class='ocr_line' id='line_1_69' title="bbox 445 3827 2012 3902; baseline 0.007 -26"><span class='ocrx_word' id='word_1_473' title='bbox 445 3843 549 3896; x_wconf 81' lang='lat' dir='ltr'><strong>que</strong></span> <span class='ocrx_word' id='word_1_474' title='bbox 590 3827 833 3896; x_wconf 86' lang='lat' dir='ltr'><strong>sequitur</strong></span> <span class='ocrx_word' id='word_1_475' title='bbox 883 3828 1026 3881; x_wconf 87' lang='lat' dir='ltr'><strong>vices</strong></span> <span class='ocrx_word' id='word_1_476' title='bbox 1072 3827 1192 3894; x_wconf 79' lang='lat' dir='ltr'><strong>ejus</strong></span> <span class='ocrx_word' id='word_1_477' title='bbox 1255 3845 1448 3895; x_wconf 74' lang='lat' dir='ltr'><strong>gerens</strong></span> <span class='ocrx_word' id='word_1_478' title='bbox 1481 3832 1512 3884; x_wconf 81' lang='grc' dir='ltr'>ὁ</span> <span class='ocrx_word' id='word_1_479' title='bbox 1541 3832 1872 3902; x_wconf 83' lang='grc' dir='ltr'>δευτερεύων</span> <span class='ocrx_word' id='word_1_480' title='bbox 1905 3835 2012 3887; x_wconf 82' lang='grc' dir='ltr'>τῶν</span> 
     </span>
    </p>
   </div>
   <div class='ocr_carea' id='block_1_70' title="bbox 445 3919 2016 3989">
    <p class='ocr_par' dir='ltr' id='par_1_70' title="bbox 445 3919 2016 3989">
     <span class='ocr_line' id='line_1_70' title="bbox 445 3919 2016 3989; baseline 0.007 -18"><span class='ocrx_word' id='word_1_481' title='bbox 445 3921 727 3984; x_wconf 72' lang='grc' dir='ltr'>διακόνων,</span> <span class='ocrx_word' id='word_1_482' title='bbox 780 3919 874 3989; x_wconf 90' lang='lat' dir='ltr'><strong>qui</strong></span> <span class='ocrx_word' id='word_1_483' title='bbox 927 3920 1098 3975; x_wconf 72' lang='lat' dir='ltr'><strong>tertiae</strong></span> <span class='ocrx_word' id='word_1_484' title='bbox 1122 3921 1312 3976; x_wconf 83' lang='lat' dir='ltr'><strong>classis</strong></span> <span class='ocrx_word' id='word_1_485' title='bbox 1341 3925 1712 3979; x_wconf 83' lang='lat' dir='ltr'><strong>communium</strong></span> <span class='ocrx_word' id='word_1_486' title='bbox 1759 3926 2016 3982; x_wconf 85' lang='lat' dir='ltr'><strong>diacono-</strong></span> 
     </span>
    </p>
   </div>
   <div class='ocr_carea' id='block_1_71' title="bbox 449 3991 2018 4080">
    <p class='ocr_par' dir='ltr' id='par_1_71' title="bbox 449 3991 2018 4080">
     <span class='ocr_line' id='line_1_71' title="bbox 449 3991 2018 4080; baseline 0.004 -14"><span class='ocrx_word' id='word_1_487' title='bbox 449 4028 568 4066; x_wconf 86' lang='lat' dir='ltr'><strong>rum</strong></span> <span class='ocrx_word' id='word_1_488' title='bbox 615 4014 820 4080; x_wconf 90' lang='lat' dir='ltr'><strong>primus</strong></span> <span class='ocrx_word' id='word_1_489' title='bbox 848 4011 954 4066; x_wconf 82' lang='lat' dir='ltr'><strong>dux</strong></span> <span class='ocrx_word' id='word_1_490' title='bbox 1001 4019 1056 4064; x_wconf 89' lang='lat' dir='ltr'><strong>et</strong></span> <span class='ocrx_word' id='word_1_491' title='bbox 1085 4021 1246 4080; x_wconf 87' lang='lat' dir='ltr'><strong>caput</strong></span> <span class='ocrx_word' id='word_1_492' title='bbox 1291 4022 1564 4079; x_wconf 88' lang='lat' dir='ltr'><strong>censetur;</strong></span> <span class='ocrx_word' id='word_1_493' title='bbox 1629 4025 1683 4070; x_wconf 91' lang='lat' dir='ltr'><strong>et</strong></span> <span class='ocrx_word' id='word_1_494' title='bbox 1712 4017 1782 4070; x_wconf 90' lang='lat' dir='ltr'><strong>ob</strong></span> <span class='ocrx_word' id='word_1_495' title='bbox 1826 3991 2018 4072; x_wconf 71' lang='lat' dir='ltr'><strong>allatiis</strong></span> 
     </span>
    </p>
   </div>
   <div class='ocr_carea' id='block_1_72' title="bbox 447 4102 2015 4176">
    <p class='ocr_par' dir='ltr' id='par_1_72' title="bbox 447 4102 2015 4176">
     <span class='ocr_line' id='line_1_72' title="bbox 447 4102 2015 4176; baseline 0.003 -18"><span class='ocrx_word' id='word_1_496' title='bbox 447 4105 684 4158; x_wconf 87' lang='lat' dir='ltr'><strong>rationes</strong></span> <span class='ocrx_word' id='word_1_497' title='bbox 707 4103 925 4170; x_wconf 78' lang='grc' dir='ltr'>λέγεται</span> <span class='ocrx_word' id='word_1_498' title='bbox 955 4102 1305 4170; x_wconf 83' lang='grc' dir='ltr'>δευτερεύων,</span> <span class='ocrx_word' id='word_1_499' title='bbox 1337 4103 1413 4157; x_wconf 88' lang='lat' dir='ltr'><strong>ait</strong></span> <span class='ocrx_word' id='word_1_500' title='bbox 1447 4105 1651 4159; x_wconf 87' lang='lat' dir='ltr'><strong>Citrius</strong></span> <span class='ocrx_word' id='word_1_501' title='bbox 1677 4106 1818 4162; x_wconf 89' lang='lat' dir='ltr'><strong>idem</strong></span> <span class='ocrx_word' id='word_1_502' title='bbox 1851 4123 2015 4176; x_wconf 86' lang='lat' dir='ltr'><strong>supe—</strong></span> 
     </span>
    </p>
   </div>
   <div class='ocr_carea' id='block_1_73' title="bbox 450 4193 2016 4264">
    <p class='ocr_par' dir='ltr' id='par_1_73' title="bbox 450 4193 2016 4264">
     <span class='ocr_line' id='line_1_73' title="bbox 450 4193 2016 4264; baseline 0.002 -18"><span class='ocrx_word' id='word_1_503' title='bbox 450 4196 592 4248; x_wconf 87' lang='lat' dir='ltr'><strong>riore</strong></span> <span class='ocrx_word' id='word_1_504' title='bbox 628 4209 906 4264; x_wconf 85' lang='lat' dir='ltr'><strong>responso,</strong></span> <span class='ocrx_word' id='word_1_505' title='bbox 956 4195 1054 4262; x_wconf 75' lang='grc' dir='ltr'><strong>οὐχ</strong></span> <span class='ocrx_word' id='word_1_506' title='bbox 1080 4195 1161 4246; x_wconf 79' lang='grc' dir='ltr'>ὅτι</span> <span class='ocrx_word' id='word_1_507' title='bbox 1191 4193 1496 4262; x_wconf 87' lang='grc' dir='ltr'>δευτερεύει</span> <span class='ocrx_word' id='word_1_508' title='bbox 1529 4195 1586 4245; x_wconf 78' lang='grc' dir='ltr'>ἐν</span> <span class='ocrx_word' id='word_1_509' title='bbox 1612 4199 1676 4264; x_wconf 81' lang='grc' dir='ltr'>τῇ</span> <span class='ocrx_word' id='word_1_510' title='bbox 1721 4195 1871 4260; x_wconf 77' lang='grc' dir='ltr'>τάξει</span> <span class='ocrx_word' id='word_1_511' title='bbox 1907 4201 2016 4252; x_wconf 80' lang='grc' dir='ltr'><strong>τῶν</strong></span> 
     </span>
    </p>
   </div>
   <div class='ocr_carea' id='block_1_74' title="bbox 449 4281 2010 4346">
    <p class='ocr_par' dir='ltr' id='par_1_74' title="bbox 449 4281 2010 4346">
     <span class='ocr_line' id='line_1_74' title="bbox 449 4281 2010 4346; baseline 0.002 -8"><span class='ocrx_word' id='word_1_512' title='bbox 449 4286 736 4338; x_wconf 77' lang='grc' dir='ltr'>διακόνων.</span> <span class='ocrx_word' id='word_1_513' title='bbox 773 4285 946 4338; x_wconf 89' lang='lat' dir='ltr'><strong>lnstas</strong></span> <span class='ocrx_word' id='word_1_514' title='bbox 1005 4281 1386 4346; x_wconf 86' lang='lat' dir='ltr'><strong>nihilominus,</strong></span> <span class='ocrx_word' id='word_1_515' title='bbox 1447 4293 1498 4337; x_wconf 84' lang='lat' dir='ltr'><strong>et</strong></span> <span class='ocrx_word' id='word_1_516' title='bbox 1523 4284 1788 4340; x_wconf 88' lang='lat' dir='ltr'><strong>sollicitus</strong></span> <span class='ocrx_word' id='word_1_517' title='bbox 1844 4291 2010 4342; x_wconf 89' lang='lat' dir='ltr'><strong>ratio-</strong></span> 
     </span>
    </p>
   </div>
   <div class='ocr_carea' id='block_1_75' title="bbox 453 4371 2020 4440">
    <p class='ocr_par' dir='ltr' id='par_1_75' title="bbox 453 4371 2020 4440">
     <span class='ocr_line' id='line_1_75' title="bbox 453 4371 2020 4440; baseline 0.004 -14"><span class='ocrx_word' id='word_1_518' title='bbox 453 4391 574 4428; x_wconf 80' lang='lat' dir='ltr'><strong>ueni</strong></span> <span class='ocrx_word' id='word_1_519' title='bbox 604 4374 802 4440; x_wconf 75' lang='lat' dir='ltr'><strong>quteris</strong></span> <span class='ocrx_word' id='word_1_520' title='bbox 847 4387 945 4426; x_wconf 88' lang='lat' dir='ltr'><strong>cur</strong></span> <span class='ocrx_word' id='word_1_521' title='bbox 973 4387 1038 4424; x_wconf 81' lang='lat' dir='ltr'><strong>ex</strong></span> <span class='ocrx_word' id='word_1_522' title='bbox 1068 4371 1265 4426; x_wconf 65' lang='lat' dir='ltr'><strong>oﬂ‘iciis</strong></span> <span class='ocrx_word' id='word_1_523' title='bbox 1295 4372 1666 4428; x_wconf 85' lang='lat' dir='ltr'><strong>archidiaconi</strong></span> <span class='ocrx_word' id='word_1_524' title='bbox 1719 4390 1916 4430; x_wconf 89' lang='lat' dir='ltr'><strong>nomen</strong></span> <span class='ocrx_word' id='word_1_525' title='bbox 1950 4377 2020 4432; x_wconf 88' lang='lat' dir='ltr'><strong>sit</strong></span> 
     </span>
    </p>
   </div>
   <div class='ocr_carea' id='block_1_76' title="bbox 449 4459 2018 4532">
    <p class='ocr_par' dir='ltr' id='par_1_76' title="bbox 449 4459 2018 4532">
     <span class='ocr_line' id='line_1_76' title="bbox 449 4459 2018 4532; baseline 0.003 -16"><span class='ocrx_word' id='word_1_526' title='bbox 449 4461 802 4530; x_wconf 77' lang='lat' dir='ltr'><strong>expunctum?</strong></span> <span class='ocrx_word' id='word_1_527' title='bbox 828 4459 1024 4528; x_wconf 85' lang='lat' dir='ltr'><strong>Aptius</strong></span> <span class='ocrx_word' id='word_1_528' title='bbox 1053 4460 1130 4513; x_wconf 90' lang='lat' dir='ltr'><strong>illi</strong></span> <span class='ocrx_word' id='word_1_529' title='bbox 1160 4459 1383 4514; x_wconf 85' lang='lat' dir='ltr'><strong>reddent</strong></span> <span class='ocrx_word' id='word_1_530' title='bbox 1407 4462 1498 4530; x_wconf 86' lang='lat' dir='ltr'><strong>qui</strong></span> <span class='ocrx_word' id='word_1_531' title='bbox 1531 4463 1782 4532; x_wconf 67' lang='lat' dir='ltr'><strong>palatinis</strong></span> <span class='ocrx_word' id='word_1_532' title='bbox 1835 4467 2018 4522; x_wconf 87' lang='lat' dir='ltr'><strong>archi-</strong></span> 
     </span>
    </p>
   </div>
   <div class='ocr_carea' id='block_1_77' title="bbox 451 4555 1206 4608">
    <p class='ocr_par' dir='ltr' id='par_1_77' title="bbox 451 4555 1206 4608">
     <span class='ocr_line' id='line_1_77' title="bbox 451 4555 1206 4608; baseline -0.003 -2"><span class='ocrx_word' id='word_1_533' title='bbox 451 4555 736 4608; x_wconf 88' lang='lat' dir='ltr'><strong>diaconum</strong></span> <span class='ocrx_word' id='word_1_534' title='bbox 791 4559 1206 4607; x_wconf 88' lang='lat' dir='ltr'><strong>accensueruut.</strong></span> 
     </span>
    </p>
   </div>
   <div class='ocr_carea' id='block_1_78' title="bbox 453 4642 806 4715">
    <p class='ocr_par' dir='ltr' id='par_1_78' title="bbox 453 4642 806 4715">
     <span class='ocr_line' id='line_1_78' title="bbox 453 4642 806 4715; baseline -0.011 -15"><span class='ocrx_word' id='word_1_535' title='bbox 453 4662 502 4700; x_wconf 88' lang='lat' dir='ltr'><strong>c.</strong></span> <span class='ocrx_word' id='word_1_536' title='bbox 534 4645 588 4697; x_wconf 69' lang='lat'><strong>2.</strong></span> <span class='ocrx_word' id='word_1_537' title='bbox 610 4642 806 4715; x_wconf 71' lang='lat' dir='ltr'><strong>GOAtt.]</strong></span> 
     </span>
    </p>
   </div>
   <div class='ocr_carea' id='block_1_79' title="bbox 1051 4781 1422 4836">
    <p class='ocr_par' dir='ltr' id='par_1_79' title="bbox 1051 4781 1422 4836">
     <span class='ocr_line' id='line_1_79' title="bbox 1051 4781 1422 4836; baseline 0 0"><span class='ocrx_word' id='word_1_538' title='bbox 1051 4781 1280 4836; x_wconf 77' lang='lat' dir='ltr'><strong>CAPUT</strong></span> <span class='ocrx_word' id='word_1_539' title='bbox 1333 4781 1422 4836; x_wconf 77' lang='lat' dir='ltr'><strong>Xl.</strong></span> 
     </span>
    </p>
   </div>
   <div class='ocr_carea' id='block_1_80' title="bbox 561 4895 1909 4966">
    <p class='ocr_par' dir='ltr' id='par_1_80' title="bbox 561 4895 1909 4966">
     <span class='ocr_line' id='line_1_80' title="bbox 561 4895 1909 4966; baseline 0.003 -20"><span class='ocrx_word' id='word_1_540' title='bbox 561 4895 632 4948; x_wconf 86' lang='lat' dir='ltr'><strong>De</strong></span> <span class='ocrx_word' id='word_1_541' title='bbox 656 4896 876 4963; x_wconf 75' lang='lat' dir='ltr'><strong>septima</strong></span> <span class='ocrx_word' id='word_1_542' title='bbox 905 4895 1126 4962; x_wconf 81' lang='lat' dir='ltr'><strong>pentade</strong></span> <span class='ocrx_word' id='word_1_543' title='bbox 1175 4895 1472 4963; x_wconf 76' lang='lat' dir='ltr'><strong>ofﬁciorum</strong></span> <span class='ocrx_word' id='word_1_544' title='bbox 1506 4905 1550 4947; x_wconf 86' lang='lat' dir='ltr'><strong>el</strong></span> <span class='ocrx_word' id='word_1_545' title='bbox 1579 4897 1909 4966; x_wconf 73' lang='lat' dir='ltr'><strong>oﬂiciulium.</strong></span> 
     </span>
    </p>
   </div>
   <div class='ocr_carea' id='block_1_81' title="bbox 523 5005 2016 5080">
    <p class='ocr_par' dir='ltr' id='par_1_81' title="bbox 523 5005 2016 5080">
     <span class='ocr_line' id='line_1_81' title="bbox 523 5005 2016 5080; baseline 0.004 -22"><span class='ocrx_word' id='word_1_546' title='bbox 523 5005 582 5058; x_wconf 75' lang='grc' dir='ltr'>ιι.</span> <span class='ocrx_word' id='word_1_547' title='bbox 611 5007 662 5060; x_wconf 84' lang='lat'><strong>6.</strong></span> <span class='ocrx_word' id='word_1_548' title='bbox 692 5006 748 5060; x_wconf 87' lang='lat' dir='ltr'><strong>lu</strong></span> <span class='ocrx_word' id='word_1_549' title='bbox 771 5007 998 5076; x_wconf 86' lang='lat' dir='ltr'><strong>septima</strong></span> <span class='ocrx_word' id='word_1_550' title='bbox 1027 5010 1256 5076; x_wconf 89' lang='lat' dir='ltr'><strong>pentade</strong></span> <span class='ocrx_word' id='word_1_551' title='bbox 1279 5009 1483 5077; x_wconf 87' lang='lat' dir='ltr'><strong>primas</strong></span> <span class='ocrx_word' id='word_1_552' title='bbox 1505 5018 1648 5064; x_wconf 88' lang='lat' dir='ltr'><strong>tenet</strong></span> <span class='ocrx_word' id='word_1_553' title='bbox 1668 5012 2016 5080; x_wconf 87' lang='lat' dir='ltr'><strong>protopsalta,</strong></span> 
     </span>
    </p>
   </div>
   <div class='ocr_carea' id='block_1_82' title="bbox 452 5098 2017 5172">
    <p class='ocr_par' dir='ltr' id='par_1_82' title="bbox 452 5098 2017 5172">
     <span class='ocr_line' id='line_1_82' title="bbox 452 5098 2017 5172; baseline 0.006 -25"><span class='ocrx_word' id='word_1_554' title='bbox 452 5099 650 5163; x_wconf 76' lang='lat' dir='ltr'><strong>primus</strong></span> <span class='ocrx_word' id='word_1_555' title='bbox 674 5098 876 5166; x_wconf 76' lang='lat' dir='ltr'><strong>psaltes</strong></span> <span class='ocrx_word' id='word_1_556' title='bbox 907 5114 1003 5154; x_wconf 88' lang='lat' dir='ltr'><strong>seu</strong></span> <span class='ocrx_word' id='word_1_557' title='bbox 1033 5101 1465 5172; x_wconf 80' lang='lat' dir='ltr'><strong>cantor._Gitrios</strong></span> <span class='ocrx_word' id='word_1_558' title='bbox 1489 5113 1646 5156; x_wconf 85' lang='lat' dir='ltr'><strong>vocat</strong></span> <span class='ocrx_word' id='word_1_559' title='bbox 1671 5103 2017 5156; x_wconf 80' lang='lat' dir='ltr'><strong>domesticum</strong></span> 
     </span>
    </p>
   </div>
   <div class='ocr_carea' id='block_1_83' title="bbox 453 5181 2018 5259">
    <p class='ocr_par' dir='ltr' id='par_1_83' title="bbox 453 5181 2018 5259">
     <span class='ocr_line' id='line_1_83' title="bbox 453 5181 2018 5259; baseline 0.008 -21"><span class='ocrx_word' id='word_1_560' title='bbox 453 5189 768 5255; x_wconf 63' lang='lat' dir='ltr'><strong>multarum,</strong></span> <span class='ocrx_word' id='word_1_561' title='bbox 798 5181 1109 5259; x_wconf 73' lang='lat' dir='ltr'><strong>indicatque</strong></span> <span class='ocrx_word' id='word_1_562' title='bbox 1145 5193 1247 5244; x_wconf 89' lang='lat' dir='ltr'><strong>hoc</strong></span> <span class='ocrx_word' id='word_1_563' title='bbox 1297 5207 1488 5246; x_wconf 89' lang='lat' dir='ltr'><strong>nomen</strong></span> <span class='ocrx_word' id='word_1_564' title='bbox 1549 5194 1800 5248; x_wconf 85' lang='lat' dir='ltr'><strong>usitatius</strong></span> <span class='ocrx_word' id='word_1_565' title='bbox 1852 5195 2018 5250; x_wconf 76' lang='lat' dir='ltr'><strong>fuisse</strong></span> 
     </span>
    </p>
   </div>
   <div class='ocr_carea' id='block_1_84' title="bbox 453 5281 2016 5351">
    <p class='ocr_par' dir='ltr' id='par_1_84' title="bbox 453 5281 2016 5351">
     <span class='ocr_line' id='line_1_84' title="bbox 453 5281 2016 5351; baseline 0.007 -21"><span class='ocrx_word' id='word_1_566' title='bbox 453 5296 612 5346; x_wconf 86' lang='lat' dir='ltr'><strong>quam</strong></span> <span class='ocrx_word' id='word_1_567' title='bbox 645 5283 772 5332; x_wconf 91' lang='lat' dir='ltr'><strong>illud</strong></span> <span class='ocrx_word' id='word_1_568' title='bbox 797 5281 1356 5348; x_wconf 51' lang='lat' dir='ltr'><strong>protopraltwﬂirum</strong></span> <span class='ocrx_word' id='word_1_569' title='bbox 1377 5288 1750 5351; x_wconf 86' lang='lat' dir='ltr'><strong>estquomodo</strong></span> <span class='ocrx_word' id='word_1_570' title='bbox 1777 5285 2016 5341; x_wconf 85' lang='lat' dir='ltr'><strong>Codinus</strong></span> 
     </span>
    </p>
   </div>
   <div class='ocr_carea' id='block_1_85' title="bbox 455 5371 2014 5448">
    <p class='ocr_par' dir='ltr' id='par_1_85' title="bbox 455 5371 2014 5448">
     <span class='ocr_line' id='line_1_85' title="bbox 455 5371 2014 5448; baseline 0.004 -25"><span class='ocrx_word' id='word_1_571' title='bbox 455 5373 506 5424; x_wconf 90' lang='lat' dir='ltr'><strong>in</strong></span> <span class='ocrx_word' id='word_1_572' title='bbox 579 5371 682 5425; x_wconf 87' lang='lat' dir='ltr'><strong>hac</strong></span> <span class='ocrx_word' id='word_1_573' title='bbox 738 5373 962 5438; x_wconf 77' lang='lat' dir='ltr'><strong>septima</strong></span> <span class='ocrx_word' id='word_1_574' title='bbox 1031 5375 1259 5440; x_wconf 87' lang='lat' dir='ltr'><strong>pentade</strong></span> <span class='ocrx_word' id='word_1_575' title='bbox 1323 5376 1550 5432; x_wconf 88' lang='lat' dir='ltr'><strong>coltocct</strong></span> <span class='ocrx_word' id='word_1_576' title='bbox 1628 5379 2014 5448; x_wconf 75' lang='lat' dir='ltr'><strong>protopsalten,</strong></span> 
     </span>
    </p>
   </div>
   <div class='ocr_carea' id='block_1_86' title="bbox 458 5463 2018 5532">
    <p class='ocr_par' dir='ltr' id='par_1_86' title="bbox 458 5463 2018 5532">
     <span class='ocr_line' id='line_1_86' title="bbox 458 5463 2018 5532; baseline 0.004 -17"><span class='ocrx_word' id='word_1_577' title='bbox 458 5463 610 5532; x_wconf 59' lang='lat'><strong>153</strong></span> <span class='ocrx_word' id='word_1_578' title='bbox 643 5479 762 5516; x_wconf 87' lang='lat' dir='ltr'><strong>cum</strong></span> <span class='ocrx_word' id='word_1_579' title='bbox 797 5465 910 5532; x_wconf 88' lang='lat' dir='ltr'><strong>ipse</strong></span> <span class='ocrx_word' id='word_1_580' title='bbox 951 5482 1000 5520; x_wconf 71' lang='grc' dir='ltr'><strong>ι’.</strong></span> <span class='ocrx_word' id='word_1_581' title='bbox 1033 5465 1095 5517; x_wconf 83' lang='grc'><strong>17</strong></span> <span class='ocrx_word' id='word_1_582' title='bbox 1148 5466 1345 5520; x_wconf 80' lang='lat' dir='ltr'><strong>diserte</strong></span> <span class='ocrx_word' id='word_1_583' title='bbox 1391 5468 1532 5521; x_wconf 90' lang='lat' dir='ltr'><strong>dicat</strong></span> <span class='ocrx_word' id='word_1_584' title='bbox 1561 5467 1852 5522; x_wconf 86' lang='lat' dir='ltr'><strong>Ecclesiam</strong></span> <span class='ocrx_word' id='word_1_585' title='bbox 1907 5469 2018 5522; x_wconf 81' lang='lat' dir='ltr'><strong>Ma-</strong></span> 
     </span>
    </p>
   </div>
   <div class='ocr_carea' id='block_1_87' title="bbox 453 5553 2011 5628">
    <p class='ocr_par' dir='ltr' id='par_1_87' title="bbox 453 5553 2011 5628">
     <span class='ocr_line' id='line_1_87' title="bbox 453 5553 2011 5628; baseline 0.01 -26"><span class='ocrx_word' id='word_1_586' title='bbox 453 5571 610 5624; x_wconf 50' lang='lat' dir='ltr'><strong>gnum</strong></span> <span class='ocrx_word' id='word_1_587' title='bbox 641 5569 747 5605; x_wconf 88' lang='lat' dir='ltr'><strong>non</strong></span> <span class='ocrx_word' id='word_1_588' title='bbox 779 5553 976 5607; x_wconf 74' lang='lat' dir='ltr'><strong>haltere</strong></span> <span class='ocrx_word' id='word_1_589' title='bbox 1001 5557 1384 5623; x_wconf 80' lang='lat' dir='ltr'><strong>protopsalten,</strong></span> <span class='ocrx_word' id='word_1_590' title='bbox 1404 5557 1499 5612; x_wconf 84' lang='lat' dir='ltr'><strong>sed</strong></span> <span class='ocrx_word' id='word_1_591' title='bbox 1521 5560 1856 5614; x_wconf 80' lang='lat' dir='ltr'><strong>domesticum</strong></span> <span class='ocrx_word' id='word_1_592' title='bbox 1877 5567 2011 5628; x_wconf 65' lang='lat' dir='ltr'><strong>,‘nisi</strong></span> 
     </span>
    </p>
   </div>
   <div class='ocr_carea' id='block_1_88' title="bbox 452 5643 2013 5724">
    <p class='ocr_par' dir='ltr' id='par_1_88' title="bbox 452 5643 2013 5724">
     <span class='ocr_line' id='line_1_88' title="bbox 452 5643 2013 5724; baseline 0.008 -29"><span class='ocrx_word' id='word_1_593' title='bbox 452 5647 632 5724; x_wconf 30' lang='lat' dir='ltr'><strong>dicere</strong></span> <span class='ocrx_word' id='word_1_594' title='bbox 657 5643 886 5698; x_wconf 82' lang='lat' dir='ltr'><strong>velimus</strong></span> <span class='ocrx_word' id='word_1_595' title='bbox 907 5645 1146 5700; x_wconf 81' lang='lat' dir='ltr'><strong>cilicium</strong></span> <span class='ocrx_word' id='word_1_596' title='bbox 1167 5663 1286 5702; x_wconf 85' lang='lat' dir='ltr'><strong>esse</strong></span> <span class='ocrx_word' id='word_1_597' title='bbox 1311 5649 1472 5712; x_wconf 88' lang='lat' dir='ltr'><strong>idem,</strong></span> <span class='ocrx_word' id='word_1_598' title='bbox 1492 5667 1686 5704; x_wconf 88' lang='lat' dir='ltr'><strong>nomen</strong></span> <span class='ocrx_word' id='word_1_599' title='bbox 1713 5654 2013 5720; x_wconf 78' lang='lat' dir='ltr'><strong>diversum,</strong></span> 
     </span>
    </p>
   </div>
   <div class='ocr_carea' id='block_1_89' title="bbox 457 5733 2016 5814">
    <p class='ocr_par' dir='ltr' id='par_1_89' title="bbox 457 5733 2016 5814">
     <span class='ocr_line' id='line_1_89' title="bbox 457 5733 2016 5814; baseline 0.005 -26"><span class='ocrx_word' id='word_1_600' title='bbox 457 5737 618 5802; x_wconf 86' lang='lat' dir='ltr'><strong>inque</strong></span> <span class='ocrx_word' id='word_1_601' title='bbox 667 5733 912 5802; x_wconf 70' lang='lat' dir='ltr'><strong>catalogo</strong></span> <span class='ocrx_word' id='word_1_602' title='bbox 943 5735 1246 5790; x_wconf 70' lang='lat' dir='ltr'><strong>oﬂ‘iciorum</strong></span> <span class='ocrx_word' id='word_1_603' title='bbox 1280 5739 1524 5794; x_wconf 73' lang='lat' dir='ltr'><strong>ecclesia:</strong></span> <span class='ocrx_word' id='word_1_604' title='bbox 1555 5757 1780 5798; x_wconf 82' lang='lat' dir='ltr'><strong>vocasse</strong></span> <span class='ocrx_word' id='word_1_605' title='bbox 1837 5758 2016 5814; x_wconf 79' lang='lat' dir='ltr'><strong>proto-</strong></span> 
     </span>
    </p>
   </div>
   <div class='ocr_carea' id='block_1_90' title="bbox 455 5819 2013 5914">
    <p class='ocr_par' dir='ltr' id='par_1_90' title="bbox 455 5819 2013 5914">
     <span class='ocr_line' id='line_1_90' title="bbox 455 5819 2013 5914; baseline 0.004 -38"><span class='ocrx_word' id='word_1_606' title='bbox 455 5825 676 5890; x_wconf 75' lang='lat' dir='ltr'><strong>psalten,</strong></span> <span class='ocrx_word' id='word_1_607' title='bbox 697 5838 854 5893; x_wconf 89' lang='lat' dir='ltr'><strong>quem</strong></span> <span class='ocrx_word' id='word_1_608' title='bbox 887 5825 1107 5894; x_wconf 84' lang='lat' dir='ltr'><strong>proprio</strong></span> <span class='ocrx_word' id='word_1_609' title='bbox 1137 5826 1356 5881; x_wconf 78' lang='lat' dir='ltr'><strong>nomine</strong></span> <span class='ocrx_word' id='word_1_610' title='bbox 1391 5843 1582 5883; x_wconf 86' lang='lat' dir='ltr'><strong>vocare</strong></span> <span class='ocrx_word' id='word_1_611' title='bbox 1609 5819 1886 5914; x_wconf 58' lang='lat' dir='ltr'><strong>debuisset</strong></span> <span class='ocrx_word' id='word_1_612' title='bbox 1915 5833 2013 5882; x_wconf 83' lang='lat' dir='ltr'><strong>do-</strong></span> 
     </span>
    </p>
   </div>
   <div class='ocr_carea' id='block_1_91' title="bbox 2107 3275 3684 3346">
    <p class='ocr_par' dir='ltr' id='par_1_91' title="bbox 2107 3275 3684 3346">
     <span class='ocr_line' id='line_1_91' title="bbox 2107 3275 3684 3346; baseline 0.003 -18"><span class='ocrx_word' id='word_1_613' title='bbox 2107 3283 2344 3345; x_wconf 88' lang='lat' dir='ltr'><strong>ptorem,</strong></span> <span class='ocrx_word' id='word_1_614' title='bbox 2369 3275 2718 3345; x_wconf 72' lang='lat' dir='ltr'><strong>praepositum</strong></span> <span class='ocrx_word' id='word_1_615' title='bbox 2763 3285 2816 3330; x_wconf 89' lang='lat' dir='ltr'><strong>et</strong></span> <span class='ocrx_word' id='word_1_616' title='bbox 2847 3277 3160 3346; x_wconf 70' lang='lat' dir='ltr'><strong>prail&#39;ectum</strong></span> <span class='ocrx_word' id='word_1_617' title='bbox 3213 3276 3502 3345; x_wconf 81' lang='lat' dir='ltr'><strong>signiﬁcat,</strong></span> <span class='ocrx_word' id='word_1_618' title='bbox 3537 3278 3684 3332; x_wconf 87' lang='lat' dir='ltr'><strong>sicut</strong></span> 
     </span>
    </p>
   </div>
   <div class='ocr_carea' id='block_1_92' title="bbox 2109 3367 3686 3438">
    <p class='ocr_par' dir='ltr' id='par_1_92' title="bbox 2109 3367 3686 3438">
     <span class='ocr_line' id='line_1_92' title="bbox 2109 3367 3686 3438; baseline 0.001 -16"><span class='ocrx_word' id='word_1_619' title='bbox 2109 3376 2162 3422; x_wconf 92' lang='lat' dir='ltr'><strong>et</strong></span> <span class='ocrx_word' id='word_1_620' title='bbox 2181 3367 2237 3423; x_wconf 91' lang='lat' dir='ltr'><strong>in</strong></span> <span class='ocrx_word' id='word_1_621' title='bbox 2259 3367 2634 3424; x_wconf 73' lang='lat' dir='ltr'><strong>{unctionibus</strong></span> <span class='ocrx_word' id='word_1_622' title='bbox 2666 3368 3036 3438; x_wconf 84' lang='lat' dir='ltr'><strong>imperatoriis</strong></span> <span class='ocrx_word' id='word_1_623' title='bbox 3057 3368 3302 3424; x_wconf 81' lang='lat' dir='ltr'><strong>invenire</strong></span> <span class='ocrx_word' id='word_1_624' title='bbox 3333 3381 3416 3425; x_wconf 90' lang='lat' dir='ltr'><strong>est</strong></span> <span class='ocrx_word' id='word_1_625' title='bbox 3435 3369 3686 3424; x_wconf 73' lang='lat' dir='ltr'><strong>domesti-</strong></span> 
     </span>
    </p>
   </div>
   <div class='ocr_carea' id='block_1_93' title="bbox 2111 3459 3685 3527">
    <p class='ocr_par' dir='ltr' id='par_1_93' title="bbox 2111 3459 3685 3527">
     <span class='ocr_line' id='line_1_93' title="bbox 2111 3459 3685 3527; baseline 0.004 -15"><span class='ocrx_word' id='word_1_626' title='bbox 2111 3475 2228 3513; x_wconf 77' lang='lat' dir='ltr'><strong>cum</strong></span> <span class='ocrx_word' id='word_1_627' title='bbox 2243 3461 2498 3527; x_wconf 81' lang='lat' dir='ltr'><strong>Orientis,</strong></span> <span class='ocrx_word' id='word_1_628' title='bbox 2517 3459 2831 3526; x_wconf 78' lang='lat' dir='ltr'><strong>Occidentis,</strong></span> <span class='ocrx_word' id='word_1_629' title='bbox 2852 3459 3299 3516; x_wconf 72' lang='lat' dir='ltr'><strong>scholarumeo</strong></span> <span class='ocrx_word' id='word_1_630' title='bbox 3321 3465 3483 3516; x_wconf 90' lang='lat' dir='ltr'><strong>etiam</strong></span> <span class='ocrx_word' id='word_1_631' title='bbox 3507 3463 3685 3518; x_wconf 83' lang='lat' dir='ltr'><strong>dome-</strong></span> 
     </span>
    </p>
   </div>
   <div class='ocr_carea' id='block_1_94' title="bbox 2108 3551 3685 3616">
    <p class='ocr_par' dir='ltr' id='par_1_94' title="bbox 2108 3551 3685 3616">
     <span class='ocr_line' id='line_1_94' title="bbox 2108 3551 3685 3616; baseline 0.002 -13"><span class='ocrx_word' id='word_1_632' title='bbox 2108 3551 2298 3604; x_wconf 79' lang='lat' dir='ltr'><strong>sticum</strong></span> <span class='ocrx_word' id='word_1_633' title='bbox 2328 3567 2545 3616; x_wconf 76' lang='lat' dir='ltr'><strong>mensw,</strong></span> <span class='ocrx_word' id='word_1_634' title='bbox 2560 3551 2900 3604; x_wconf 79' lang='lat' dir='ltr'><strong>domesticum</strong></span> <span class='ocrx_word' id='word_1_635' title='bbox 2920 3551 3192 3616; x_wconf 63' lang='lat' dir='ltr'><strong>manium,</strong></span> <span class='ocrx_word' id='word_1_636' title='bbox 3209 3551 3550 3606; x_wconf 74' lang='lat' dir='ltr'><strong>domesticum</strong></span> <span class='ocrx_word' id='word_1_637' title='bbox 3572 3553 3685 3606; x_wconf 71' lang='lat' dir='ltr'><strong>tlte-</strong></span> 
     </span>
    </p>
   </div>
   <div class='ocr_carea' id='block_1_95' title="bbox 2109 3641 3684 3698">
    <p class='ocr_par' dir='ltr' id='par_1_95' title="bbox 2109 3641 3684 3698">
     <span class='ocr_line' id='line_1_95' title="bbox 2109 3641 3684 3698; baseline 0.002 -4"><span class='ocrx_word' id='word_1_638' title='bbox 2109 3650 2331 3694; x_wconf 86' lang='lat' dir='ltr'><strong>matum.</strong></span> <span class='ocrx_word' id='word_1_639' title='bbox 2376 3641 2467 3694; x_wconf 84' lang='lat' dir='ltr'><strong>Sic</strong></span> <span class='ocrx_word' id='word_1_640' title='bbox 2499 3649 2552 3696; x_wconf 80' lang='lat' dir='ltr'><strong>et</strong></span> <span class='ocrx_word' id='word_1_641' title='bbox 2581 3641 2636 3694; x_wconf 91' lang='lat' dir='ltr'><strong>in</strong></span> <span class='ocrx_word' id='word_1_642' title='bbox 2666 3641 3056 3696; x_wconf 86' lang='lat' dir='ltr'><strong>ecclesiasticis</strong></span> <span class='ocrx_word' id='word_1_643' title='bbox 3084 3643 3368 3698; x_wconf 90' lang='lat' dir='ltr'><strong>ordinibus</strong></span> <span class='ocrx_word' id='word_1_644' title='bbox 3408 3643 3684 3697; x_wconf 71' lang='lat' dir='ltr'><strong>domestici</strong></span> 
     </span>
    </p>
   </div>
   <div class='ocr_carea' id='block_1_96' title="bbox 2107 3735 3686 3808">
    <p class='ocr_par' dir='ltr' id='par_1_96' title="bbox 2107 3735 3686 3808">
     <span class='ocr_line' id='line_1_96' title="bbox 2107 3735 3686 3808; baseline -0.001 -19"><span class='ocrx_word' id='word_1_645' title='bbox 2107 3749 2214 3790; x_wconf 73' lang='lat' dir='ltr'><strong>vox</strong></span> <span class='ocrx_word' id='word_1_646' title='bbox 2235 3744 2546 3804; x_wconf 83' lang='lat' dir='ltr'><strong>usurpatur.</strong></span> <span class='ocrx_word' id='word_1_647' title='bbox 2564 3735 2676 3788; x_wconf 74' lang='lat' dir='ltr'><strong>Ett‘</strong></span> <span class='ocrx_word' id='word_1_648' title='bbox 2696 3735 2795 3789; x_wconf 78' lang='grc' dir='ltr'><strong>οὖν</strong></span> <span class='ocrx_word' id='word_1_649' title='bbox 2818 3736 3058 3806; x_wconf 74' lang='grc' dir='ltr'><strong>ὰρχῳὶὺς</strong></span> <span class='ocrx_word' id='word_1_650' title='bbox 3081 3737 3172 3788; x_wconf 71' lang='grc' dir='ltr'><strong>καὶ</strong></span> <span class='ocrx_word' id='word_1_651' title='bbox 3191 3737 3489 3806; x_wconf 75' lang='grc' dir='ltr'>ἐπιστάτης</span> <span class='ocrx_word' id='word_1_652' title='bbox 3513 3737 3686 3808; x_wconf 73' lang='grc' dir='ltr'>μελῳ-</span> 
     </span>
    </p>
   </div>
   <div class='ocr_carea' id='block_1_97' title="bbox 2111 3821 3684 3897">
    <p class='ocr_par' dir='ltr' id='par_1_97' title="bbox 2111 3821 3684 3897">
     <span class='ocr_line' id='line_1_97' title="bbox 2111 3821 3684 3897; baseline -0.001 -16"><span class='ocrx_word' id='word_1_653' title='bbox 2111 3827 2240 3881; x_wconf 86' lang='grc' dir='ltr'>διῶν</span> <span class='ocrx_word' id='word_1_654' title='bbox 2291 3826 2534 3881; x_wconf 74' lang='grc' dir='ltr'>καὶτῶν</span> <span class='ocrx_word' id='word_1_655' title='bbox 2585 3826 2862 3897; x_wconf 83' lang='grc' dir='ltr'>μελῳδῶν,</span> <span class='ocrx_word' id='word_1_656' title='bbox 2891 3821 2980 3880; x_wconf 77' lang='grc' dir='ltr'>οἷα</span> <span class='ocrx_word' id='word_1_657' title='bbox 3028 3830 3107 3888; x_wconf 86' lang='grc' dir='ltr'><strong>εἰς</strong></span> <span class='ocrx_word' id='word_1_658' title='bbox 3153 3826 3356 3896; x_wconf 79' lang='grc' dir='ltr'>ῥυθμὸν</span> <span class='ocrx_word' id='word_1_659' title='bbox 3403 3825 3498 3878; x_wconf 75' lang='grc' dir='ltr'><strong>καὶ</strong></span> <span class='ocrx_word' id='word_1_660' title='bbox 3527 3828 3684 3893; x_wconf 76' lang='grc' dir='ltr'>τάξιν</span> 
     </span>
    </p>
   </div>
   <div class='ocr_carea' id='block_1_98' title="bbox 2112 3917 3682 3987">
    <p class='ocr_par' dir='ltr' id='par_1_98' title="bbox 2112 3917 3682 3987">
     <span class='ocr_line' id='line_1_98' title="bbox 2112 3917 3682 3987; baseline -0.001 -17"><span class='ocrx_word' id='word_1_661' title='bbox 2112 3917 2387 3970; x_wconf 77' lang='grc' dir='ltr'>καθιστῶν</span> <span class='ocrx_word' id='word_1_662' title='bbox 2416 3919 2613 3982; x_wconf 79' lang='grc' dir='ltr'>αὐτούς</span> <span class='ocrx_word' id='word_1_663' title='bbox 2637 3935 2695 3971; x_wconf 86' lang='grc' dir='ltr'><strong>τε</strong></span> <span class='ocrx_word' id='word_1_664' title='bbox 2719 3920 2811 3971; x_wconf 67' lang='grc' dir='ltr'><strong>καὶ</strong></span> <span class='ocrx_word' id='word_1_665' title='bbox 2843 3920 2908 3971; x_wconf 80' lang='grc' dir='ltr'>τὰ</span> <span class='ocrx_word' id='word_1_666' title='bbox 2933 3918 3321 3987; x_wconf 67' lang='grc' dir='ltr'>μελῳδήματα.</span> <span class='ocrx_word' id='word_1_667' title='bbox 3351 3918 3682 3972; x_wconf 70' lang='lat' dir='ltr'><strong>Domesticus</strong></span> 
     </span>
    </p>
   </div>
   <div class='ocr_carea' id='block_1_99' title="bbox 2111 4009 3682 4081">
    <p class='ocr_par' dir='ltr' id='par_1_99' title="bbox 2111 4009 3682 4081">
     <span class='ocr_line' id='line_1_99' title="bbox 2111 4009 3682 4081; baseline 0.001 -20"><span class='ocrx_word' id='word_1_668' title='bbox 2111 4011 2276 4081; x_wconf 77' lang='lat' dir='ltr'><strong>igitur</strong></span> <span class='ocrx_word' id='word_1_669' title='bbox 2305 4012 2622 4064; x_wconf 80' lang='lat' dir='ltr'><strong>musicorum</strong></span> <span class='ocrx_word' id='word_1_670' title='bbox 2654 4027 2744 4064; x_wconf 77' lang='lat' dir='ltr'><strong>seu</strong></span> <span class='ocrx_word' id='word_1_671' title='bbox 2768 4019 3046 4064; x_wconf 84' lang='lat' dir='ltr'><strong>cantorum</strong></span> <span class='ocrx_word' id='word_1_672' title='bbox 3090 4009 3223 4062; x_wconf 82' lang='lat' dir='ltr'><strong>nihil</strong></span> <span class='ocrx_word' id='word_1_673' title='bbox 3250 4009 3396 4062; x_wconf 81' lang='lat' dir='ltr'><strong>aliud</strong></span> <span class='ocrx_word' id='word_1_674' title='bbox 3425 4021 3498 4063; x_wconf 79' lang='lat' dir='ltr'><strong>est</strong></span> <span class='ocrx_word' id='word_1_675' title='bbox 3523 4027 3682 4079; x_wconf 87' lang='lat' dir='ltr'><strong>quam</strong></span> 
     </span>
    </p>
   </div>
   <div class='ocr_carea' id='block_1_100' title="bbox 2111 4103 3685 4172">
    <p class='ocr_par' dir='ltr' id='par_1_100' title="bbox 2111 4103 3685 4172">
     <span class='ocr_line' id='line_1_100' title="bbox 2111 4103 3685 4172; baseline 0.001 -20"><span class='ocrx_word' id='word_1_676' title='bbox 2111 4105 2413 4171; x_wconf 75' lang='lat' dir='ltr'><strong>prrrfectus,</strong></span> <span class='ocrx_word' id='word_1_677' title='bbox 2437 4105 2527 4172; x_wconf 89' lang='lat' dir='ltr'><strong>qui</strong></span> <span class='ocrx_word' id='word_1_678' title='bbox 2555 4120 2730 4157; x_wconf 78' lang='lat' dir='ltr'><strong>omnes</strong></span> <span class='ocrx_word' id='word_1_679' title='bbox 2761 4104 2894 4172; x_wconf 84' lang='lat' dir='ltr'><strong>regit</strong></span> <span class='ocrx_word' id='word_1_680' title='bbox 2920 4119 2979 4155; x_wconf 88' lang='lat' dir='ltr'><strong>ac</strong></span> <span class='ocrx_word' id='word_1_681' title='bbox 3009 4103 3215 4171; x_wconf 87' lang='lat' dir='ltr'><strong>dirigit,</strong></span> <span class='ocrx_word' id='word_1_682' title='bbox 3265 4103 3504 4171; x_wconf 78' lang='lat' dir='ltr'><strong>ipsosque</strong></span> <span class='ocrx_word' id='word_1_683' title='bbox 3521 4103 3685 4155; x_wconf 76' lang='lat' dir='ltr'><strong>simul</strong></span> 
     </span>
    </p>
   </div>
   <div class='ocr_carea' id='block_1_101' title="bbox 2111 4175 3682 4264">
    <p class='ocr_par' dir='ltr' id='par_1_101' title="bbox 2111 4175 3682 4264">
     <span class='ocr_line' id='line_1_101' title="bbox 2111 4175 3682 4264; baseline -0.001 -16"><span class='ocrx_word' id='word_1_684' title='bbox 2111 4213 2173 4248; x_wconf 84' lang='lat' dir='ltr'><strong>ac</strong></span> <span class='ocrx_word' id='word_1_685' title='bbox 2213 4197 2480 4248; x_wconf 82' lang='lat' dir='ltr'><strong>cautiones</strong></span> <span class='ocrx_word' id='word_1_686' title='bbox 2507 4205 2722 4250; x_wconf 84' lang='lat' dir='ltr'><strong>cunctas</strong></span> <span class='ocrx_word' id='word_1_687' title='bbox 2750 4195 2988 4262; x_wconf 82' lang='lat' dir='ltr'><strong>disponit</strong></span> <span class='ocrx_word' id='word_1_688' title='bbox 3009 4175 3088 4248; x_wconf 66' lang='grc' dir='ltr'>ἀς</span> <span class='ocrx_word' id='word_1_689' title='bbox 3119 4196 3171 4248; x_wconf 87' lang='lat' dir='ltr'><strong>in</strong></span> <span class='ocrx_word' id='word_1_690' title='bbox 3202 4195 3441 4248; x_wconf 83' lang='lat' dir='ltr'><strong>ordinem</strong></span> <span class='ocrx_word' id='word_1_691' title='bbox 3469 4193 3682 4264; x_wconf 78' lang='lat' dir='ltr'><strong>redigit.</strong></span> 
     </span>
    </p>
   </div>
   <div class='ocr_carea' id='block_1_102' title="bbox 2117 4277 3722 4364">
    <p class='ocr_par' dir='ltr' id='par_1_102' title="bbox 2117 4277 3722 4364">
     <span class='ocr_line' id='line_1_102' title="bbox 2117 4277 3722 4364; baseline 0 -26"><span class='ocrx_word' id='word_1_692' title='bbox 2117 4287 2211 4338; x_wconf 83' lang='lat' dir='ltr'><strong>Est</strong></span> <span class='ocrx_word' id='word_1_693' title='bbox 2241 4277 2422 4340; x_wconf 87' lang='lat' dir='ltr'><strong>autem</strong></span> <span class='ocrx_word' id='word_1_694' title='bbox 2455 4303 2657 4341; x_wconf 91' lang='lat' dir='ltr'><strong>munus</strong></span> <span class='ocrx_word' id='word_1_695' title='bbox 2706 4286 2991 4342; x_wconf 84' lang='lat' dir='ltr'><strong>domestici</strong></span> <span class='ocrx_word' id='word_1_696' title='bbox 3025 4295 3312 4345; x_wconf 88' lang='lat' dir='ltr'><strong>cantorum</strong></span> <span class='ocrx_word' id='word_1_697' title='bbox 3371 4300 3466 4341; x_wconf 82' lang='lat' dir='ltr'><strong>seu</strong></span> <span class='ocrx_word' id='word_1_698' title='bbox 3503 4295 3689 4354; x_wconf 86' lang='lat' dir='ltr'><strong>proto-</strong></span> <span class='ocrx_word' id='word_1_699' title='bbox 3719 4361 3722 4364; x_wconf 8' lang='grc' dir='ltr'><em>ῃ</em></span> 
     </span>
    </p>
   </div>
   <div class='ocr_carea' id='block_1_103' title="bbox 2117 4377 3688 4448">
    <p class='ocr_par' dir='ltr' id='par_1_103' title="bbox 2117 4377 3688 4448">
     <span class='ocr_line' id='line_1_103' title="bbox 2117 4377 3688 4448; baseline 0.003 -19"><span class='ocrx_word' id='word_1_700' title='bbox 2117 4377 2302 4444; x_wconf 72' lang='lat' dir='ltr'><strong>psaltze</strong></span> <span class='ocrx_word' id='word_1_701' title='bbox 2319 4379 2371 4430; x_wconf 90' lang='lat' dir='ltr'><strong>in</strong></span> <span class='ocrx_word' id='word_1_702' title='bbox 2396 4377 2594 4447; x_wconf 68' lang='lat' dir='ltr'><strong>vigiliis</strong></span> <span class='ocrx_word' id='word_1_703' title='bbox 2616 4379 2998 4433; x_wconf 89' lang='lat' dir='ltr'><strong>communibus</strong></span> <span class='ocrx_word' id='word_1_704' title='bbox 3015 4381 3162 4433; x_wconf 86' lang='lat' dir='ltr'><strong>clara</strong></span> <span class='ocrx_word' id='word_1_705' title='bbox 3179 4394 3311 4432; x_wconf 82' lang='lat' dir='ltr'><strong>voce</strong></span> <span class='ocrx_word' id='word_1_706' title='bbox 3329 4381 3688 4448; x_wconf 74' lang='lat' dir='ltr'><strong>pronuntiare”</strong></span> 
     </span>
    </p>
   </div>
   <div class='ocr_carea' id='block_1_104' title="bbox 2117 4468 3684 4539">
    <p class='ocr_par' dir='ltr' id='par_1_104' title="bbox 2117 4468 3684 4539">
     <span class='ocr_line' id='line_1_104' title="bbox 2117 4468 3684 4539; baseline 0.004 -20"><span class='ocrx_word' id='word_1_707' title='bbox 2117 4468 2272 4530; x_wconf 85' lang='lat' dir='ltr'><strong>illud,</strong></span> <span class='ocrx_word' id='word_1_708' title='bbox 2311 4469 2646 4538; x_wconf 77' lang='grc' dir='ltr'>Εὑλόγησον,</span> <span class='ocrx_word' id='word_1_709' title='bbox 2676 4471 2930 4536; x_wconf 81' lang='grc' dir='ltr'>δέσποτα,</span> <span class='ocrx_word' id='word_1_710' title='bbox 2959 4472 3104 4539; x_wconf 85' lang='lat' dir='ltr'><strong>quod</strong></span> <span class='ocrx_word' id='word_1_711' title='bbox 3137 4485 3235 4525; x_wconf 90' lang='lat' dir='ltr'><strong>nos</strong></span> <span class='ocrx_word' id='word_1_712' title='bbox 3263 4471 3496 4526; x_wconf 83' lang='lat' dir='ltr'><strong>dicimus</strong></span> <span class='ocrx_word' id='word_1_713' title='bbox 3525 4470 3684 4536; x_wconf 83' lang='lat' dir='ltr'><strong>Jube,</strong></span> 
     </span>
    </p>
   </div>
   <div class='ocr_carea' id='block_1_105' title="bbox 1291 4549 3688 4633">
    <p class='ocr_par' dir='ltr' id='par_1_105' title="bbox 1291 4549 3688 4633">
     <span class='ocr_line' id='line_1_105' title="bbox 1291 4549 3688 4633; baseline 0.006 -29"><span class='ocrx_word' id='word_1_714' title='bbox 1291 4549 1425 4606; x_wconf 77' lang='lat' dir='ltr'><strong>Vide</strong></span> <span class='ocrx_word' id='word_1_715' title='bbox 1480 4562 1782 4622; x_wconf 84' lang='lat' dir='ltr'><strong>postremas</strong></span> <span class='ocrx_word' id='word_1_716' title='bbox 1851 4567 2004 4613; x_wconf 84' lang='lat' dir='ltr'><strong>notas</strong></span> <span class='ocrx_word' id='word_1_717' title='bbox 2038 4555 2082 4608; x_wconf 86' lang='grc' dir='ltr'><strong>Ι)</strong></span> <span class='ocrx_word' id='word_1_718' title='bbox 2111 4559 2340 4622; x_wconf 82' lang='lat' dir='ltr'><strong>domine,</strong></span> <span class='ocrx_word' id='word_1_719' title='bbox 2375 4561 2688 4616; x_wconf 79' lang='lat' dir='ltr'><strong>benedicere.</strong></span> <span class='ocrx_word' id='word_1_720' title='bbox 2718 4562 2800 4616; x_wconf 76' lang='lat' dir='ltr'><strong>Ex</strong></span> <span class='ocrx_word' id='word_1_721' title='bbox 2856 4563 3122 4617; x_wconf 86' lang='lat' dir='ltr'><strong>sententia</strong></span> <span class='ocrx_word' id='word_1_722' title='bbox 3173 4563 3338 4633; x_wconf 83' lang='lat' dir='ltr'><strong>igitur</strong></span> <span class='ocrx_word' id='word_1_723' title='bbox 3381 4561 3534 4618; x_wconf 88' lang='lat' dir='ltr'><strong>Citrii</strong></span> <span class='ocrx_word' id='word_1_724' title='bbox 3589 4565 3688 4618; x_wconf 77' lang='lat' dir='ltr'><strong>do-</strong></span> 
     </span>
    </p>
   </div>
   <div class='ocr_carea' id='block_1_106' title="bbox 2124 4651 3690 4723">
    <p class='ocr_par' dir='ltr' id='par_1_106' title="bbox 2124 4651 3690 4723">
     <span class='ocr_line' id='line_1_106' title="bbox 2124 4651 3690 4723; baseline 0.004 -22"><span class='ocrx_word' id='word_1_725' title='bbox 2124 4651 2382 4702; x_wconf 85' lang='lat' dir='ltr'><strong>mesticus</strong></span> <span class='ocrx_word' id='word_1_726' title='bbox 2415 4651 2488 4704; x_wconf 90' lang='lat' dir='ltr'><strong>nil</strong></span> <span class='ocrx_word' id='word_1_727' title='bbox 2529 4653 2674 4706; x_wconf 86' lang='lat' dir='ltr'><strong>aliud</strong></span> <span class='ocrx_word' id='word_1_728' title='bbox 2705 4661 2788 4707; x_wconf 90' lang='lat' dir='ltr'><strong>est</strong></span> <span class='ocrx_word' id='word_1_729' title='bbox 2811 4669 2972 4721; x_wconf 85' lang='lat' dir='ltr'><strong>quam</strong></span> <span class='ocrx_word' id='word_1_730' title='bbox 3019 4669 3237 4718; x_wconf 68' lang='lat' dir='ltr'><strong>prterea,</strong></span> <span class='ocrx_word' id='word_1_731' title='bbox 3274 4655 3522 4718; x_wconf 76' lang='lat' dir='ltr'><strong>antistes,</strong></span> <span class='ocrx_word' id='word_1_732' title='bbox 3553 4671 3690 4723; x_wconf 76' lang='lat' dir='ltr'><strong>prte-</strong></span> 
     </span>
    </p>
   </div>
   <div class='ocr_carea' id='block_1_107' title="bbox 2123 4741 3690 4815">
    <p class='ocr_par' dir='ltr' id='par_1_107' title="bbox 2123 4741 3690 4815">
     <span class='ocr_line' id='line_1_107' title="bbox 2123 4741 3690 4815; baseline 0.004 -23"><span class='ocrx_word' id='word_1_733' title='bbox 2123 4741 2308 4808; x_wconf 79' lang='lat' dir='ltr'><strong>fectus,</strong></span> <span class='ocrx_word' id='word_1_734' title='bbox 2341 4757 2452 4796; x_wconf 91' lang='lat' dir='ltr'><strong>uno</strong></span> <span class='ocrx_word' id='word_1_735' title='bbox 2481 4746 2646 4798; x_wconf 86' lang='lat' dir='ltr'><strong>verbo</strong></span> <span class='ocrx_word' id='word_1_736' title='bbox 2671 4745 2878 4814; x_wconf 86' lang='lat' dir='ltr'><strong>primus</strong></span> <span class='ocrx_word' id='word_1_737' title='bbox 2910 4745 2965 4800; x_wconf 88' lang='lat' dir='ltr'><strong>in</strong></span> <span class='ocrx_word' id='word_1_738' title='bbox 3002 4761 3104 4799; x_wconf 88' lang='lat' dir='ltr'><strong>suo</strong></span> <span class='ocrx_word' id='word_1_739' title='bbox 3134 4760 3350 4815; x_wconf 83' lang='lat' dir='ltr'><strong>genere.</strong></span> <span class='ocrx_word' id='word_1_740' title='bbox 3405 4743 3516 4799; x_wconf 81' lang='lat' dir='ltr'><strong>Nec</strong></span> <span class='ocrx_word' id='word_1_741' title='bbox 3547 4745 3690 4799; x_wconf 79' lang='lat' dir='ltr'><strong>male</strong></span> 
     </span>
    </p>
   </div>
   <div class='ocr_carea' id='block_1_108' title="bbox 2120 4833 3690 4904">
    <p class='ocr_par' dir='ltr' id='par_1_108' title="bbox 2120 4833 3690 4904">
     <span class='ocr_line' id='line_1_108' title="bbox 2120 4833 3690 4904; baseline 0.003 -20"><span class='ocrx_word' id='word_1_742' title='bbox 2120 4833 2324 4887; x_wconf 76' lang='lat' dir='ltr'><strong>Gitrius</strong></span> <span class='ocrx_word' id='word_1_743' title='bbox 2364 4835 2644 4889; x_wconf 89' lang='lat' dir='ltr'><strong>notionem</strong></span> <span class='ocrx_word' id='word_1_744' title='bbox 2695 4837 2863 4904; x_wconf 88' lang='lat' dir='ltr'><strong>hujus</strong></span> <span class='ocrx_word' id='word_1_745' title='bbox 2915 4837 3166 4890; x_wconf 80' lang='lat' dir='ltr'><strong>vocabuli</strong></span> <span class='ocrx_word' id='word_1_746' title='bbox 3199 4837 3490 4903; x_wconf 83' lang='lat' dir='ltr'><strong>expressit,</strong></span> <span class='ocrx_word' id='word_1_747' title='bbox 3533 4845 3690 4904; x_wconf 87' lang='lat' dir='ltr'><strong>prout</strong></span> 
     </span>
    </p>
   </div>
   <div class='ocr_carea' id='block_1_109' title="bbox 2123 4923 3684 4990">
    <p class='ocr_par' dir='ltr' id='par_1_109' title="bbox 2123 4923 3684 4990">
     <span class='ocr_line' id='line_1_109' title="bbox 2123 4923 3684 4990; baseline 0.003 -18"><span class='ocrx_word' id='word_1_748' title='bbox 2123 4930 2418 4989; x_wconf 85' lang='lat' dir='ltr'><strong>usurpatur</strong></span> <span class='ocrx_word' id='word_1_749' title='bbox 2438 4939 2468 4976; x_wconf 89' lang='lat' dir='ltr'><strong>a</strong></span> <span class='ocrx_word' id='word_1_750' title='bbox 2493 4923 2700 4980; x_wconf 84' lang='lat' dir='ltr'><strong>Graecis</strong></span> <span class='ocrx_word' id='word_1_751' title='bbox 2729 4925 3152 4990; x_wconf 86' lang='lat' dir='ltr'><strong>recentioribus,</strong></span> <span class='ocrx_word' id='word_1_752' title='bbox 3167 4925 3268 4979; x_wconf 87' lang='lat' dir='ltr'><strong>etsi</strong></span> <span class='ocrx_word' id='word_1_753' title='bbox 3293 4923 3437 4977; x_wconf 89' lang='lat' dir='ltr'><strong>haud</strong></span> <span class='ocrx_word' id='word_1_754' title='bbox 3469 4925 3586 4977; x_wconf 88' lang='lat' dir='ltr'><strong>scio</strong></span> <span class='ocrx_word' id='word_1_755' title='bbox 3617 4942 3684 4977; x_wconf 88' lang='lat' dir='ltr'><strong>an</strong></span> 
     </span>
    </p>
   </div>
   <div class='ocr_carea' id='block_1_110' title="bbox 2123 5011 3684 5076">
    <p class='ocr_par' dir='ltr' id='par_1_110' title="bbox 2123 5011 3684 5076">
     <span class='ocr_line' id='line_1_110' title="bbox 2123 5011 3684 5076; baseline 0.004 -16"><span class='ocrx_word' id='word_1_756' title='bbox 2123 5025 2224 5063; x_wconf 79' lang='lat' dir='ltr'><strong>vox</strong></span> <span class='ocrx_word' id='word_1_757' title='bbox 2245 5011 2513 5064; x_wconf 79' lang='lat' dir='ltr'><strong>domestici</strong></span> <span class='ocrx_word' id='word_1_758' title='bbox 2541 5014 2594 5066; x_wconf 93' lang='lat' dir='ltr'><strong>in</strong></span> <span class='ocrx_word' id='word_1_759' title='bbox 2634 5015 2736 5068; x_wconf 84' lang='lat' dir='ltr'><strong>hac</strong></span> <span class='ocrx_word' id='word_1_760' title='bbox 2765 5016 2984 5070; x_wconf 91' lang='lat' dir='ltr'><strong>notione</strong></span> <span class='ocrx_word' id='word_1_761' title='bbox 3015 5016 3214 5070; x_wconf 87' lang='lat' dir='ltr'><strong>usitata</strong></span> <span class='ocrx_word' id='word_1_762' title='bbox 3236 5014 3307 5069; x_wconf 91' lang='lat' dir='ltr'><strong>sit</strong></span> <span class='ocrx_word' id='word_1_763' title='bbox 3331 5013 3564 5076; x_wconf 78' lang='lat' dir='ltr'><strong>Latinis,</strong></span> <span class='ocrx_word' id='word_1_764' title='bbox 3588 5029 3684 5067; x_wconf 84' lang='lat' dir='ltr'><strong>seu</strong></span> 
     </span>
    </p>
   </div>
   <div class='ocr_carea' id='block_1_111' title="bbox 2121 5101 3692 5174">
    <p class='ocr_par' dir='ltr' id='par_1_111' title="bbox 2121 5101 3692 5174">
     <span class='ocr_line' id='line_1_111' title="bbox 2121 5101 3692 5174; baseline 0.003 -20"><span class='ocrx_word' id='word_1_765' title='bbox 2121 5101 2277 5154; x_wconf 83' lang='lat' dir='ltr'><strong>novis</strong></span> <span class='ocrx_word' id='word_1_766' title='bbox 2303 5117 2398 5155; x_wconf 88' lang='lat' dir='ltr'><strong>seu</strong></span> <span class='ocrx_word' id='word_1_767' title='bbox 2443 5107 2703 5172; x_wconf 84' lang='lat' dir='ltr'><strong>antiquis.</strong></span> <span class='ocrx_word' id='word_1_768' title='bbox 2747 5105 2804 5158; x_wconf 90' lang='lat' dir='ltr'><strong>lu</strong></span> <span class='ocrx_word' id='word_1_769' title='bbox 2834 5106 2958 5174; x_wconf 76' lang='lat' dir='ltr'><strong>jure</strong></span> <span class='ocrx_word' id='word_1_770' title='bbox 3011 5106 3254 5174; x_wconf 82' lang='lat' dir='ltr'><strong>proiecto</strong></span> <span class='ocrx_word' id='word_1_771' title='bbox 3313 5105 3416 5158; x_wconf 85' lang='lat' dir='ltr'><strong>alia</strong></span> <span class='ocrx_word' id='word_1_772' title='bbox 3469 5105 3692 5158; x_wconf 85' lang='lat' dir='ltr'><strong>notione</strong></span> 
     </span>
    </p>
   </div>
   <div class='ocr_carea' id='block_1_112' title="bbox 2121 5195 3692 5264">
    <p class='ocr_par' dir='ltr' id='par_1_112' title="bbox 2121 5195 3692 5264">
     <span class='ocr_line' id='line_1_112' title="bbox 2121 5195 3692 5264; baseline 0.003 -21"><span class='ocrx_word' id='word_1_773' title='bbox 2121 5203 2436 5260; x_wconf 85' lang='lat' dir='ltr'><strong>usurpatur,</strong></span> <span class='ocrx_word' id='word_1_774' title='bbox 2473 5203 2529 5247; x_wconf 89' lang='lat' dir='ltr'><strong>ut</strong></span> <span class='ocrx_word' id='word_1_775' title='bbox 2558 5203 2610 5247; x_wconf 90' lang='lat' dir='ltr'><strong>et</strong></span> <span class='ocrx_word' id='word_1_776' title='bbox 2639 5195 2690 5248; x_wconf 90' lang='lat' dir='ltr'><strong>in</strong></span> <span class='ocrx_word' id='word_1_777' title='bbox 2711 5195 2990 5248; x_wconf 87' lang='lat' dir='ltr'><strong>communi</strong></span> <span class='ocrx_word' id='word_1_778' title='bbox 3013 5196 3348 5264; x_wconf 88' lang='lat' dir='ltr'><strong>loquentium</strong></span> <span class='ocrx_word' id='word_1_779' title='bbox 3393 5205 3692 5247; x_wconf 44' lang='lat' dir='ltr'><strong>consuetue</strong></span> 
     </span>
    </p>
   </div>
   <div class='ocr_carea' id='block_1_113' title="bbox 2119 5283 3692 5356">
    <p class='ocr_par' dir='ltr' id='par_1_113' title="bbox 2119 5283 3692 5356">
     <span class='ocr_line' id='line_1_113' title="bbox 2119 5283 3692 5356; baseline -0.001 -19"><span class='ocrx_word' id='word_1_780' title='bbox 2119 5285 2264 5337; x_wconf 83' lang='lat' dir='ltr'><strong>dine.</strong></span> <span class='ocrx_word' id='word_1_781' title='bbox 2505 5287 2584 5339; x_wconf 86' lang='lat' dir='ltr'><strong>Ab</strong></span> <span class='ocrx_word' id='word_1_782' title='bbox 2617 5289 2716 5340; x_wconf 84' lang='lat' dir='ltr'><strong>huc</strong></span> <span class='ocrx_word' id='word_1_783' title='bbox 2753 5301 2884 5340; x_wconf 75' lang='lat' dir='ltr'><strong>voce</strong></span> <span class='ocrx_word' id='word_1_784' title='bbox 2936 5287 3242 5340; x_wconf 75' lang='lat' dir='ltr'><strong>formarunt</strong></span> <span class='ocrx_word' id='word_1_785' title='bbox 3291 5285 3465 5338; x_wconf 88' lang='lat' dir='ltr'><strong>Latini</strong></span> <span class='ocrx_word' id='word_1_786' title='bbox 3512 5286 3692 5336; x_wconf 80' lang='lat' dir='ltr'><strong>dante-</strong></span> 
     </span>
    </p>
   </div>
   <div class='ocr_carea' id='block_1_114' title="bbox 2121 5379 3686 5449">
    <p class='ocr_par' dir='ltr' id='par_1_114' title="bbox 2121 5379 3686 5449">
     <span class='ocr_line' id='line_1_114' title="bbox 2121 5379 3686 5449; baseline -0.001 -17"><span class='ocrx_word' id='word_1_787' title='bbox 2121 5383 2394 5444; x_wconf 82' lang='lat' dir='ltr'><strong>sticutum,</strong></span> <span class='ocrx_word' id='word_1_788' title='bbox 2432 5382 2574 5446; x_wconf 83' lang='lat' dir='ltr'><strong>quod</strong></span> <span class='ocrx_word' id='word_1_789' title='bbox 2603 5383 2654 5434; x_wconf 90' lang='lat' dir='ltr'><strong>in</strong></span> <span class='ocrx_word' id='word_1_790' title='bbox 2675 5382 2794 5448; x_wconf 86' lang='lat' dir='ltr'><strong>jure</strong></span> <span class='ocrx_word' id='word_1_791' title='bbox 2820 5391 3014 5436; x_wconf 79' lang='lat' dir='ltr'><strong>exstat.</strong></span> <span class='ocrx_word' id='word_1_792' title='bbox 3040 5379 3105 5433; x_wconf 83' lang='lat' dir='ltr'><strong>Et</strong></span> <span class='ocrx_word' id='word_1_793' title='bbox 3131 5380 3275 5449; x_wconf 87' lang='lat' dir='ltr'><strong>apud</strong></span> <span class='ocrx_word' id='word_1_794' title='bbox 3304 5379 3686 5432; x_wconf 69' lang='lat' dir='ltr'><strong>Balsamonnn</strong></span> 
     </span>
    </p>
   </div>
   <div class='ocr_carea' id='block_1_115' title="bbox 2121 5459 3696 5541">
    <p class='ocr_par' dir='ltr' id='par_1_115' title="bbox 2121 5459 3696 5541">
     <span class='ocr_line' id='line_1_115' title="bbox 2121 5459 3696 5541; baseline -0.001 -17"><span class='ocrx_word' id='word_1_795' title='bbox 2121 5473 2174 5525; x_wconf 88' lang='lat' dir='ltr'><strong>in</strong></span> <span class='ocrx_word' id='word_1_796' title='bbox 2207 5487 2414 5525; x_wconf 88' lang='lat' dir='ltr'><strong>canone</strong></span> <span class='ocrx_word' id='word_1_797' title='bbox 2450 5471 2892 5540; x_wconf 62' lang='lat' dir='ltr'><strong>“apostolorum</strong></span> <span class='ocrx_word' id='word_1_798' title='bbox 2920 5473 3281 5541; x_wconf 77' lang='grc' dir='ltr'>δομεστικάτα</span> <span class='ocrx_word' id='word_1_799' title='bbox 3309 5459 3492 5538; x_wconf 78' lang='lat' dir='ltr'><strong>ofﬁcia</strong></span> <span class='ocrx_word' id='word_1_800' title='bbox 3520 5471 3696 5522; x_wconf 85' lang='lat' dir='ltr'><strong>dome—</strong></span> 
     </span>
    </p>
   </div>
   <div class='ocr_carea' id='block_1_116' title="bbox 2121 5563 3694 5632">
    <p class='ocr_par' dir='ltr' id='par_1_116' title="bbox 2121 5563 3694 5632">
     <span class='ocr_line' id='line_1_116' title="bbox 2121 5563 3694 5632; baseline 0 -18"><span class='ocrx_word' id='word_1_801' title='bbox 2121 5564 2388 5624; x_wconf 76' lang='lat' dir='ltr'><strong>sticorum,</strong></span> <span class='ocrx_word' id='word_1_802' title='bbox 2429 5574 2480 5615; x_wconf 87' lang='lat' dir='ltr'><strong>et</strong></span> <span class='ocrx_word' id='word_1_803' title='bbox 2520 5563 2659 5632; x_wconf 82' lang='lat' dir='ltr'><strong>apud</strong></span> <span class='ocrx_word' id='word_1_804' title='bbox 2704 5565 2968 5616; x_wconf 86' lang='lat' dir='ltr'><strong>Codinum</strong></span> <span class='ocrx_word' id='word_1_805' title='bbox 2995 5579 3043 5617; x_wconf 91' lang='lat' dir='ltr'><strong>c.</strong></span> <span class='ocrx_word' id='word_1_806' title='bbox 3074 5565 3103 5616; x_wconf 84' lang='lat'><strong>7</strong></span> <span class='ocrx_word' id='word_1_807' title='bbox 3125 5565 3170 5615; x_wconf 86' lang='grc' dir='ltr'><strong>οί</strong></span> <span class='ocrx_word' id='word_1_808' title='bbox 3199 5564 3290 5616; x_wconf 80' lang='grc' dir='ltr'>τοῦ</span> <span class='ocrx_word' id='word_1_809' title='bbox 3319 5563 3694 5631; x_wconf 85' lang='grc' dir='ltr'>δομεστικείου</span> 
     </span>
    </p>
   </div>
   <div class='ocr_carea' id='block_1_117' title="bbox 2115 5655 3299 5724">
    <p class='ocr_par' dir='ltr' id='par_1_117' title="bbox 2115 5655 3299 5724">
     <span class='ocr_line' id='line_1_117' title="bbox 2115 5655 3299 5724; baseline -0.002 -16"><span class='ocrx_word' id='word_1_810' title='bbox 2115 5656 2443 5723; x_wconf 79' lang='grc' dir='ltr'>δομέστικοι,</span> <span class='ocrx_word' id='word_1_811' title='bbox 2475 5666 2526 5708; x_wconf 91' lang='lat' dir='ltr'><strong>ct</strong></span> <span class='ocrx_word' id='word_1_812' title='bbox 2552 5671 2598 5708; x_wconf 90' lang='lat' dir='ltr'><strong>c.</strong></span> <span class='ocrx_word' id='word_1_813' title='bbox 2626 5657 2658 5710; x_wconf 80' lang='grc'><strong>5</strong></span> <span class='ocrx_word' id='word_1_814' title='bbox 2689 5655 3047 5724; x_wconf 79' lang='grc' dir='ltr'>δομεστίκιον.</span> <span class='ocrx_word' id='word_1_815' title='bbox 3073 5655 3299 5710; x_wconf 54' lang='lat' dir='ltr'><strong>ﬂatus.</strong></span> 
     </span>
    </p>
   </div>
   <div class='ocr_carea' id='block_1_118' title="bbox 2191 5744 3692 5818">
    <p class='ocr_par' dir='ltr' id='par_1_118' title="bbox 2191 5744 3692 5818">
     <span class='ocr_line' id='line_1_118' title="bbox 2191 5744 3692 5818; baseline 0.003 -22"><span class='ocrx_word' id='word_1_816' title='bbox 2191 5744 2248 5798; x_wconf 81' lang='grc' dir='ltr'><strong>Ρ.</strong></span> <span class='ocrx_word' id='word_1_817' title='bbox 2273 5746 2324 5799; x_wconf 84' lang='grc'><strong>6.</strong></span> <span class='ocrx_word' id='word_1_818' title='bbox 2365 5745 2730 5800; x_wconf 79' lang='lat' dir='ltr'><strong>Douicslicum</strong></span> <span class='ocrx_word' id='word_1_819' title='bbox 2764 5747 3010 5802; x_wconf 81' lang='lat' dir='ltr'><strong>dicemus</strong></span> <span class='ocrx_word' id='word_1_820' title='bbox 3029 5749 3323 5816; x_wconf 80' lang='lat' dir='ltr'><strong>aliquando</strong></span> <span class='ocrx_word' id='word_1_821' title='bbox 3345 5749 3692 5818; x_wconf 60' lang='lat' dir='ltr'><strong>praepositum</strong></span> 
     </span>
    </p>
   </div>
   <div class='ocr_carea' id='block_1_119' title="bbox 2122 5835 3691 5908">
    <p class='ocr_par' dir='ltr' id='par_1_119' title="bbox 2122 5835 3691 5908">
     <span class='ocr_line' id='line_1_119' title="bbox 2122 5835 3691 5908; baseline 0.002 -18"><span class='ocrx_word' id='word_1_822' title='bbox 2122 5835 2445 5905; x_wconf 71' lang='lat' dir='ltr'><strong>signiﬁcare.</strong></span> <span class='ocrx_word' id='word_1_823' title='bbox 2471 5837 2913 5908; x_wconf 78' lang='lat' dir='ltr'><strong>Deistisduohus</strong></span> <span class='ocrx_word' id='word_1_824' title='bbox 2954 5840 3237 5908; x_wconf 63' lang='lat' dir='ltr'><strong>utrimque</strong></span> <span class='ocrx_word' id='word_1_825' title='bbox 3267 5841 3416 5892; x_wconf 73' lang='lat' dir='ltr'><strong>chori</strong></span> <span class='ocrx_word' id='word_1_826' title='bbox 3459 5839 3691 5893; x_wconf 80' lang='lat' dir='ltr'><strong>ducibus</strong></span> 
     </span>
    </p>
   </div>
  </div>
