3936 6598
210 460 300 523 lli!)

1261 452 1646 515 GRETSERI
1682 452 1776 510 ET
1814 448 2051 510 GOARI
2086 448 2329 509 NOT/E.

3318 448 3422 513 170

207 569 446 624 Allatiana
482 582 496 620 :
530 566 593 619 Ol
630 564 724 618 δύο
762 563 1076 634 δομέστικοι
1117 564 1366 618 ῐςεανται
1410 564 1467 616 ἐν
1500 564 1613 625 τοῖς
1647 560 1741 614 δύο
1772 563 1816 619 Α
1843 567 1967 613 sent
2017 557 2425 627 πριμμικήριον
2488 556 2594 610 τῶν
2652 557 3072 629 πατριαρχικῶν
3127 562 3417 631 resupinis.

205 662 358 732 χοροῖς
375 658 505 727 μετᾶ
526 658 626 710 τοῦ
648 657 1062 727 πρωτοψωτου,
1083 656 1177 709 καὶ
1204 656 1496 724 ψάλλοντες
1517 653 1747 723 φοροῦσι

208 753 520 821 σφικτούρια,
581 749 658 812 ὡς
700 748 1118 819 πρωτοψάλτης.
1176 747 1496 802 Domesticis
1550 747 1747 816 adjun-

210 852 322 915 gnnt
355 841 443 894 δύο
473 844 911 910 πριμμικηρίους
959 840 1281 906 ἱσταμένους
1326 841 1468 907 μετὰ
1521 839 1632 923 τῷν
1660 840 1747 891 δο-

209 933 449 1004 μεστίκων
482 950 499 965 ·
523 932 818 1000 «bilique;
848 932 942 985 καὶ
962 933 1135 985 αὐτοί.
1167 930 1324 987 Gesn
1354 929 1373 1003 ]

270 1022 399 1076 Ibid.
432 1021 695 1091 Sequitur
746 1023 1150 1088 λαοσυνάχτης.
1205 1022 1271 1075 ad
1309 1022 1535 1076 verbum
1565 1021 1745 1090 populi

204 1124 489 1169 convocatar
529 1122 581 1166 et
625 1124 990 1184 congregator,
1038 1112 1202 1169 Junio
1252 1113 1419 1177 cacia,
1457 1113 1745 1168 sed.uiliili

206 1210 346 1261 racia.
394 1207 649 1275 Ejusdem
691 1207 945 1261 meminit
993 1205 1223 1273 Citrius,
1280 1208 1473 1262 eodem
1525 1207 1745 1262 nomine

208 1302 445 1367 interpres
462 1299 664 1363 reddit,
689 1298 871 1367 pepuli
899 1308 1147 1364 coactor;
1172 1308 1451 1354 corrector
1481 1299 1742 1363 correxit,

205 1391 421 1444 collectar
456 1392 573 1445 sive
616 1403 983 1461 congregatur.
1026 1391 1199 1461 Cujus
1242 1393 1485 1447 ollicium
1525 1392 1744 1463 publico

206 1484 333 1549 signa
360 1482 615 1552 populum
650 1485 716 1536 ad
746 1498 858 1537 rem
890 1485 1127 1537 divinant
1169 1501 1499 1540 convocare.
1529 1484 1741 1540 Gut-:15.

248 1573 415 1643 ,[Duos
439 1576 692 1628 scribunt
714 1576 1077 1639 Allatiana,et
1095 1578 1472 1641 λαοσυνάπτας
1501 1588 1693 1633 rorant
1728 1594 1740 1630 :

205 1666 344 1718 albeo
375 1665 745 1719 lacunarium:
772 1668 992 1732 (—xtat
1032 1670 1109 1740 Μ)
1160 1673 1456 1738 συνάγουσι
1484 1674 1606 1735 τοὺς
1630 1673 1741 1725 δια·

206 1760 383 1821 πόνους,
410 1758 502 1811 καὶ
524 1759 960 1830 ἀναγηρεύουσιν
981 1763 1066 1816 ἴνα
1095 1764 1170 1833 μὴ
1192 1763 1354 1834 λείπῃ
1379 1767 1584 1828 κανεες.
1612 1767 1743 1819 Συν-

206 1850 367 1916 ἀγουσι
392 1851 447 1903 δὲ
474 1853 603 1911 τοὺς
629 1852 896 1921 ἄρχοντας
923 1855 1129 1908 καὶτὸν
1164 1855 1292 1909 λαὸν
1321 1858 1399 1919 εἰς
1418 1856 1520 1927 τὴν
1545 1860 1744 1930 ὲκκ).η-
1778 1914 1817 1965 Β

211 1944 307 1965 ,ιλμ
344 1941 414 1965 Π-
431 1959 439 1965 .
457 1961 481 1965 _
515 1940 536 1965 Ί

208 1944 325 1994 sin.
342 1940 536 2014 δοκι]

262 2031 310 2084 In
334 2030 532 2103 Typico
557 2035 617 2089 S.
647 2038 804 2091 Saba:
826 2035 1037 2091 videtur
1057 2038 1316 2107 appellari
1336 2042 1741 2114 κανδηλάπτης.

206 2140 233 2175 a
250 2126 460 2177 candelis
483 2130 838 2181 accendendis
856 2143 875 2181 :
913 2128 1077 2198 bujus
1102 2130 1246 2183 enim
1280 2132 1442 2186 etiam
1463 2145 1547 2189 est
1579 2138 1743 2205 κρού-

206 2230 271 2265 ειν
292 2216 379 2277 τὰς
410 2217 625 2287 βαρέας.
645 2221 742 2272 καὶ
770 2222 833 2272 τὸ
860 2220 1135 2290 σιδηροῦν,
1162 2239 1285 2290 quae
1312 2224 1419 2278 illis
1450 2226 1519 2279 lat
1539 2243 1571 2281 ο
1601 2245 1745 2281 cant-

206 2322 429 2369 psnantm
488 2320 672 2373 erant,
708 2313 806 2371 καὶ,
832 2314 1121 2379 σημαίνειν
1142 2314 1200 2365 τὸ
1229 2316 1376 2383 μέγα
1405 2318 1745 2388 σήμαντρον.

210 2392 336 2447 Varia
362 2397 500 2449 enim
526 2399 691 2465 signa
729 2399 951 2462 dabant,
1005 2410 1062 2453 ut
1090 2414 1147 2455 et.
1177 2403 1320 2472 apud
1362 2421 1463 2460 nos
1506 2408 1621 2462 lieri
1657 2424 1747 2465 as-

205 2487 330 2539 solet.
365 2485 492 2542 Vide
526 2488 909 2545 Balsamonem
960 2494 1016 2546 in
1051 2494 1433 2551 dissertatione
1472 2513 1575 2553 cur
1625 2516 1745 2557 mo-

208 2577 335 2629 nachi
362 2580 530 2634 tribus
566 2581 743 2649 signis
778 2598 914 2639 suos
940 2585 1007 2639 ad
1037 2602 1197 2642 sacra
1227 2598 1556 2655 convocem,
1619 2609 1741 2648 cum

205 2667 280 2720 alii
329 2685 427 2722 uno
470 2674 632 2743 signo
662 2676 902 2730 contenti
944 2678 1078 2733 sint.

263 2758 387 2814 ibid.
418 2761 664 2829 Quartus
693 2768 748 2821 iu
778 2768 883 2823 hac
910 2771 1137 2839 pentade
1161 2780 1248 2826 est
1274 2774 1301 2825 ὁ
1325 2779 1740 2848 πριμμικήριος

202 2854 289 2907 τῶν
307 2858 695 2928 ταὸουλαριων.
719 2859 915 2916 Junius
935 2864 1326 2933 interpretatur
1343 2871 1629 2925 notarium.
1649 2874 1740 2926 Sic

202 2948 320 3009 enim
356 2949 508 3005 initio
538 2954 817 3007 nominari
853 2957 1066 3009 videtur
1094 2959 1163 3011 ab
1195 2958 1317 3028 ipso
1360 2959 1572 3015 Codino
1622 2979 1675 3031 p.
1709 2966 1733 3019 l

201 3039 269 3091 ed.
297 3038 448 3096 Jun.:
476 3058 604 3096 cum
642 3044 787 3101 enim
810 3048 1085 3102 notarium
1124 3053 1394 3117 nominet,
1443 3069 1509 3108 ac
1551 3067 1737 3124 postea

200 3128 373 3197 singula
423 3133 609 3189 omnia
665 3138 721 3189 in
780 3139 1041 3206 pentadas
1094 3141 1352 3211 digerens
1398 3145 1465 3198 de
1523 3148 1737 3202 notario

204 3236 393 3285 prorsus
413 3224 596 3289 sileat,
647 3227 906 3283 credibile
932 3241 1015 3284 est
1042 3232 1310 3286 Codinum
1362 3236 1581 3292 nomine
1629 3241 1739 3309 pri-

201 3313 776 3372 miceriitabulariorum
837 3322 1173 3380 intellexisse
1226 3328 1520 3385 notarium.
1578 3330 1735 3396 Quod

200 3403 311 3456 forte
336 3423 513 3462 rerum
564 3420 672 3475 est,
708 3412 802 3466 sed
846 3415 1036 3469 nescio
1088 3421 1365 3486 quomodo
1419 3435 1544 3476 cum
1589 3422 1737 3478 Junii

200 3500 430 3551 sententia
448 3503 764 3565 conveniat,
796 3506 888 3571 qui
918 3508 1279 3572 primicerium
1338 3513 1391 3564 in
1432 3516 1626 3579 quovis
1656 3516 1740 3568 ol-

201 3586 299 3641 licio
317 3590 453 3643 illum
485 3593 598 3651 dici
642 3605 790 3663 putet
816 3598 908 3664 qui
947 3601 1154 3665 primus
1186 3603 1466 3669 inscriptus
1503 3618 1572 3659 su
1619 3610 1736 3661 alba

198 3678 283 3729 sise
314 3683 503 3736 ordinis
528 3685 619 3736 sui
656 3688 924 3757 catalogo,
959 3703 1007 3742 et
1048 3692 1251 3758 primas
1310 3696 1364 3748 in
1404 3714 1499 3750 sua
1553 3701 1738 3755 ordine

199 3770 414 3837 obtineat,
444 3778 625 3843 prima
655 3794 804 3843 cera,
837 3780 890 3832 id
918 3793 995 3834 est
1022 3800 1253 3847 summa,
1274 3789 1588 3856 inscriptus.
1624 3793 1736 3848 lloc

198 3860 234 3909 si
258 3875 423 3918 verum
451 3878 559 3930 est,
597 3870 739 3923 idem
776 3888 906 3939 ergo
933 3881 1035 3928 erit
1064 3877 1411 3943 primicerius
1435 3882 1733 3936 tabulario-

199 3965 291 4000 rum
318 3967 432 4006 cum
472 3960 883 4023 protonotario,
915 3963 1033 4028 qui,
1063 3973 1120 4016 ut
1147 3948 1344 4022 Junius
1376 3970 1531 4035 dicit,
1547 3974 1734 4039 primi~

196 4042 332 4093 unus
355 4045 565 4112 primus
598 4049 760 4103 estin
802 4067 922 4104 cera
946 4069 1042 4106 seu
1079 4054 1223 4117 alba,
1265 4067 1317 4111 et
1339 4060 1737 4117 tabulariisunt

196 4137 378 4198 notarii,
405 4138 660 4207 idemque
699 4143 860 4209 igitur
908 4148 1321 4211 protonotarins
1379 4166 1475 4203 seu
1528 4155 1736 4221 primus

195 4228 407 4281 notarius
429 4239 485 4283 et
509 4232 844 4297 primicerius
873 4234 1282 4293 tabulariarum.
1323 4240 1434 4309 Ego
1460 4245 1587 4297 nodi
1638 4247 1737 4299 hu-

189 4311 257 4378 jus
295 4320 613 4375 solutionem
669 4339 781 4383 non
829 4326 1008 4391 video,
1058 4329 1168 4383 nisi
1215 4333 1340 4399 quis
1383 4333 1567 4391 dicere
1607 4340 1736 4394 velit

195 4404 323 4461 istum
344 4410 442 4465 dici
458 4413 819 4480 primicerium
837 4418 1223 4473 tabulariorum
1242 4436 1491 4493 respectu
1513 4427 1732 4486 illorqu

192 4502 492 4557 notariorum
523 4520 667 4573 quos
688 4505 827 4559 infra
861 4522 921 4562 se
955 4510 1135 4576 habet,
1168 4528 1273 4567 non
1308 4528 1561 4584 respectu
1616 4537 1732 4576 0m-

1850 647 2105 703 Notarius
2129 662 2255 702 vero
2275 656 2329 701 et
2356 647 2655 702 tabularios
2677 664 2841 704 sensu
2862 650 3199 708 coincidunt.
3224 652 3390 709 Gosn.
3402 653 3421 726 Ι

1922 743 2091 795 Porro
2122 741 2189 795 de
2231 755 2361 794 voce
2389 739 2706 809 primicerii,
2735 744 3118 812 secundicerii,
3165 748 3422 802 tertiaee—

1848 830 1939 898 rii,
1976 831 2306 900 quartocerii
2342 830 2459 911 vide
2490 828 2773 899 Cujat'iuttt
2808 833 2875 887 ad
2934 833 3017 887 tit.
3048 849 3141 897 vn,
3194 836 3290 890 lib.
3343 854 3421 893 xu

1849 924 1974 978 cod.
2009 921 2353 985 Justiniauei,
2385 932 2437 976 et
2471 922 2813 991 Onuphrium
2857 923 2912 979 in
2941 926 3195 995 explicat.
3226 943 3421 983 vocum

1848 1015 2205 1069 obscurarum
2233 1012 2755 1079 ecclesiasticarum,
2812 1025 2867 1069 et
2927 1016 3146 1070 Petrum
3214 1018 3422 1091 Grego-

1850 1105 1989 1158 rium
2033 1096 2316 1176 Syntagm.
2369 1105 2455 1172 l5,
2496 1105 2585 1169 22,
2658 1108 2747 1176 qui
2777 1108 2853 1161 ait
2920 1110 3420 1178 pronuntiationem

1848 1194 2087 1249 nominis
2110 1195 2399 1265 prioiiicerii
2422 1196 2641 1264 exigere
2672 1196 3030 1266 tdjei'tionem
3064 1216 3127 1253 ex
3160 1201 3423 1255 relatione
3464 1234 3470 1271 -_

1847 1284 2098 1355 alicujus,
2130 1287 2213 1340 vel
2236 1298 2384 1341 certe
2408 1288 2681 1355 postulare
2708 1298 2762 1341 ut
2793 1288 3348 1361 subintelligatur.Qu
3385 1296 3423 1345 ιι

1846 1379 1891 1432 si
1918 1394 2105 1432 verum
2132 1389 2233 1444 est,
2269 1387 2383 1433 tum
2419 1395 2640 1435 necesse
2661 1381 2763 1433 erit
2798 1389 2855 1433 ut
2884 1397 3004 1435 cum
3036 1385 3179 1437 inter
3232 1384 3424 1452 palati-

1851 1486 1949 1525 nas
1975 1471 2268 1541 dignitates
2320 1474 2347 1524 ὀ
2402 1473 2579 1542 μέγας
2640 1475 3421 1545 nptpptxijpto;nominatur,

1848 1564 2083 1634 dignitas
2112 1564 2292 1634 aliqua
2349 1566 2809 1636 subintellipatur,
2858 1569 2984 1637 quia
3076 1572 3421 1640 primicerius

1846 1671 2047 1711 nomen
2079 1657 2183 1710 hoc
2219 1658 2380 1712 habet
2405 1670 2649 1728 re~pectu
2683 1660 2913 1730 alicujus
2967 1660 3267 1720 {unctionis
3322 1681 3421 1721 seu

1848 1748 2156 1803 ministerii.
2196 1749 2331 1804 llinc
2364 1751 2693 1818 primicerius
2738 1752 3015 1819 lectarum,
3091 1758 3421 1824 primicerius

1847 1839 2013 1899 aulae.
2043 1842 2373 1907 primicerius
2402 1852 2780 1911 protectorum,
2804 1847 3134 1913 primicerius
3165 1849 3421 1903 (tentasti-

1847 1948 2050 1987 carum.
2088 1934 2274 1989 Exstat
2311 1936 2363 1990 in
2395 1936 2762 1993 Decretalibus
2790 1940 2979 1995 titulus
3005 1941 3071 1995 de
3094 1944 3417 2009 primicerio,

1849 2024 1939 2077 ubi
1954 2024 2089 2078 nihil
2110 2026 2350 2093 adjicitu.
2372 2044 2386 2093 ;
2410 2044 2586 2098 neque
2606 2031 2767 2083 etiam
2786 2033 2921 2085 satis
2939 2044 3161 2102 apparet
3177 2035 3307 2103 quid
3324 2044 3421 2089 aut

1846 2112 2210 2182 adjiciendum
2247 2127 2344 2171 aut
2388 2120 2828 2175 subaudiendum
2859 2124 2955 2188 sit,
2987 2125 3091 2180 nisi
3126 2127 3249 2195 quis
3271 2126 3422 2182 dicat

1846 2204 2175 2276 sabintelligi
2208 2223 2394 2263 vocem
2428 2221 2724 2268 cantorum.
2762 2212 2838 2268 De
2884 2232 2994 2285 quo
3044 2218 3167 2273 vide
3198 2218 3419 2274 Petrum

1846 2296 2167 2369 Gregorium
2210 2303 2247 2355 Ι.
2271 2318 2319 2355 c.
2349 2303 2485 2358 llinc
2517 2305 2905 2372 primiceriatus
2933 2307 3171 2379 dignitas
3225 2324 3278 2368 et
3305 2313 3420 2366 olli-

1844 2389 1989 2443 cium
2022 2391 2337 2458 primiet-rii.

1916 2485 2069 2548 Quod
2114 2486 2180 2539 ad
2211 2488 2387 2557 ipsum
2415 2489 2737 2544 vocabulum
2762 2490 2977 2556 attinet,
3004 2508 3111 2548 non
3142 2494 3420 2568 improba—

1844 2573 2027 2629 ltiliter
2071 2576 2368 2631 arbitratur
2388 2578 2645 2646 Cujaeius
2673 2579 2804 2633 illud
2837 2583 3005 2637 cerius
3035 2599 3158 2640 esse
3206 2597 3414 2643 tantum

1845 2666 2255 2735 productionem
2314 2670 2483 2736 Verbi,
2518 2670 2639 2726 sine
2674 2671 2779 2725 ulla
2804 2689 2958 2728 nova:
2996 2675 3417 2746 signiﬁcationis

1844 2758 2141 2825 additione;
2180 2769 2237 2814 ut
2266 2761 2494 2830 proinde
2516 2763 2847 2830 primicerius
2876 2766 3021 2821 idem
3052 2770 3124 2823 sit
3154 2772 3246 2840 qui
3298 2776 3416 2844 pri-

1845 2867 1983 2919 mus,
2012 2857 2397 2910 secundiccrius
2423 2856 2563 2913 idem
2594 2860 2686 2928 qui
2712 2863 3006 2927 secundus,
3032 2865 3175 2920 sicut
3196 2877 3250 2923 et
3269 2870 3409 2938 apud

1845 2946 2171 3001 recentiores
2236 2946 2459 3003 Graecos
2513 2951 2871 3015 παιδόπουλος
2925 2954 3069 3008 idem
3122 2966 3207 3011 est
3266 2961 3409 3028 quod

1842 3033 1991 3097 παῖς,
2013 3034 2426 3104 Φραγκόπουλος
2449 3038 2591 3091 idem
2623 3040 2766 3108 quod
2797 3038 3075 3110 Francus;
3102 3046 3171 3099 ita
3201 3056 3258 3101 ut
3280 3048 3411 3103 illud

1842 3124 2038 3181 πουλοξ
2069 3127 2429 3198 sitparagoge
2470 3132 2674 3202 absque
2718 3134 2824 3189 ulla
2876 3151 3015 3190 notia
3059 3140 3416 3209 sigttiliCatio»

1844 3232 1930 3271 ne.
1966 3220 2069 3272 Alii
2102 3233 2278 3274 tamen
2314 3239 2508 3277 nomen
2543 3225 2647 3281 hoc
2676 3240 2707 3279 a
2752 3229 2925 3294 prima
2950 3238 3004 3283 et
3026 3246 3145 3284 cera
3193 3231 3412 3287 deriva-

1845 3321 1954 3364 tum
1984 3315 2455 3384 compositumque
2484 3316 2688 3385 volunt,
2716 3320 2919 3390 quibus
2945 3324 3037 3392 qui
3091 3324 3252 3394 volet,
3312 3342 3411 3399 per

1841 3418 1926 3457 me
1952 3404 2259 3461 Subscribat
2287 3407 2436 3463 licet.

1913 3496 1971 3551 P.
1992 3496 2044 3552 6.
2076 3496 2308 3553 Ultimus
2338 3500 2393 3554 in
2418 3504 2519 3555 hoc
2538 3504 2791 3572 quinario
2809 3516 2892 3562 est
2918 3508 2944 3559 ὁ
2966 3507 3152 3580 ἄρχων
3168 3513 3278 3565 τῶν
3293 3530 3413 3568 κον-

1837 3590 2059 3651 τακίων,
2078 3590 2367 3660 Prwfectus
2390 3597 2635 3661 canticis,
2656 3600 2731 3652 ait
2752 3599 2971 3656 Junius.
2988 3605 3100 3658 lmo
3123 3609 3374 3662 contaciis
3392 3623 3413 3663 :

1841 3695 1966 3734 nam
2000 3685 2275 3738 canticum
2307 3689 2560 3753 generale
2589 3704 2782 3745 nomen
2817 3696 3001 3748 estad
3050 3697 3234 3751 omnia
3290 3714 3414 3768 quas

1839 3774 1959 3825 cani
1991 3786 2079 3827 aut
2109 3776 2284 3829 solent
2309 3786 2408 3830 aut
2435 3791 2680 3846 possunt,
2713 3789 2767 3834 at
2826 3786 3136 3840 contaeium
3196 3800 3410 3846 eertum

1838 3864 2111 3931 quoddam
2139 3883 2308 3933 genus
2336 3878 2419 3921 est
2441 3869 2492 3921 in
2518 3869 2831 3928 Graecorum
2893 3876 3181 3933 ritualibus
3230 3880 3407 3946 libris,

1838 3955 1980 4008 sicut
2026 3964 2080 4009 et
2126 3961 2438 4025 traparium,
2468 3961 2682 4029 εἱρμός,
2708 3979 2898 4030 canon,
2918 3968 3185 4039 κάθισμα,
3210 3974 3411 4041 προσό-

1840 4063 2017 4115 μοιον,
2041 4051 2339 4119 cpiarum,
2362 4051 2654 4119 θεοτόκιον,
2678 4057 3081 4128 παυρὼσιμον,
3101 4063 3406 4117 ἀναστάσι-

1841 4152 2033 4207 μονμέι
2064 4141 2204 4210 apud
2233 4156 2335 4196 nos
2356 4159 2555 4208 uersus,
2577 4148 2839 4211 versiculi,
2868 4151 3149 4219 graduale,
3178 4164 3402 4220 tractus,

1836 4233 2123 4299 sequentia,
2141 4237 2471 4300 responsoria
2489 4251 2541 4291 et
2564 4241 2721 4307 hujus
2741 4244 2958 4312 generis
2980 4244 3107 4307 alia.
3127 4263 3248 4315 qum
3272 4249 3377 4303 alie
3401 4280 3409 4290 ο

1836 4336 1905 4374 na
1927 4321 2109 4391 lingua
2139 4335 2233 4376 aut
2251 4340 2478 4393 prorsus
2492 4330 2719 4397 exprimi
2746 4340 2837 4387 aut
2864 4337 3148 4391 commode
3171 4339 3405 4408 exprimi

1836 4429 1944 4466 non
1978 4428 2224 4482 possunt.
2255 4416 2420 4473 Miror
2448 4431 2631 4475 autem
2696 4425 2823 4492 quid
2859 4432 3261 4487 correctoribus
3306 4430 3407 4487 Bac

1838 4506 2019 4558 neﬁdii
2078 4507 2131 4559 in
2163 4517 2399 4563 mentem
2457 4512 2696 4576 venerit,
2744 4523 2802 4568 ut
2849 4532 3010 4586 quem
3061 4521 3148 4574 ille
3189 4534 3407 4579 voearet

192 4589 334 4657 nium,
359 4611 466 4664 quo
487 4607 650 4666 pacto
679 4599 706 4650 ὁ
735 4598 1073 4668 δευτερεύων
1102 4604 1210 4656 τῶν
1238 4607 1508 4663 διακόνων
1544 4615 1725 4668 vocari

1848 4597 2137 4665 ara'fectum
2183 4602 2565 4667 cantaciarum,
2595 4604 2697 4673 ipsi
2740 4608 3228 4677 interpretarentur
3250 4630 3405 4683 prir-

194 4700 341 4750 posset
370 4693 701 4767 primicerius
735 4694 1105 4760 diacanarum,
1164 4714 1271 4752 non
1326 4702 1593 4769 absolute,
1628 4706 1722 4760 sed

191 4781 562 4846 comparatione
581 4784 690 4834 τῶν
721 4785 939 4852 κοινῶν,
967 4798 1026 4841 ιιι
1059 4790 1263 4844 Citrius
1293 4798 1346 4845 et
1372 4792 1615 4852 Codinus
1641 4798 1722 4851 lo-

195 4884 420 4939 qnuntnr.
1412 4890 1417 4897 ’

242 4965 430 5021 Addam
465 4977 520 5022 et
553 4969 840 5035 boc.Quid
871 4970 917 5025 si
958 4985 1057 5039 per
1099 4987 1285 5027 vocem
1348 4977 1725 5049 ταϐουλαρξων

192 5049 258 5106 hic
280 5071 373 5109 non
395 5059 777 5127 intelliguntur
799 5060 1074 5126 tabularii,
1099 5078 1195 5117 seu
1216 5067 1434 5125 notarii.
1455 5069 1549 5123 sed
1575 5070 1726 5124 tabu-

188 5146 296 5198 laris
314 5162 403 5201 seu
422 5151 660 5215 archiva,
680 5162 735 5206 et
766 5154 838 5206 ita
872 5163 929 5206 ut
954 5156 1306 5223 primicerius
1329 5160 1722 5217 tabulariarum

190 5238 257 5292 ille
280 5244 483 5298 dicatur
512 5249 608 5315 qui
641 5259 838 5315 praeest
862 5250 1128 5303 tabularia
1153 5268 1248 5306 seu
1280 5255 1514 5321 arcltico,
1539 5260 1723 5315 socius

187 5330 227 5378 in
262 5333 352 5388 hoc
392 5336 572 5391 olllcio
610 5349 665 5392 et
698 5339 1022 5395 administer
1065 5343 1548 5415 chartophylacis?
1588 5349 1719 5403 Nam

185 5420 633 5496 cltertapltylacium
653 5427 864 5484 Latinis
894 5440 977 5484 est
1008 5432 1355 5501 tabularium,
1384 5446 1436 5489 et
1462 5452 1492 5491 a
1528 5437 1720 5494 Latino

132 5526 137 5595 ξ
185 5529 263 5569 usu
287 5524 439 5578 etiam
471 5524 696 5580 Graecis.
729 5528 880 5581 Sicut
901 5529 1044 5583 enim
1070 5546 1295 5599 magnus
1328 5536 1644 5593 sacellarius
1669 5548 1723 5593 et

185 5608 297 5659 5:06
322 5616 600 5668 σακελλιου
626 5633 752 5671 suos
769 5620 1076 5674 habuerunt
1091 5621 1387 5691 adjutores,
1406 5625 1560 5696 155
1576 5628 1647 5681 ita
1668 5640 1723 5684 et

184 5698 531 5777 chartopbylax
573 5710 785 5764 videtur
829 5710 1085 5767 habuisse
1129 5716 1473 5785 pimicerium
1512 5721 1719 5775 tabula-

183 5786 375 5847 rionnu.
412 5796 617 5851 (Iners.

236 5879 311 5953 [Ρ.
328 5886 376 5941 6.
392 5885 556 5958 Regia
580 5893 833 5961 superius
855 5896 1119 5964 producta
1146 5895 1290 5953 inter
1312 5899 1497 5957 cilicia
1525 5918 1716 5961 recen—

434 5991 709 6088 l’s'rnoc.
760 5992 876 6049 Gn.
911 5990 1146 6050 CLVII.

1834 4688 2025 4753 fectum
2056 4692 2426 4758 pugillarium.
2491 4694 2604 4764 Ego
2630 4696 2758 4765 quid
2798 4699 2900 4752 sibi
2962 4700 3249 4770 pugillares
3301 4719 3401 4759 seu

1832 4779 2121 4848 pugillaria
2188 4784 2301 4838 haec
2337 4786 2523 4850 velint,
2580 4803 2788 4841 mecum
2847 4802 3108 4859 exputare
3162 4810 3401 4864 nequeo.

1836 4869 1930 4924 Est
1954 4880 2137 4925 autem
2164 4875 2444 4944 prazfcctus
2493 4879 2859 4931 cantaciarum
2888 4880 2978 4935 ille
3003 4882 3089 4935 cui
3140 4898 3267 4939 cura
3319 4886 3403 4941 in-

1832 4962 2064 5014 cboandi
2099 4966 2347 5019 contacia
2376 4968 2688 5023 commissa.
2716 4968 2816 5023 Sed
2848 4973 2914 5025 de
2956 4976 3222 5031 contaciis
3244 4976 3399 5047 plura

1835 5052 1999 5106 babes
2028 5068 2190 5122 supra
2216 5072 2265 5109 c.
2299 5057 2350 5109 7.
2386 5056 2589 5114 anrs.

1903 5140 2228 5213 ίΚοντὰκιον
2258 5146 2345 5201 hic
2383 5148 2511 5216 (alia
2534 5164 2768 5219 namque
2788 5140 3047 5220 pra-terea
3078 5156 3263 5228 refert)
3291 5175 3401 5214 ma-

1830 5234 1985 5289 dutus
2005 5244 2089 5289 est
2107 5238 2346 5305 brevior,
2365 5240 2473 5293 ἁπὸ
2496 5239 2585 5293 τοῦ
2614 5242 2824 5309 κοντοῦ,
2840 5261 2871 5297 a
2896 5247 3143 5302 brevitate
3164 5285 3179 5312 ,
3201 5266 3399 5307 nomen

1829 5327 2098 5394 sortitus;
2137 5330 2481 5400 maximeque
2510 5345 2846 5403 sanctorum,
2877 5351 3109 5407 quorum
3154 5356 3264 5397 non
3316 5355 3401 5398 eSt

1829 5418 2101 5485 ofﬁcium,
2132 5423 2408 5477 memoriis
2436 5426 2656 5482 brevius
2685 5428 2949 5483 faciundis
2973 5433 3249 5488 deservit:
3281 5432 3399 5487 bre—

1828 5511 2053 5563 viculum
2075 5512 2204 5566 alibi
2237 5516 2442 5569 vocavi.
2462 5515 2675 5586 Quique
2691 5520 2775 5573 bis
2794 5522 3075 5576 cantandis
3107 5524 3399 5591 pra-ﬁcitur

1828 5612 1882 5656 et
1898 5603 2151 5670 intendit,
2168 5613 2251 5658 est
2270 5608 2479 5661 auctori
2499 5609 2683 5680 ἄρχων
2704 5612 2812 5664 τῶν
2838 5616 3162 5670 annuatim.
3196 5614 3398 5689 Gustu]

2310 5722 2471 5795 156
2520 5723 2749 5780 CAPUT
2796 5725 2917 5781 xu.
3116 5726 3137 5751 ν

1904 5810 1983 5865 De
2034 5824 2218 5870 octaua
2285 5817 2508 5895 pentadc
2563 5816 2849 5887 a/ﬁciarum
2892 5831 2941 5874 et
2996 5819 3320 5889 aﬂicialium.

1896 5905 1957 5962 P.
1996 5905 2049 5963 6.
2074 5908 2128 5963 in
2153 5918 2346 5968 octavo
2371 5910 2623 5982 quinario
2643 5910 2846 5981 primas
2882 5922 3026 5968 tenet
3062 5912 3395 5981 primicerius

3003 6010 3041 6067 ϐ
