3936 6584
311 409 318 416 .
401 346 503 412 155

1473 359 1557 420 IN
1590 363 1886 423 LIBRUM
1934 365 2026 426 DE
2067 367 2399 432 OFFiClIS
2423 371 2534 434 ΟΡ.

3527 393 3629 463 156

393 484 497 522 non
521 467 856 530 patriarciuc,
885 469 975 524 sed
996 470 1176 537 pluteo
1207 489 1298 528 seu
1335 482 1568 546 pegmati
1590 481 1642 534 in
1681 483 1820 549 quod
1842 501 1970 552 pro-
1997 500 2043 556 Α
2073 503 2210 556 gone
2243 505 2336 543 seu
2371 491 2558 548 barba.
2593 491 2666 548 ita
2691 499 2944 568 pogonati
2972 502 3144 559 nostri
3170 507 3418 577 nuspiam
3449 511 3635 569 barba:

393 559 632 612 cumberc
661 560 860 614 solebat
891 573 1164 630 oraturus,
1193 576 1252 618 ut
1285 571 1624 638 magnatibus
1661 575 1778 642 ﬁeri
1805 577 1958 632 solet.

391 650 608 710 Mirum,
639 651 683 704 si
710 652 784 706 ita
813 663 916 716 cst,
943 657 1204 725 appellari
1239 661 1605 730 ὲπιγονάτιον,
1639 681 1748 720 non
1779 665 1960 737 potius

393 742 762 807 ὑπογονὰτιον.
791 743 918 814 Logi
943 748 1104 800 meri.
1151 747 1554 821 Ἐπιγονάτιον,
1587 759 1728 825 quod
1778 759 1831 813 in
1883 761 1960 813 ri-

391 832 628 887 tualibus
655 834 970 890 Graecorum
999 838 1154 895 libris
1181 843 1342 896 etiam
1369 847 1726 913 ὕπογονὰτιον
1773 852 1960 920 appel-

389 923 549 985 latur.
585 941 688 979 una
723 937 808 980 est
833 943 897 982 ex
933 931 1169 986 vestibus
1201 935 1398 1002 quibus
1457 939 1696 1010 episcopi
1745 943 1956 996 sacrili-

337 1011 533 1064 'rium
595 1018 867 1083 peracta-ri
921 1018 1246 1089 induuntur,
1273 1025 1598 1095 dependens
1665 1045 1694 1083 a
1754 1031 1958 1088 lumbis

387 1117 552 1170 super
579 1121 792 1174 genita;
821 1109 962 1164 unde
989 1112 1152 1168 etiam
1196 1120 1576 1187 supergenualc
1617 1123 1957 1178 nominatur.

387 1197 490 1260 Qui
544 1197 709 1264 igitur
763 1201 1071 1269 pontiﬁcem
1114 1207 1220 1262 hoc
1265 1210 1598 1283 ιπιγονατῑῳ
1649 1228 1714 1268 ex
1773 1215 1957 1270 utﬁt-io

387 1289 695 1355 amiciebat,
728 1292 774 1346 is
795 1304 912 1348 erat
940 1297 967 1349 ὁ
991 1297 1082 1350 ἐπὶ
1123 1299 1234 1352 τῶν
1284 1304 1550 1368 γονάτων.

455 1379 737 1436 Aser-ibam
793 1389 952 1441 verba
989 1390 1354 1458 Balsamonis,
1425 1399 1627 1466 quibus
1681 1401 1954 1474 imperitia

381 1473 532 1529 Junii
599 1481 993 1546 proscribetur.
1087 1485 1315 1541 Exstant
1380 1505 1646 1560 responsa
1707 1473 1954 1563 quaedam

385 1568 720 1626 Bulsamouls
745 1581 880 1626 tom.
905 1575 924 1628 l
959 1574 1106 1632 Juris
1135 1579 1248 1634 Gil.
1273 1581 1340 1634 ad
1373 1585 1666 1639 nonnullas
1693 1589 1955 1656 quamstio-

381 1675 500 1727 nes,
533 1662 677 1716 inter
706 1679 842 1732 quas
872 1675 924 1720 et
967 1668 1080 1725 iure
1111 1669 1205 1725 iul.
1235 1673 1364 1736 581,
1401 1692 1470 1728 an
1513 1675 1651 1731 licite
1703 1681 1954 1733 sacerdo-

383 1763 479 1810 tes,
499 1755 588 1820 qui
617 1755 889 1824 heguntcni
919 1776 1010 1813 seu
1042 1763 1306 1819 antistites
1324 1777 1471 1831 sunt,
1491 1769 1612 1822 item
1633 1781 1952 1842 protopapas

2065 592 2178 630 sua:
2203 577 2446 635 oblivisci
2470 593 2720 650 possunt.

2137 668 2278 725 Ibid.
2331 671 2550 730 Tertius
2585 676 2637 730 in
2672 681 2826 734 tertia
2849 685 3077 752 pentadc
3099 690 3227 744 estb
3255 691 3344 745 ἐπὶ
3371 695 3480 748 τῶν
3507 698 3630 765 δεή-

2060 773 2221 826 σεων,
2247 764 2496 834 magister
2521 765 2816 824 libellorum
2839 775 3181 844 supplicium,
3206 781 3386 856 inquit
3405 764 3624 854 Junius,

2059 866 2154 906 seu
2183 855 2458 938 praefectus
2479 859 2950 928 supplicationibus
2979 883 2994 921 :
3019 868 3177 938 hujus
3201 883 3316 927 erat
3351 891 3450 944 pro
3479 880 3626 950 inju-

2061 944 2140 996 ria
2167 944 2369 1012 affectis
2396 950 3169 1022 acccdereimperatorem.Non
3193 965 3441 1021 meminit
3465 944 3625 1039 hujus

2058 1032 2354 1088 {unctionis
2377 1036 2600 1107 Citrius,
2632 1041 2736 1096 nisi
2757 1043 2897 1100 forte
2917 1050 3058 1115 apud
3079 1048 3308 1107 Citrium
3333 1032 3620 1128 legendum

2059 1123 2130 1177 sit
2155 1126 2182 1177 6
2207 1125 2301 1179 ἐπὶ
2329 1127 2437 1179 τῶν
2463 1129 2702 1198 δεήσεων
2730 1147 2829 1201 pro
2857 1137 2886 1187 ὁ
2909 1137 3002 1188 ἐπὶ
3031 1139 3140 1192 τῶν
3173 1123 3429 1212 κρίσεων,
3459 1123 3618 1216 queui

2059 1213 2174 1284 ipse
2204 1217 2489 1272 undecimo
2537 1221 2658 1276 loco
2687 1224 2862 1292 ponit.
2905 1225 3160 1286 Nominat
3191 1233 3349 1289 initio
3375 1213 3620 1294 Codinus

2057 1306 2146 1357 τὸν
2180 1307 2272 1358 ἐπὶ
2293 1309 2404 1362 τῶν
2423 1310 2676 1378 κρίσεων,
2709 1315 2834 1370 licet
2853 1330 2976 1371 eum
3007 1331 3194 1390 postea
3223 1322 3277 1377 iu
3312 1327 3456 1380 nulla
3487 1345 3618 1397 pen-

2057 1397 2181 1451 tade
2213 1399 2463 1465 collocet,
2491 1404 2538 1456 si
2563 1415 2741 1460 tamen
2765 1411 2976 1476 primus
3003 1412 3320 1470 ofﬁcialium
3351 1416 3510 1474 index
3533 1431 3620 1476 est

2055 1491 2270 1546 Codiui.
2324 1494 2530 1553 (iners.

2127 1581 2314 1654 [Deest
2351 1585 2406 1638 in
2447 1585 2732 1642 Allatianis
2755 1589 2855 1644 hoc
2889 1591 3152 1660 ofﬁcium,
3187 1603 3245 1650 ut
3273 1607 3326 1650 et
3356 1613 3615 1667 sequens,

2057 1675 2271 1730 accensi
2302 1677 2656 1734 ecclesiastici
2683 1680 2986 1748 silentium,
3013 1687 3248 1756 quietem
3281 1697 3334 1743 et
3367 1691 3615 1746 ordinem

2059 1766 2112 1819 in
2161 1769 2404 1831 secretis,
2445 1769 2548 1824 hoc
2589 1781 2670 1824 est
2707 1773 3000 1840 pontiﬁciis
3055 1779 3443 1846 tribunalibus,
3479 1783 3620 1837 indi-

383 1854 428 1895 et
449 1846 738 1915 epismpus,
759 1852 1088 1917 epintaniciis
1107 1863 1156 1908 et
1176 1858 1492 1926 epigonatiis
1515 1863 1950 1919 condecorcntur.
1987 1843 2027 1898 Β
2054 1861 2244 1914 ceﬂlis-
2266 1861 2464 1936 GOARo]

385 1937 762 2006 Respondetur
787 1959 800 1993 :
829 1943 950 1997 Τῶν
975 1945 1342 2016 ὲπιμανικεων
1365 1952 1459 2004 καὶ
1482 1953 1844 2020 ἑπιγονατίων
1880 1959 1956 2011 ἱε-

385 2031 601 2098 ριιιτάτη
645 2033 932 2103 ἑνδυμενία
967 2039 1149 2106 μόνοις
1169 2041 1487 2111 ἀρχιερεῦσι
1507 2044 1952 2117 πεφιλοτίμηται,

377 2123 773 2177 sacratissimus
803 2127 1236 2193 epimaniciorum
1269 2144 1318 2186 et
1357 2136 1777 2203 epigonatiorum
1815 2141 1954 2193 anti-

383 2219 497 2263 ctus
529 2212 654 2266 solis
691 2217 946 2286 episcOpis
991 2236 1266 2276 concessus
1291 2233 1368 2277 est
1415 2235 1668 2297 tanquam
1726 2229 1952 2300 figurant

384 2301 596 2357 Domini
629 2317 677 2360 et
701 2307 993 2364 Servatoris
1025 2315 1192 2366 nostri
1225 2315 1320 2369 Dei
1352 2315 1481 2372 Iesu
1537 2321 1739 2374 Christi
1769 2338 1952 2392 geren-

383 2396 540 2454 tibus.
569 2409 618 2450 et
653 2399 773 2451 hinc
813 2403 974 2454 etiam
1033 2415 1253 2466 peccata
1295 2411 1706 2476 remittentibus,
1735 2424 1784 2466 et
1841 2415 1951 2468 alia

378 2488 448 2539 ad
481 2490 828 2545 imitationem
877 2495 1076 2550 Christi
1111 2498 1424 2566 facientibus
1453 2518 1568 2572 qua:
1591 2506 1949 2560 sacerdotibus

379 2597 480 2632 non
550 2594 671 2635 sum
724 2602 994 2642 concessa.
1049 2589 1228 2653 Quare
1293 2609 1456 2662 neque
1511 2597 1949 2663 epimaniciornm

379 2689 538 2738 neque
601 2677 1018 2744 cpigonatiorum
1107 2684 1302 2736 amictu
1366 2687 1747 2755 insigniuntnr.
1805 2689 1950 2745 Nam

377 2765 694 2824 epiutanicia
740 2777 892 2835 typus
945 2779 1068 2823 sunt
1131 2774 1484 2843 vinculorum,
1544 2781 1728 2848 quibus
1751 2779 1950 2836 Christi

379 2875 564 2910 manus
589 2862 852 2930 colligata:
883 2863 1099 2931 [uerunt
1131 2871 1341 2936 quando
1384 2872 1452 2923 ad
1503 2877 1800 2942 passionem
1832 2887 1917 2928 ten
1937 2906 1950 2915 -

376 2949 552 3003 debat.
581 2951 951 3028 lipigonatium
972 2967 1146 3011 autent
1176 2961 1577 3030 (supergcnuale
1608 2977 1756 3018 uocat
1787 2967 1950 3020 inter-

375 3043 742 3110 pres)ﬁgnra
778 3047 1044 3110 estintei,
1098 3052 1236 3118 quod
1295 3053 1467 3106 induit
1518 3055 1776 3110 Dominus
1829 3075 1948 3111 cum

2129 1947 2226 2002 Ib:
2248 1950 2486 2017 Quartus
2517 1963 2600 2010 est
2626 1958 2655 2010 ὁ
2685 1957 2776 2010 ἐπὶ
2807 1957 2917 2011 τῶν
2941 1955 3234 2032 σεκρέτων,
3261 1979 3422 2032 quem
3451 1982 3620 2020 secre-

2057 2041 2254 2094 tarium
2283 2043 2468 2098 dicere
2501 2046 2708 2112 liceret,
2731 2049 2834 2102 nisi
2861 2037 3130 2106 secretarii
3153 2069 3256 2108 vox
3283 2071 3382 2110 usu
3405 2068 3617 2126 recepto

2050 2131 2160 2200 jam
2187 2137 2487 2208 actuarium
2506 2153 2597 2192 seu
2619 2140 2844 2194 scribam
2869 2157 2963 2197 seu
2987 2147 3251 2200 notarium
3267 2147 3614 2216 signiﬁcaret.

2053 2225 2122 2276 At
2149 2235 2336 2280 noster
2367 2227 2467 2282 iste
2491 2230 2520 2282 ὀ
2541 2229 2632 2282 ἐπὶ
2661 2231 2768 2284 τῶν
2802 2234 3076 2304 σεκρέτων
3109 2236 3256 2291 aliud
3293 2253 3495 2293 munus
3519 2241 3615 2293 ba-

2053 2314 2254 2370 bebat:
2285 2327 2405 2372 erat
2437 2323 2582 2374 enim
2620 2321 2904 2380 institutus
2943 2327 3023 2387 εἰς
3056 2327 3117 2379 τὸ
3159 2327 3354 2382 παύειν
3375 2331 3466 2383 τὸν
3487 2331 3616 2384 λαὸν

2035 2408 2142 2460 ἐπὶ
2175 2407 2236 2461 τὸ
2263 2411 2490 2481 κρίνειν,
2525 2417 2898 2482 compcscendo
2924 2419 3137 2487 populo,
3175 2427 3232 2473 ut
3275 2421 3484 2490 judicia
3513 2425 3610 2477 ha-

2052 2501 2294 2567 beantur,
2335 2504 2508 2573 inquit
2531 2504 2748 2569 Junius,
2779 2522 3087 2577 perperam.
3121 2511 3320 2568 Verte:
3357 2512 3488 2583 Ejus
3519 2517 3612 2584 qui

2050 2603 2246 2648 secreto
2285 2607 2474 2665 prmest
2507 2614 2694 2652 munus
2731 2611 2806 2654 est
2833 2611 2914 2666 ut,
2945 2603 3068 2656 dum
3093 2605 3304 2673 judicia
3331 2607 3610 2671 habentur,

2050 2687 2300 2754 populum
2331 2689 2384 2741 in
2415 2691 2578 2759 oﬁicio
2611 2693 2896 2759 contineat,
2940 2695 3198 2750 nimirum
3233 2707 3294 2752 ut
3335 2699 3609 2754 silentium

2051 2792 2292 2834 servaret
2323 2782 2608 2852 nullasque
2637 2785 2822 2840 turbas
2842 2785 3048 2854 cieret;
3073 2790 3218 2857 quod
3253 2806 3450 2846 munus
3481 2793 3610 2844 olim

2050 2883 2168 2926 erat
2199 2875 2511 2928 relariornm
2541 2887 2588 2929 et
2616 2878 3077 2946 cancellariorum,
3121 2891 3176 2934 ut
3206 2897 3367 2951 supra
3401 2883 3612 2936 notavi—

2051 2979 2172 3016 mus
2187 2980 2249 3018 οι
2269 2965 2591 3042 Casaubono
2609 2970 2673 3021 ad
2689 2969 2986 3037 Augustam
3011 2971 3319 3040 historiam;
3347 2973 3434 3027 ubi
3452 2975 3610 3027 etiam

2050 3057 2253 3110 dietum
2283 3069 2482 3112 secreta
2507 3061 2696 3118 vocari
2721 3061 2838 3115 loca
2865 3061 2958 3115 ubi
2987 3063 3052 3116 de
3079 3047 3307 3132 negotiis
3353 3079 3448 3135 pro
3474 3067 3609 3119 rati-

284 3203 290 3212 .
379 3133 532 3204 ΞΑ]
565 3137 946 3204 discipulorum
977 3143 1130 3210 pedes
1155 3143 1304 3198 lavit.
1347 3145 1800 3212 Quemadmodum
1850 3152 1950 3222 igi—
1973 3166 2018 3228 ρ
2053 3165 2157 3202 one
2191 3151 2435 3204 muneris
2483 3153 2716 3221 quisque
2746 3152 2830 3206 sui
2877 3156 3162 3208 tractaturi
3194 3156 3609 3212 conveniebant.

377 3231 740 3300 turcpist‘opis
771 3251 875 3287 non
936 3235 1299 3292 conceduntur
1362 3257 1423 3294 ca
1485 3243 1791 3297 indumenta
1835 3262 1953 3316 qua

375 3323 695 3386 putriarchis
717 3333 959 3378 Concessa
983 3335 1128 3392 sunt,
1164 3337 1219 3382 ut
1247 3346 1430 3385 saccus
1459 3342 1509 3387 et
1557 3336 1947 3405 polystaurion,

375 3415 530 3466 restis
561 3415 796 3470 crucibus
831 3420 1172 3490 undeqnaqne
1199 3427 1499 3493 conspicua,
1522 3429 1598 3481 ita
1623 3445 1715 3482 nec
1733 3447 1794 3484 ea
1842 3434 1953 3500 pri-

375 3507 566 3575 s'ilegia
593 3524 709 3576 qua:
737 3512 992 3579 episcopis
1023 3529 1270 3569 concessa
1328 3527 1452 3571 sunt
1505 3524 1574 3572 ad
1649 3526 1948 3579 sacerdotes

373 3596 658 3663 transferri
681 3612 923 3666 possunt.
954 3600 1080 3658 Πωο
1115 3603 1423 3662 Balsamon.
1458 3609 1534 3664 Ex
1559 3613 1714 3680 cujus
1773 3618 1950 3670 verbis

373 3687 544 3755 liquet
592 3691 958 3757 epigonatium
1025 3695 1330 3763 episcoizale
1409 3701 1790 3757 vestimentum
1851 3723 1946 3762 seu

375 3778 754 3834 indumentum
803 3795 946 3851 esse,
1019 3801 1125 3840 non
1189 3799 1370 3843 autem
1435 3791 1485 3846 id
1545 3795 1692 3864 quod
1749 3795 1948 3856 Junius

376 3871 676 3926 lectoribus
708 3875 970 3930 venditat.
1001 3876 1205 3933 Gut-:75.

447 3961 532 4032 [Ρ.
567 3964 618 4018 5.
659 3965 1032 4034 Ἐπιγονάτιον
1089 3982 1470 4028 ornamentum
1503 3985 1582 4031 est
1613 3979 1950 4038 et'ciesiasti-

375 4069 520 4120 cuin,
549 4055 668 4124 plus
703 4060 1142 4130 quam-palmare,
1172 4074 1226 4118 et
1255 4067 1549 4134 quadrum,
1571 4085 1636 4123 ex
1671 4075 1870 4142 angulo
1896 4083 1948 4129 et

377 4145 506 4200 fune
559 4149 734 4203 serico
777 4166 926 4204 zona:
983 4169 1305 4222 appcnsum,
1358 4171 1419 4212 ac
1447 4174 1587 4228 genu
1639 4161 1944 4229 sinistrum,

377 4239 522 4292 unde
577 4241 652 4292 illi
705 4257 904 4297 nomen
939 4246 1152 4311 datum,
1197 4248 1558 4315 obumbrans,
1597 4263 1655 4306 ut
1691 4255 1947 4311 Ecclesia:

376 4345 636 4398 sponsum
665 4332 845 4402 gladio
869 4350 1034 4403 super
1057 4335 1234 4390 feutnr
1260 4341 1566 4396 accinctum
1592 4353 1644 4398 et
1674 4359 1942 4402 armatum

377 4423 695 4488 adumbret;
726 4424 955 4495 ejusque
985 4428 1083 4481 soli
1123 4431 1410 4498 pontifices
1459 4449 1522 4489 ac
1551 4439 1816 4507 przecipua
1865 4443 1944 4494 di-

2053 3240 2184 3292 lmle
2231 3239 2288 3294 in
2325 3239 2458 3296 Jure
2491 3241 2607 3297 GR.
2645 3243 2933 3311 aliquoties
2987 3247 3306 3315 σεκρετικδν
3365 3248 3609 3318 ἀξὲωμα,

2051 3331 2285 3400 dignitas
2320 3332 2540 3386 curialis
2570 3332 2726 3403 142
2760 3333 2876 3388 sive
2901 3337 3194 3389 senatoria.
3227 3335 3368 3391 Hinc
3389 3347 3443 3392 et
3473 3339 3616 3406 pala-

2051 3423 2164 3478 tina
2214 3423 2450 3492 dignitas
2513 3426 2652 3494 apud
2719 3426 2986 3482 Codinum
3035 3443 3090 3496 p.
3129 3430 3213 3495 lO,
3243 3430 3354 3484 c.2
3393 3447 3611 3501 πρωτα-

2053 3514 2342 3583 σηκρῆτις,
2377 3532 2480 3570 vox
2513 3531 2576 3571 ex
2608 3517 2796 3573 Grteco
2829 3527 2881 3572 et
2919 3517 3110 3574 Latino
3157 3533 3436 3592 compacta
3467 3523 3614 3592 (pro-

2051 3609 2448 3661 tosecretarium
2481 3609 2650 3682 aliqui
2708 3611 3038 3680 nominant),
3069 3612 3228 3681 longe
3253 3613 3501 3669 diversus
3539 3613 3608 3668 ab

2050 3698 2156 3752 ἱειο
2185 3707 2378 3752 nostro
2409 3700 2499 3768 qui
2544 3699 2748 3754 dicitur
2792 3703 2820 3754 ὁ
2850 3703 2941 3754 ἐπὶ
2968 3701 3075 3753 τῶν
3131 3703 3404 3772 σεκρέτων
3435 3724 3449 3758 :
3483 3719 3608 3758 nam

2049 3787 2136 3842 ille
2157 3787 2321 3856 judex
2351 3800 2488 3854 erat,
2543 3789 2892 3860 bicjudicum
2927 3804 2980 3845 et
3015 3803 3238 3848 senatus
3269 3795 3608 3849 administer.

2047 3879 2230 3942 Quare
2275 3889 2334 3933 ut
2389 3879 2610 3934 nomine
2653 3895 2778 3935 cum
2819 3881 3025 3936 Latinis
3053 3882 3226 3938 Graeci
3259 3887 3610 3952 conveniant,

2048 3979 2242 4022 neutro
2277 3979 2452 4024 tamen
2487 3971 2648 4024 modo
2677 3974 3010 4027 conveniunt
3039 3989 3098 4030 re
3127 3977 3430 4046 signiﬁcata
3455 3995 3468 4030 :
3501 3979 3606 4032 La-

2050 4059 2178 4114 tinis
2207 4063 2350 4112 enim
2381 4063 2700 4116 secretaria:
2729 4064 2842 4133 jam
2895 4066 3056 4135 vulgo
3095 4078 3179 4122 est
3205 4071 3484 4144 actuarius
3514 4087 3610 4126 seu

2045 4151 2245 4214 scriba,
2273 4161 2377 4207 etc.
2411 4151 2522 4208 Etsi
2553 4155 2654 4208 bac
2691 4156 2914 4210 notione
2945 4172 3046 4210 vox
3080 4157 3194 4214 inec
3225 4161 3364 4229 apud
3391 4161 3610 4218 Grmcos

2045 4256 2264 4312 quoque
2291 4253 2564 4309 occurrat,
2597 4245 2688 4313 qui
2719 4255 2772 4300 et
2813 4245 2952 4302 hanc
2983 4265 3015 4301 a
3043 4251 3250 4304 secretis
3275 4266 3430 4304 suam
3463 4251 3640 4306 {cce--

2051 4345 2176 4388 runt
2215 4337 2344 4388 etin
2371 4351 2535 4390 unam
2577 4338 2906 4405 conﬂaruut,
2931 4341 3229 4411 ὰσεκρῆτις
3261 4343 3342 4396 vel
3375 4345 3614 4414 ἁσεκρή-

2045 4446 2162 4498 της.
2201 4429 2355 4499 Apud
2377 4430 2606 4486 Citrium
2642 4441 2788 4488 tenet
2816 4437 2843 4487 ὁ
2871 4435 2964 4487 ἐπὶ
2991 4436 3099 4488 τῶν
3128 4437 3400 4507 οεκρέτων
3431 4440 3610 4493 locum

373 4515 576 4582 μιιίιειιο
617 4517 862 4586 praeclari
916 4521 1055 4574 nacti
1114 4532 1242 4576 sunt
1283 4540 1490 4592 usum;
1531 4537 1587 4582 et
1625 4529 1691 4583 ab
1726 4541 1812 4602 eo,
1850 4533 1942 4601 qui

2057 4522 2338 4578 decimum.
2379 4525 2762 4595 Ἀσηκρήτειον
2785 4529 2923 4596 apud
2947 4505 3252 4582 Cedrenum
3279 4532 3330 4583 in
3351 4531 3614 4586 Michaele

376 4607 690 4670 pontiﬁcum
725 4610 880 4664 zonis
912 4611 1084 4681 attigit
1116 4615 1384 4677 minister,
1420 4620 1446 4669 ὁ
1478 4619 1588 4684 ἐπὶ,
1621 4621 1701 4674 vel
1733 4631 1792 4675 ut
1823 4623 1938 4690 alii,

373 4699 479 4760 ξιτεδ
508 4699 615 4750 τῶν
639 4702 881 4768 γονάτων
907 4704 1322 4773 appellationem
1353 4709 1442 4763 hic
1475 4712 1692 4780 accipit.
1727 4703 1799 4768 De
1832 4731 1941 4784 quo

371 4789 690 4844 Ailatiaua:
735 4792 794 4844 ’0
849 4793 952 4846 ὑπὸ
1001 4797 1266 4864 γονάτων,
1301 4801 1428 4852 ὅταν
1483 4803 1811 4857 ἀλλάσσουσι
1852 4807 1941 4860 τὸν

371 4879 655 4950 ἀρχιερέα,
693 4887 850 4953 φορεῖ
897 4887 1046 4956 αὐτῷ
1081 4889 1140 4940 τὸ
1183 4891 1566 4959 ὑπογονάτιον,
1622 4897 1836 4965 κρατῶν
1885 4897 1940 4950 δὲ

373 4973 467 5035 καὶ
505 4973 592 5026 τὸν
623 4975 803 5030 δίσκον
837 4979 892 5028 ὲν
919 4981 983 5047 τῇ
1020 4979 1334 5048 λειτουργίᾳ.
1365 4983 1643 5052 διδομένου
1679 4986 1808 5052 παρ’
1843 4989 1941 5041 αὑ-

371 5063 467 5132 ττιῦ
487 5064 580 5116 τοῦ
605 5066 766 5132 ἁγίου
801 5071 966 5137 ἄρτον
1000 5071 1076 5140 τῷ
1105 5072 1246 5140 λαῷ.
1283 5075 1432 5128 (30st:
1467 5075 1482 5146 ]

449 5153 684 5209 Vocatur
711 5159 871 5212 etiam
925 5165 1172 5228 γονάτιον
1203 5169 1358 5234 quasi
1395 5169 1634 5237 getmale.
1663 5169 1943 5228 Cabasilas

375 5251 430 5301 in
461 5247 782 5304 Glossario:
819 5253 927 5305 Καὶ
955 5255 1122 5308 τᾷπον
1157 5259 1274 5310 τινὰ
1311 5249 1584 5330 patienia;
1615 5263 1942 5330 περιζωννύ-

372 5357 493 5406 cum
543 5343 726 5410 αὑτὸν,
762 5347 820 5397 τὸ
867 5345 1160 5418 λεγόμενον
1189 5354 1460 5420 γονάτων,
1491 5354 1518 5406 ὃ
1573 5357 1707 5424 πρὸς
1756 5359 1938 5428 σχῆμα

378 5431 563 5498 ξίφους
599 5435 1022 5504 ἐσχημάτισται.
1075 5439 1275 5493 Gut-11's.

441 5523 602 5594 [Ibid.
624 5527 1053 5596 ‘Eartromirzor.
1086 5531 1234 5584 Alias
1265 5531 1641 5599 ὑπογονεέτιον.
1676 5533 1873 5606 Goan.]

439 5618 700 5687 Lepidum
733 5632 786 5676 et
821 5623 930 5676 risu
963 5624 1186 5693 dignum
1225 5625 1463 5679 arbitror
1499 5628 1642 5695 quod
1673 5627 1931 5682 Salomon

370 5711 736 5784 Sweiggerus,
767 5717 1066 5784 predicaus
1104 5716 1352 5784 Noricus,
1381 5719 1414 5770 1.
1452 5735 1488 5772 tl
1549 5722 1631 5772 sui
1661 5717 1935 5788 lludu'pu.

375 5803 467 5856 rici
503 5821 552 5859 c.
588 5807 655 5860 (32
692 5817 891 5864 vestem
937 5811 1074 5861 banc
1121 5820 1272 5862 vocat
1335 5811 1708 5879 :«uymdtrmv,
1759 5825 1785 5863 a
1839 5825 1906 5878 po

2051 4613 2376 4682 imperatore
2395 4625 2478 4670 est
2501 4619 2654 4671 curia
2701 4635 2795 4673 seu
2839 4620 2990 4675 locus
3035 4623 3346 4676 secretioris
3371 4624 3609 4683 consilii,

2051 4705 2132 4756 vel
2167 4705 2320 4760 locus
2347 4706 2437 4760 ubi
2484 4708 2764 4762 secretarii
2813 4712 3165 4764 conveniunt.
3217 4711 3274 4764 in
3307 4711 3614 4766 Pseudoca-

2049 4795 2226 4849 roiino
2244 4811 2408 4866 opere
2429 4798 2508 4852 De
2528 4799 2863 4868 imaginibus,
2883 4817 2958 4867 tv,
2981 4802 3036 4866 9,
3065 4802 3227 4857 unica
3253 4803 3488 4860 dietione
3513 4819 3612 4858 oc-

2052 4889 2222 4942 currit
2251 4889 2288 4940 Λ
2299 4901 2520 4945 secreta.

2117 4976 2178 5032 P.
2214 4980 2266 5033 5.
2301 4979 2560 5049 Sequitur
2591 4983 2812 5052 quintus
2841 4985 2868 5037 ὀ
2902 4985 2992 5037 ἐπὶ
3025 4985 3123 5054 τῆξ
3151 4986 3304 5055 ἱερᾶς
3333 4985 3610 5038 καταστά-

2047 5072 2500 5141 σε‹ν›;,ρνιρ[ρειιιε
2518 5092 2668 5128 sacro
2690 5077 3026 5140 consistorio,
3049 5077 3124 5129 ait
3146 5075 3358 5131 Junius.
3389 5075 3612 5131 Rectius

2047 5163 2100 5216 in
2129 5161 2260 5217 Jure
2287 5165 2402 5220 GR.
2429 5167 2708 5235 praefectus
2733 5185 2899 5224 sacrte
2920 5167 3158 5246 stationi,
3188 5167 3343 5236 cujus
3357 5177 3438 5221 est
3463 5165 3608 5230 tm,-

2044 5256 2137 5307 τοῦ
2175 5259 2436 5326 βήματος,
2457 5261 2596 5311 intra
2619 5259 3034 5320 tabernaculum,
3057 5259 3200 5312 intra
3223 5259 3396 5312 altare
3415 5259 3612 5326 ipsum.

2045 5349 2534 5413 sb:a5iav.rt_-ctutn
2552 5351 2898 5419 debitumque
2915 5350 3184 5414 Ordinem,
3201 5363 3521 5402 conservare
3536 5349 3614 5401 iu-

2053 5451 2132 5493 ter
2159 5441 2436 5494 ministros
2460 5450 2511 5495 et
2531 5442 2682 5495 alios.
2717 5441 2870 5494 Errat
2893 5443 3036 5494 enim
3068 5439 3280 5502 Junius,
3311 5440 3402 5507 qui
3431 5439 3616 5506 pra-fc-

2047 5531 2114 5584 Cli
2139 5531 2298 5598 hujus
2327 5547 2524 5584 munus
2543 5531 2646 5583 alio
2665 5531 2847 5584 trahit.
2873 5530 2940 5582 At
2964 5531 3090 5584 locis
3111 5531 3216 5582 illis
3233 5529 3614 5592 secretioribus,

2047 5625 2222 5692 inquit
2244 5623 2458 5684 Junius,
2481 5624 2684 5692 jmlires
2711 5625 2778 5675 a.l
2797 5622 3026 5676 tribunal
3043 5621 3260 5674 consilio
3279 5633 3430 5688 cop'o
3452 5621 3614 5673 venis-

2045 5719 2188 5780 bant,
2217 5716 2303 5768 ubi
2327 5717 2556 5768 ordinem
2583 5717 2626 5767 is
2656 5715 2745 5784 qui
2771 5717 3004 5780 proxime
3026 5713 3610 5783 scquitnrprocurabat,

2043 5809 2180 5875 οὲπὶ
2213 5808 2308 5876 τῆς
2349 5808 2495 5878 ἱερᾶς
2523 5809 2901 5870 καταστάσεως
2935 5809 3158 5863 scilicet.
3189 5807 3390 5860 σκετο.
