3936 6612
417 388 524 456 ιιι)

1515 395 1596 454 ΙΝ
1646 395 1942 458 LIBRUM
1984 399 2082 458 DE
2116 401 2444 463 OFFICIIS
2476 404 2579 466 CP.

3561 359 3690 464 1co-

483 505 542 558 Ρ.
576 503 628 558 5.
663 503 902 558 Rhetoris
932 503 1173 558 ofﬁcium
1211 516 1294 560 est
1327 511 1623 576 generatim
1660 510 1972 580 Scripturas
2003 517 2047 573 Α
2077 517 2173 569 stis
2226 533 2320 585 per
2370 518 2766 588 lampadarium
2791 557 2807 582 ,
2841 527 2898 571 ut
2940 519 2992 572 in
3042 517 3138 572 hoc
3175 521 3306 575 libro
3366 522 3669 590 appellatur

411 612 598 652 sacras
627 596 972 665 interpretari
997 614 1010 658 ;
1043 606 1096 650 et
1121 597 1335 652 videtur
1355 598 1442 654 ille
1465 617 1624 670 quem
1650 617 1752 658 nos
1774 605 1983 658 concio-

411 697 644 742 natorem
671 688 1040 742 nominamus.
1073 687 1277 743 Gners.

1039 779 1264 834 CAPUT
1293 781 1382 836 IX.

523 870 596 924 De
638 873 822 940 quinta
869 863 1088 940 pentade
1121 875 1419 940 ofﬁciorum
1465 883 1516 928 et
1543 877 1881 944 ofﬁcialium.

487 961 546 1015 Ρ.
581 961 634 1014 5.
671 959 726 1014 1η
763 957 1290 1031 ᾳιιίηιιι“οοιιιῑιιοιιιι·
1319 966 1366 1030 1,
1390 965 1447 1018 '0
1471 968 1656 1036 ἅρχων
1683 967 1791 1020 τῶν
1827 985 1986 1036 μοναο

419 1055 679 1125 στηρέων,
718 1057 900 1110 socius
932 1065 984 1110 et
1010 1049 1228 1124 adjutor
1259 1059 1434 1126 magni
1460 1061 1752 1123 sacellarii,
1779 1060 1846 1114 de
1875 1075 1984 1130 quo

411 1149 524 1211 jam
561 1163 660 1201 suo
689 1141 832 1213 loco,
861 1148 916 1212 9.,
936 1148 993 1201 '0
1021 1148 1205 1218 ἄρχων
1229 1151 1336 1203 τῶν
1359 1151 1684 1221 ἐκκλησιῶν,
1719 1153 1901 1206 socius
1931 1159 1986 1207 et

413 1239 632 1305 adjutor
647 1241 914 1294 euratoris
933 1241 1160 1300 sacellii.
1181 1242 1247 1296 de
1263 1258 1369 1310 quo
1384 1225 1568 1298 itidem
1585 1259 1646 1298 su
1657 1245 1982 1314 pra.GaE1-s.

485 1331 569 1402 [Ρ.
599 1331 651 1384 5.
690 1331 812 1384 Τῶν
834 1332 1197 1399 ἐκκλησιῶν.
1235 1332 1553 1387 Καθολικῶν
1606 1335 1868 1405 intellige,
1917 1336 1985 1390 de

415 1423 616 1485 quibus
643 1437 808 1489 supra
831 1423 1094 1480 Allatiatla
1130 1441 1142 1477 :
1177 1424 1386 1492 Γράφει
1415 1427 1483 1477 τὰ
1529 1428 1842 1495 ἁντιμίνσια
1873 1427 1988 1496 (ἀν-

413 1513 656 1581 τίμηνσα
705 1513 782 1580 Μ)
815 1515 908 1565 καὶ
945 1515 1010 1567 τὰ
1059 1518 1456 1586 σταυροπήγια.
1483 1518 1692 1570 Allaria
1715 1519 1988 1586 portulilia

417 1602 616 1670 signal,
677 1613 724 1655 et
755 1604 960 1656 litteras
1012 1607 1199 1674 quibus
1245 1622 1394 1659 cruce
1425 1608 1550 1659 data
1605 1625 1636 1659 a
1682 1609 1987 1661 diaecvsanis

415 1695 765 1759 exemptioncs
799 1695 1146 1761 conferuntur
1173 1699 1528 1752 monasteriis.
1559 1697 1630 1752 De
1657 1699 1738 1752 his
1771 1699 1986 1753 Euche-

419 1783 622 1853 logium
666 1785 805 1841 fuse.
841 1787 1008 1850 Idem,
1039 1803 1136 1842 ceu
1171 1790 1424 1858 paroeciis
1447 1791 1762 1858 praslectns,
1797 1793 1991 1858 κρατεῖ

415 1877 475 1924 ἐν
508 1877 572 1943 τῇ
605 1877 832 1942 φυλάξει
861 1878 1027 1930 αὑτοῦ
1077 1878 1136 1930 τὸ
1169 1879 1362 1950 μύρον,
1399 1897 1610 1933 sacrum
1645 1891 1989 1951 unguentum,

419 1965 474 2016 in
509 1966 924 2022 conﬁrmatione
951 1969 1316 2023 adhibendum
1354 1985 1384 2024 a
1433 1970 1661 2038 privatis
1696 1971 1994 2028 sacerdoti-

423 2060 524 2112 bus
553 2073 653 2112 ceu
680 2061 958 2114 consuetis
987 2062 1128 2130 apud
1159 2061 1378 2116 Graecos
1403 2064 1518 2130 ejus
1543 2063 1876 2117 sacramenti
1897 2065 1998 2116 mi-

421 2149 630 2210 nistris.
666 2167 776 2204 sum
809 2153 1060 2205 custodia:
1089 2139 1428 2206 commissum
1463 2162 1618 2208 tenet.
1651 2151 1854 2224 Gutta]

497 2241 642 2296 Ibid.
683 2243 744 2296 Ὀ
796 2245 980 2314 ἄρχων
1006 2245 1100 2298 τοῦ
1143 2246 1500 2314 Εὑαγγελίου,
1557 2249 1637 2308 είς
1666 2247 1726 2299 τὸ
1775 2249 1998 2316 κρατεῖν

422 2335 584 2387 τοῦτο
606 2337 684 2398 εἰς
709 2336 802 2395 τὰς
831 2335 1005 2400 λιτάς,
1038 2336 1195 2406 cujus
1217 2338 1460 2392 ofﬁcium
1491 2347 1574 2392 est
1599 2349 1804 2406 gestare
1830 2337 2000 2392 Evan-

419 2427 613 2494 gelium
645 2443 732 2480 seu
761 2419 1424 2506 codicentEvangeliarum
1451 2430 1508 2482 in
1531 2429 2000 2497 supplicationibus

419 2528 468 2570 el
495 2520 935 2586 processiouibus.
967 2520 1080 2576 lloc
1111 2531 1290 2575 tamen
1321 2537 1428 2576 non
1457 2523 1665 2577 videtur
1695 2523 2002 2577 consentire

422 2627 544 2662 cum
598 2611 808 2666 Joanne
839 2612 1034 2676 Citrio,
1067 2615 1160 2682 qui
1202 2615 1402 2668 diserte
1457 2617 1646 2669 scribit
1694 2614 1754 2668 τὸ
1792 2617 1847 2668 ὲν
1885 2616 2004 2677 ταῖς

417 2706 594 2765 λιταῖς
615 2703 901 2770 βαστάζειν
925 2703 984 2755 τὸ
1007 2703 1338 2771 Εὐαγγέλιον
1359 2721 1468 2758 esse
1484 2707 1576 2758 τοῦ
1599 2706 2004 2774 δευτερεύοντος

424 2796 533 2848 τῶν
556 2793 838 2858 διακόνων,
872 2809 1032 2863 quem
1060 2795 1299 2851 Codinus
1323 2797 1375 2850 in
1407 2804 1557 2850 sexta
1583 2797 1814 2865 pentade
1834 2797 2005 2850 collo-

424 2894 538 2938 cat.
595 2886 657 2939 Et
729 2885 844 2938 ﬁeri
896 2897 1072 2955 potest
1102 2897 1161 2940 ut
1193 2887 1308 2940 hinc
1341 2901 1428 2940 res
1464 2887 1618 2942 aliter
1647 2903 1705 2940 se
1761 2887 2008 2942 habuerit

428 2987 673 3044 tempore
699 2975 852 3030 Citrii
883 2988 932 3029 et
965 2977 1121 3030 aliter
1165 2973 1321 3030 {etate
1353 2975 1544 3031 Codini
1571 2993 1586 3031 :
1623 2991 1744 3030 nam
1803 2985 1862 3030 ut
1894 2979 2008 3046 ipse

429 3068 632 3123 (litrius
653 3069 1022 3137 conqueritur,
1051 3069 1166 3122 hzec
1191 3069 1388 3138 Str-pius
1409 3069 1730 3138 patriarchae
1745 3069 2007 3122 arbitratu

2087 619 2140 674 p.
2163 607 2233 660 44
2262 609 2726 676 (accendebantur
2779 609 2892 665 haec
2965 611 3405 678 luminaria);at
3459 615 3670 684 lampa-

2086 697 2274 751 darius
2310 699 2414 754 iste
2442 701 2574 754 nihil
2608 701 2714 755 huc
2739 700 2900 768 facit;
2926 712 3044 758 erat
3076 705 3220 758 enim
3242 704 3483 760 ofﬁcium
3537 708 3663 776 ejus

2095 789 2418 856 palatinum,
2515 807 2624 846 non
2676 794 3155 860 ecclesiasticum;
3238 796 3671 864 praeferebatquo

2089 877 2391 948 lampadem
2467 896 2754 936 accensam
2815 900 2922 938 non
2975 885 3346 954 singularibus
3401 888 3645 942 duntaxa

2091 967 2244 1024 festis
2289 973 2757 1036 etanniversarie,
2807 965 2900 1030 sed
2966 977 3182 1045 quoties
3252 978 3548 1046 imperator
3611 979 3656 1032 it

2091 1059 2364 1128 publicum
2395 1064 2742 1132 procedebat,
2767 1074 2826 1119 ut
2861 1080 2926 1136 ex
2963 1065 3286 1121 Basalmone
3317 1067 3456 1122 infra
3481 1075 3642 1122 ostcn

2091 1147 2212 1202 dam
2243 1151 2306 1204 ad
2331 1167 2386 1222 p.
2415 1153 2504 1208 45.
2533 1152 2715 1224 Longe
2740 1171 2870 1226 ergo
2899 1155 3038 1211 alius
3063 1159 3090 1209 6
3114 1159 3296 1228 ἄρχων
3318 1159 3424 1210 τῶν
3447 1159 3668 1228 φώτων,

2091 1249 2145 1294 ct
2167 1243 2305 1296 alius
2333 1245 2361 1296 6
2411 1245 2808 1316 λαμπαδάριος.
2853 1234 3046 1317 Neque
3099 1257 3311 1303 tantum
3375 1251 3539 1305 semel
3586 1251 3676 1304 vel

2091 1331 2385 1400 aliquoties
2417 1335 2468 1388 in
2507 1350 2654 1390 anno
2692 1353 2828 1392 usus
2861 1338 3134 1392 lmninum
3179 1340 3380 1394 eratin
3429 1341 3674 1409 templis,

2091 1423 2184 1477 sed
2236 1436 2494 1494 perpetuo
2540 1437 2591 1481 et
2649 1437 2762 1482 toto
2813 1443 2993 1493 anno,
3052 1431 3211 1484 etiam
3265 1441 3397 1486 tunc
3451 1434 3677 1498 quando

2089 1516 2227 1570 nulli
2259 1519 2604 1584 vsozpdnmo:
2630 1519 2858 1574 aderant
2886 1536 2900 1574 :
2943 1535 3119 1590 neque
3153 1522 3297 1575 enim
3331 1511 3518 1578 moris-
3553 1534 3680 1578 erat

2091 1607 2295 1663 Graecis
2317 1609 2586 1678 liturgiam
2616 1610 2735 1664 sine
2757 1611 3058 1690 luminibus
3079 1611 3377 1667 celebrare.
3396 1613 3597 1668 Gnsrs.

2165 1699 2335 1772 [lbid.
2391 1703 2452 1754 '0
2479 1703 2677 1771 ἄρχων
2705 1702 2825 1755 τῶν
2853 1703 3083 1771 φώτων.
3129 1703 3243 1759 Hoc
3307 1703 3545 1760 officium
3617 1711 3675 1762 in

2093 1801 2328 1862 quatuor
2377 1794 2650 1848 videntur.
2684 1795 2959 1848 Allatiana
3013 1796 3318 1864 dispertiri,
3345 1797 3446 1850 hoc
3477 1810 3632 1866 pacto
3661 1817 3675 1852 :

2109 1883 2168 1937 '0
2203 1886 2520 1956 κατηχητὴς
2584 1887 2870 1957 κατηχίζει
2928 1883 3038 1954 (τὸν
3072 1889 3200 1940 λαὸν
3235 1891 3328 1941 καὶ
3359 1891 3434 1956 Μ)
3467 1891 3678 1950 πάντας

2095 1977 2221 2038 τοὺς
2249 1977 2659 2047 εἰσερχομένους
2694 1979 2758 2030 ἐκ
2787 1977 2893 2030 τῶν
2917 1978 3237 2047 ἑτεροδόξων
3269 1981 3348 2041 είς
3371 1980 3470 2048 τὴν
3512 1982 3678 2050 ὀρθᾶ-

2097 2067 2250 2133 δοξον
2287 2069 2494 2132 πίστιν,
2518 2067 2592 2130 ὡς
2615 2068 2703 2122 ἵνα
2723 2067 2783 2120 τὸ
2806 2067 2958 2136 ἅγιον
2991 2067 3271 2137 βάπτισμα
3291 2067 3570 2133 δέξωνται.
3615 2070 3682 2125 ’0

2099 2159 2450 2230 περιοδευτὴς
2486 2159 2804 2230 περιπατῶν
2851 2161 2947 2213 καὶ
2994 2160 3376 2230 παιδευόμενος
3437 2161 3680 2230 (ὁδηγῶν

2099 2248 2178 2318 M)
2214 2248 2338 2308 τοὺς
2365 2247 2616 2311 Θέλοντας
2648 2249 3016 2318 βαπτισθῆναι
3067 2252 3134 2320 τῇ
3164 2250 3428 2320 ὀρθοδόξῳ
3485 2253 3680 2305 πίστει

2103 2339 2384 2407 (εἰσελθεῖν
2414 2342 2494 2403 εἰς·
2522 2343 2619 2408 τὴν
2643 2340 2922 2409 ὀρθὸδοξον
2953 2341 3136 2394 πίστιν
3161 2343 3263 2412 Μ).
3299 2343 3359 2394 Ὀ
3391 2343 3680 2414 βουτιστὴς

2104 2431 2315 2485 ἵσταται
2345 2434 2402 2486 ἐν
2431 2434 2495 2501 τῇ
2526 2431 2656 2502 ἁγίᾳ
2685 2430 3062 2502 κολυμϐήθρᾳ,
3101 2433 3195 2485 καὶ
3237 2435 3264 2484 ὁ
3301 2433 3481 2500 ἱερεὺς
3527 2435 3683 2500 λέγει

2105 2524 2200 2586 τὰς
2223 2524 2412 2591 εὐχὰς,
2436 2527 2463 2577 6
2487 2524 2542 2576 δὲ
2569 2519 2859 2593 ἀρχιερεὺς
2883 2523 3181 2594 σταυρὼνει
3215 2524 3274 2576 τὸ
3329 2524 3494 2594 ὕδωρ,
3546 2525 3574 2578 6
3621 2525 3682 2576 δὲ

2109 2616 2392 2684 βουτιστὴς
2449 2614 2696 2684 βαπτίζει
2753 2615 2842 2667 τὸν
2898 2615 3157 2683 μέλλοντα
3200 2616 3580 2687 βαπτισθῆναι.
3617 2616 3684 2668 Ὀ

2110 2710 2408 2778 μυροδὸτης
2433 2709 2520 2760 ἵνα
2547 2707 2870 2776 ὑποκριτῶν
2897 2707 2957 2760 τδ
2987 2707 3140 2775 ἅγιον
3177 2708 3368 2776 μύρον,
3419 2709 3511 2760 καὶ
3543 2711 3683 2761 ὅπου

2105 2799 2165 2851 τὸ
2183 2799 2354 2868 ὁρίζει.
2381 2801 2407 2850 6
2437 2799 2724 2868 ἀρχιερεὺς
2763 2798 2854 2851 τοῦ
2890 2799 3070 2850 δοῦναι
3107 2799 3297 2868 μύρον.
3329 2797 3531 2870 Ceam]

2178 2889 2242 2945 P.
2278 2890 2328 2944 5.
2381 2887 2613 2943 Ultimus
2651 2889 2705 2942 in
2737 2889 2836 2942 hac
2865 2888 3096 2958 pentade
3136 2898 3219 2943 est
3246 2890 3273 2940 6
3327 2890 3510 2958 ἄρχων
3567 2891 3682 2940 τῶν

2109 2980 2466 3048 ἁντιμινσίων
2514 2992 2606 3032 seu
2665 2977 3026 3046 ἀντιμινσίου,
3062 2979 3298 3046 εἰσάγων
3337 2979 3460 3040 τοὺς
3500 2979 3684 3047 είσερ-

2109 3073 2371 3143 χομένους
2409 3071 2486 3132 εἰς
2513 3069 2612 3139 τὴν
2637 3069 2798 3136 ἁγίαν
2828 3069 3149 3137 μετάληψιν,
3198 3070 3480 3137 prtefeclus
3532 3071 3684 3122 anti-

428 3161 854 3224 suorm'tlahant,
887 3162 955 3214 τὰ
987 3160 1096 3214 ἄνω
1124 3163 1271 3214 κάτω
1295 3161 1596 3224 ποιοῦντες,
1620 3163 1690 3214 ita
1719 3173 1778 3216 ut
1803 3162 1854 3214 in
1883 3161 1998 3215 illos

2110 3165 2445 3226 mensiorum,
2478 3161 2726 3215 inducens
2757 3175 2842 3214 eos
2870 3162 2959 3230 qui
2995 3177 3206 3214 sacram
3257 3163 3686 3214 communionem

424 3253 568 3321 quad
579 3261 720 3305 rare!
741 3253 999 3320 paruttnia
1025 3253 1136 3306 ἄνω
1155 3255 1416 3323 ποταμῶν
1437 3259 1630 3324 χωρεῖν
1657 3251 1884 3322 ).ἐγούσα
1902 3257 1998 3316 τὰς

429 3345 631 3414 πηγὰς,
667 3346 755 3398 καὶ
791 3344 858 3396 τὰ
892 3333 1044 3415 παρὰ
1081 3345 1358 3406 Ἰουδαίοις
1585 3347 2002 3416 δευτεροπρωτα

431 3436 700 3497 σάϐϐατα,
743 3436 837 3488 καὶ
871 3437 1021 3505 παρὰ
1065 3437 1179 3496 cui;
1229 3435 1421 3499 δεινοῖς
1449 3439 1731 3503 σοφισταῖς
1760 3439 1828 3489 τὰ
1857 3455 2003 3506 πρω-

429 3527 684 3595 Ούστερα,
724 3535 782 3580 ιιι
813 3529 949 3581 scite
987 3527 1062 3580 ait
1100 3525 1326 3582 Citrius.
1364 3527 1568 3582 Gnms.
1651 3549 1662 3560 '

498 3615 518 3690 [
555 3622 596 3672 0
630 3618 830 3688 ἄρχων
851 3618 958 3672 τοῦ
993 3619 1385 3688 Εὑαγγελίου.
1417 3619 1675 3684 Consule,
1701 3622 1744 3676 si
1769 3623 2002 3676 laborem

432 3719 683 3774 meretur,
717 3711 1106 3780 Euchologium
1163 3721 1404 3765 nostrum
1431 3711 1637 3768 fol.‘i70
1659 3723 1711 3768 et
1743 3713 1838 3769 3H
1879 3715 2006 3784 περὶ

431 3803 582 3872 λιτῆς
615 3813 664 3856 et
695 3803 986 3872 Evangelio
1012 3804 1064 3857 in
1097 3819 1158 3858 ea
1182 3803 1428 3874 legendo.
1461 3805 1606 3860 Cum
1636 3803 1656 3878 ]

503 3893 647 3950 Ibid.
681 3894 938 3965 Sequitur
981 3895 1010 3948 6
1037 3897 1219 3966 ἅρχων
1248 3898 1348 3949 τῶν
1373 3897 1586 3966 φώτων,
1616 3915 1773 3969 quem
1800 3897 2009 3953 Beneﬁ-

431 3989 556 4044 dius
581 4001 737 4042 vocat
766 3989 1129 4058 luminariam,
1148 3989 1344 4046 Junius
1377 3995 2007 4063 pratfectumluminibus.

433 4080 564 4150 Ejus
591 4092 708 4137 erat
732 4099 917 4137 curam
949 4099 1137 4154 gerere
1185 4087 1489 4154 φωτιστῶν,
1520 4102 1709 4140 recens
1741 4086 2012 4140 illumina-

437 4183 612 4227 torum
672 4189 767 4227 seu
823 4174 1274 4242 baptizatorum:
1356 4174 1518 4227 veteri
1567 4175 1710 4227 enim
1762 4173 2010 4228 Ecclesia:

438 4265 622 4331 phrasi
653 4264 946 4331 baptismus
979 4262 1283 4331 appellatur
1316 4263 1613 4330 φωτισμὸς,
1667 4272 1721 4316 et
1753 4261 2012 4331 baptizati

438 4353 716 4422 φωτιστοί,
748 4354 934 4408 forsan
987 4367 1094 4406 non
1115 4353 1230 4408 sine
1261 4364 1512 4422 respectu
1549 4355 1613 4406 ad
1635 4355 2011 4409 caeremoniam

437 4450 730 4518 quamdam
761 4463 880 4516 (pne
915 4447 1240 4515 baptismum
1299 4446 1734 4515 subsequebatur
1762 4462 1774 4497 :
1805 4446 2014 4500 daban-

2102 3260 2331 3325 accipere
2347 3253 2543 3306 volunt.
2569 3252 2772 3308 Gne'rs.

2177 3349 2347 3422 [lbid.
2371 3346 2792 3416 Charmpbylax,
2813 3355 2870 3400 ut
2894 3359 3054 3413 supra
3087 3344 3262 3400 visum
3287 3353 3391 3406 est,
3409 3333 3472 3397 ad
3502 3346 3681 3399 eccle-

2103 3442 2399 3506 siasticam,
2466 3437 2555 3492 hie
2591 3437 2657 3491 ad
2713 3436 2912 3491 laicam
2947 3437 3390 3490 communionem
3453 3437 3682 3492 invitat.

2103 3530 2300 3602 Ceam]

2172 3623 2366 3678 Junius
2406 3621 2682 3690 prmfectus
2719 3620 3008 3674 antecessui
3038 3633 3247 3682 mensce,
3291 3618 3555 3672 adducens
3593 3636 3682 3672 eos

2104 3717 2190 3787 qui
2217 3725 2366 3769 erant
2401 3715 2604 3769 venturi
2647 3715 2715 3766 ad
2743 3713 3166 3766 communionem
3199 3727 3432 3766 sacram.
3495 3711 3686 3778 Inepte

2105 3807 2650 3880 prorsus.ctadhuc
2711 3806 2948 3874 ineptius
2995 3806 3046 3856 in
3115 3805 3365 3867 scholiis,
3433 3793 3686 3858 ut'satis

2111 3901 2294 3955 n‘tirari
2347 3912 2611 3968 nequeam
2672 3896 2913 3950 hominis
2955 3895 3119 3962 hujus
3151 3894 3236 3947 his
3279 3894 3332 3947 in
3377 3893 3536 3946 rebus
3587 3909 3684 3947 seu

2108 3992 2397 4061 ὀλιγωρίαν
2431 3991 2589 4061 146
2614 4003 2708 4042 seu
2741 3987 3120 4042 ἀπαιδευσίαν.
3147 3985 3539 4038 Exatninemus
3563 3987 3684 4038 sin-

2113 4087 2267 4154 gulas
2293 4083 2413 4151 ejus
2449 4081 2704 4150 ineptias.
2761 4079 2882 4132 Τῶν
2941 4075 3315 4147 ἀντιμινσίων,
3367 4078 3682 4139 adverbum,

2114 4174 2564 4236 antimensalium,
2617 4171 2814 4239 inquit,
2863 4179 2970 4224 etc.
3027 4171 3068 4221 Α
3128 4185 3308 4222 mensa
3358 4169 3690 4222 denominati

2113 4273 2234 4320 sunt
2263 4267 2310 4317 οἱ
2337 4262 2679 4332 ἀντιμίνσιοι,
2725 4261 2878 4330 quasi
2934 4260 3078 4312 dicat
3135 4259 3540 4321 autemensalcs,
3594 4261 3686 4327 qui

2115 4359 2183 4412 ad
2215 4371 2422 4410 sacram
2447 4363 2680 4407 mensam
2704 4353 2932 4422 primum
2964 4353 3351 4419 recipiebantur
3375 4361 3423 4404 et
3452 4367 3690 4404 commu-

2120 4453 2322 4504 nionem
2355 4447 2710 4510 eucltaristiaz,
2741 4453 2848 4498 etc.
2881 4443 2950 4496 lli
2979 4444 3114 4496 enim
3139 4441 3284 4510 prius
3311 4460 3464 4512 quam
3489 4444 3690 4494 admit-

434 4550 522 4593 tur
539 4539 684 4590 enim
717 4535 990 4605 baptizata
1016 4537 1158 4590 cerei
1191 4536 1408 4590 accensi
1465 4536 1516 4586 in
1543 4536 1758 4604 signum
1790 4534 1910 4588 ﬁdei
1945 4542 1999 4587 Cl
2035 4531 2073 4582 ἶ)
2103 4551 2336 4598 terentur
2373 4541 2444 4593 ad
2478 4539 2891 4593 communionem
2918 4551 3147 4596 sacram,
3175 4535 3408 4587 solebant
3447 4535 3684 4586 ecclesiis

431 4630 616 4697 gratia:
649 4639 909 4697 acceptae,
937 4627 1164 4697 etquod
1223 4643 1252 4681 a
1313 4635 1590 4695 potestate
1645 4627 1996 4680 tenebrarum

431 4721 727 4774 lratlslultls
761 4728 904 4774 esset
926 4719 990 4772 ad
1045 4717 1228 4772 lumen
1293 4725 1346 4770 et
1405 4727 1605 4773 sortem
1663 4709 1996 4772 sanctorum.

433 4811 673 4865 Meminit
705 4812 868 4881 hujus
895 4812 1232 4866 c:eremoni:n
1281 4809 1676 4872 Nazianzenus,
1739 4819 1879 4865 orat.
1935 4810 1998 4864 In

433 4915 671 4956 sanctum
715 4903 1008 4965 lavacrum,
1043 4912 1094 4956 et
1132 4904 1190 4958 S.
1221 4903 1562 4976 Augustinus
1590 4903 1641 4955 in
1681 4903 1810 4956 illud
1863 4905 2001 4972 psal.

433 5012 534 5050 va
563 5012 576 5048 ι
611 4995 972 5050 Transivimus
1001 5013 1094 5065 per
1111 4999 1282 5066 ignem
1309 5007 1354 5048 et
1391 5013 1608 5064 aquam.
1661 5005 1765 5050 etc.
1801 4993 2001 5050 Junius

435 5091 597 5142 iitum
629 5089 774 5143 hunc
827 5089 1069 5154 involvit,
1127 5104 1196 5142 ne
1243 5088 1498 5142 enuneat.
1553 5088 1999 5150 Accendebantur.

431 5185 486 5234 in
512 5183 628 5250 mit,
663 5183 972 5235 (mnium-ia.
997 5183 1064 5235 At
1095 5197 1198 5234 non
1225 5190 1434 5234 tantum
1501 5181 1622 5246 hoc,
1663 5183 1753 5232 sed
1806 5191 1859 5235 et
1913 5197 2000 5235 ac-

433 5289 594 5328 tensa
643 5274 997 5326 tradebantur
1049 5272 1356 5338 baptizatis.
1415 5273 1572 5340 Atqui
1637 5271 1739 5333 hic,
1801 5272 1998 5340 inquit,

433 5371 563 5421 ritus
595 5367 868 5420 ordinarie
894 5366 961 5418 ad
990 5365 1301 5433 baptismum
1333 5364 1726 5418 observabatur.
1753 5363 1864 5418 Cur
1897 5365 1997 5434 igi-

431 5471 523 5516 tur
555 5475 650 5514 vos
679 5459 930 5513 mutastis
959 5467 1012 5512 et
1041 5457 1390 5527 abrogastis?
1429 5457 1692 5511 Prteterea
1728 5473 1844 5509 vero
1902 5473 1998 5510 an-

429 5551 716 5606 niversarie
781 5551 836 5604 in
900 5549 1257 5618 singularibus
1319 5547 1630 5616 quibusdam
1698 5545 1877 5600 diebus
1929 5545 2004 5614 fc-

429 5689 540 5742 ἰιττὺ
573 5686 663 5738 τοῦ
721 5687 1156 5755 χαίιτοφύλακος,
1193 5685 1253 5737 τδ
1285 5684 1379 5737 τοῦ
1431 5683 1668 5753 μεγάλου
1725 5683 2000 5755 σαῦῧάτοτ)

429 5753 868 5824 (maxumis-usui
901 5755 1004 5808 ὑπὸ
1031 5755 1124 5808 τοῦ
1153 5755 1578 5822 σκευοφύλακος.
1613 5756 1692 5822 Τῇ
1739 5753 1870 5821 ἁγία
1913 5755 2005 5803 καὶ

438 5829 650 5900 μεγάλῃ
703 5828 952 5898 κυριακῇ
1006 5827 1098 5878 τοῦ
1131 5827 1412 5895 Πάπχατος
1469 5829 1901 5890 ἀναγινειηκεται
1949 5825 2006 5874 τ’)

2107 4645 2226 4687 ante
2259 4647 2487 4686 mensam
2521 4629 2637 4683 sisti
2666 4628 2753 4679 διὰ
2795 4626 2886 4678 τὸν
2915 4620 3024 4678 τῶν
3057 4625 3395 4693 ἅντιμασῐων
3425 4625 3682 4694 ἄρχοντα,

2107 4737 2388 4798 posteaque
2418 4724 2594 4778 eodem
2625 4731 2890 4790 pra’eante
2925 4719 3118 4773 adduci
3150 4719 3218 4770 ad
3239 4721 3684 4780 communionem,

2109 4826 2165 4871 ut
2204 4815 2378 4884 palam
2419 4821 2666 4866 testatum
2723 4808 3114 4879 facerethillos
3172 4823 3294 4860 suos
3361 4808 3571 4859 comites
3631 4808 3686 4857 in

2111 4925 2270 4960 unum
2299 4921 2485 4973 corpus
2517 4902 2778 4956 coaluisse
2801 4917 2918 4952 cum
2947 4898 3160 4953 Christo
3190 4909 3238 4952 et
3279 4897 3512 4950 Ecclesia
3549 4896 3686 4964 ejus.

2117 4999 2215 5052 llic
2244 5006 2416 5050 autem
2449 4997 2580 5048 ritus
2616 4995 2676 5046 τὺ
2715 4994 3053 5060 ἀντιμίνσιον
3085 4991 3260 5043 dictus
3315 4999 3410 5042 est.
3467 4987 3683 5041 Falmle

2111 5091 2234 5160 plus
2274 5103 2436 5157 quam
2469 5084 2778 5153 Esopicm;
2813 5085 3010 5151 quilms
3037 5079 3350 5136 reiellendis
3371 5080 3459 5132 diu
3489 5079 3682 5130 immo-

2111 5184 2218 5234 rari
2253 5182 2322 5234 nil
2355 5179 2456 5234 erit
2489 5193 2728 5240 necesse,
2765 5175 3046 5242 nhiipsam
3107 5173 3391 5226 veritatem
3443 5170 3684 5238 explica-

2111 5273 2370 5330 verimus,
2411 5284 2509 5322 nec
2547 5267 2766 5321 aliunde
2808 5265 2914 5319 nisi
2987 5279 3052 5316 ex
3115 5262 3428 5316 Gra-cornm
3489 5275 3680 5313 monu-

2111 5367 2326 5419 mentis.
2355 5361 2493 5426 Quid
2523 5361 2689 5428 igitur
2715 5367 2845 5412 sunt
2899 5355 3216 5408 antimensia
3245 5355 3269 5408 .9
3332 5352 3698 5411 Antimensia,

2107 5455 2284 5524 inquit
2315 5452 2401 5505 ille
2425 5454 2477 5504 in
2507 5451 2636 5503 Jure
2671 5447 2784 5501 GR.
2821 5445 2913 5499 l‘ol.
2945 5445 3069 5510 239,
3095 5446 3290 5498 scimus
3323 5443 3441 5510 ﬁeri
3493 5442 3678 5500 solita.

2123 5543 2342 5616 quando
2397 5544 2638 5610 episopus
2699 5546 3002 5592 consecrato
3067 5535 3411 5600 dedicatoqne
3491 5532 3681 5600 templo

2112 5681 2265 5744 ἅγιον
2297 5675 2628 5741 Εὖαγγέλιον
2662 5673 2765 5744 ὑπὸ
2790 5669 2883 5722 τοῦ
2911 5670 3147 5744 μεγάλου
3169 5667 3480 5744 οἰκονᾴεξοιδῖ

2199 5733 2528 5814 Ἐπληρίῦδη
2553 5747 2577 5794 ὁ
2613 5741 2786 5814 δεῖξιδς
2813 5733 2971 5808 χορξς
2999 5741 3092 5790 καὶ
3125 5739 3190 5790 τὰ
3225 5733 3435 5806 μεγάλα
3458 5733 3686 5804 ὀφῖρίκια

2115 5819 2221 5872 τῶν
2257 5813 2748 5885 ἐκκλησιαστικῶν.
