3936 6596
237 458 313 520 161
1226 482 1229 483 ⁷
1285 460 1679 520 GRE'I‘SERI
1724 457 1817 519 ΕΤ
1856 456 2093 521 GOARI
2123 459 2363 521 NOTAE.
3325 453 3471 520 162'

230 592 432 644 pinusm
471 592 654 630 mensa:
694 576 1016 629 substratnm
1064 589 1398 643 mensamque
1443 589 1535 627 seu
1596 570 1768 627 altare

1883 578 1959 621 lnr
1991 568 2066 632 ὡς
2091 569 2483 639 ἀντιπρόσωποι
2509 566 2603 622 καὶ
2627 567 2894 620 ἀντίτυπα
2928 567 3034 620 τῶν
3080 567 3284 620 πολλῶν
3317 570 3437 638 μίν-

233 678 467 733 tqcntem,
498 666 550 718 in
613 666 786 734 frusta
841 666 1127 720 dissectum
1182 665 1483 734 pictumque
1520 663 1765 718 sacerdo-

1882 676 1981 712 saw
2013 660 2124 712 τῶν
2156 658 2594 729 καταρτιζόντων
2629 659 2727 726 τὴν
2751 658 2919 725 ἁγίαν
2964 658 3060 711 καὶ
3113 659 3436 731 δεσποτικὴν

233 759 345 808 tibus
390 755 668 819 distribuit,
720 769 778 809 ut
835 773 894 810 eo
944 756 1158 826 prtediti
1202 756 1524 823 sacriﬁcium
1572 756 1761 823 o/ferre
1866 749 2163 821 τράπεζαν.
2206 750 2345 805 Sunt
2383 751 2530 806 enim
2558 751 2730 820 ipsius
2759 760 3092 805 consecrata
3121 767 3320 806 mensa:
3340 767 3436 807 seu

230 854 390 915 queant
447 844 584 899 Sunt
618 847 782 915 igitur
808 847 1124 900 antimensia
1154 861 1215 900 ea
1240 861 1361 915 quae
1416 845 1559 914 apud
1618 846 1763 899 Lati-
1866 858 1976 898 arte
2008 844 2205 897 vicaria
2229 862 2243 898 :
2263 860 2388 898 nam
2410 851 2469 897 ut
2502 843 2644 897 idem
2683 842 3029 913 Nicephorus
3058 842 3211 907 dicit,
3229 846 3438 912 proprie

231 952 311 990 nos
330 936 511 1004 lapides
534 939 831 991 consecrati
861 952 958 993 seu
982 954 1089 993 arte
1111 938 1404 1006 portatiles,
1428 938 1545 993 sine
1563 938 1760 1007 quibus
1868 951 2072 989 mensas
2110 951 2203 990 seu
2247 952 2373 991 aras
2414 935 2724 1005 signiﬁcant
2777 952 2925 1005 quas~
2956 937 3282 990 consecratio
3335 952 3436 988 non

231 1028 517 1080 sacriﬁcium
547 1028 661 1081 ﬁeri
698 1043 809 1083 non
851 1036 1053 1098 potest,
1116 1030 1161 1082 si
1223 1044 1328 1082 non
1387 1028 1647 1082 oﬂ‘eratnr
1703 1028 1759 1081 in
1864 1028 2237 1094 sunctiﬁcaeit;
2273 1027 2452 1082 Monet
2489 1028 2652 1082 etiam
2690 1028 2791 1083 hoc
2841 1026 3183 1097 Nicephorus
3215 1047 3227 1080 :
3257 1025 3315 1081 Si
3345 1043 3438 1096 per

230 1119 357 1170 altari
409 1132 499 1184 per
555 1132 614 1171 se
682 1119 924 1187 alioquin
976 1129 1297 1174 consecrato
1353 1130 1407 1172 et
1484 1118 1757 1172 dedicato.
1864 1108 2222 1187 ignorantiam
2277 1119 2444 1172 lotum
2491 1119 2652 1187 fuerit
2711 1119 3105 1182 antimensium,
3167 1134 3271 1171 non
3310 1116 3437 1185 pro-

230 1207 455 1262 Dicuntur
506 1210 993 1277 antimensia,qnia
1054 1220 1185 1265 sunt
1234 1211 1357 1265 loco
1413 1225 1610 1263 mensa:
1664 1225 1758 1262 seu
1863 1220 2037 1277 ptereu
2058 1211 2297 1264 amittere
2318 1212 2796 1279 sanctiﬁcationem
2821 1226 2913 1264 nec
2970 1208 3253 1278 profanum
3287 1209 3433 1277 efﬁci.

229 1316 319 1353 me
348 1310 666 1355 consecrata:
697 1301 926 1371 ejusque
964 1298 1135 1356 vicem
1166 1302 1447 1368 subeunt;
1496 1303 1758 1368 liuntqne
1862 1298 1970 1353 Pro
2010 1316 2118 1367 quo
2139 1300 2253 1363 alii,
2313 1302 2506 1356 vitiose
2545 1317 2774 1369 prorsus
2830 1301 3087 1369 nulloque
3154 1314 3342 1362 sensu,
3391 1301 3436 1352 si

229 1408 280 1444 ex
331 1407 503 1460 panno
547 1392 726 1446 diviso
774 1403 820 1447 et
888 1393 941 1446 in
995 1392 1167 1448 frusla
1205 1391 1466 1456 dissecto,
1512 1407 1580 1445 ex
1623 1391 1714 1444 illo
1741 1431 1756 1454 ,
1863 1391 2133 1459 impletum
2162 1391 2320 1459 fuerit
2348 1391 2772 1444 antimensium:
2843 1391 3106 1444 nimirum
3128 1405 3229 1460 pro
3263 1389 3437 1457 πλυοῇ
3492 1426 3513 1448 .

229 1484 433 1551 inquam,
455 1497 633 1552 panno
654 1485 747 1552 qui
766 1485 935 1538 altare
956 1484 1025 1539 ab
1046 1484 1304 1555 episcopo
1332 1483 1399 1537 de
1450 1499 1591 1537 novo
1620 1498 1750 1537 con-
1861 1480 2110 1550 legerunt
2139 1481 2435 1550 πληθυνϐῇ.
2472 1480 2602 1545 Qua.-
2628 1480 2821 1534 vitiosa
2860 1465 3018 1535 lectio
3074 1496 3105 1534 a
3160 1479 3439 1534 Boaetltlio

229 1584 460 1629 secratum
487 1575 753 1629 vestiebat
784 1586 835 1629 et
860 1577 1093 1630 ornabat
1128 1592 1143 1629 :
1211 1576 1315 1629 hoc
1369 1577 1516 1630 enim
1567 1576 1753 1645 opcri-
1864 1573 2107 1643 profecta
2147 1581 2325 1627 exstat
2355 1573 2519 1627 etiam
2561 1583 2697 1629 tom.
2725 1572 2792 1628 Vl
2824 1572 3168 1627 Bibliotheca
3199 1569 3302 1626 SS.
3338 1568 3440 1623 l‘a-

230 1673 432 1718 utentum
456 1664 507 1718 in
535 1676 721 1733 partes
755 1666 991 1721 minutas
1041 1666 1339 1722 dissectum
1398 1666 1758 1722 distribuebat
1865 1677 2034 1720 trum.

228 1758 476 1828 episcopus
496 1761 895 1826 sacerdotibus,
926 1772 983 1816 ut
1010 1775 1199 1831 postea
1229 1763 1464 1832 partium
1528 1764 1755 1817 istarum
1936 1756 1989 1810 In
2011 1755 2348 1825 Euchologio
2375 1752 2684 1809 Graecorum
2727 1754 3103 1823 prtescribitur
3129 1753 3301 1817 τάξις.
3337 1751 3440 1806 hoc

228 1850 455 1905 betteﬁcio
475 1850 813 1906 sacriﬁcium
834 1853 891 1908 in
918 1853 1180 1910 altaribus
1208 1855 1372 1909 etiam
1412 1869 1519 1910 non
1568 1869 1759 1911 conse—
1797 1877 1838 1932 Β
1865 1858 1949 1902 est
1981 1849 2176 1903 modus
2206 1856 2258 1901 el
2289 1850 2423 1901 ordo
2489 1847 2849 1901 consecrandi
2879 1845 3226 1900 anlilneﬂbia-
3251 1843 3440 1908 ρυαη-

228 1942 361 1995 cratis
382 1943 579 1997 offerre
608 1953 857 2012 possent.
895 1944 1102 2000 Gness.
1877 1940 1962 2000 do,
1989 1939 2184 2008 inquit,
2236 1942 2532 1992 sacerdotes
2566 1940 2881 1992 antimensia
2918 1953 3106 1992 mensa
3142 1938 3436 2004 imponunt,

283 2030 355 2103 lP.
379 2034 431 2088 5.
455 2034 825 2102 Antimensia,
848 2038 1005 2106 quasi
1024 2052 1214 2091 mensa:
1237 2052 1404 2090 sacra!
1427 2037 1535 2092 vice
1557 2049 1772 2091 assum-
1871 2030 1980 2084 illis
1999 2046 2063 2085 ea:
2082 2031 2324 2085 oenanthe
2345 2047 2432 2085 seu
2462 2032 2591 2100 ﬂore
2614 2032 2721 2084 vini
2739 2029 3130 2097 superinfundit
3160 2029 3439 2097 episcopus

229 2133 319 2193 pta,
344 2135 463 2179 sunt
526 2125 853 2181 Graecorum
881 2125 1079 2181 altaria
1142 2117 1440 2196 poriatilia,
1461 2126 1625 2182 lintea
1682 2127 1768 2180 ni-
1875 2132 1954 2177 ter
1981 2132 2237 2193 quantum
2273 2126 2425 2190 satis,
2451 2124 2670 2176 recitato
2697 2123 2904 2175 interim
2936 2121 3172 2191 psalmo:
3206 2139 3227 2172 ι
3253 2122 3442 2189 Asper—

233 2213 394 2267 mirum
454 2216 631 2270 sacris
687 2215 934 2286 reliquiis
981 2217 1171 2283 ditata,
1240 2227 1516 2286 unguento
1554 2231 1770 2286 quoque
1873 2229 1957 2282 ges
1987 2230 2087 2280 me,
2107 2214 2348 2279 Domine,
2396 2217 2643 2284 Ityssopo,
2679 2223 2730 2268 et
2763 2214 3077 2279 mundabor,
3117 2212 3313 2266 lavabts
3339 2227 3440 2273 me,

230 2319 358 2358 sacro
372 2305 604 2360 delibuta
658 2321 721 2361 ac
736 2307 1010 2376 pontiﬁcis
1035 2307 1414 2362 benedictione
1434 2307 1501 2361 ad
1550 2308 1768 2361 missam
1874 2317 1922 2359 et
1946 2322 2101 2374 super
2128 2307 2299 2360 nivem
2320 2306 2656 2361 dealbabor.s
2684 2306 2796 2360 Hoc
2819 2316 2898 2360 ter
2922 2306 3064 2359 dicto
3087 2305 3284 2374 reliqua
3307 2304 3445 2372 ejus-

231 2394 274 2448 in
296 2395 352 2449 iis
370 2396 743 2451 celebrandam
774 2396 1041 2452 dedicata.
1104 2398 1174 2453 Ut
1230 2413 1421 2451 eorum
1486 2411 1621 2452 usus
1684 2408 1769 2452 est
1871 2400 1987 2451 dem
2012 2399 2207 2467 psalmi
2235 2398 2500 2467 adjungit,
2528 2397 2791 2467 Deumque
2833 2398 3135 2451 benedicens
3164 2397 3261 2460 ait,
3296 2414 3313 2446 ι
3344 2395 3443 2449 Bc-

232 2485 273 2537 in
309 2487 696 2552 communione,
763 2487 855 2556 qui
908 2488 1072 2559 hujus
1113 2503 1304 2545 curam
1339 2487 1597 2558 suscipit,
1658 2487 1767 2543 illis
1872 2490 2106 2544 nedictus
2160 2490 2297 2543 Deus
2334 2500 2526 2555 noster,
2563 2504 2699 2542 nunc
2727 2498 2776 2542 et
2819 2504 3024 2558 semper
3058 2499 3108 2541 et
3142 2489 3198 2541 in
3246 2486 3443 2540 uetula

232 2579 913 2650 timticiasseriturﬁosm]
968 2585 972 2591 ’
1202 2609 1207 2613 «
1872 2582 2206 2654 swculorum,
2236 2582 2422 2638 Amen.
2467 2600 2487 2634 ι
2548 2585 2742 2636 Postea
2763 2594 2975 2649 accepto
3010 2581 3153 2634 sacri
3194 2580 3444 2649 unguenti

285 2668 529 2731 Quocirca
578 2674 783 2741 quaerit
831 2673 922 2727 ille
982 2673 1034 2726 in
1093 2671 1225 2727 Jure
1274 2670 1768 2738 GraecooRomano,
1872 2690 2015 2738 vase,
2040 2682 2089 2725 et
2112 2674 2334 2727 diacono
2365 2674 2661 2739 clamante,
2689 2692 2708 2726 ι
2741 2675 3105 2738 Attendamus,
3141 2690 3162 2724 ι
3199 2672 3327 2740 facit
3354 2688 3446 2739 per

229 2762 331 2829 quid
358 2762 652 2829 faciendum
678 2765 727 2818 si
761 2763 929 2818 desint
954 2765 1292 2830 antimensia,
1348 2780 1467 2817 cum
1519 2766 1634 2818 sine
1687 2764 1769 2818 Itis
1872 2765 2245 2818 autimensium
2278 2776 2459 2817 cruces
2490 2773 2617 2828 tres,
2678 2781 2837 2818 unam
2865 2780 2956 2833 per
2988 2765 3236 2824 medium,
3280 2764 3447 2815 utrino

229 2851 451 2905 celebrare
478 2867 579 2907 non
620 2853 835 2909 liceat-2
865 2850 1206 2923 Responsum
1240 2853 1320 2907 his
1346 2853 1527 2909 verbis
1571 2854 1767 2907 datur:
1869 2870 1967 2925 que
1986 2855 2142 2915 duas.
2168 2855 2516 2925 recitaturque
2536 2854 2771 2922 psalmus
2796 2872 2811 2909 :
2848 2872 2867 2906 ι
2901 2854 3032 2909 Ecce
3060 2870 3218 2924 quant
3255 2855 3445 2907 bonum

230 2942 513 2997 Antimansia
542 2945 600 2997 in
636 2944 877 2999 omnibus
904 2947 1099 3000 sanctis
1139 2946 1332 3000 mensis
1360 2944 1487 3012 (hoc
1520 2952 1602 2998 est
1628 2944 1769 2998 alta-
1869 2956 1919 3001 et
1950 2962 2109 3016 quam
2129 2947 2449 3016 jucundum,
2490 2963 2511 2995 ι
2543 2961 2705 3015 usque
2724 2945 2793 2998 ad
2814 2947 3003 3015 ﬁnem;
3046 2946 3307 3016 Deumque
3335 2949 3445 3001 cols
3482 2990 3483 2997 χ

231 3035 373 3103 ι’ἱὶιιις)
412 3038 534 3104 poni
563 3052 773 3091 necesse
804 3054 904 3091 non
955 3046 1056 3101 est,
1088 3038 1178 3091 sed
1225 3037 1279 3090 in
1345 3038 1412 3091 iis
1470 3038 1534 3092 de
1583 3037 1768 3108 quibus
1870 3038 2097 3092 laudans
2113 3037 2242 3091 dicit
2259 3039 2567 3106 episcopus:
2595 3055 2613 3088 ι
2640 3035 2820 3090 Gloria
2842 3038 2957 3103 tibi,
2983 3047 3167 3090 sancta
3191 3037 3440 3101 Trinitas,

231 3127 446 3179 incertum
482 3145 609 3180 nunt
643 3138 966 3183 consecrata;-
988 3132 1093 3183 sint
1121 3144 1299 3184 necne.
1330 3128 1472 3182 Nam
1494 3130 1759 3183 antimen-
1869 3128 2008 3183 Deus
2047 3137 2222 3182 noster
2265 3130 2321 3182 in
2353 3128 2573 3182 δαίδαλα.
2632 3146 2652 3179 ι
2700 3128 2899 3182 Deinde
2951 3137 3161 3196 accepto
3211 3129 3445 3189 turibula

228 3217 291 3266 sia
325 3216 483 3270 locum
531 3220 764 3273 obtinent
816 3229 1242 3275 consecratarum
1292 3236 1612 3285 mensarum,
1675 3235 1765 3274 nec
1793 3211 1835 3268 Β
1870 3223 2133 3277 incensum
2171 3220 2335 3289 facit;
2363 3229 2413 3274 et
2441 3223 2661 3274 diacono
2678 3221 2915 3273 dicente:
2953 3237 2968 3269 t
3002 3218 3222 3273 Oremus
3265 3218 3446 3272 Dami-

228 3306 281 3356 iis
301 3324 412 3373 opus
443 3319 516 3361 est
544 3312 637 3363 ubi
670 3326 879 3365 mensas
910 3321 1250 3367 consecratas
1283 3328 1392 3366 esse
1414 3321 1644 3366 constat.
1685 3312 1764 3367 Ex
1869 3329 2015 3380 num,
2043 3332 2061 3364 ι
2102 3313 2178 3366 sic
2202 3321 2451 3380 precatur
2468 3292 2731 3380 pontifex.
2759 3310 3085 3366 Subduntur
3107 3310 3304 3365 deinde
3324 3326 3445 3380 pre-

231 3400 399 3462 quibus
422 3398 631 3469 liquido
685 3409 831 3470 patet
894 3418 1016 3473 quae
1068 3404 1177 3457 sint
1230 3405 1567 3468 antimensia,
1645 3404 1769 3473 quis
1866 3418 1979 3472 ces,
2005 3419 2141 3474 quas
2162 3403 2663 3474 superantimensia
2689 3403 2936 3471 pontifex
2961 3403 3443 3473 fundit;quarunt

230 3498 383 3539 cuium
421 3503 574 3554 usus,
618 3505 813 3559 nempe
850 3489 992 3545 idem
1057 3507 1286 3560 prorsus
1340 3494 1434 3562 qui
1474 3493 1616 3561 apud
1663 3508 1765 3549 nos
1814 3534 1819 3539 ι
1867 3495 2139 3552 desiderio
2171 3495 2265 3566 qui
2304 3502 2538 3561 tenetur,
2578 3495 2625 3549 is
2656 3493 3047 3566 Euchologium
3083 3497 3352 3551 consulat.

232 3576 447 3630 altarium
489 3579 825 3647 portatilium
899 3596 995 3636 seu
1055 3582 1316 3657 lapidum,
1377 3594 1437 3638 ut
1483 3597 1765 3650 vocamus,
1942 3587 2119 3641 Animi
2162 3602 2327 3641 causa
2358 3585 2509 3656 juvat
2566 3584 2767 3641 addere
2817 3586 3180 3655 quaestionem
3243 3585 3443 3640 Joalttti

233 3681 639 3732 tousecratoruttt,
670 3688 905 3741 quorum
938 3674 1201 3729 bcnelicio
1229 3682 1403 3743 potest
1463 3675 1587 3745 quis
1604 3676 1767 3730 etiam
1869 3677 2040 3733 Citrio
2071 3678 2428 3747 propositam,
2468 3676 2598 3746 quid
2639 3675 2829 3731 Graece
2866 3676 3138 3746 signiticet
3186 3677 3445 3730 antimen—

234 3759 276 3811 in
293 3778 383 3815 non
403 3774 719 3820 consecrato
748 3767 906 3821 altari
933 3766 1233 3821 celebrare.
1287 3766 1441 3833 Quod
1493 3783 1623 3837 ergo
1672 3782 1771 3824 nos
1867 3773 2029 3837 sium,
2049 3786 2103 3826 et
2130 3770 2404 3840 quomodo
2425 3769 2771 3825 scribendum
2809 3770 2900 3833 sit,
2949 3784 3077 3824 num
3117 3783 3215 3838 per
3247 3765 3353 3840 ἦτα
3375 3784 3443 3823 an

234 3860 486 3914 possumus
515 3854 621 3908 hoc
642 3855 842 3921 medio,
864 3855 919 3910 id
938 3854 1112 3909 Grzrci
1132 3855 1365 3925 quibant
1391 3871 1485 3923 per
1509 3859 1773 3911 antimen-
1873 3879 1966 3934 per
1985 3862 2137 3916 idm.
2152 3861 2232 3915 Ad
2258 3862 2398 3916 hanc
2421 3860 2782 3930 quaestionem
2808 3852 2880 3913 ita
2901 3858 3190 3928 respondet
3214 3859 3441 3913 Citrius:

232 3941 315 4003 sia,
342 3941 439 3998 hoc
465 3952 547 3999 est
576 3959 672 4013 per
692 3954 872 4015 partes
895 3947 1190 4015 tegumenti
1215 3946 1362 4002 illius
1391 3947 1534 4016 quod
1568 3962 1769 4002 novum

1889 3953 2165 4023 tppellatio
2200 3953 2478 4005 deducitur
2512 3968 2544 4004 a
2581 3967 2780 4012 mensa,
2808 3950 2943 4018 quod
2973 3951 3259 4002 secundum
3292 3948 3443 4003 Grat-

234 4034 392 4098 altare,
452 4036 674 4106 quando
743 4037 1001 4108 templum
1058 4039 1506 4103 consecrabatur,
1550 4053 1774 4107 operue-
1873 4060 1963 4098 cos
1987 4043 2192 4111 quidem
2213 4039 2477 4111 signiﬁcat
2498 4038 2694 4092 κανοῦν
2738 4039 3057 4103 canistrum,
3086 4046 3134 4090 et
3159 4038 3445 4091 secundant

236 4132 324 4178 rat.
1167 4165 1177 4173 .

1890 4136 2125 4191 ltalicam
2151 4134 2389 4203 linguam
2406 4131 2467 4184 τὸ
2489 4129 3054 4200 πεπραγματευμένον
3077 4131 3191 4192 τοῖς
3221 4130 3444 4197 ἐψοποι-

290 4218 419 4274 lnter
452 4230 676 4276 catcras
713 4221 1045 4291 quaestiones
1082 4218 1277 4276 Joanni
1322 4219 1495 4274 Citrio
1527 4221 1776 4290 proposi-
1876 4232 1956 4292 οῖς
2000 4224 2542 4292 ὲδεστόνληιθτριιρε,
2576 4222 2767 4276 Venale
2790 4220 3189 4290 propinatorum
3211 4219 3444 4273 edulium

235 4320 300 4364 tas
331 4312 433 4366 ha‘c
477 4316 641 4368 etiam
678 4330 784 4367 una
837 4325 974 4377 erat,
1004 4329 1070 4367 an
1104 4314 1417 4389 antimensia
1470 4312 1629 4365 etiam
1689 4328 1778 4364 va-
1880 4322 1899 4393 (
1934 4335 2097 4391 quam
2132 4320 2268 4383 bene
2290 4317 2533 4379 Cra-cus,
2558 4325 2663 4368 tam
2699 4314 2838 4367 bene
2872 4312 3045 4367 Graeci
3104 4311 3368 4380 interpres
3400 4314 3441 4380 ).

233 4401 345 4455 leam
370 4406 417 4457 in
437 4404 564 4459 aliis
595 4405 935 4474 provinciiset
956 4404 1280 4466 ditecesibus,
1298 4420 1364 4455 an
1390 4402 1562 4456 solum
1582 4405 1633 4455 in
1651 4403 1781 4455 dite-
1881 4410 2181 4465 Audiamus
2208 4417 2419 4461 caetera
2439 4408 2555 4459 Hac
2595 4404 2798 4456 ratione
2840 4412 2888 4455 et
2917 4403 2972 4454 in
3001 4402 3193 4455 mensis
3215 4402 3445 4471 explica-

234 4496 315 4546 cesi
328 4498 540 4565 episcopi
563 4498 877 4550 antimensia
896 4496 991 4549 illa
1007 4498 1359 4549 consecrantis
1375 4506 1422 4546 et
1441 4494 1778 4560 conﬁcientis.

1890 4516 1953 4560 tu:
1987 4519 2186 4571 mapptr
2217 4494 2852 4555 nominanturmcttsalia,
2887 4504 3138 4563 tanquam
3178 4494 3248 4546 ad
3283 4510 3444 4544 ornu-

237 4584 365 4655 147
400 4588 699 4657 R“3590'”i0
721 4598 805 4641 εει
851 4588 1021 4640 valere
1060 4588 1264 4653 ubique.
1318 4587 1452 4638 δίεπε
1523 4594 1571 4639 ε’
1606 4586 1773 4652 ipsum
1814 4583 1846 4588 ⁷
1878 4610 1988 4655 tum
2008 4608 2196 4647 mensi:
2222 4590 2414 4658 posita.
2454 4586 2668 4655 Vulgari
2695 4594 2868 4637 autem
2894 4600 2990 4636 usu
3021 4583 3334 4636 antimcnsia
3364 4583 3447 4633 di-

232 4692 409 4731 sacrum
439 4689 835 4750 unguentumet
885 4680 996 4733 alia
1055 4696 1229 4745 sacra,
1284 4678 1519 4748 quamvis
1576 4694 1679 4730 uno
1719 4678 1775 4757 in

1890 4699 2067 4745 :untur
2090 4695 2144 4738 ut
2177 4685 2229 4736 in
2258 4682 2477 4735 vestibus
2503 4681 2759 4747 antipana
2799 4675 3148 4746 (antipanni).
3193 4673 3318 4728 llwc
3346 4691 3444 4727 au-

232 4765 324 4819 loco
349 4772 698 4841 sanctiﬁcata,
716 4773 874 4826 semel
900 4781 1074 4825 tamen
1092 4772 1562 4838 sanctificationem
1586 4770 1773 4838 adepta

1890 4792 1977 4836 tem
2004 4780 2058 4831 in
2091 4773 2287 4829 sanctis
2304 4771 2422 4823 illis
2447 4777 2710 4835 ponuntur
2736 4768 2922 4819 mensis
2966 4781 3098 4832 quas
3122 4766 3444 4816 consecrato

236 4859 395 4930 ubique
421 4881 537 4919 eam
570 4867 794 4919 retinent
828 4874 876 4918 et
904 4874 1173 4927 exserunt,
1211 4864 1388 4933 inquit
1419 4862 1648 4925 Citrius,
1679 4860 1772 4929 qui
1876 4890 1980 4926 non
2009 4864 2377 4934 δαηειξβι-αυὶι.
2407 4860 2568 4931 148
2593 4857 2883 4927 Subjnngit
2910 4856 3114 4909 Citrins
3140 4872 3153 4907 :
3216 4852 3274 4906 Si
3314 4866 3443 4906 tem-
3488 4892 3497 4943 ε

232 4962 274 5004 et
299 4956 441 5009 docet
475 4957 793 5011 antimensia
820 4972 923 5009 non
972 4958 1141 5024 primo
1202 4955 1383 5008 statim
1430 4955 1774 5006 dedicationis
1874 4965 2021 5033 ριηιη
2049 4976 2149 5011 non
2181 4966 2259 5010 est
2287 4953 2608 5013 dedicatum,
2636 4947 2774 5018 quod
2797 4949 2845 5000 ei
2883 4946 3047 5010 deest,
3082 4944 3444 5010 sanctiﬁcato-
3484 4946 3496 5005 ,'

233 5042 300 5093 die
339 5045 640 5111 distributa,
704 5045 794 5101 sed
848 5057 959 5100 tum
1016 5048 1247 5111 demum,
1304 5046 1392 5097 ubi
1418 5055 1773 5114 tegumentum
1879 5055 1961 5106 ria
1996 5053 2069 5105 vis
2110 5045 2414 5101 antimensii
2443 5040 2645 5110 implet.
2681 5038 2907 5108 Ideoque
2936 5038 2992 5089 in
3026 5052 3126 5088 non
3147 5046 3448 5087 consecrato

234 5134 393 5190 altaris
429 5154 519 5203 per
540 5138 807 5206 sacriﬁcia
837 5147 1033 5204 septem
1069 5139 1334 5191 continuis
1363 5138 1543 5189 diebus
1595 5128 1773 5189 obltita

1891 5142 2067 5212 :emplo
2112 5135 2432 5204 sacriﬁcium
2476 5134 2588 5187 sine
2633 5129 2949 5184 antimcnsio
2980 5142 3245 5195 nunquam
3276 5125 3445 5193 [aeerc

233 5229 672 5296 sanctiﬁcationem
703 5232 1011 5294 accepisset,
1035 5231 1089 5283 in
1136 5241 1312 5298 partes
1339 5229 1567 5282 divisum
1600 5237 1649 5280 et
1676 5244 1772 5297 pro
1874 5236 2013 5288 licet.
2063 5230 2128 5285 Et
2154 5227 2413 5285 sacerdoti
2452 5225 2543 5294 qui
2583 5223 2679 5275 hac
2712 5237 2871 5275 ausus
2924 5220 3105 5288 fuerit,
3149 5232 3297 5280 poma
3348 5217 3446 5270 erit

233 5322 533 5377 antimensiis
572 5324 911 5377 distributum
938 5340 1071 5378 esse.
1098 5324 1152 5378 ln
1181 5325 1424 5378 eamdem
1447 5323 1771 5378 sententiam
1874 5324 2150 5394 depositio.
2184 5319 2289 5374 Per
2319 5320 2428 5371 iota
2451 5327 2633 5369 autem
2673 5312 2927 5366 scribitur
2970 5310 3152 5387 διὰ-τὸ
3184 5307 3396 5361 ὲϐνικόν
3430 5322 3445 5336 ’

234 5408 543 5482 Νιρυριιοηιε
613 5418 931 5486 patriarcha
988 5418 1307 5488 Cpolitanus
1365 5426 1495 5469 tom.
1552 5415 1569 5467 l
1625 5415 1773 5469 Jnris

1890 5418 1943 5470 sit
1971 5416 2079 5484 γὰρ
2112 5412 2304 5465 ἐθνικὰ.
2335 5408 2479 5461 κατὰ
2501 5406 2594 5458 τὸν
2629 5403 3021 5475 γραμματικὸν
3075 5401 3278 5454 κανόνα
3315 5398 3444 5451 οὔτε

233 5500 427 5560 GR.lol.
455 5506 562 5572 29,
603 5509 954 5573 Antimensia,
1003 5511 1197 5579 inquit,
1270 5509 1560 5576 ubicunque
1613 5508 1772 5575 fuerit

1895 5505 2211 5576 παραγωγὰς
2226 5500 2351 5556 οὔτε
2375 5501 2605 5561 κανόνας
2628 5498 2859 5565 ἔχουσιν.
2881 5493 3061 5549 Solent
3078 5502 3249 5545 autent
3267 5506 3449 5558 gram-

232 5593 447 5663 ίῖδορυίς
481 5602 784 5663 mittuntur,
836 5616 927 5653 nec
982 5602 1061 5653 uel
1126 5601 1225 5652 hac
1282 5598 1357 5651 vel
1415 5599 1511 5651 illa
1567 5600 1773 5663 regione
1875 5598 2158 5663 ntaticiper
2181 5595 2349 5646 iotaet
2374 5593 2606 5644 omicron
2627 5598 2673 5642 et
2693 5586 3012 5652 epsilantbu;
3034 5581 3248 5642 ἐθνικὰς
3269 5582 3449 5647 φωνάς

235 5689 727 5765 circumscribuntur.
754 5695 841 5747 sed
881 5694 937 5746 in
981 5692 1140 5747 aliain
1200 5707 1401 5761 quoque
1446 5678 1770 5759 provinciam
1873 5688 2119 5743 scribere.
2175 5685 2306 5749 Qua:
2344 5684 2488 5737 ratio
2541 5680 2697 5736 Citrii
2745 5678 2933 5749 quanti
2980 5678 3070 5738 sit,
3123 5675 3174 5727 in
3207 5669 3449 5741 cujnstis

234 5780 594 5847 transferuntur
620 5785 754 5835 sicut
776 5791 824 5835 et
856 5799 1065 5836 sacrum
1116 5790 1455 5850 unguentum.
1493 5777 1651 5830 Addit
1676 5776 1766 5827 Ni-
1868 5780 2094 5834 arbitrio
2124 5778 2288 5832 situm
2314 5785 2452 5830 esto.

235 5871 472 5937 ccphurus
504 5874 836 5928 notationem
867 5873 1107 5929 nominis
1142 5888 1157 5926 :
1195 5873 1281 5925 Sic
1303 5878 1477 5923 autem
1499 5866 1776 5936 appellat»
1944 5874 2031 5925 Λῑι
2074 5872 2292 5939 insuper
2334 5865 2651 5921 antimensia
2682 5864 2832 5919 nullo
2877 5860 3039 5917 modo
3072 5857 3281 5912 licitum
3315 5867 3453 5909 con-
