3936 6586
446 426 547 495 163

1570 433 1651 492 ΙΝ
1683 432 1990 493 LIBRUM
2037 431 2131 490 DE
2161 430 2494 490 OFFlCllS
2531 433 2642 490 (ΣΡ.

3588 432 3689 495 ibi.

443 534 767 609 ticere,'nisi
800 541 855 594 in
875 541 1002 594 novi
1036 540 1220 610 templi
1246 539 1605 607 dedicatione,
1629 544 1835 614 quique
1859 556 2020 597 secus
2051 547 2094 601 Α
2126 556 2299 610 nugas
2323 543 2387 596 de
2422 541 2804 606 suﬂ‘ragatione
2838 551 2889 594 et
2941 541 3226 604 electione,
3280 544 3552 611 quomodo
3589 551 3688 598 ad-

441 641 622 704 agant,
662 647 902 688 canones
962 634 1310 702 transgredi,
1346 649 1447 690 nec
1503 635 1706 691 referre
1749 649 1878 689 num
1911 650 2017 687 nn-

440 741 535 794 per
565 725 823 795 templum
854 725 928 780 sit
951 734 1294 781 exstructum
1358 743 1373 791 ;
1401 727 1534 782 satis
1577 741 1699 782 esse
1731 727 1876 795 quod
1908 742 2014 779 non

441 816 604 872 fuerit
639 816 970 883 dedicatum,
1027 816 1470 888 quandocunque
1533 819 1756 874 demum
1803 828 2020 875 exstru-

441 920 584 965 ctum
608 909 798 966 fuerit.

512 1000 608 1056 His
643 1002 790 1055 hunc
820 1002 875 1054 in
908 1000 1130 1074 modum
1181 1001 1248 1056 de
1298 1000 1754 1057 antimensiorum
1807 1003 2019 1057 ratione

439 1091 749 1159 explicatis,
782 1091 837 1146 in
869 1098 1060 1146 tenues
1089 1106 1255 1147 auras
1310 1094 1587 1148 evanescit
1631 1092 1897 1149 Junianus
1930 1095 2020 1148 ille

441 1180 737 1233 antecessui
777 1195 970 1234 mensa:
1000 1180 1300 1249 praefectus,
1328 1196 1452 1235 cum
1480 1180 1707 1237 scholiis
1760 1182 1866 1235 illis
1894 1195 2030 1236 vere

443 1271 641 1324 scoriis
663 1278 720 1325 et
774 1271 1020 1326 insulsis.
1078 1271 1186 1326 Nos
1221 1271 1532 1342 prafectnm
1579 1274 2020 1328 antimensiorum

442 1361 527 1414 vel
555 1362 856 1415 antimensii
898 1361 1280 1427 nominemus;
1307 1361 1395 1417 cui
1424 1370 1626 1432 praeter
1659 1377 1848 1417 curam
1882 1366 2022 1417 anti-

442 1451 761 1503 meusiorum
791 1451 953 1505 etiam
983 1451 1097 1505 haec
1121 1450 1491 1514 incumbebat,
1527 1459 1584 1505 ut
1613 1466 1814 1521 corpus
1835 1452 2022 1507 Domi-

442 1541 498 1594 ni
537 1551 862 1609 accepturos
890 1542 958 1594 ad
986 1540 1426 1596 communionem
1457 1557 1552 1596 seu
1599 1541 1893 1597 deduceret
1923 1557 2020 1597 seu

445 1632 747 1688 induceret.
778 1631 986 1688 GRETS.

1063 1723 1294 1779 CAPUT
1329 1722 1400 1779 X.

568 1815 646 1870 De
674 1825 825 1870 sexta
847 1817 1074 1886 pentade
1121 1817 1418 1886 ofﬁciorum
1473 1827 1521 1872 et
1561 1818 1896 1888 officialium.

2122 634 2271 687 missi
2305 642 2434 687 sunt
2459 641 2519 688 ut
2547 631 2717 687 libere
2755 642 2810 687 et
2843 633 3110 702 intrepide
3157 633 3458 688 indicarent
3487 637 3693 704 quibus

2121 724 2575 794 sull‘ragarentur,
2609 725 2654 779 si
2684 725 2816 787 haec,
2855 732 2914 778 ut
2941 735 3128 794 postea
3152 725 3248 790 ait,
3277 727 3494 780 nonnisi
3527 730 3692 793 trepi-

2121 816 2183 869 de
2203 826 2257 870 et
2284 816 2448 869 labris
2468 816 2808 870 trementibus
2838 815 3016 870 elIt-rri
3047 817 3244 882 solent,
3273 819 3373 872 etsi
3406 819 3456 872 in
3485 819 3568 873 his
3599 835 3696 873 ne-

2122 922 2276 963 cesse
2315 919 2398 963 est
2431 907 2752 978 βαμϐάλειν,
2775 908 3024 962 [imitare
3056 917 3109 962 et
3138 908 3438 976 fluctuare?
3469 908 3577 962 Sed
3599 923 3695 961 va-

2122 999 2228 1052 leat
2251 998 2524 1054 bambalio
2559 1000 2691 1053 iste:
2726 1013 2826 1053 nos
2861 999 3111 1066 legamus
3148 1001 3558 1069 μονάμπουλλον
3591 1020 3693 1057 seu

2125 1088 2527 1158 μονάμπουλον.
2553 1085 2624 1141 Ut
2649 1088 2794 1142 enim
2813 1088 3011 1157 prioris
3038 1091 3247 1143 ostiarii
3292 1102 3375 1145 est
3418 1091 3561 1146 iores
3594 1110 3693 1147 cu-

2123 1180 2352 1241 stodire,
2373 1180 2502 1234 dum
2532 1181 2771 1233 ministri
2791 1178 3061 1246 Ecclesiae,
3083 1180 3322 1244 diaconi,
3346 1183 3696 1248 subdiaconi,

2123 1276 2464 1338 sacerdotes,
2502 1273 2768 1342 episcopi,
2810 1274 3135 1328 ordinantur
3169 1283 3222 1328 et
3254 1275 3559 1336 initiantur,
3615 1275 3697 1326 ita

2126 1364 2288 1434 hujus
2316 1364 2541 1418 secundi
2610 1363 2821 1418 ostiarii
2847 1375 2931 1418 est
2970 1374 3153 1418 tenere
3185 1367 3478 1434 ampullam
3529 1379 3633 1418 una
3649 1379 3698 1416 m

2122 1468 2176 1510 et
2207 1455 2397 1518 solam,
2422 1464 2482 1509 ut
2515 1454 2886 1518 distinguatur
2913 1469 2943 1508 a
2967 1454 3299 1524 dibampulo,
3335 1457 3402 1510 de
3429 1471 3536 1525 quo
3558 1455 3702 1509 infra

2125 1547 2191 1600 ad
2229 1561 2282 1614 p.
2317 1546 2408 1599 44.
2463 1543 2597 1598 Erat
2645 1553 2828 1599 autem
2894 1547 2949 1599 in
3013 1546 3250 1613 ampulla
3309 1545 3410 1600 hac
3459 1547 3701 1600 chrisma

2125 1640 2190 1694 ad
2218 1638 2530 1693 unctionem
2567 1636 2910 1692 sacerdotum
2943 1646 2996 1691 et
3023 1636 3404 1706 episcoporum
3447 1651 3702 1692 necessa-

2128 1731 2289 1796 rium,
2322 1741 2555 1799 eamque
2591 1728 2811 1782 tenebat
2856 1729 2959 1782 iste
2988 1728 3268 1790 ostiarius,
3313 1738 3372 1782 ut
3401 1731 3454 1782 in
3483 1742 3708 1798 promp-

2128 1834 2182 1876 tu
2214 1822 2398 1876 statim
2427 1819 2590 1882 foret,
2627 1819 2674 1874 si
2697 1819 2939 1873 initiator
2971 1828 3300 1888 reposceret.
3331 1817 3500 1874 Porro
3521 1834 3702 1874 ,νοου-

516 1906 578 1962 Ρ.
615 1909 669 1962 5.
702 1907 754 1960 ln
793 1883 948 1962 sexta
980 1883 1216 1977 pentade
1247 1909 1484 1977 primum
1522 1883 1698 1963 locum
1745 1920 1891 1965 tenet
1913 1927 2023 1980 ρει-ι
2057 1883 2095 1936 Β
2125 1916 2231 1970 lam
2273 1911 2513 1980 ampulla
2537 1913 2702 1966 etiam
2751 1910 2926 1965 Cra-ci
2979 1883 3227 1966 fecerunt
3260 1927 3414 1966 suam
3446 1911 3705 1981 ἄμπονλα

447 2017 562 2054 mus
629 2001 879 2054 ostiarius
917 1999 1137 2067 κρατῶν
1172 2001 1269 2068 τᾲς
1311 2000 1483 2071 069a;
1525 2005 1603 2064 εἰς
1631 2001 1731 2063 τὰς
1783 2019 2023 2073 χειροτο-

445 2090 583 2158 νίας,
627 2091 716 2159 qui
749 2089 889 2158 fores
926 2091 1153 2144 custodit
1185 2091 1238 2144 in
1273 2091 1500 2159 ferendis
1516 2092 1816 2162 suffragiis,
1851 2096 2029 2162 inquit

445 2181 662 2246 Junius,
718 2181 1072 2234 chirotoniam
1116 2195 1214 2249 pro
1267 2180 1514 2235 electione
1565 2183 1859 2251 accipiens.
1916 2185 2026 2253 Ego

449 2275 632 2329 malim
655 2273 1009 2327 cliirotoniam
1041 2274 1289 2342 accipere
1335 2289 1436 2342 pro
1461 2275 1684 2342 preprio
1702 2290 1804 2330 suo
1858 2276 2028 2344 signi-

448 2366 633 2428 licato,
669 2378 865 2432 nempe
915 2378 1016 2432 pro
1064 2365 1482 2419 consecratione
1530 2382 1623 2419 seu
1677 2367 2025 2422 ordinatione

448 2456 823 2510 ministrorum
851 2453 1129 2520 Ecclesiae,
1156 2455 1228 2508 ita
1259 2465 1315 2508 ut
1340 2457 1511 2525 primo
1541 2459 1760 2512 ostiario
1787 2474 1916 2512 cura
1944 2459 2028 2528 ja-

447 2565 570 2603 num
598 2547 923 2602 demandata
955 2546 1026 2599 sit
1055 2559 1183 2602 tunc
1205 2548 1423 2616 quando
1451 2548 1688 2616 diaconi,
1716 2553 2028 2606 sacerdotes

447 2643 647 2710 aliique
681 2641 1004 2695 ordinantur
1029 2649 1084 2694 et
1126 2647 1543 2694 consecrantur.
1596 2638 1860 2704 Quamvis
1905 2657 2026 2697 ma-

446 2747 685 2800 gnopere
716 2746 822 2784 non
852 2731 1186 2800 repugnabo,
1211 2729 1256 2784 si
1293 2731 1418 2797 quis
1449 2729 1684 2784 ollicium
1729 2733 1888 2801 primi
1926 2733 2028 2787 hu-

445 2823 535 2888 jus
560 2821 772 2874 ostiarii
796 2821 1190 2889 interpretetur
1220 2821 1288 2873 de
1309 2821 1426 2888 ipsa
1443 2821 1710 2877 electione
1747 2823 2027 2879 ministro-

450 2927 570 2965 rum
605 2911 890 2973 Ecclesiae,
926 2929 1050 2965 cum
1084 2926 1179 2980 per
1229 2911 1484 2981 suffragia
1520 2913 1797 2982 eliguntur
1827 2916 1894 2969 ab
1921 2917 2028 2971 illis

446 3001 645 3072 quibus
673 3003 764 3072 jus
788 3010 842 3057 et
871 3011 1112 3072 potestas
1133 3002 1364 3071 eligendi
1389 3013 1543 3058 :tunc
1569 3006 1714 3058 enim
1737 3005 1821 3060 vel
1845 3009 2023 3061 inaxi-

449 3111 533 3150 me
557 3106 762 3154 a=tento
787 3105 841 3150 et
861 3096 1260 3165 circumspecto
1285 3097 1507 3150 ostiario
1535 3112 1673 3165 opus
1699 3107 1802 3152 est.
1821 3097 2026 3154 ϐιιετε.

531 3187 700 3258 [lbid.
728 3187 864 3240 lluic.
891 3188 1035 3242 aliud
1065 3203 1266 3243 munus
1293 3188 1598 3257 adiungunt
1625 3189 1924 3246 Allatiana:
1958 3192 2020 3245 Oi
2055 3204 2097 3262 ο

447 3279 713 3348 ὀςτιάριοι
744 3279 1044 3348 βαστάζων
1066 3280 1165 3350 τὴν
1193 3281 1392 3351 ῥάϐδον
1419 3281 1512 3334 τοῦ
1557 3284 1882 3352 ἀρχιερέως.
1910 3286 2022 3339 Cu-

454 3368 706 3422 bicularii
746 3383 888 3424 onus
935 3383 1059 3424 esse
1102 3379 1360 3424 asserunt.
1399 3372 1547 3426 alia:
1602 3371 1660 3426 ὐ
1685 3373 2024 3444 κουόούκλης

453 3460 539 3511 ἵνα
561 3458 804 3528 Bizertng
838 3459 897 3511 τὺ
935 3459 1247 3514 δεκανίκιον
1271 3461 1366 3514 τοῦ
1398 3461 1723 3532 ἀρχιερέως,
1749 3463 1878 3516 ὅταν
1929 3483 2025 3518 πει

450 3552 689 3618 ριπατεῖ.
725 3549 875 3603 Com
911 3549 924 3620 ]

520 3638 580 3692 P.
674 3638 944 3694 Secundus
964 3641 1216 3696 ostiarius
1233 3642 1260 3694 ὀ
1279 3642 1496 3711 κρατῶν
1508 3644 1571 3698 τὸ
1591 3645 2023 3717 μονοὸάμϐυλον,

449 3731 535 3798 qui
563 3741 719 3798 tenet,
745 3747 841 3787 seu
889 3733 974 3787 cui
1008 3734 1101 3803 jus
1129 3736 1184 3788 in
1217 3735 1671 3807 monobambylum
1700 3757 1714 3792 :
1756 3741 1827 3793 ita
1859 3741 2028 3794 edidit

449 3825 674 3882 Junius.
723 3827 864 3893 Quid
905 3844 1035 3883 vero
1087 3830 1192 3884 hoc
1231 3832 1506 3886 nominis?
1551 3834 1628 3886 vel
1673 3835 1850 3903 potius
1891 3836 2025 3904 quid

451 3917 723 3971 nionstri?
750 3916 942 3972 Junius
993 3917 1084 3972 hic
1111 3919 1301 3984 multa,
1343 3922 1436 3974 sed
1479 3922 1639 3991 plane
1689 3923 2023 3978 ridicularia.

449 4008 591 4072 Quid
633 4025 764 4080 ergo
807 4010 882 4064 illi
913 4019 995 4065 est
1048 4010 1522 4080 monobambylon?
1553 4014 1666 4068 Duo
1693 4015 1811 4069 loca
1846 4015 2028 4070 cliiro-

452 4103 610 4156 lonia:
643 4103 952 4174 distinguit,
1005 4105 1252 4171 alterum,
1278 4107 1334 4158 in
1364 4123 1516 4174 quem
1549 4123 1580 4158 a
1607 4109 1776 4176 primo
1809 4110 2026 4162 ostiario

449 4209 621 4245 omnes
650 4193 911 4246 adurisst
946 4194 1077 4248 dicit
1102 4211 1230 4264 quos
1257 4208 1474 4248 noverat
1497 4195 1685 4249 habere
1707 4197 1797 4264 jus
1831 4199 2027 4265 suffra-

449 4286 521 4354 gii
550 4284 784 4354 ferendi;
814 4285 1040 4338 alterum
1080 4288 1437 4349 secretiorem,
1469 4289 1520 4339 in
1567 4287 1726 4357 149
1767 4305 1916 4357 quem
1956 4290 2025 4342 ad

449 4377 811 4443 patriarcham
843 4375 918 4428 vel
950 4376 1248 4444 episcopum
1274 4393 1364 4444 per
1392 4381 1678 4430 secundum
1737 4381 2026 4433 ostiarium

447 4466 744 4520 intromissi
775 4466 992 4534 fuerint,
1029 4477 1083 4519 ut
1117 4467 1278 4520 libere
1307 4478 1352 4521 et
1387 4469 1645 4536 intrepide
1680 4471 1879 4537 optima
1919 4471 2023 4539 fide

449 4561 680 4612 dicerent
709 4559 897 4627 quibus
933 4558 1376 4626 suﬂragarentur,
1403 4562 1590 4629 quibus
1626 4575 1727 4612 non
1763 4562 2021 4630 suffraga-

450 4664 651 4715 rentur,
678 4664 726 4705 et
756 4667 941 4720 quare.
970 4650 1121 4703 Hunc
1147 4655 1476 4706 secretiorem
1499 4655 1785 4723 singularis
1844 4672 2019 4725 χειρο⁸

447 4745 624 4806 tautae;
643 4743 835 4809 locum,
858 4745 1060 4812 opinor,
1085 4744 1328 4797 dixerunt
1351 4742 1523 4798 Grteci
1553 4746 1865 4799 recentiores
1923 4764 2019 4814 p.0-

449 4839 803 4909 νοὸάμὸυ).ον,
844 4838 992 4908 παρὰ
1022 4838 1082 4890 τὸ
1117 4839 1308 4908 μόνους
1341 4838 1374 4907 ἢ
1430 4841 1571 4893 κατὰ
1604 4841 1766 4908 μόνας
1802 4839 2020 4911 βαμὸά-

404 4931 420 4989 1
448 4931 580 4994 λειν,
617 4948 674 4985 eo
699 4930 836 4998 quod
883 4931 935 4982 in
969 4929 1083 4984 loco
1123 4930 1384 4998 ejusmodi
1415 4942 1634 4999 rogatus
1677 4935 1896 5001 quisque
1924 4951 2018 5001 pro

450 5023 560 5090 fide.
584 5023 800 5074 seorsim
837 5021 1152 5073 sententiam
1191 5036 1343 5072 suam
1373 5029 1635 5073 teneretur
1659 5024 1895 5090 quamvis
1915 5034 2022 5076 tre-

448 5113 567 5179 pide
593 5112 891 5170 enumiare,
930 5111 976 5161 si
1009 5124 1159 5177 quem
1197 5125 1300 5161 non
1332 5126 1444 5163 esse
1467 5111 1832 5183 ἀνεπίληπτον
1876 5131 2021 5168 com-

447 5204 662 5271 perisset
693 5204 822 5262 (hac
849 5201 988 5254 enim
1009 5202 1304 5254 testimonia
1343 5213 1387 5254 et
1415 5205 1774 5258 accusationes
1811 5209 2018 5260 nonnisi

447 5291 722 5360 trepidPet
744 5291 903 5344 labris
935 5293 1097 5362 ferme
1129 5294 1465 5367 trementibus
1495 5296 1666 5365 eﬂ‘erri
1691 5299 1904 5367 solent),
1928 5311 2020 5352 aut

446 5393 580 5435 certe
611 5383 765 5434 alteri
816 5385 1111 5452 obstrepere
1141 5395 1190 5437 et
1223 5386 1496 5440 detrahere
1541 5388 1606 5439 de
1629 5389 2020 5446 existimatione

447 5471 631 5532 ipsius.
660 5471 750 5524 Est
769 5474 904 5524 enim
926 5473 1172 5541 βαμϐά).ε
1185 5493 1228 5527 ιγ
1250 5475 1445 5529 Grn‘cis
1463 5476 1652 5545 ψοφεῖν
1669 5483 1777 5540 τοῖς
1795 5482 2017 5549 χείλεσι,

445 5573 535 5616 unt
563 5565 741 5625 etiam,
777 5575 830 5616 ut
864 5566 916 5616 in
965 5564 1233 5619 Glossario
1287 5567 1507 5637 legimus
1528 5611 1542 5633 ,
1563 5571 1829 5636 Iussitare,
1853 5575 2020 5627 vacil-

448 5653 580 5720 lare,
615 5656 874 5708 titubare:
907 5657 996 5708 sed
1029 5657 1084 5709 in
1109 5657 1278 5709 locum
1305 5658 1398 5709 τοῦ
1428 5675 1462 5710 α
1493 5656 1676 5714 Dorice
1698 5663 2018 5730 usu/fectum

445 5758 518 5799 est
543 5788 556 5810 ,
596 5758 642 5800 et
682 5747 1087 5817 μονοὸάμϐυὶον
1125 5758 1368 5820 corrupte
1395 5752 1613 5804 dictum.
1639 5752 1776 5818 Quid
1805 5765 1888 5808 est
1917 5772 2018 5808 nu-

448 5841 584 5907 gari,
620 5842 662 5892 si
707 5842 807 5893 hoc
845 5856 950 5893 nou
984 5840 1104 5893 est?
1135 5841 1195 5895 Ut
1230 5842 1373 5896 enim
1406 5843 1652 5896 omittam
1691 5848 2017 5901 vanissimas

2128 2001 2207 2057 vel
2233 2000 2540 2070 ἄμπουλλα.
2593 1999 2783 2054 Aetius
2807 2039 2820 2062 ,
2859 1999 2895 2053 ι.
2933 2016 3002 2056 vn
3049 2019 3063 2055 :
3102 2001 3454 2070 ’Λμπουλλαν
3489 2001 3706 2071 ὑελίνην

2128 2092 2339 2159 πλήσας
2367 2090 2571 2152 ἐλαίου.
2603 2095 2662 2143 ιιι
2701 2091 2772 2144 sit
2802 2104 2898 2146 cur
2921 2104 2988 2144 eo
3011 2093 3195 2146 minus
3227 2093 3438 2147 mireris
3479 2093 3538 2144 τὸ
3601 2108 3705 2160 po-

2125 2182 2424 2253 νάμϐου>.ον
2444 2181 2539 2235 καὶ
2567 2181 2628 2233 τὸ
2647 2180 3033 2249 διόάμπουλον.
3065 2181 3272 2237 ϐιιετε.

2200 2275 2344 2346 [P.G.
2371 2273 2724 2337 l’atriarchae,
2751 2273 2896 2328 sicut
2943 2285 2998 2327 et
3028 2273 3367 2343 imperatori,
3419 2273 3708 2344 prafertur

2122 2365 2264 2434 ignis
2294 2365 2345 2418 in
2373 2363 2627 2430 ecclesia,
2659 2363 2746 2416 fax
2775 2363 3036 2418 nimirum
3067 2378 3299 2420 accensa
3333 2363 3502 2418 hasta:
3539 2379 3705 2432 quam

2124 2467 2333 2512 ornata:
2359 2455 2534 2508 allisa.
2564 2453 2804 2509 Vocatur
2820 2454 2912 2508 illa
2945 2454 3326 2524 μονάμπουλον
3344 2455 3432 2508 διὰ
3452 2454 3511 2508 τὸ
3535 2455 3709 2524 μόνην

2127 2550 2319 2603 ἅπτειν
2348 2564 2362 2599 :
2391 2547 2539 2600 aliud
2573 2546 2692 2614 eius
2719 2561 2917 2601 nomen
2955 2554 3036 2599 est
3060 2546 3335 2615 λαμπρόν.
3381 2547 3708 2616 Imperatori

2129 2650 2436 2694 reservatur
2452 2638 2841 2705 διὸἀμπουλον.
2882 2639 2953 2691 De
2988 2649 3220 2706 utroque
3250 2638 3430 2693 fusius
3451 2653 3502 2692 c.
3554 2639 3622 2692 15
3651 2639 3704 2691 in

2101 2729 2292 2800 .notis.
2333 2727 2574 2782 Consule
2608 2725 2956 2782 Balsamonis
2981 2728 3296 2783 Meditatum
3351 2730 3418 2782 de
3467 2731 3710 2798 patriar-

2125 2819 2351 2874 charum
2384 2816 2681 2885 privilegiis
2701 2815 2974 2871 JurisGR.
3005 2816 3040 2870 l.
3077 2831 3172 2870 vn.
3205 2814 3376 2870 Porro
3399 2817 3706 2869 secundum

2131 2912 2275 2964 hunc
2307 2908 2594 2963 ostiarium
2636 2909 2862 2978 proprio
2918 2907 3137 2962 nomine
3197 2916 3393 2962 voeant
3435 2907 3710 2966 Allatiana

2130 2998 2639 3068 περιεισερχόμενον
2675 3012 2690 3027 ⁶
2749 2999 2777 3052 ὁ
2835 2997 3370 3067 περιεισερχόμενος,
3424 2996 3709 3067 inquiunt,

2128 3089 2215 3141 ἴνα
2241 3091 2384 3160 φέρῃ
2409 3089 2660 3158 λαμπρὸν
2692 3091 2772 3151 εἰς
2796 3090 2893 3160 τὴν
2917 3087 3232 3160 ἐκκλησίαν.
3251 3089 3452 3161 Contr]

2204 3183 2346 3239 Ibid.
2377 3183 2610 3238 Nnncad
2633 3193 2988 3252 protopapam
3027 3199 3112 3238 me
3137 3184 3361 3240 confero
3398 3201 3413 3249 ;
3443 3199 3606 3255 quem
3627 3185 3712 3240 sic

2127 3275 2394 3331 describit
2419 3275 2664 3329 Codiuus
2699 3292 2714 3328 :
2753 3276 3006 3339 Ἔκδικος
3033 3277 3127 3328 καὶ
3154 3276 3370 3346 πρῶτος
3395 3275 3490 3329 τοῦ
3521 3275 3708 3346 βήμα-

2124 3387 2236 3432 τος,
2272 3369 2365 3423 καὶ
2381 3367 2642 3439 φέρωντὰ
2667 3368 2952 3436 δευτερεῖα
2977 3368 3071 3420 τοῦ
3103 3369 3424 3438 ἀρχιερέως,
3459 3368 3710 3436 defensor

2125 3469 2173 3513 et
2195 3461 2395 3526 primus
2423 3457 2705 3514 tribunalis
2724 3459 2827 3529 (sic
2843 3461 2984 3514 enim
3005 3459 3200 3516 Junius
3222 3476 3242 3514 :
3260 3475 3358 3531 ego
3379 3461 3712 3517 tabernaculi

2127 3567 2224 3606 seu
2254 3551 2440 3607 altaris
2460 3551 2641 3622 ιβῆμα
2667 3553 2812 3607 enim
2846 3552 2935 3607 hic
2957 3561 3038 3608 est
3059 3553 3213 3608 locus
3237 3553 3465 3608 interior
3489 3563 3542 3610 et
3574 3570 3710 3610 san-

2125 3642 2291 3704 ctior,
2311 3641 2400 3695 ubi
2424 3643 2757 3698 sacrificium
2778 3643 3100 3713 peragitur),
3114 3647 3383 3713 proximas
3407 3661 3438 3698 a
3457 3647 3710 3716 pontiﬁce

2127 3735 2390 3789 obtinens.
2424 3734 2540 3790 Non
2574 3744 2759 3792 tamen
2785 3736 3110 3806 simpliciter
3147 3737 3294 3808 (nam
3336 3740 3705 3794 exocatacteli

2128 3827 2335 3895 alisque
2367 3827 2534 3881 dubio
2565 3829 2806 3896 potiores
2841 3835 2998 3882 erant
3046 3828 3381 3898 maiorisque
3422 3831 3711 3899 dignitatis

2127 3928 2180 3971 et
2210 3919 2590 3989 excellentiae),
2620 3919 2715 3975 sed
2751 3921 2895 3974 inter
2926 3921 3270 3985 sacerdotes,
3306 3931 3367 3975 ut
3387 3920 3590 3977 Citrins
3628 3924 3711 3976 lo~

2128 4011 2338 4075 quitur,
2369 4011 2578 4073 κοινούς
2606 4021 2906 4081 protopapa
2943 4013 3155 4080 primus
3175 4023 3292 4068 erat
3321 4022 3374 4067 et
3400 4013 3480 4068 sic
3507 4015 3706 4081 prosi-

2131 4117 2254 4154 mus
2281 4115 2310 4154 a
2343 4101 2675 4170 patriarcha,
2709 4118 2829 4167 seu,
2857 4103 3003 4173 quod
3036 4104 3179 4158 idem
3202 4113 3310 4169 est,
3355 4105 3632 4160 secundus
3672 4122 3707 4161 a

2129 4193 2438 4260 patriarcha
2459 4193 2657 4249 ferens.
2685 4194 2891 4252 Gns'rs.

2202 4281 2370 4354 [lbid.
2405 4283 2624 4340 Clarius
2649 4287 2915 4342 Allatiana
2941 4305 2956 4342 :
3000 4288 3060 4341 '0
3085 4290 3462 4359 πρωτοπαπᾶς
3485 4290 3708 4344 ἵσταται

2129 4375 2314 4428 ἐπάνω
2353 4376 2461 4430 τῶν
2515 4378 2789 4447 ὀφφικίων
2843 4378 2937 4432 τοῦ
2991 4381 3280 4450 εὐωνύμου
3342 4381 3529 4452 χοροῦ,
3572 4382 3709 4435 ὅταν

2129 4467 2432 4538 λειτουργεῖ
2457 4470 2484 4522 ὁ
2512 4469 2825 4539 ἀρχιερεύς.
2857 4470 3147 4524 Μεταδίδει
3186 4471 3349 4535 αὐτὸς
3394 4474 3494 4544 τὴν
3540 4475 3706 4541 ἁγίαν

2131 4559 2437 4628 μετάληψιν
2463 4559 2540 4629 τῷ
2569 4561 2840 4630 ἀρχιερεῖ,
2889 4561 3090 4630 ὁμοίως
3131 4564 3226 4615 καὶ
3247 4564 3276 4614 ὁ
3302 4565 3594 4633 ἀρχιερεὺς
3623 4565 3705 4632 τῷ

2133 4648 2292 4718 150
2347 4652 2734 4720 πρωτοπαπᾷ,
2772 4650 2911 4720 ἔχων
2971 4652 3028 4705 δὲ
3087 4655 3148 4706 ἐν
3201 4656 3267 4724 τῇ
3311 4653 3582 4726 ἐκκλησίᾳ
3636 4657 3708 4708 τὰ

2131 4744 2375 4810 πρωτεῖα
2426 4741 2626 4796 πάντα.
2656 4741 2723 4797 Ut
2754 4745 2940 4806 παπᾶς
2969 4745 3293 4799 sacerdotem
3319 4744 3548 4814 iudicet,
3581 4747 3710 4803 vide

2133 4834 2522 4904 Eucliologica.
2547 4833 2751 4906 Goan.]

2198 4925 2359 4980 Notio
2387 4937 2440 4982 et
2470 4928 2624 4998 origo
2656 4931 2896 4985 nominis
2922 4931 3054 4985 satis
3075 4939 3309 4986 constat.
3331 4930 3488 5001 Apud
3511 4930 3668 4986 Balsa
3684 4963 3709 4974 -

2129 5035 2344 5074 nionem
2374 5030 2507 5074 tom.
2537 5019 2726 5075 lJuris
2777 5020 2892 5075 GR.
2939 5022 3169 5091 legimus
3203 5028 3622 5092 protopapadas,
3645 5035 3710 5080 ut

2129 5127 2312 5166 reatus
2347 5113 2420 5167 sit
2459 5113 3206 5186 npwsonarzdt‘ineJuterpres
3249 5117 3661 5186 primo'papadas
3690 5137 3706 5172 :

2128 5207 2224 5262 sed
2285 5207 2460 5261 satius
2524 5209 2740 5261 videtur
2787 5208 2841 5262 in
2915 5209 2998 5264 his
3045 5221 3100 5264 et
3151 5209 3421 5266 similibus
3469 5211 3710 5266 retinere

2138 5295 2348 5350 Gneea.
2382 5296 2436 5350 ln
2479 5295 2856 5366 Turcograecia
2918 5297 3011 5352 fol.
3040 5298 3147 5354 9.18
3180 5299 3383 5354 dicitur
3413 5317 3711 5370 πρωτοπα-

2129 5385 2235 5446 πᾶς
2257 5385 2516 5452 ὀπρῶτος
2546 5387 2648 5438 τῶν
2682 5388 2890 5456 ἱερέων.
2917 5386 3047 5443 Jura
3080 5389 3231 5444 illius
3256 5390 3310 5444 in
3341 5391 3528 5445 eadem
3561 5389 3707 5444 Tur-

2129 5478 2391 5545 cogrmcia
2428 5477 2525 5533 fol.
2551 5478 2656 5532 258
2685 5481 3184 5548 πρωτοπαπαδίκια
3233 5482 3599 5550 appellantur.

2197 5568 2257 5622 P.
2282 5570 2333 5622 6.
2376 5569 2634 5637 Sequitur
2657 5571 2685 5622 ὁ
2713 5570 3052 5642 δευτερεύων
3079 5573 3189 5626 τῶν
3220 5572 3426 5640 ἱερέων,
3446 5574 3708 5628 secundus

2125 5661 2479 5726 sacerdotum,
2515 5659 2800 5715 εἰσοδεύων
2822 5664 2950 5726 τοὺς
2985 5665 3151 5734 ἱερεῖς
3176 5704 3191 5730 ,
3212 5664 3323 5718 dux
3349 5673 3403 5719 et
3456 5673 3711 5720 anteces-

2127 5769 2223 5807 sor
2255 5752 2598 5806 sacerdotum
2627 5761 2682 5808 et
2704 5755 2992 5823 proximus
3023 5769 3054 5810 a
3077 5766 3393 5825 protopapa,
3425 5769 3583 5825 quem
3607 5755 3709 5810 Ju-

2129 5846 2252 5899 nius
2274 5861 2380 5899 non
2403 5848 2540 5900 male
2557 5846 2970 5916 δευτεροπςιπᾶν
2998 5848 3250 5916 appellat.
3273 5850 3337 5901 At
3365 5851 3505 5904 male
3526 5847 3660 5902 illud
3685 5862 3706 5900 :
