3936 6594
231 455 326 518 185

1337 447 1729 507 GRETSERI
1762 447 1856 506 ΕΤ
1898 444 2146 505 GOARI
2179 444 2421 503 ΝΟΤΛΞ.

3354 447 3453 512 166

226 573 315 638 Qui
359 565 648 622 sacerdotes
691 563 979 617 introducit
1007 602 1021 627 ,
1056 560 1340 615 εἰσοόεὐων
1365 599 1379 624 ,
1412 562 1663 614 nimirum
1720 561 1776 614 in
1807 567 1844 623 Α
1881 555 2202 626 pulantibus
2231 556 2342 610 liet.
2373 555 2498 611 llaec
2527 563 2703 612 autem
2735 555 2808 612 ita
2843 571 2964 614 esse
2988 558 3250 632 itttelltgct
3287 561 3457 620 lector

227 660 455 722 tribunal,
478 660 698 728 siquam
729 673 946 711 causam
971 656 1228 726 agendam
1253 655 1557 708 habuerint.
1610 651 1772 708 Nullo

226 754 410 814 nimio:
451 765 576 804 nam
607 749 893 802 εἰσοδεύειν
920 757 1004 802 est
1045 761 1166 802 esse
1217 747 1452 800 aliorum
1495 745 1551 800 in
1598 745 1772 800 sacris

227 831 541 907 ministeriis,
573 841 950 896 (unctionibus
973 849 1026 894 et
1057 839 1555 910 supplicationibus
1575 838 1772 892 ducem

226 949 270 994 et
293 937 431 1007 quasi
459 943 933 990 antecessoremet
970 933 1256 986 ductorem
1286 948 1300 998 ;
1338 932 1482 1002 quod
1518 931 1679 985 etiam
1705 945 1771 984 ex

224 1027 559 1098 descriptione
593 1027 686 1080 τοῦ
713 1027 1127 1096 δευτερεύοντος
1179 1025 1421 1088 diaconi,
1483 1039 1604 1093 qu:e
1649 1037 1776 1092 pro-

226 1125 346 1178 xime
376 1120 750 1189 subiungitur,
781 1118 1131 1172 manifestum
1167 1118 1373 1173 evadit.
1439 1116 1772 1184 Deuteropa-

225 1230 289 1282 pa.-
321 1212 545 1275 nullum,
580 1211 626 1266 si
658 1220 806 1264 recte
855 1210 1104 1284 memini,
1148 1211 1484 1282 mentionem
1524 1207 1771 1263 lacitCi-

225 1309 356 1360 tritis.
383 1304 585 1358 Csars.

283 1397 353 1468 [Ρ.
393 1397 446 1452 6.
473 1393 747 1452 A'llatiana
783 1413 797 1451 :
833 1397 895 1450 '0
928 1394 1264 1467 δευτερεύων
1292 1395 1612 1464 λειτουργεῖ
1675 1393 1772 1446 καὶ

223 1493 359 1553 αὐτὸς
390 1491 522 1560 μετὰ
545 1488 644 1542 τοῦ
672 1489 972 1560 ἀρχιερέως
995 1491 1014 1560 (
1043 1489 1147 1543 hoc
1167 1497 1251 1545 est
1278 1505 1403 1543 cum
1433 1488 1769 1558 patriarcha,

224 1598 323 1640 cum
348 1598 450 1651 quo
474 1582 610 1637 alias
637 1582 739 1637 soli
767 1581 1008 1651 episcopi
1067 1582 1368 1648 celebrant,
1405 1591 1463 1636 ut
1491 1595 1614 1636 cum
1657 1581 1772 1651 epi-

225 1675 380 1744 scopis
425 1673 811 1744 sacerdotes).
864 1674 1034 1728 Ὅταν
1063 1674 1244 1726 λείπει
1285 1675 1313 1726 ὁ
1369 1675 1769 1743 πρωτοπαπᾶς,

225 1767 381 1834 ἔχειὲν
400 1768 464 1835 τῇ
487 1766 757 1836 ἐκκλησίᾳ
776 1765 843 1818 τὰ
867 1767 1107 1835 πρωτεῖα
1127 1765 1330 1820 πάντα.
1353 1764 1554 1836 ϐολιι.]

278 1858 330 1913 Ρ.
361 1858 408 1910 6.
431 1857 670 1914 Ultimus
702 1859 968 1914 hacsexta
1000 1857 1232 1928 pentade
1267 1866 1349 1912 est
1383 1860 1410 1910 ὁ
1439 1856 1770 1926 δευτερεύων

223 1955 312 2006 τῶν
343 1955 626 2019 διακόνων,
658 1961 920 2010 secundus
953 1956 1236 2020 diaconus,
1264 1954 1484 2026 πρῶτος
1519 1952 1626 2006 τῶν
1659 1969 1772 2005 κοι-

224 2047 328 2112 νῶν,
352 2049 555 2117 primus
578 2063 648 2103 ex
666 2047 1048 2104 communibus
1070 2048 1342 2113 diaconis,
1367 2051 1461 2100 καὶ
1485 2043 1772 2099 εἰσοδεύων

223 2141 327 2201 τοὺς
352 2140 650 2203 διακόνους.
687 2139 883 2197 Junius
911 2157 927 2194 :
955 2151 1003 2194 ct
1029 2139 1282 2194 diaconos
1306 2139 1611 2194 intromittit
1635 2153 1654 2191 :
1677 2136 1773 2192 ad-

222 2231 378 2301 ditque
395 2231 494 2287 hoc
510 2232 788 2287 scholium
821 2249 836 2287 :
862 2233 919 2285 in
940 2235 1234 2299 functiones
1263 2241 1312 2286 et
1337 2232 1595 2286 stationes
1625 2230 1770 2298 ipso-

223 2339 336 2375 rum.
363 2321 438 2377 'l‘u
461 2323 680 2394 corrige
721 2340 736 2378 :
765 2323 858 2394 qui
887 2322 1244 2378 diaconorum
1302 2323 1511 2390 ductor,
1573 2332 1766 2385 rector,

223 2413 418 2468 director
445 2423 497 2469 et
527 2425 587 2470 ut
623 2417 707 2470 sic
733 2413 910 2470 dicam
941 2415 1229 2485 dispositor
1249 2423 1330 2470 est
1356 2429 1374 2468 :
1397 2415 1502 2470 hoc
1519 2413 1663 2470 enim
1688 2423 1771 2470 est

221 2507 495 2572 εῑσοδεύειν,
530 2507 681 2577 quod
711 2507 987 2577 signiﬁcat
1014 2508 1312 2579 quemlibet
1341 2509 1397 2564 in
1425 2509 1566 2563 viam
1609 2523 1765 2564 suam

220 2599 742 2668 quasiintroducere,
777 2599 998 2655 utsciat
1037 2615 1199 2670 quem
1243 2599 1492 2655 ordinem
1549 2609 1604 2656 et
1659 2609 1768 2656 sta-

219 2690 392 2744 tionem
418 2699 604 2747 tenere
627 2691 845 2746 debeat.
864 2688 1012 2746 Vidit
1037 2694 1256 2747 tandem
1291 2689 1487 2747 Junius
1505 2691 1645 2746 hanc
1666 2705 1765 2745 no—

221 2782 411 2846 tionem,
445 2783 542 2836 sed
573 2783 734 2851 quasi
754 2798 850 2851 per
872 2783 1223 2851 nebulam,ut
1246 2794 1476 2854 apparet
1509 2799 1571 2837 es
1600 2783 1768 2838 scboo

220 2873 277 2927 lio
296 2877 427 2943 quod
443 2875 1010 2943 suminierpretationi
1037 2877 1307 2944 adiunxit.
1331 2873 1406 2928 Ex
1428 2890 1536 2945 quo
1559 2885 1762 2940 tamen,

219 2975 439 3035 tanquam
460 2967 514 3023 in
534 2971 707 3027 rebus
731 2969 1119 3028 ecclesiasticis
1140 2965 1456 3025 Graecorum
1481 2969 1636 3024 valde
1658 2969 1766 3024 sci-

221 3059 319 3113 licet
338 3061 526 3130 perito,
558 3062 915 3133 quaerendum
947 3069 1084 3130 erat,
1105 3077 1276 3132 quare
1333 3062 1558 3116 verbum
1614 3061 1762 3114 sico-

219 3148 367 3204 δεύειν
392 3151 782 3223 interpretatus
827 3153 917 3222 sit,
950 3153 1180 3223 IOqucns
1227 3152 1294 3206 de
1343 3151 1626 3206 sacerdote
1670 3167 1760 3207 se-

1876 664 2002 703 cum
2033 665 2096 704 ex
2123 648 2246 702 aliis
2273 647 2586 703 Graecorum
2613 649 2920 715 ritualibus,
2942 651 3096 708 libris
3123 662 3236 708 tum
3259 670 3324 710 ex
3351 655 3457 710 Eu-

1879 742 2148 812 cltolngio.
2181 741 2368 796 Valeat
2399 742 2566 811 igitur
2599 741 2912 801 Bonelidius
2942 761 3070 801 cum
3105 748 3222 803 suis
3253 765 3454 804 conne-

1875 834 2126 888 aiom’bus
2151 842 2200 887 et
2233 833 2649 902 repetitionibus.
2686 833 2892 900 Quarta
2927 848 3008 892 est
3031 839 3267 902 ἀπόντος
3291 839 3454 911 ἁρχι-

1818 925 1820 927 ’
1874 925 2124 980 διακόνου
2154 925 2352 979 διδόναι
2384 927 2590 998 nupsi»;
2614 929 2729 989 τοῖς
2748 929 2806 980 ὲν
2827 928 2902 998 τῷ
2925 929 3136 998 ἄμϐωνι
3167 930 3457 999 δακόνοις,

1875 1018 2086 1072 absente
2115 1017 2488 1071 archidiacono
2510 1019 2639 1072 dare
2662 1033 2837 1073 cereos
2868 1021 3102 1074 diaconis
3125 1023 3177 1075 in
3211 1024 3452 1078 umbone.

1877 1105 1978 1161 Ubi
2003 1108 2240 1176 pessime
2270 1108 2539 1178 interpres
2589 1125 2688 1177 pro
2735 1111 2939 1181 κηρούς
2988 1111 3172 1180 legens
3232 1117 3454 1184 καιρούς

1873 1204 2037 1255 vertit
2067 1217 2081 1254 :
2112 1211 2347 1270 tempora
2374 1200 2502 1254 dare
2532 1201 2796 1266 diaconis,
2825 1204 2914 1272 qui
2949 1206 3165 1258 umboni
3194 1207 3451 1260 serviunt.

1875 1294 2041 1360 Quid,
2067 1308 2273 1362 quasso,
2313 1301 2400 1348 est
2441 1302 2680 1361 tempora
2738 1295 2864 1348 dare
2889 1292 3150 1351 'diaconis
3203 1297 3229 1350 7
3271 1297 3456 1368 Neque

1873 1387 2212 1441 correctores
2257 1394 2352 1440 aut
2410 1385 2462 1439 in
2525 1385 2717 1441 Grmca
2780 1388 3060 1458 scriptura
3112 1391 3302 1445 autin
3353 1390 3456 1446 Bo-

1874 1478 2054 1532 nelidii
2113 1477 2561 1547 interpretatione
2621 1480 2767 1536 hunc
2819 1490 2928 1536 tam
2965 1491 3175 1554 turpem
3212 1499 3454 1554 errorem

1873 1570 2443 1634 animadverterunt;
2524 1580 2583 1625 ut
2651 1572 2735 1626 vel
2799 1573 2926 1629 hinc
3002 1575 3210 1646 liqueat
3291 1591 3453 1646 quam

1873 1666 2038 1717 rudes
2109 1679 2292 1718 rerum
2362 1663 2862 1720 ecclesiasticarum
2934 1667 3024 1723 isti
3091 1681 3122 1722 a
3181 1669 3454 1724 catholica

1873 1755 2138 1824 religione
2166 1756 2340 1811 aversi
2366 1756 2433 1810 ad
2475 1756 2612 1812 ritus
2670 1757 3086 1814 Ecclesiastieos
3114 1774 3208 1815 seu
3235 1759 3454 1815 Graecos
3550 1800 3552 1803 -

1875 1862 1972 1901 seu
2021 1845 2243 1901 Latinos
2304 1847 2658 1917 esplicandos
2727 1850 3014 1904 accedant.
3071 1851 3214 1906 Dicit
3273 1861 3452 1906 autem

1878 1938 2086 1992 absente
2139 1939 2534 2004 archidiaconi),
2569 1941 2694 2009 quia
2726 1951 2783 1995 ut
2816 1940 3058 1998 Codinus
3079 1944 3246 1999 tradit
3279 1961 3333 2014 p.
3361 1947 3451 2014 94,

1877 2029 2006 2085 olim
2060 2029 2280 2100 quidem
2337 2029 2530 2102 Magna
2583 2032 2828 2088 Ecclesia
2893 2034 3126 2091 habebat
3179 2038 3457 2094 archidia-

1873 2137 2097 2189 conutn,
2121 2124 2214 2178 sed
2249 2133 2437 2193 postea
2466 2124 2677 2178 nullum
2735 2127 2948 2189 habuit,
2975 2144 3144 2197 quare
3193 2132 3222 2183 ὁ
3269 2131 3454 2186 δευτε-

1877 2216 2048 2285 ρεύων
2071 2226 2253 2284 partes
2281 2216 2399 2284 ejus
2431 2217 2724 2286 supplevit.
2757 2217 2897 2274 Hinc
2927 2219 3003 2273 ait
3016 2219 3221 2276 Citrius
3239 2235 3442 2278 secun-

1872 2307 1926 2360 di
1957 2307 2173 2363 diaconi
2201 2310 2324 2362 esSe
2339 2308 2502 2362 etiam
2521 2308 2576 2362 in
2606 2308 2727 2364 aliis
2751 2309 3122 2366 archidiaconi
3143 2328 3342 2369 munus
3358 2330 3454 2369 ex-

1872 2399 2020 2468 plere
2051 2416 2067 2464 ;
2093 2415 2158 2454 ex
2186 2399 2387 2469 quibus
2417 2398 2560 2454 forte
2592 2400 2695 2456 hoc
2720 2411 2826 2467 est,
2852 2401 3058 2473 θυμιᾷν
3082 2403 3176 2457 τὸν
3197 2406 3448 2474 βασιλέα,

1871 2491 2252 2553 imperatorem
2287 2505 2484 2546 recens
2515 2502 2840 2547 coronatum
2877 2496 3115 2563 incenso,
3164 2507 3223 2552 ut
3286 2511 3452 2554 vocat

1870 2583 2134 2651 Ecclesia,
2166 2583 2440 2649 venerari,
2466 2586 2627 2655 eique
2651 2585 2791 2641 bene
2821 2589 3126 2644 ominatum
3161 2591 3299 2645 illud
3324 2606 3449 2646 caro

1871 2693 1993 2733 men
2021 2678 2292 2744 accinere,
2318 2695 2336 2728 ι
2371 2676 2694 2739 Recordetur
2729 2679 2984 2735 Dominus
3004 2679 3146 2736 Deus
3171 2683 3270 2753 τῆς
3298 2683 3450 2754 βασι-

1868 2769 2016 2833 λείας
2041 2771 2162 2838 σᾶς,
2189 2772 2337 2840 regni
2365 2772 2464 2836 tui,
2499 2771 2557 2824 in
2581 2787 2735 2841 regno
2767 2788 2882 2838 suo,
2905 2790 3041 2828 nunc
3069 2785 3118 2828 et
3149 2791 3354 2845 semper
3396 2789 3446 2832 et

1867 2863 1921 2916 in
1949 2863 2146 2916 sarcula
2169 2862 2505 2917 sa'culorum.
2535 2864 2756 2917 Aniena
2789 2863 2881 2919 Sic
2908 2863 3051 2920 idem
3077 2867 3255 2924 fausta
3275 2871 3450 2925 accla-

1867 2955 2109 3008 matione
2126 2954 2567 3023 prosequebatur
2589 2942 2994 3023 patriarcbam:
3021 2958 3306 3031 Μνησθειη
3322 2963 3449 3013 ’Κύ-

1870 3063 1982 3116 ριος
2007 3048 2038 3099 ὁ
2069 3045 2202 3108 Θεὸς
2231 3046 2330 3114 τῆς
2361 3046 2773 3117 ἀρχιερωδύνης
2790 3065 2906 3114 σου,
2923 3048 3246 3106 Recordetur
3269 3051 3448 3108 Denti-

1867 3155 1963 3193 nus
1987 3142 2328 3210 pontiﬁcatus
2353 3141 2430 3194 tui
2461 3142 2652 3212 ubique
2667 3145 2807 3196 nunc
2832 3154 2879 3198 et
2905 3159 3109 3214 semper
3126 3157 3173 3200 et
3195 3145 3247 3198 in
3273 3161 3446 3200 sa’cu-o

221 3241 392 3308 cundo,
425 3245 764 3300 introducens
787 3246 905 3300 illos
928 3247 982 3299 in
1005 3244 1263 3307 tribunal,
1295 3244 1519 3313 siquam
1550 3259 1763 3297 causam

1876 3231 1929 3284 la
1960 3231 2305 3286 swculorttnt.
2337 3231 2448 3287 Nec
2473 3233 2576 3288 hoc
2608 3233 2770 3287 ﬂebat
2803 3245 3016 3289 tantum
3064 3251 3131 3292 eo
3189 3235 3279 3292 die
3333 3251 3443 3307 quo

222 3335 440 3401 agendam
465 3335 776 3400 habuerint,
798 3335 1050 3405 idemque
1080 3334 1307 3389 verbum
1341 3333 1529 3387 eadem
1558 3332 1767 3401 signiti-

219 3425 402 3482 catione
421 3443 524 3481 non
555 3428 946 3497 interpretatus
973 3427 1042 3483 sit
1070 3427 1122 3479 in
1147 3425 1518 3494 descriptione
1538 3423 1767 3480 secundi

220 3514 425 3585 diaconi,
461 3519 767 3587 praesertim
818 3533 941 3572 cum
992 3517 1224 3572 diversa:
1269 3516 1509 3572 notionis
1557 3515 1764 3571 nullum

222 3624 414 3676 prorsus
441 3611 710 3666 indicium
735 3609 1063 3680 Curopalata
1086 3608 1321 3664 dederit.

277 3701 452 3758 Verum
473 3716 530 3758 ut
547 3702 865 3760 accuratius
882 3701 1249 3775 intelligamus
1271 3711 1523 3757 naturam
1544 3708 1668 3758 etut
1688 3699 1766 3756 sic

220 3797 365 3851 dicam
385 3798 625 3853 indolem
655 3799 816 3868 hujus
830 3795 1063 3861 diaconi,
1083 3810 1264 3866 operae
1281 3796 1517 3866 pretium
1543 3794 1649 3850 erit
1671 3809 1768 3847 au-

219 3891 571 3952 direloannem
593 3888 944 3956 Citrium,cui
959 3889 1071 3945 haec
1093 3889 1274 3960 ignota
1294 3903 1397 3942 non
1416 3889 1656 3952 luerunt,
1671 3885 1764 3954 qui

220 3985 560 4040 aitdiaconum
580 3985 745 4039 istum
769 3998 876 4038 non
897 3981 1020 4052 eligi
1046 3990 1138 4035 aut
1165 3981 1340 4036 creari
1356 3980 1676 4048 simpliciter
1696 3977 1762 4032 ad

220 4079 353 4132 unius
365 4078 670 4137 arbitrium,
691 4072 787 4130 sed
807 4075 926 4127 κατ’
943 4075 1198 4146 ἐκλογήν,
1217 4090 1308 4142 per
1324 4076 1586 4144 stt/Tragic
1607 4091 1626 4129 .°
1644 4090 1766 4132 esse

217 4172 331 4224 enim
349 4170 614 4240 ejusmodi
652 4168 752 4224 olli
776 4170 910 4234 ium,
933 4168 1075 4238 quod
1101 4167 1374 4234 desideret
1397 4170 1572 4224 virum
1630 4176 1763 4223 (tes-

218 4271 332 4314 truin
350 4274 644 4332 aptumque
667 4263 732 4315 ad
755 4276 947 4316 omnes
965 4261 1127 4314 etiam
1162 4261 1388 4315 fortuito
1403 4269 1760 4316 occurrentes

193 4335 529 4419 .ittnctiones;
563 4369 795 4423 quarum
834 4354 1328 4419 aliquasrecenset.
1359 4349 1536 4406 Prima
1562 4361 1643 4406 est
1678 4352 1761 4404 in-

220 4445 386 4511 gressis
408 4446 458 4498 in
473 4445 739 4514 templum
767 4440 1189 4512 imperatoribus
1211 4449 1264 4495 et
1287 4439 1610 4509 patriarcbis
1635 4437 1758 4492 fau-

220 4537 296 4589 stis
319 4536 796 4592 acclamationibus
815 4535 953 4590 bene
972 4533 1206 4604 precari,
1233 4541 1289 4586 et
1311 4541 1369 4586 ut
1390 4529 1630 4586 Codinus
1659 4545 1759 4583 no-

1873 3323 2172 3390 imperator
2205 3322 2636 3392 inaugurabatur
2666 3331 2719 3376 et
2750 3324 3140 3387 coronabatur,
3174 3323 3270 3379 sed
3304 3340 3446 3394 quo-

1873 3415 1973 3468 ties
2005 3414 2056 3467 in
2077 3414 2368 3468 ecclesiam
2396 3413 2718 3468 ventitabat.
2741 3414 2814 3467 Ea
2834 3414 2898 3468 de
2913 3427 3081 3469 causa
3101 3414 3394 3470 aitCitrius
3423 3433 3440 3471 :

1869 3500 2048 3558 Αὐτοῦ
2068 3504 2176 3575 γάρ
2205 3505 2356 3558 ἐστιν
2377 3506 2409 3574 ή
2439 3506 2576 3573 μετὰ
2592 3507 2690 3576 τὴν
2717 3505 2926 3559 εἴσοδον
2945 3506 3187 3576 εὐφημία
3208 3507 3321 3561 τῶν
3344 3508 3442 3578 βα-

1871 3595 2072 3651 σιλέων
2111 3597 2204 3650 καὶ
2234 3596 2554 3667 ἀρχιερέων,
2580 3595 2758 3667 Ipsius
2802 3606 2878 3651 est
2924 3599 3332 3664 imperatoribus
3387 3611 3437 3653 et

1867 3690 2188 3760 patriarcliis
2219 3691 2274 3742 in
2315 3688 2562 3756 templum
2587 3689 2834 3758 ingressis
2887 3689 3014 3743 bene
3064 3694 3273 3761 precari
3297 3693 3436 3758 ;nisi

1869 3783 1996 3853 quis
2028 3783 2158 3836 illud
2194 3782 2330 3850 μετὰ
2359 3781 2455 3850 τὴν
2485 3780 2686 3832 εἴσοδον
2718 3787 2834 3848 post
2883 3781 3175 3851 ingressum
3233 3783 3438 3840 referre

1869 3873 1997 3927 velit
2027 3871 2092 3926 ad
2122 3875 2430 3939 ingressum
2464 3870 2516 3922 in
2552 3870 2964 3925 tabernaculum
3007 3885 3102 3926 seu
3136 3871 3192 3927 in
3237 3872 3437 3928 Sancta

1869 3971 2205 4027 sanctorum,
2240 3961 2313 4014 ita
2349 3967 2407 4014 ut
2431 3959 2609 4013 fausta
2643 3961 2758 4014 haec
2803 3962 3122 4017 acclamatio
3169 3964 3312 4020 facta
3363 3965 3437 4020 sit

1867 4065 1989 4127 post
2011 4053 2316 4108 absolutam
2339 4050 2810 4121 supplicationem,
2853 4051 2909 4106 in
2939 4065 3047 4121 qua
3095 4055 3253 4122 panis
3291 4069 3436 4125 prae-

1867 4145 2242 4203 sanctincatus
2290 4143 2355 4198 ad
2415 4141 2741 4197 sacriﬁcium
2813 4143 3302 4200 circumierebatur
3339 4163 3439 4218 per

1867 4243 2127 4312 templum
2152 4249 2204 4296 et
2230 4246 2413 4308 postea
2442 4238 2508 4292 ad
2536 4237 2710 4292 altare
2733 4236 3092 4297 inferebatur.
3139 4239 3260 4308 Quo
3281 4243 3342 4299 ﬁt
3376 4254 3442 4300 ut

1864 4335 2138 4391 secundus
2160 4331 2424 4385 diaconus
2446 4329 2720 4400 εὐφημίαν
2741 4330 2883 4386 hanc
2905 4333 3207 4389 instituerit
3225 4349 3434 4406 regres-

1863 4440 1926 4480 so
1954 4425 2067 4493 jam
2092 4421 2398 4492 patriarcha
2418 4420 2484 4473 ad
2498 4421 2670 4474 altare
2691 4428 2744 4474 et
2766 4424 3116 4489 processlone
3138 4424 3390 4482 absoluta
3414 4445 3437 4491 ι

1862 4516 2005 4587 quod
2038 4528 2167 4569 Vero
2189 4512 2415 4582 propius
2443 4511 2677 4566 videtur.
3013 4537 3018 4542 -

219 4642 307 4684 sier
327 4632 587 4700 loquitur,
617 4627 770 4701 151
799 4629 889 4683 τὸν
908 4591 1134 4698 saluata
1167 4591 1257 4679 «in
1270 4626 1573 4696 υχρονίζειν
1594 4640 1687 4678 seu
1703 4622 1763 4676 τὸ

1941 4606 2239 4660 Dicebatur
2269 4601 2601 4672 δευτερεύων
2627 4604 2733 4656 τῶν
2753 4603 3039 4671 διακόνων,
3065 4623 3170 4662 non
3202 4611 3344 4678 quod
3377 4608 3429 4662 in

220 4724 596 4794 πολυχρόνισμει
658 4724 906 4776 acciuere
973 4736 1084 4774 seu
1126 4721 1476 4787 πολυχρόνιον
1559 4715 1754 4767 ποιεῖν.

218 4812 296 4875 Qui
322 4829 428 4867 nios
455 4829 519 4868 ex
557 4813 784 4880 antiquo
818 4826 968 4864 more
1004 4810 1165 4863 hodie
1191 4823 1408 4878 quoque
1427 4804 1630 4860 Graecis
1659 4803 1756 4854 ad-

219 4901 652 4959 b;cret.Secunda
677 4915 758 4958 est
798 4915 1014 4971 portare
1036 4899 1390 4967 Evangelium
1441 4897 1496 4950 in
1547 4893 1757 4964 supplic

217 4995 487 5051 cationibus
523 5011 589 5050 ac
623 4994 848 5049 litaniis.
887 4993 1070 5046 Tertia
1099 4993 1197 5054 τὰς
1225 4993 1283 5043 ὲν
1343 4988 1542 5049 αὐταῖς
1589 5002 1755 5038 συνα-

219 5093 329 5148 πτάς
351 5090 440 5140 καὶ
461 5089 706 5154 αἰτήσεις
731 5087 922 5137 ποιεῖν.
946 5085 1128 5152 Inepte
1156 5082 1424 5148 interpres
1452 5078 1760 5131 :connexioo

218 5191 284 5228 nes
306 5189 348 5230 et
378 5181 704 5248 repetitiones
747 5181 797 5230 in
829 5179 901 5230 eis
935 5176 1126 5244 facere.
1161 5169 1628 5225 Correxeruntalii
1652 5167 1758 5219 col-

217 5257 347 5316 lectas
368 5276 413 5319 et
438 5282 639 5333 preces.
678 5265 812 5318 Sunt
857 5261 1129 5315 συναπταί
1168 5260 1384 5328 proprie
1437 5273 1556 5323 quae
1611 5257 1752 5324 apud

218 5373 297 5412 nos
320 5362 365 5413 in
406 5362 554 5415 horis
582 5359 862 5413 canunicis
897 5367 1159 5408 vocantur
1185 5367 1386 5422 preces,
1439 5350 1630 5402 diebus
1673 5350 1757 5416 je-

213 5448 456 5514 juniorutn
489 5450 829 5519 potissimum
863 5447 1096 5507 usitataz,
1125 5461 1230 5497 non
1247 5441 1409 5494 modo
1437 5440 1488 5492 in
1537 5440 1755 5491 matuti-

217 5538 306 5600 nis,
330 5543 489 5595 sedet
513 5544 565 5593 in
590 5538 819 5607 singulis
847 5536 1017 5590 boris.
1043 5533 1102 5585 Et
1129 5546 1317 5600 preces
1346 5531 1448 5582 illa:
1471 5543 1607 5597 (ptas
1631 5535 1752 5595 post

218 5630 399 5687 litanias
431 5650 525 5704 pro
557 5633 703 5686 omni
739 5630 1017 5683 hominum
1055 5636 1194 5680 statu
1227 5635 1279 5678 et
1329 5624 1522 5676 ordiuc
1570 5621 1752 5674 fundi-

219 5736 337 5781 mus,
371 5726 651 5793 ipsissitnuc
682 5737 809 5776 sunt
856 5723 1174 5776 (irascorutn
1230 5715 1522 5777 συναπταί,
1581 5729 1752 5781 quau-

219 5828 354 5880 quam
399 5828 450 5871 et
495 5833 633 5886 quas
682 5832 781 5869 nos
842 5828 1098 5866 voramus
1126 5810 1372 5863 collectus
1400 5807 1500 5860 hoc
1529 5805 1752 5860 ιὶο·ιιίιιο

222 5909 456 5974 appellare
480 5911 554 5963 nil
597 5917 761 5973 vetat,
796 5907 920 5976 quia
982 5905 1292 5960 Graecorum
1345 5900 1581 5969 liturgiis
1625 5899 1753 5951 asti-

1861 4699 2052 4753 ordine
2077 4696 2433 4750 diaconorum
2459 4693 2666 4766 Magum
2693 4695 2945 4751 Ecclesia:
2973 4700 3247 4755 secundus
3264 4712 3434 4760 esset.

1862 4789 1956 4843 sed
1999 4796 2253 4857 respectu
2278 4786 2346 4840 ad
2374 4785 2846 4849 archidiaconum,
2884 4785 3040 4856 152
3071 4789 3162 4858 qui
3191 4799 3436 4859 tempore

1859 4881 2049 4934 C(ltiilll
2081 4879 2260 4932 nullus
2287 4876 2501 4946 quidem
2519 4887 2655 4942 erat,
2684 4887 2738 4930 at
2769 4877 3063 4946 aliquando
3096 4877 3272 4932 fuerat
3296 4895 3428 4944 ;un-
3495 4869 3503 4942 ξ

1859 4975 1926 5028 de
1946 4983 1999 5028 et
2023 4972 2096 5042 τῷ
2133 4969 2502 5040 δευτερεύοντι
2529 4970 2635 5024 τῶν
2670 4969 2934 5022 διακόνων
2975 4984 3174 5024 nomen
3203 4972 3436 5035 mansit,
3491 4955 3500 5007 ἶ

1858 5067 2000 5120 sicut
2029 5075 2083 5118 et
2108 5063 2183 5132 τῷ
2215 5062 2584 5131 δευτερεύοντι
2628 5061 2736 5112 τῶν
2791 5061 2982 5131 ἱερέων
3024 5061 3166 5117 idem
3231 5078 3435 5117 nomen
3496 5103 3500 5114 λ

1860 5158 2174 5218 mansisset,
2209 5156 2254 5207 si
2291 5165 2618 5224 protOpapas
2653 5155 2706 5208 in
2740 5154 2888 5208 clero
2924 5153 3129 5223 Magnae
3173 5153 3435 5210 Ecclesia:

1807 5243 1812 5249 ’
1854 5247 2110 5309 desisset,
2143 5246 2271 5313 quia
2305 5259 2430 5297 cum
2461 5245 2769 5298 secundarii
2799 5247 3022 5300 nomine
3063 5247 3272 5316 primus
3290 5246 3427 5300 fuis~

1857 5344 1956 5388 set.
1999 5335 2208 5388 Gunrs.

1927 5427 2010 5498 [Ρ.
2043 5429 2097 5482 6.
2127 5426 2265 5492 Quid
2296 5428 2396 5479 hoc
2432 5428 2505 5479 rei
2527 5437 2629 5493 est,
2663 5428 2825 5481 utbic
2847 5427 3199 5481 diaconorum
3238 5441 3433 5480 secun-

1857 5521 1960 5572 tlus
1988 5517 2256 5572 scribatur
2280 5532 2342 5570 ac
2369 5517 2590 5570 insimul
2634 5516 2851 5586 πρῶτος
2883 5516 2992 5568 τῶν
3025 5515 3218 5568 κοινῶν
3250 5515 3434 5568 διακό-

1854 5628 1961 5662 νων
1995 5609 2318 5664 asseratur‘i
2359 5609 2557 5662 Paucis
2597 5609 2684 5662 hic
2741 5610 2894 5676 plura
2947 5607 3262 5670 evolvenda,
3322 5622 3432 5674 quo

1769 5714 1775 5719 '
1856 5705 2132 5772 proposita
2158 5701 2455 5756 difficultas
2480 5702 2654 5754 lucem
2687 5702 2934 5770 accipiat.
2966 5699 3325 5768 Temporibus
3353 5699 3433 5750 ul—

1858 5797 2003 5848 timis
2025 5794 2237 5847 diaconi
2260 5801 2466 5846 tantum
2490 5792 2554 5845 ad
2576 5792 2891 5861 ἀρχοντίκια
2909 5791 3156 5858 (resima,
3174 5787 3428 5841 nobiliora

1857 5888 2055 5954 officia,
2081 5898 2215 5940 sunt
2253 5884 2497 5949 admissi,
2525 5885 2615 5954 qui
2650 5884 2922 5952 prioribus
2957 5881 3268 5936 sacerdotes
3301 5893 3428 5948 per-
