3936 6592
445 427 544 493 167

1581 429 1656 487 ΙΝ
1705 429 2010 489 LIBRUM
2045 429 2136 487 UE
2163 427 2488 485 OFFiCilS
2531 427 2640 486 Cl‘.

2597 347 2623 368 κ

3579 423 3678 488 168

437 540 640 590 mistim
673 548 728 592 et
757 537 969 590 diaconi
1001 549 1124 591 esse
1153 527 1420 604 poterant,
1455 551 1796 598 occultemus,
1829 537 1998 590 sacel-
2029 547 2070 596 Α
2105 537 2376 588 mcsticum
2435 545 2726 590 coartarent.
2779 535 2916 600 Quid
2981 536 3052 592 sit
3111 536 3462 600 domesticus,
3535 538 3678 594 inira

433 632 628 694 larius,
650 631 1038 698 sccuophylax,
1057 636 1112 680 et
1141 625 1332 694 reliqui
1355 625 1664 694 quindecim
1695 628 1868 680 trihus
1894 627 2002 695 pri-

434 723 538 775 mis
593 719 890 774 ciliciorum
948 718 1272 786 pentadibus
1303 716 1704 784 comprehensi.
1774 715 1838 769 lli
1901 718 1998 786 τῆς

431 811 728 881 ἐκκλησίας
756 811 852 862 καὶ
909 809 1298 879 πατριαρχικοὶ
1351 808 1630 877 ἄρχοντες,
1691 807 2001 861 δεσποτικοὶ

431 905 708 974 ἄρχοντες,
737 901 1058 973 ἀρχοντίκια
1085 901 1335 972 ὀφφίκια,
1395 903 1712 973 ἀρχοντίκια
1768 902 1996 971 μεγάλα.

429 997 716 1049 διακονικὰ
769 994 1078 1063 ἀξιώματα,
1127 1004 1180 1049 et.
1237 994 1383 1066 (κατ’
1433 995 1647 1065 ἐξοχὴν)
1691 996 1998 1064 κληρι.ιάτα

433 1095 838 1156 nuncupantur.
903 1087 1066 1142 Iidem
1133 1101 1276 1148 vero,
1321 1097 1378 1141 ut
1437 1088 1680 1142 ecclesiae
1741 1087 2000 1142 altarisxe

433 1195 706 1247 proceres,
753 1178 1068 1247 patriarchae
1101 1179 1340 1232 assident
1363 1177 1416 1230 in
1457 1178 1679 1247 judiciis
1713 1181 2000 1246 eidemque

435 1271 728 1324 celebranti
760 1268 1042 1328 assistunl,
1077 1279 1132 1322 at
1163 1269 1461 1322 laboriosas
1503 1269 1620 1322 illas
1647 1284 1840 1337 operas
1891 1285 1998 1324 non

435 1371 694 1432 praestant
725 1377 862 1431 quas
893 1361 1278 1415 archidiacono
1329 1360 1547 1414 voluere
1577 1372 1876 1416 reservatas
1900 1379 1998 1416 ceu

433 1468 664 1528 operoso
733 1452 919 1506 altaris
989 1451 1260 1506 ministro.
1319 1451 1436 1516 Qua
1492 1453 1559 1507 de
1622 1467 1786 1508 causa
1853 1463 2000 1509 totus

433 1544 751 1599 ministeriis
817 1545 1060 1598 intentus
1121 1543 1542 1598 archidiaconus
1589 1545 1844 1611 ὀφφίκιόν
1882 1547 1996 1599 ἐστι

437 1634 616 1701 μόνον,
653 1643 712 1686 ιιι
744 1634 1112 1702 praemisimus
1139 1645 1266 1686 nota
1299 1634 1460 1700 huius
1485 1635 1681 1704 capitis
1721 1639 1772 1698 i;
1801 1653 1900 1690 nec
1921 1651 2001 1692 est

432 1727 798 1793 ἀρχοντίκιον,
862 1739 960 1779 nec
987 1726 1125 1780 inter
1165 1741 1420 1795 proceres
1447 1725 1704 1781 diaconos
1749 1743 2001 1782 numera-

430 1827 541 1871 tur.
575 1816 936 1872 Diaconorum
963 1826 1164 1883 tatncn,
1211 1825 1481 1885 quatenus
1507 1817 1874 1872 ministerium
1901 1817 2001 1871 ali-

2103 625 2461 694 explicabitur
2509 629 2576 680 ad
2631 643 2690 696 p.
2747 628 2800 681 7.
2875 627 2935 681 In
2993 627 3236 696 palatino
3291 638 3470 684 tamen
3528 631 3679 685 clero

2100 727 2220 770 erat
2276 718 2658 787 protopsaltes,
2714 719 2951 772 utdocet
3009 717 3250 774 Codinus
3307 720 3428 774 loco
3486 721 3676 788 citato,

2101 809 2192 876 qui
2232 808 2396 862 simul
2435 817 2552 862 erat
2605 809 2866 862 exat-chus
2898 808 3030 862 cieri
3069 810 3431 876 imperatorii.
3467 811 3676 867 (iners.

2171 901 2233 952 P.
2269 902 2323 952 li.
2355 900 2664 954 Allatiana:
2711 898 2770 952 '0
2792 899 3189 970 πρωτοψάλτης
3235 901 3448 954 ἵσταται
3507 905 3680 971 μέσον

2101 990 2208 1041 τῶν
2234 989 2327 1042 δύο
2359 989 2556 1059 χορῶν,
2587 989 2763 1054 δεξιοῦ
2817 1007 2874 1042 τε
2904 994 2998 1043 καὶ
3053 991 3357 1059 εὐωνύμου.
3411 995 3678 1063 Ἀρχεται

2101 1082 2156 1132 δὲ
2191 1083 2288 1135 καὶ
2313 1082 2410 1152 τὴν
2436 1080 2654 1148 ἔναρξιν
2682 1080 2778 1149 τῆς
2812 1079 3148 1150 ψαλμῳδίας.
3197 1083 3350 1134 Μετὰ
3400 1083 3456 1136 δὲ
3500 1085 3680 1138 ταῦτα

2102 1177 2194 1229 καὶ
2225 1175 2425 1245 ψάλται
2459 1174 2590 1226 ὅλοι.
2633 1174 2853 1226 Addunt
2906 1174 3036 1237 alia,
3081 1175 3131 1226 οἱ
3173 1173 3602 1244 δομέστικοι-καὶ
3622 1179 3678 1228 oi.

2102 1269 2530 1338 πριμμικήριοι.
2562 1269 2723 1338 Φορεί
2776 1269 2830 1320 δὲ
2865 1273 2962 1322 καὶ
3015 1269 3361 1338 σφικτούριον
3417 1271 3676 1340 (tunicam

2103 1363 2298 1416 brevem
2327 1371 2376 1415 et
2407 1362 2688 1430 strictam).
2717 1361 2867 1416 Goan
2895 1359 2912 1431 ]

2178 1454 2438 1524 Sequitur
2485 1456 2512 1506 ὁ
2569 1454 3020 1528 ἰδιοδομέστικοςι,
3074 1457 3362 1528 singularis
3429 1456 3680 1516 domesti-

2103 1559 2216 1604 cus,
2286 1551 2344 1596 ut
2401 1543 2786 1610 interpretatur
2845 1545 3065 1608 Junius,
3126 1549 3284 1614 primi
3353 1556 3402 1600 et
3459 1547 3678 1600 secundi

2102 1635 2268 1686 chori.
2302 1632 2405 1686 Sed
2434 1644 2608 1687 errat:
2649 1635 2936 1704 legendum
2966 1639 3014 1690 oi
3057 1637 3150 1690 δύο
3189 1639 3530 1705 Bonis-tutor,
3567 1641 3674 1689 duo

2101 1725 2398 1789 domestici,
2423 1725 2558 1780 alter
2579 1725 2776 1790 dextri,
2809 1729 2951 1820 olle‘
2978 1731 3178 1782 sinistri
3207 1730 3372 1783 chori.
3403 1731 3556 1784 Clare
3586 1731 3678 1780 (ἷί-

2103 1817 2238 1870 trius
2256 1818 2393 1871 duos
2421 1819 2685 1884 nominat,
2710 1822 2737 1872 ὁ
2763 1817 3081 1890 δομέστικος
3116 1821 3208 1873 τοῦ
3233 1820 3409 1884 δεξιοῦ
3436 1821 3618 1890 χορνιῦ,
3641 1822 3671 1872 ὁ

431 1908 576 1978 quod
619 1897 882 1978 implent,
913 1917 1077 1977 caput
1117 1876 1196 1963 est
1227 1876 1295 1963 ἐι
1349 1909 1621 1979 princeps,
1683 1911 1999 1980 eisdemque

2109 1907 2421 1974 Βομέστικος
2455 1909 2546 1961 τοῦ
2581 1911 2892 1981 ἀριστεροῦ.
2925 1912 2988 1965 Et
3045 1911 3217 1967 facilis
3263 1913 3347 1966 via
3387 1913 3499 1968 fuit
3533 1923 3668 1966 (Ξυιι-

431 2003 783 2070 quantumvis
803 2001 1116 2070 proceribus
1136 2003 1188 2054 in
1209 2001 1508 2057 diaconicis
1531 2005 1848 2060 ministeriis
1867 2022 2000 2074 prte-

433 2099 629 2150 [icitun
669 2095 842 2165 liujus
887 2095 1168 2150 sententiae
1224 2105 1415 2150 auctor
1467 2096 1602 2150 mihi
1646 2108 1730 2152 est
1757 2097 1996 2156 Joannes

429 2191 564 2244 Citri
627 2191 918 2259 episcopus
969 2189 1110 2256 juris
1151 2187 1329 2244 CILI.
1392 2205 1444 2244 v.
1515 2190 1802 2261 Postquam
1852 2195 1994 2247 enim

428 2282 644 2352 quaesiit
711 2283 772 2334 τὺ
821 2281 1259 2351 ἁρχιδιακονικὸν
1326 2283 1576 2352 ὸφφίκιον
1663 2285 1823 2346 ποίας
1881 2287 1999 2340 ἐστὶ

426 2375 632 2440 τάξεως
663 2374 756 2428 καὶ
793 2374 946 2427 ποίου
979 2372 1217 2442 βαθμοῦ,
1264 2373 1360 2426 καὶ
1417 2376 1467 2427 εί
1511 2377 1835 2446 προΐσταται
1887 2379 1997 2432 τῶν

425 2469 564 2520 ὅλων
613 2466 876 2519 διακόνων
911 2465 987 2526 ὠς
1037 2465 1437 2535 ἀρχιδιάκονος,
1495 2467 1592 2519 καὶ
1649 2468 1832 2522 αὐτῶν
1869 2469 1996 2522 ττῶν

427 2558 894 2628 ὲκκλησιαστικῶν
909 2558 1210 2626 ἀρχόντων,
1235 2559 1331 2611 καὶ
1353 2559 1400 2610 εί
1419 2560 1756 2627 προτιμᾶται
1780 2560 1995 2614 πάντων

428 2654 487 2701 ὲν
521 2654 586 2720 τῇ
627 2647 927 2718 μεταλήψει.
981 2648 1086 2700 τῶν
1117 2649 1276 2704 θείων
1331 2649 1668 2718 μυστηρίων,
1709 2653 1998 2721 respondet

427 2741 652 2794 (litt-ius:
716 2739 789 2790 rs
822 2737 1256 2807 ἀρχιδιακονικδν
1291 2739 1544 2807 ὀφφίκιον
1589 2741 1690 2793 οὐκ
1719 2742 1863 2796 ἔστιν
1895 2744 1996 2811 ἀρ-

429 2831 719 2901 χοντίκιον,
765 2829 884 2884 οὐδὲ
933 2832 998 2882 ἐκ
1061 2829 1369 2898 φιλοτιμίας
1423 2832 1836 2900 ἀρχιερατικῆς,
1891 2833 1998 2886 ὥσ.

429 2939 536 2993 περ
565 2923 632 2976 τὰ
683 2920 1025 2990 ἀχροντίκια,
1067 2921 1372 2990 περιφορᾶς
1431 2923 1488 2974 δὲ
1553 2923 1764 2976 πολλῶν
1831 2925 1997 2994 ἡλίων

435 3014 810 3082 συμπέρασμα
875 3011 1000 3082 (hoc
1027 3020 1114 3068 est
1181 3012 1607 3068 ministeriorum
1668 3029 1698 3068 a
1751 3014 1996 3070 diaconis

430 3103 841 3173 magistratibus
873 3101 1246 3157 obeundorum
1275 3103 1714 3174 compendium).
1777 3106 1868 3158 Διὸ
1899 3107 1992 3159 καὶ

2106 1997 2360 2052 trahendi
2395 2001 2652 2055 vocabula
2695 2003 2968 2072 disjuncta
3015 2004 3067 2055 οἱ
3103 2005 3194 2056 δύο
3243 2005 3558 2073 δομέστικοι
3615 2003 3673 2056 in

2107 2101 2275 2140 unum
2309 2088 2717 2158 ῐδιοδομέστικοι
2741 2110 2754 2145 :
2781 2096 3030 2146 caacutiat
3053 2094 3146 2161 qui
3179 2095 3280 2148 hoc
3317 2109 3422 2148 non
3466 2095 3674 2148 videat.

2104 2177 2213 2232 Nec
2247 2179 2430 2234 obstat
2468 2182 2609 2250 quod
2638 2184 2739 2238 hac
2769 2185 2975 2237 ratione
3019 2201 3115 2240 sex
3147 2183 3316 2238 futuri
3349 2185 3458 2239 sint
3489 2185 3542 2238 in
3585 2201 3678 2238 sr—

2105 2273 2522 2341 ptiutapentade
2556 2291 2570 2324 :
2600 2289 2723 2328 nam
2759 2285 2811 2328 et
2843 2278 2897 2328 in
2935 2275 3106 2343 prima
3143 2276 3372 2344 pentade
3399 2290 3492 2330 sex
3517 2285 3672 2338 sunt.

2107 2374 2165 2417 ut
2186 2380 2348 2433 supra
2376 2365 2637 2430 diximus,
2670 2378 2724 2420 et
2749 2375 2929 2420 tamen
2953 2376 3180 2422 vocatur
3213 2377 3398 2436 pentas
3431 2383 3524 2422 seu
3554 2369 3674 2435 qui-

2105 2455 2312 2509 narius.
2343 2453 2482 2519 Quid
2510 2458 2580 2510 sit
2609 2456 2922 2511 domesticus
2975 2459 3032 2511 in
3085 2458 3207 2525 jure
3229 2459 3376 2512 civili
3433 2467 3486 2511 et
3525 2459 3670 2526 apud

2105 2544 2241 2597 alios
2263 2544 2464 2612 passim
2499 2546 2796 2613 scriptores
2829 2545 3050 2602 Graicos
3087 2558 3140 2603 et
3163 2545 3406 2611 Latinos,
3439 2547 3678 2616 eXplieat

2103 2634 2362 2704 Cujacius
2393 2636 2458 2690 ad
2505 2636 2602 2689 lib.
2625 2651 2702 2689 xu
2734 2636 2869 2690 Cod.
2904 2637 3250 2703 Justinianei,
3280 2637 3348 2690 ad
3377 2638 3460 2690 tit.
3490 2637 3577 2700 12,
3619 2647 3679 2691 et

2106 2724 2295 2779 Petrus
2349 2723 2640 2794 Gregorius
2691 2727 3057 2795 Syntagmatis
3078 2727 3236 2792 \"l,8.
3259 2728 3396 2792 Quid
3442 2729 3542 2782 hoc
3573 2743 3677 2782 no-

2106 2815 2250 2872 mine
2285 2813 2844 2885 sigtt'itiearintGrmci
2871 2819 3198 2873 recentiores
3244 2818 3404 2874 docet
3443 2819 3672 2880 Cill'illS,

2103 2907 2188 2959 cui
2217 2922 2340 2961 cum
2365 2909 2476 2961 hate
2504 2909 2731 2976 quaestio
2759 2907 3268 2979 fuissetproposita,
3291 2909 3454 2977 Cujus
3475 2911 3673 2980 lingua:

2103 3009 2182 3051 est
2210 2999 2484 3052 domestici
2513 3001 2878 3068 appellatio,et
2900 3002 3086 3070 quibus
3109 3001 3337 3056 ecclesiae
3364 3003 3674 3056 ministeriis

2104 3107 2288 3144 nomen
2308 3092 2404 3144 hoc
2430 3094 2732 3159 impositum
2763 3104 2837 3147 est
2868 3096 2892 3148 .7
2931 3095 3237 3163 respondit:
3267 3093 3549 3148 Donteslici
3575 3111 3676 3164 ap—

431 3195 502 3254 ti),-
529 3197 722 3264 χρόνον
753 3195 846 3246 καὶ
885 3194 1014 3246 ἰδίου
1044 3195 1214 3246 κόπου
1255 3196 1633 3265 συμπέρασμα
1659 3199 1688 3250 ὁ
1749 3199 1996 3268 appara:

2109 3185 2322 3254 pellatio
2340 3186 2638 3240 secundum
2677 3185 2900 3241 Latinos
2931 3185 3150 3252 ducem,
3177 3185 3494 3254 ὲξάρχοντα,
3523 3187 3677 3241 ince—

434 3303 584 3348 κονος
609 3285 720 3354 ἔχει
749 3286 844 3338 καὶ
871 3284 967 3353 τὴν
995 3285 1265 3355 ὑπεροχὴν
1303 3289 1395 3342 ἐπὶ
1420 3288 1636 3342 πάντων
1665 3289 1772 3342 τῶν
1814 3290 2002 3342 διακό-

438 3392 566 3440 νων,
603 3375 732 3427 ·είτε
769 3377 1126 3444 ἁρχοντικίοις
1150 3377 1454 3432 ὁποιοισοῦν
1504 3380 1822 3451 τετίμηνται
1884 3383 1998 3436 εἴτε

434 3468 525 3518 καὶ
555 3466 649 3534 μὴ,
683 3466 740 3518 ὲν
777 3465 856 3535 τῷ
889 3467 1000 3537 ναῷ
1035 3469 1128 3520 καὶ
1161 3469 1216 3520 ὲν
1235 3467 1311 3537 τῷ
1345 3468 1550 3539 βήματι
1581 3471 1678 3524 καὶ
1707 3473 1766 3523 ἐν
1797 3474 1864 3543 τῇ
1903 3489 1998 3542 με-

433 3556 659 3626 διαλήψει
693 3557 802 3610 τῶν
833 3557 1004 3625 ἁγίων
1041 3558 1374 3628 μυστηρίων.
1447 3561 1564 3616 1]ηο
1594 3561 1761 3616 verbo
1811 3578 2004 3632 super-

434 3648 676 3716 grc'dilut‘
699 3649 960 3704 diaconos
993 3665 1238 3718 proceres
1261 3666 1328 3706 ex
1354 3651 1675 3718 ministerio,
1704 3667 1810 3708 non
1827 3653 2006 3723 digni-

437 3749 567 3796 tum.
641 3737 910 3802 aliamque
963 3737 1193 3792 classem
1279 3739 1427 3794 solus
1490 3741 1787 3809 componit;
1851 3757 2004 3797 eum-

437 3843 540 3895 quc
581 3827 825 3894 sequitur
875 3828 1018 3881 vices
1063 3827 1184 3894 ejus
1247 3845 1440 3896 gerens
1473 3832 1502 3884 ὁ
1532 3832 1863 3902 δευτερεύων
1897 3837 2004 3888 τῶν

436 3921 719 3984 διακόνων,
772 3918 866 3989 qui
919 3920 1090 3975 tertia:
1113 3921 1304 3976 classis
1331 3925 1702 3980 communium
1749 3926 2007 3982 diacono«

439 4028 560 4065 rum
607 4013 812 4080 primus
839 4010 945 4064 dux
992 4019 1048 4065 et
1077 4021 1238 4080 caput
1283 4022 1556 4080 censetur;
1621 4025 1674 4070 et
1703 4017 1772 4071 ob
1818 3991 2008 4072 allatis

439 4104 675 4158 rationes
699 4103 916 4169 λέγεται
945 4101 1295 4169 δευτερεύων,
1329 4104 1406 4157 ait
1438 4105 1642 4160 Citrius
1669 4107 1810 4162 idem
1843 4124 2006 4177 supe-

441 4195 583 4248 riore
619 4209 896 4262 responso,
948 4193 1045 4262 οὐχ
1071 4195 1152 4244 ὅτι
1183 4193 1488 4263 δευτερεύει
1521 4196 1577 4246 ὲν
1603 4199 1668 4264 τῇ
1712 4197 1862 4260 τάξει
1899 4201 2006 4252 τῶν

441 4285 727 4337 διακόνων.
765 4284 938 4336 lnstas
997 4281 1377 4346 nihilominus,
1439 4294 1490 4338 cl
1515 4285 1779 4340 sollicitus
1835 4291 2002 4342 ratio-

445 4389 566 4426 nem
595 4373 794 4439 quaeris
838 4387 936 4424 cur
965 4387 1032 4423 ex
1059 4370 1257 4426 oll‘iciis
1287 4372 1656 4428 archidiaconi
1711 4391 1906 4430 nomen
1941 4378 2010 4432 sit

440 4461 794 4528 expunctum?
820 4459 1016 4528 Aptius
1045 4455 1122 4513 illi
1151 4459 1375 4513 reddent
1399 4463 1488 4530 qui
1521 4463 1773 4532 palatinis
1826 4469 2010 4523 archi-

2098 3285 2336 3346 ptorcm,
2360 3275 2710 3346 praepositum
2755 3286 2806 3332 et
2838 3277 3150 3346 praelectum
3204 3277 3492 3346 significat,
3527 3279 3674 3334 sicut

2100 3377 2154 3423 et
2172 3367 2228 3424 in
2251 3367 2626 3426 functionibus
2659 3369 3026 3439 imperatoriis
3049 3369 3294 3425 invenire
3325 3381 3406 3426 est
3425 3371 3677 3426 domesti.

2102 3476 2220 3514 cum
2235 3461 2489 3528 Orientis,
2509 3460 2823 3527 Occidentis,
2844 3461 3162 3517 scholarum.
3177 3463 3290 3516 lmo
3313 3465 3474 3517 etiam
3497 3464 3676 3518 dome-

2099 3553 2290 3605 sticum
2319 3567 2536 3618 mensw,
2551 3553 2892 3606 domesticum
2911 3553 3183 3616 moenium,
3201 3553 3540 3607 domesticum
3562 3555 3676 3606 Ilie-

2101 3650 2322 3695 matum.
2367 3643 2458 3695 Sic
2491 3651 2544 3696 et
2573 3643 2627 3694 in
2658 3642 3046 3697 ecclesiasticis
3075 3643 3360 3699 ordinibus
3400 3643 3675 3698 domestici

2099 3751 2206 3791 vox
2227 3744 2538 3804 usurpatur.
2555 3735 2667 3788 Εἶτ’
2687 3735 2786 3790 οὖν
2809 3737 3049 3807 ἀρχῳὶδς
3073 3738 3162 3788 καὶ
3183 3738 3480 3808 ἐπιστάτης
3505 3739 3676 3809 μελῳ-

2101 3828 2231 3882 διῶν
2283 3826 2525 3882 καὶτῶν
2575 3827 2854 3897 μελῳδῶν.
2883 3821 2972 3880 οἷα
3019 3831 3099 3890 εἰς
3145 3827 3348 3897 ῥυθμὸν
3394 3827 3488 3880 καὶ
3519 3829 3674 3894 τάξιν

2104 3919 2378 3971 καθιστῶν
2408 3919 2605 3982 αὐτούς
2628 3936 2686 3972 τε
2709 3921 2802 3972 καὶ
2833 3921 2900 3972 τὰ
2924 3919 3312 3988 μελῳδήματα.
3343 3919 3672 3973 Domesticos

2101 4011 2267 4080 igitur
2297 4012 2613 4064 musicorum
2646 4027 2735 4064 seu
2759 4021 3036 4065 cantorum
3081 4009 3214 4064 nihil
3241 4011 3388 4064 aliud
3416 4023 3490 4064 est
3515 4028 3674 4080 quam

2102 4105 2405 4172 pra'fectus,
2429 4106 2519 4174 qui
2546 4121 2722 4158 omnes
2753 4105 2884 4172 regit
2911 4119 2971 4156 ac
3001 4103 3206 4172 dirigit,
3257 4104 3496 4172 ipsosque
3513 4103 3675 4156 simul

2102 4213 2164 4248 ac
2203 4199 2471 4250 cautiones
2499 4207 2714 4250 cunctas
2741 4196 2979 4264 disponit
3001 4177 3078 4248 Iac
3110 4196 3162 4248 in
3193 4197 3432 4250 ordinem
3460 4195 3674 4265 redigit.

2107 4286 2202 4340 Est
2233 4279 2412 4342 autem
2447 4303 2648 4342 munus
2698 4286 2982 4342 domestici
3015 4296 3302 4346 cantorum
3363 4301 3456 4341 seu
3494 4297 3679 4355 proto-

2107 4378 2292 4445 psaltze
2311 4380 2362 4432 iu
2387 4379 2586 4448 vigiliis
2607 4379 2990 4434 conimunibus
3006 4381 3153 4434 clara
3169 4395 3303 4433 voce
3321 4382 3676 4449 pronuntiare

2109 4469 2263 4532 illud,
2301 4469 2638 4539 Εὑλόγησον,
2667 4473 2920 4536 δέσποτα,
2951 4473 3094 4540 quod
3127 4486 3226 4526 nos
3254 4472 3487 4527 dicimus
3515 4471 3675 4536 Jube,

442 4553 728 4606 diaconum
781 4559 1198 4606 accensucruut.
1283 4549 1417 4607 Vide
1471 4562 1772 4623 postremas
1843 4569 1996 4613 uetas
2029 4555 2331 4622 Ddomine.
2366 4562 2680 4617 benedicere.
2709 4563 2790 4616 Ex
2847 4564 3114 4618 sententia
3165 4565 3330 4634 igitur
3373 4563 3524 4618 Citrii
3579 4565 3678 4619 do-

445 4660 493 4698 c.
525 4644 580 4696 ‘2.
602 4641 796 4714 Gustu]

1042 4779 1272 4836 CAPUT
1325 4781 1413 4836 Xl.

553 4893 623 4946 De
648 4895 866 4962 septima
897 4895 1118 4962 pentade
1167 4895 1463 4962 ofﬁciorum
1496 4905 1540 4947 et
1569 4897 1900 4966 oﬂicialium.

513 5003 573 5057 Ρ.
601 5004 654 5058 6.
683 5004 740 5058 Ιιι
763 5005 990 5075 septima
1017 5009 1246 5076 pentade
1271 5009 1474 5077 primas
1495 5019 1639 5064 tenet
1657 5013 2006 5080 protopsalta,

444 5097 642 5160 primus
665 5097 868 5164 psaltes
899 5113 994 5153 seu
1024 5101 1456 5173 cantor._Citrius
1479 5113 1637 5157 vocat
1661 5105 2008 5158 domesticum

445 5188 758 5253 multarum,
789 5179 1100 5259 indicatque
1135 5193 1238 5244 hoc
1287 5207 1480 5246 nomen
1539 5195 1790 5250 usitatius
1843 5197 2010 5250 fuisse

444 5295 603 5345 quam
637 5281 764 5331 illud
788 5281 1345 5348 ρι·οιορεαίιιι’.Μίι“ιιιιι
1369 5294 1451 5337 est
1469 5289 1742 5352 quomodo
1768 5287 2008 5342 Codinus

447 5371 496 5422 in
571 5371 673 5424 hac
729 5373 954 5437 septima
1021 5375 1250 5440 pentadc
1313 5376 1542 5432 collocet
1619 5381 2005 5448 protopsalten,

449 5461 602 5530 1153
635 5477 754 5515 cum
787 5464 902 5532 ipse
943 5481 990 5520 c.
1023 5465 1085 5517 i'l
1138 5466 1336 5521 diserte
1381 5469 1522 5522 dicat
1551 5468 1842 5524 Ecclesiam
1899 5471 2008 5524 Ma-

443 5570 601 5621 εωιιι
631 5567 738 5604 ιιυιι
770 5553 966 5606 haltere
991 5557 1374 5624 protopsalten,
1395 5558 1490 5614 sed
1511 5561 2002 5628 domesticum;nisi

444 5645 624 5722 dre-ere
649 5643 877 5697 velimus
897 5645 1136 5700 oﬂicium
1157 5664 1276 5703 esse
1301 5651 1462 5714 idem,
1483 5667 1676 5706 nomen
1704 5655 2004 5720 diversum,

448 5734 609 5800 inque
659 5733 902 5800 catalogo
933 5735 1236 5791 officiorum
1271 5741 1515 5796 cc-zlesite
1547 5758 1771 5798 vocasse
1829 5757 2007 5814 proto-

445 5823 667 5887 prulten,
687 5837 844 5891 quem
877 5825 1097 5894 ιιι-θυι·ἱο
1127 5827 1346 5882 nomine
1383 5843 1572 5883 vocare
1601 5821 1878 5914 debuisset
1906 5833 2003 5884 do-

2115 4651 2373 4704 mesticus
2406 4653 2480 4704 nil
2520 4654 2666 4707 aliud
2696 4661 2779 4708 est
2802 4669 2964 4722 quam
3010 4669 3228 4720 prmses,
3265 4655 3514 4719 antistes,
3544 4672 3682 4724 prte-

2113 4741 2298 4808 fectus,
2333 4759 2442 4798 uno
2472 4747 2636 4800 verbo
2661 4747 2870 4815 primus
2901 4746 2956 4800 in
2993 4762 3094 4800 suo
3125 4761 3341 4816 genere.
3396 4745 3507 4800 Nec
3539 4745 3678 4799 male

2111 4835 2315 4888 Citrius
2355 4836 2635 4890 notionem
2687 4838 2854 4906 hujus
2905 4837 3156 4891 vocabuli
3189 4838 3481 4904 expressit,
3522 4845 3678 4904 prout

2114 4931 2409 4990 usurpatur
2429 4939 2458 4977 a
2485 4925 2691 4981 Graecis
2721 4926 3259 4992 recentioribus,etsi
3285 4925 3426 4978 haud
3460 4926 3577 4978 scio
3608 4942 3674 4978 an

2113 5027 2215 5064 vox
2237 5011 2504 5066 domestici
2532 5015 2584 5066 in
2625 5015 2726 5069 hac
2757 5017 2975 5070 notione
3007 5017 3204 5070 usitata
3227 5015 3298 5070 sit
3321 5013 3554 5078 Latinis,
3579 5030 3674 5068 seu

2113 5103 2268 5155 novis
2294 5119 2390 5156 seu
2433 5109 2694 5173 antiquis.
2737 5107 2794 5158 In
2825 5107 2949 5175 jure
3002 5107 3245 5174 proiecto
3304 5107 3406 5160 alia
3459 5107 3682 5158 ιιοιίοιιο

2113 5205 2426 5260 usurpatur,
2463 5205 2520 5248 ut
2549 5205 2600 5248 et
2629 5197 2680 5248 in
2702 5197 2980 5250 communi
3004 5197 3339 5265 loquentium
3384 5205 3680 5248 consuetu-

2111 5287 2255 5339 dine.
2294 5283 2452 5356 154
2495 5287 2576 5340 Ah
2608 5289 2706 5340 hac.
2744 5303 2875 5342 voce
2926 5288 3233 5341 formarunt
3283 5287 3456 5340 Latini
3503 5287 3682 5338 dome-

2112 5384 2384 5444 sticatuut,
2422 5382 2565 5446 quod
2593 5383 2644 5435 in
2665 5383 2785 5449 jure
2811 5392 3004 5436 exstat.
3031 5381 3096 5434 Et
3122 5381 3266 5450 apud
3295 5380 3676 5433 Balsamonrm

2112 5475 2165 5525 in
2198 5489 2405 5526 canone
2435 5473 2500 5524 l7
2519 5475 2884 5541 apostolorum
2911 5473 3272 5542 δομεστικάτα
3301 5459 3482 5539 ofﬁcia
3511 5471 3686 5524 dome-

2112 5565 2379 5626 sticorum,
2419 5575 2471 5616 et
2511 5565 2649 5632 apud
2695 5565 2958 5618 Codinmn
2986 5581 3034 5620 c.
3065 5566 3094 5617 7
3116 5567 3161 5616 oi
3190 5565 3281 5617 τοῦ
3310 5564 3684 5632 δομεστικείου

2107 5657 2434 5724 δομέστικοι,
2465 5667 2516 5710 et
2542 5671 2588 5709 c.
2617 5657 2648 5710 ὅ
2679 5657 3039 5725 δομεστίκιον.
3075 5656 3290 5710 Crit-1T5.

2180 5745 2238 5798 Ρ.
2263 5745 2315 5800 6.
2357 5747 2720 5802 Domesticum
2755 5749 3001 5803 dicemus
3020 5750 3314 5818 aliquando
3336 5751 3682 5819 praepositum

2113 5837 2435 5906 significare.
2462 5837 2904 5909 Deistisduohus
2945 5842 3228 5910 utriusque
3258 5842 3408 5894 chori
3449 5841 3682 5895 ducibus
