3936 6596
217 457 308 519 l6!)

1271 453 1656 515 GRETSERI
1693 453 1787 511 ET
1825 449 2062 511 GOARI
2096 451 2340 512 NOT/E.

3329 452 3433 517 ΠΟ

212 566 456 621 Allatiana
492 580 506 618 :
541 564 604 618 Ol
640 564 733 617 δύο
770 561 1086 633 δομέστικοι
1127 564 1375 618 ἵστανται
1420 565 1477 616 ὲν
1510 565 1623 626 τοῖς
1657 562 1751 615 δύο
1781 564 1826 621 Α
1853 569 1977 614 sent
2027 559 2435 629 πριμμικήριον
2498 559 2604 612 τῶν
2662 561 3082 632 πατριαρχικῶν
3138 566 3427 635 νυταρὶων.

210 660 367 730 lapsi;
383 656 515 725 petit
536 656 635 709 τοῦ
657 656 1072 725 πρωτοψάλτου.
1093 656 1185 709 καὶ
1214 656 1506 724 ψάλλοντες
1527 653 1756 724 φοροῦσι

212 751 530 819 aptato-3pm,
591 747 667 810 ὡς
708 748 1127 817 πρωτοψάλτης.
1184 747 1505 803 Domesticis
1559 748 1757 817 adjun-

213 850 329 912 gunt
363 839 453 891 δύο
482 842 921 908 πριμμικηρίους
968 840 1289 906 ἱστα,,ἐνους
1335 842 1477 907 μετὰ
1530 840 1642 923 τῷν
1669 842 1756 893 δο-

213 930 458 1001 μεστίκων
492 947 509 962 ·
533 930 828 998 ψάλλοντες
857 931 951 984 χαί
971 932 1143 984 αὐτοί.
1176 930 1381 1003 Gesn]

276 1019 406 1074 Ibid.
440 1019 704 1089 Sequitur
755 1021 1159 1087 λαοσυνάχτης.
1214 1023 1279 1075 ad
1317 1022 1543 1076 verbum
1574 1022 1754 1091 populi

208 1121 497 1166 convocator
537 1120 590 1164 et
633 1122 998 1182 congregatur,
1047 1110 1211 1167 Junio
1260 1114 1427 1178 cocio,
1466 1114 1754 1168 sed.uihili

209 1206 353 1258 corio.
402 1205 657 1273 Ejusdem
700 1205 952 1259 meminit
1001 1205 1231 1272 Citrius,
1288 1208 1481 1262 eodem
1533 1208 1754 1263 nemine

210 1298 452 1365 interpres
470 1298 672 1362 reddit,
696 1297 879 1365 pepuli
906 1307 1154 1363 coactor;
1181 1308 1459 1353 corrector
1489 1300 1750 1364 correxit,

206 1389 429 1441 eollector
464 1390 580 1442 sive
623 1401 991 1460 congregator.
1034 1390 1207 1461 Cujus
1250 1392 1492 1447 ollicium
1533 1393 1752 1463 publico

208 1480 338 1547 signo
366 1480 622 1549 populum
658 1483 723 1535 ad
754 1497 864 1535 rem
896 1484 1134 1536 divinam
1177 1500 1506 1540 convocare.
1537 1484 1749 1541 (ἔθετε.

252 1571 421 1642 ,[Duos
446 1574 699 1627 scribunt
721 1574 1084 1639 Allatiana,et
1103 1578 1479 1641 λαοσυνάπτας
1508 1588 1701 1633 meant
1735 1595 1747 1630 :

204 1664 348 1716 οἰδύο
381 1663 751 1718 necavit-ttat
778 1668 999 1731 (—zcat
1039 1669 1116 1741 Μ)
1167 1672 1462 1738 συνάγουσι
1490 1674 1614 1736 τοὺς
1637 1674 1749 1725 δια-

205 1757 388 1819 κόνους,
415 1756 508 1809 καὶ
530 1756 967 1829 ἀναγορεύουσιν
988 1763 1073 1816 ἵνα
1102 1764 1177 1833 μὴ
1200 1762 1361 1835 λείπῃ
1385 1767 1590 1829 κανεξς.
1619 1767 1751 1819 Συν-

206 1847 371 1914 ἁτουσι
396 1849 451 1900 δὲ
479 1851 609 1910 τοὺς
635 1850 903 1920 ἄρχοντας
929 1857 1021 1908 καὶ
1043 1854 1136 1907 τὸν
1171 1856 1299 1909 λαὸν
1327 1858 1406 1919 εἰς
1425 1857 1526 1927 τὴν
1552 1861 1751 1932 iunia;-
1785 1915 1824 1966 Β

209 1941 309 1966 -1-..
346 1940 488 1966 τοι..-
521 1938 541 1966 1

208 1941 328 1992 oin.
346 1938 541 2012 60am]

265 2029 312 2082 In
337 2028 538 2101 Typico
562 2032 623 2088 S.
653 2036 809 2090 Salue
832 2035 1042 2090 videtur
1063 2039 1322 2107 appellati
1341 2042 1748 2116 κανδηλάπτης.

207 2137 233 2173 a
252 2124 465 2176 candelis
487 2129 844 2180 accendendis
862 2142 882 2181 :
919 2128 1083 2197 hujus
1108 2131 1252 2183 cnim
1286 2133 1447 2187 etiam
1468 2146 1553 2190 est
1584 2140 1749 2207 κρού-

206 2227 272 2263 ειν
294 2214 383 2276 τὰς
414 2215 629 2287 βαρέας
650 2220 748 2271 καὶ
776 2221 841 2271 τὸ
866 2220 1141 2290 σιδηροῦν,
1168 2239 1291 2290 quae
1318 2225 1425 2278 illis
1456 2227 1525 2280 l0t
1545 2244 1577 2282 0
1607 2246 1752 2282 cant-

207 2320 433 2368 pattaruut
492 2318 677 2371 erant,
715 2313 811 2367 καὶ,
837 2314 1126 2379 σημαίνειν
1147 2314 1206 2365 τὸ
1234 2316 1381 2383 μέγα
1410 2319 1750 2389 σήμαντρον.

210 2391 340 2445 Varia
366 2395 504 2447 enim
530 2397 696 2464 signa
734 2398 956 2462 dabant,
1009 2410 1066 2453 ut
1095 2413 1152 2455 et
1182 2404 1325 2472 apud
1367 2421 1468 2461 nos
1511 2409 1627 2463 tieri
1662 2425 1751 2466 as-

204 2484 333 2537 solet.
368 2483 495 2540 Vide
530 2486 914 2544 Batsamonem
965 2494 1020 2546 in
1056 2494 1438 2552 dissertatione
1477 2514 1580 2553 cur
1631 2517 1751 2558 mo-

208 2576 338 2627 nachi
365 2578 535 2632 tribus
570 2580 749 2648 signis
782 2597 918 2638 suos
944 2584 1011 2639 ad
1041 2602 1201 2642 sacra
1232 2598 1561 2656 convocent,
1624 2610 1746 2650 cum

206 2665 280 2718 alii
330 2683 431 2720 uno
474 2673 636 2741 signo
666 2676 906 2728 contenti
949 2678 1083 2732 sint.

265 2757 390 2812 Ibid.
421 2760 668 2827 Quartus
698 2767 752 2819 in
782 2767 887 2821 hac
913 2771 1142 2838 pentade
1165 2779 1252 2826 est
1279 2775 1305 2825 ὁ
1329 2780 1744 2849 πριμμικήριος

202 2852 291 2904 sint
309 2856 698 2927 ταὸουλαρίων.
723 2858 919 2915 Junius
939 2862 1329 2932 interpretatur
1346 2873 1634 2926 notarium.
1654 2875 1745 2928 Sic

201 2946 322 3006 enim
359 2947 511 3003 initio
542 2952 819 3005 nominari
855 2956 1070 3009 videtur
1098 2959 1167 3011 ab
1198 2957 1320 3028 ipso
1364 2959 1577 3016 Codino
1626 2980 1679 3033 p.
1712 2968 1737 3021 1

200 3038 270 3090 ed.
298 3035 451 3094 Jun.:
478 3057 606 3095 cum
645 3043 791 3098 enim
813 3047 1088 3101 notarium
1127 3054 1398 3117 nominet,
1447 3070 1512 3109 ac
1555 3068 1741 3124 postea

199 3126 375 3195 singula
426 3131 611 3188 ofticia
669 3136 723 3187 in
782 3138 1045 3205 pentadas
1098 3141 1356 3210 digerens
1402 3145 1468 3199 de
1526 3149 1740 3203 notario

203 3234 393 3283 prorsus
414 3222 599 3286 sileat.
650 3226 909 3282 credibile
934 3240 1018 3283 est
1045 3231 1314 3287 Codinum
1365 3238 1584 3293 nomine
1632 3242 1742 3309 pri-

200 3311 778 3371 miceriitabalariorum
840 3320 1177 3379 intellexisse
1230 3329 1523 3385 notarium.
1581 3332 1738 3396 Quod

200 3400 514 3460 turtcrernm
566 3418 675 3474 est,
711 3411 805 3465 sed
849 3414 1039 3469 nescio
1091 3422 1368 3485 quomodo
1422 3435 1545 3476 cum
1592 3423 1739 3479 Junii

199 3497 431 3549 sententia
449 3502 767 3565 conveniat,
798 3505 891 3570 qui
920 3508 1282 3572 primicerium
1341 3512 1392 3564 in
1435 3517 1629 3578 quovis
1658 3518 1743 3569 ol-

200 3583 454 3642 ltcioillttm
486 3592 600 3650 dici
646 3604 792 3661 putet
819 3598 911 3663 qui
949 3600 1156 3664 primus
1188 3602 1469 3669 inscriptus
1505 3619 1575 3659 stt
1621 3610 1738 3663 albo

198 3675 284 3726 sine
315 3681 504 3735 ordinis
529 3684 621 3735 sui
659 3686 925 3756 catalogo,
961 3702 1008 3741 et
1049 3692 1253 3758 primas
1313 3696 1367 3748 in
1406 3713 1502 3750 suo
1555 3702 1740 3756 ordine

199 3766 415 3835 obtineat,
446 3776 627 3840 prima
657 3792 806 3840 cera,
839 3780 892 3831 id
920 3792 996 3833 est
1023 3798 1255 3847 summa,
1276 3789 1589 3856 inscriptus.
1626 3794 1737 3849 Iloc

197 3858 233 3907 si
260 3873 423 3916 verum
452 3876 560 3929 est,
598 3868 741 3921 idem
778 3887 906 3939 ergo
933 3882 1036 3927 erit
1065 3876 1413 3942 primicerius
1437 3876 1735 3938 tabulario-

199 3962 292 3997 nun
319 3964 433 4003 cum
472 3960 883 4023 protonotario,
916 3962 1033 4027 qui,
1064 3972 1121 4016 ut
1148 3948 1345 4022 Junius
1378 3970 1532 4035 dicit,
1549 3976 1735 4039 primi.

196 4040 332 4090 terius
357 4042 565 4109 primus
600 4060 683 4100 σει
708 4048 761 4101 in
803 4066 921 4103 cera
947 4068 1042 4106 seu
1080 4054 1223 4117 albo,
1266 4061 1589 4115 ettabularii
1609 4075 1738 4119 sunt

195 4134 379 4197 notarii,
406 4135 661 4205 idemque
701 4142 861 4207 igitur
907 4149 1321 4210 protonotarius
1381 4166 1476 4204 seu
1530 4156 1736 4222 primus

196 4225 408 4279 notarius
430 4237 486 4279 et
510 4230 844 4295 primicerius
874 4233 1282 4295 tabulariorum.
1324 4241 1436 4310 Ego
1462 4246 1587 4298 nodi
1638 4248 1737 4300 hu-

188 4309 258 4375 jus
295 4317 614 4373 solutionem
670 4336 781 4381 non
829 4324 1009 4390 video,
1059 4330 1168 4384 nisi
1215 4333 1340 4400 quis
1384 4334 1568 4392 dicere
1607 4341 1737 4395 velit

194 4402 324 4457 istum
346 4408 442 4462 dici
459 4410 820 4477 printiceriunt
837 4417 1223 4473 tabulariorum
1243 4436 1492 4493 respectu
1514 4428 1731 4487 illorum

192 4499 492 4553 notariorum
524 4503 827 4571 qu0siufra
861 4522 921 4561 se
956 4509 1136 4576 habet,
1168 4528 1273 4567 non
1309 4529 1561 4584 respectu
1616 4538 1731 4576 om-

1859 649 2115 705 Notarius
2140 664 2265 704 vero
2285 659 2339 704 et
2365 650 2665 706 tahularius
2688 667 2851 708 sensu
2872 654 3209 712 coincidunt.
3234 657 3400 713 Cosa.
3412 658 3431 730 j

1932 744 2101 797 Porro
2132 743 2199 797 de
2240 757 2370 797 voce
2398 742 2715 812 primicerii,
2744 747 3128 815 secundicerii,
3174 752 3432 807 tertiaee-

1858 832 1949 899 rii,
1986 834 2316 902 quartocerii
2350 833 2468 917 vide
2499 831 2782 902 Cujarium
2817 836 2884 890 ad
2943 837 3026 891 tit.
3057 853 3150 901 vn,
3203 840 3300 895 lib.
3352 859 3430 897 xit

1859 925 1983 979 cod.
2018 924 2361 988 Jostinianei,
2393 935 2446 979 et
2480 924 2821 994 Onuphrium
2866 927 2921 983 in
2950 930 3204 999 explicat.
3236 948 3430 987 vocum

1858 1016 2214 1070 obscurarum
2242 1015 2763 1083 ecclesiasticarum,
2821 1029 2876 1072 et
2934 1020 3155 1075 Petrum
3222 1022 3431 1096 Grego-

1859 1107 1998 1160 rium
2042 1098 2325 1178 Syntagm.
2378 1108 2463 1174 15,
2504 1108 2594 1172 22,
2666 1110 2756 1179 qui
2786 1111 2861 1165 ait
2928 1115 3429 1182 pronuntiationem

1856 1196 2095 1251 nominis
2118 1198 2407 1266 primicerii
2430 1199 2649 1267 exigere
2680 1199 3038 1269 idjertionem
3072 1220 3135 1257 ex
3168 1206 3431 1261 relatione
3473 1239 3479 1275 ς

1855 1286 2105 1357 alicujus,
2139 1289 2221 1343 vel
2244 1300 2391 1343 certe
2416 1292 2688 1358 postulare
2716 1301 2770 1345 ut
2801 1292 3355 1365 subintelligatur.Qu
3394 1301 3431 1350 ιι

1854 1381 1899 1433 si
1926 1396 2112 1434 verum
2140 1390 2241 1446 est,
2278 1390 2391 1436 tum
2427 1398 2647 1437 necesse
2668 1384 2771 1437 erit
2805 1393 2863 1437 ut
2891 1401 3012 1439 cum
3044 1389 3187 1441 inter
3239 1389 3432 1457 palati-

1859 1488 1956 1526 nas
1983 1474 2276 1544 dignitates
2328 1476 2355 1527 ὁ
2410 1476 2585 1545 μέγας
2648 1480 3428 1549 uptpptxijpw;nominatur.

1855 1565 2091 1635 dignitas
2119 1566 2300 1636 aliqua
2357 1570 2815 1640 subintellipatur,
2865 1574 2991 1641 quia
3083 1576 3429 1645 primicerius

1854 1672 2055 1712 nomen
2088 1659 2190 1712 hoc
2226 1660 2387 1715 habet
2412 1673 2656 1732 re~pectu
2690 1664 2919 1734 alicujus
2974 1664 3274 1725 functionis
3330 1686 3428 1725 seu

1856 1750 2163 1805 ministerii.
2203 1751 2339 1807 lliuc
2372 1754 2699 1821 primicerius
2744 1756 3021 1823 lectorum,
3098 1762 3428 1828 primicerius

1855 1840 2020 1901 aulte.
2050 1845 2379 1909 primicerius
2410 1856 2786 1913 protectorum,
2810 1851 3141 1917 primicerius
3171 1854 3428 1908 domesti-

1854 1950 2057 1988 corum.
2095 1935 2281 1991 Exstat
2317 1938 2370 1992 in
2401 1939 2768 1997 Decretalibus
2796 1943 2986 1998 titulus
3011 1944 3078 1999 de
3101 1948 3424 2014 primicerio,

1856 2026 1945 2079 ubi
1960 2026 2095 2080 nihil
2117 2028 2356 2096 adjicitu.
2378 2048 2393 2096 ;
2416 2047 2591 2101 neque
2612 2033 2773 2087 etiam
2791 2037 2926 2089 satis
2945 2049 3167 2107 apparet
3183 2040 3314 2108 quid
3331 2050 3428 2094 aut

1852 2114 2217 2183 adjiciendum
2253 2130 2350 2174 aut
2395 2122 2833 2179 subaudiendum
2864 2128 2961 2192 sit,
2993 2129 3097 2184 nisi
3133 2132 3255 2199 quis
3278 2131 3428 2187 dicat

1852 2206 2181 2279 subiutelligi
2215 2225 2400 2265 vocem
2434 2224 2729 2271 cantorum.
2767 2215 2843 2273 De
2890 2236 3000 2290 quo
3050 2223 3172 2278 vide
3204 2222 3424 2279 Petrum

1851 2298 2173 2371 Gregorium
2216 2305 2253 2357 ι.
2277 2321 2324 2358 c.
2355 2305 2490 2361 lliuc
2522 2308 2910 2375 primiceriatus
2938 2312 3177 2383 dignitas
3231 2329 3284 2372 et
3311 2318 3426 2371 olli-

1850 2391 1995 2445 cium
2027 2393 2342 2460 primicerii.

1921 2487 2075 2549 Quod
2119 2488 2185 2541 ad
2217 2489 2392 2559 lpalltll
2420 2492 2742 2547 vocabulum
2768 2495 2982 2559 attinet,
3009 2512 3116 2553 non
3146 2500 3425 2572 improba-

1849 2575 2032 2630 hiliter
2076 2577 2373 2633 arbitratur
2393 2580 2650 2649 Cujacius
2678 2582 2809 2637 illud
2842 2587 3009 2641 cerius
3039 2604 3162 2644 esse
3210 2601 3419 2648 tantum

1850 2669 2260 2737 productionem
2319 2673 2487 2739 Verbi,
2523 2674 2644 2728 sine
2679 2674 2784 2729 ulla
2810 2693 2962 2732 nova:
3001 2680 3422 2751 signiﬁcationis

1848 2760 2145 2827 additione;
2185 2771 2241 2817 ut
2270 2764 2498 2833 proinde
2520 2766 2852 2833 primicerius
2881 2770 3025 2825 idem
3055 2775 3127 2827 sit
3158 2777 3250 2844 qui
3302 2781 3420 2849 pri-

1849 2869 1987 2921 mus,
2016 2860 2401 2913 secundicerius
2428 2860 2567 2916 idem
2599 2864 2690 2931 qui
2716 2867 3010 2931 secundus,
3037 2869 3178 2924 sicut
3199 2882 3254 2927 et
3273 2875 3413 2943 apud

1849 2948 2176 3003 recentiores
2240 2949 2458 3006 Grmcos
2516 2954 2874 3018 παιδόπουλος
2929 2958 3072 3012 idem
3126 2971 3210 3016 est
3268 2966 3413 3033 quod

1846 3035 1994 3099 παῖς,
2017 3036 2430 3106 Φραγκόπουλος
2452 3041 2595 3095 idem
2627 3044 2769 3111 quod
2801 3042 3079 3114 Francus;
3105 3051 3174 3103 ita
3204 3062 3261 3106 ut
3283 3053 3414 3109 illttd

1846 3126 2041 3183 πουλος
2073 3130 2141 3183 sit
2163 3146 2431 3201 paragoge
2474 3136 2677 3205 absque
2722 3138 2827 3192 ulla
2880 3156 3019 3194 nova
3062 3145 3419 3213 signitiCatio-

1847 3234 1933 3273 ne.
1969 3221 2071 3274 Alii
2106 3236 2281 3277 tamen
2317 3242 2512 3280 nomen
2547 3229 2649 3284 hoc
2680 3243 2710 3283 a
2755 3232 2928 3298 primo
2953 3241 3007 3286 et
3029 3250 3149 3289 cera
3197 3236 3415 3292 deriva-

1848 3324 1957 3365 tum
1986 3318 2458 3387 compositumque
2487 3320 2691 3389 volunt,
2719 3324 2921 3394 quibus
2947 3328 3040 3396 qui
3094 3329 3255 3399 volet,
3315 3348 3414 3403 per

1844 3420 1929 3459 me
1955 3406 2261 3464 snbscribat
2290 3410 2438 3466 licet.

1914 3498 1974 3553 P.
1994 3499 2046 3554 6.
2079 3498 2311 3555 Ultimus
2340 3503 2395 3557 in
2421 3507 2521 3559 hoc
2540 3507 2794 3575 quinario
2811 3520 2894 3566 est
2920 3512 2946 3563 ὁ
2968 3511 3155 3584 ἄρχων
3170 3517 3281 3571 τῶν
3296 3535 3416 3574 κον-

1840 3592 2062 3653 τακίων,
2079 3592 2369 3663 Prcefectus
2392 3600 2637 3664 canticis,
2658 3604 2732 3655 ait
2754 3602 2973 3660 Junius.
2989 3609 3103 3663 lmo
3125 3614 3376 3667 contaciis
3394 3628 3416 3668 .°

1843 3698 1968 3736 nam
2002 3687 2277 3743 canticum
2309 3692 2561 3756 generale
2591 3707 2785 3747 nomen
2819 3700 3003 3752 estad
3052 3702 3237 3756 onmia
3292 3719 3416 3774 quas

1841 3776 1960 3826 cani
1992 3788 2080 3829 aut
2110 3778 2285 3831 solent
2311 3788 2410 3833 aut
2437 3794 2682 3848 possunt,
2715 3792 2769 3837 at
2827 3790 3137 3845 contacium
3198 3806 3412 3851 certum

1840 3866 2112 3932 quoddam
2140 3885 2310 3936 genus
2338 3881 2421 3925 est
2443 3872 2493 3924 in
2519 3873 2833 3931 Graecorum
2894 3880 3183 3938 ritualibus
3231 3885 3409 3952 libris.

1839 3957 1981 4009 sicut
2027 3966 2081 4010 et
2127 3965 2440 4027 troparium,
2470 3964 2682 4032 είρμός,
2709 3983 2900 4034 canon,
2920 3972 3186 4044 κάθισμα,
3211 3980 3413 4047 προσό-

1841 4064 2019 4116 μοιον,
2042 4053 2341 4120 τριαδικὸν,
2364 4054 2655 4122 ϋεοτόκιον,
2678 4061 3082 4132 σταυρὼσιμον,
3103 4068 3407 4122 ἀναστάσι-

1842 4153 2034 4209 pov,et
2065 4143 2205 4212 apud
2234 4159 2336 4198 nos
2356 4162 2555 4212 versus,
2577 4152 2840 4215 versiculi,
2869 4155 3150 4224 graduale,
3179 4168 3403 4225 tractus,

1836 4235 2123 4301 sequentia,
2141 4240 2472 4303 responsoria
2490 4255 2541 4295 et
2565 4244 2721 4311 hujus
2741 4248 2959 4315 generis
2982 4248 3108 4311 alia.
3127 4268 3250 4320 qua:
3273 4254 3378 4308 alie
3402 4285 3410 4296 ι

1836 4337 1905 4375 na
1928 4322 2109 4392 lingua
2139 4337 2233 4378 aut
2252 4342 2479 4395 prorsus
2492 4334 2719 4401 exprimi
2745 4343 2838 4391 aut
2864 4341 3149 4395 commode
3172 4344 3406 4413 exprimi

1836 4430 1944 4467 non
1978 4430 2224 4483 possunt.
2256 4418 2421 4475 Miror
2448 4434 2631 4479 autem
2695 4428 2823 4496 quid
2858 4436 3262 4492 correctoribus
3307 4436 3408 4493 Bo-

1838 4508 2019 4559 nelidii
2078 4508 2131 4561 in
2164 4520 2399 4565 mentem
2457 4516 2695 4580 venerit,
2744 4527 2801 4571 ut
2849 4536 3010 4590 quem
3062 4525 3149 4578 ille
3190 4540 3408 4584 vocaret

192 4587 334 4653 nium,
360 4608 467 4661 quo
488 4606 650 4663 pacto
680 4597 708 4647 ὁ
737 4597 1073 4666 δευτερεύων
1102 4604 1210 4656 τῶν
1238 4608 1508 4663 διακόνων
1545 4616 1725 4668 vorari

1851 4598 2136 4667 mefectum
2183 4605 2564 4669 contaciorum,
2595 4607 2695 4676 ipsi
2739 4612 3229 4681 interpretarentur
3250 4635 3407 4688 pra-

195 4696 342 4747 posset
370 4690 703 4765 primicerius
736 4693 1105 4759 diaconatum,
1163 4714 1271 4752 non
1326 4702 1593 4770 absolute,
1627 4707 1721 4761 sed

192 4778 562 4843 comparatione
582 4781 691 4832 τῶν
722 4784 939 4851 κοινῶν,
968 4796 1026 4840 ιιι
1058 4789 1262 4844 Citrius
1292 4798 1346 4845 et
1371 4792 1615 4852 Codinus
1640 4798 1721 4852 lo-

196 4881 420 4935 quontnr.
1412 4892 1417 4897 ’

242 4961 431 5018 Addam
465 4976 519 5019 et
553 4967 840 5033 hoc.Quid
871 4968 917 5023 si
958 4984 1056 5037 per
1098 4986 1283 5026 vocem
1347 4977 1724 5049 ταϐουλαρίων

193 5045 258 5102 hic
279 5069 373 5106 non
395 5057 778 5124 intelliguntur
798 5058 1074 5124 tabularii,
1098 5078 1194 5115 seu
1214 5068 1433 5125 notarii.
1455 5069 1549 5122 sed
1575 5070 1724 5123 tabu-

188 5143 295 5195 laria
313 5160 402 5199 seu
422 5149 660 5214 archiva,
681 5160 735 5204 et
766 5152 837 5204 ita
872 5162 928 5205 ut
953 5155 1305 5222 primicerius
1328 5159 1721 5217 tabulariorum

191 5234 257 5289 ille
280 5240 483 5296 dicatur
512 5246 608 5313 qui
641 5257 837 5313 prmest
861 5249 1126 5302 tabulario
1152 5266 1246 5305 seu
1279 5254 1512 5320 archiva,
1537 5259 1721 5315 socius

188 5326 226 5376 iu
262 5330 352 5386 hoc
392 5334 571 5388 ofﬁcio
610 5346 665 5390 et
698 5338 1020 5394 administer
1063 5342 1546 5415 chartophylacis?
1588 5348 1717 5403 Nam

186 5417 631 5494 ettartophylacium
652 5425 863 5483 Latinis
893 5439 976 5483 est
1007 5431 1353 5500 tabularium,
1382 5446 1433 5488 et
1460 5452 1491 5490 a
1526 5436 1718 5494 Latino

135 5525 139 5553 τ
187 5527 263 5567 usu
286 5522 439 5575 etiam
469 5522 694 5578 armis.
728 5526 878 5579 Sicut
898 5527 1042 5582 enim
1069 5545 1293 5599 magnus
1326 5536 1642 5593 sacellarius
1667 5549 1721 5593 et

185 5604 296 5657 ὀτοῦ
320 5614 598 5667 cunmm
623 5631 750 5669 suos
768 5618 1073 5673 habuerunt
1089 5621 1384 5690 adjutores,
1403 5625 1557 5696 155
1574 5628 1645 5682 ita
1666 5641 1721 5684 et

184 5695 529 5774 clrartopbylax
570 5708 783 5762 videtur
827 5709 1082 5766 habuisse
1126 5716 1470 5785 pimicetiunt
1509 5695 1716 5775 tabula-

185 5783 374 5844 riorum.
412 5793 613 5849 Gasrs.

236 5876 310 5951 [Ρ.
326 5883 374 5938 6.
391 5884 551 5955 Regia
575 5891 830 5958 superius
853 5895 1117 5962 producta
1144 5894 1287 5953 inter
1309 5898 1492 5957 ofﬁcia
1521 5919 1713 5962 recen-

433 5988 705 6085 ΡΑἰ-ιιω..
757 5989 873 6049 Gn.
909 5989 1143 6050 CLVII.

1834 4690 2024 4755 fectum
2055 4694 2425 4761 pugillarium.
2491 4697 2603 4766 Ego
2628 4700 2757 4768 quid
2797 4702 2901 4756 sibi
2962 4705 3250 4775 pugillares
3302 4725 3402 4765 seu

1831 4781 2121 4849 pugillaria
2186 4786 2301 4841 hate
2335 4788 2523 4852 velint,
2579 4806 2788 4845 mecum
2846 4806 3109 4863 exputare
3162 4815 3400 4869 nequeo.

1836 4870 1929 4925 Est
1953 4882 2135 4926 autem
2163 4878 2443 4947 prwfectus
2492 4882 2857 4936 contaciorum
2888 4885 2977 4940 ille
3002 4888 3089 4941 cui
3140 4903 3267 4944 cura
3320 4892 3403 4946 in-

1830 4964 2063 5015 choandi
2098 4969 2345 5021 contacia
2375 4970 2687 5026 commissa.
2715 4971 2815 5027 Sed
2847 4977 2914 5029 de
2955 4980 3221 5035 contaciis
3243 4980 3398 5052 plura

1834 5053 1998 5107 habes
2026 5070 2188 5123 supra
2214 5074 2263 5111 c.
2298 5060 2349 5112 7.
2384 5059 2588 5117 anrs.

1902 5140 2227 5213 [Κοντάκιον
2256 5148 2344 5203 hic
2381 5151 2509 5219 {alia
2532 5166 2767 5222 namque
2788 5142 3046 5223 pra'tt'rea
3078 5160 3262 5232 refert)
3290 5180 3400 5219 mo-

1829 5234 1984 5289 dulus
2004 5246 2087 5291 est
2106 5239 2343 5306 brevior,
2362 5243 2471 5295 ἁπὺ
2494 5242 2584 5295 τοῦ
2612 5246 2823 5312 κοντοῦ,
2838 5264 2870 5301 a
2895 5251 3142 5306 brevitate
3163 5289 3178 5317 ,
3200 5270 3397 5312 nomen

1828 5328 2096 5395 sortitus;
2136 5332 2479 5402 maximeque
2509 5348 2845 5405 sanctorum,
2876 5355 3108 5411 quorum
3153 5359 3263 5401 non
3315 5359 3400 5402 eat

1827 5419 2099 5487 officium,
2130 5425 2407 5479 memoriis
2433 5427 2654 5484 brevius
2683 5431 2947 5487 faciundis
2972 5436 3209 5490 deservit
3233 5455 3247 5492 :
3279 5437 3398 5491 lore-

1826 5511 2052 5565 viculum
2074 5514 2202 5567 alibi
2235 5517 2439 5570 vocavi.
2459 5517 2673 5589 Quique
2688 5523 2774 5576 his
2792 5525 3074 5580 cantandis
3106 5528 3397 5595 pra-ficitur

1826 5612 1880 5656 et
1896 5604 2148 5671 intendit,
2166 5615 2248 5659 est
2267 5610 2476 5663 auctori
2496 5611 2680 5682 ἄρχων
2701 5615 2810 5667 τῶν
2836 5619 3160 5674 κοντακίων.
3194 5617 3397 5693 Gesn]

2307 5723 2468 5796 156
2517 5725 2747 5783 CAPUT
2794 5727 2915 5784 xu.
3114 5730 3135 5755 ί

1901 5811 1980 5866 De
2032 5825 2215 5872 octava
2282 5819 2505 5897 pentade
2560 5820 2847 5891 afﬁciorum
2889 5835 2939 5877 et
2994 5823 3318 5893 oﬂicialiunt.

1893 5906 1955 5963 Ρ.
1994 5906 2047 5965 6.
2072 5909 2125 5965 ln
2150 5919 2342 5969 octavo
2368 5913 2620 5985 quinario
2640 5913 2844 5985 primas
2880 5926 3022 5973 tenet
3058 5916 3393 5985 primicerius

3000 6014 3038 6071 6
