3936 6594
525 441 619 507 171

1615 438 1700 497 ΙΝ
1740 438 2040 499 LIBRUM
2081 439 2176 500 DE
2221 438 2554 501 OFFICIIS
2589 440 2695 498 (ΖΡ.

3683 437 3787 502 1⁸ῖὲ

517 543 796 616 lectorum,
866 552 956 620 qui
989 561 1042 608 et
1067 552 1206 623 apud
1233 551 1463 608 Citrium
1537 563 1838 623 comparet.
1902 552 2104 608 Gnsrs.
2139 564 2178 618 Α
2213 553 2480 606 meminit.
2533 551 2729 606 Junius
2756 551 2806 604 in
2831 550 3003 604 schol.
3038 550 3426 616 canonurchus,
3457 553 3544 619 qui
3573 568 3788 607 canoni-

496 671 512 684 κ
593 649 759 722 [ιϋὶά.
807 647 862 700 Ὀ
885 645 1302 716 πριμμικήριος
1347 645 1466 698 τῶν
1499 645 1924 714 (iram-marinas.
1961 647 2103 699 Alla-

517 740 660 793 tiana
699 737 860 793 simul
890 752 1012 790 cum
1049 737 1222 790 Citrio
1246 747 1440 790 cuncta
1477 737 1664 790 officia
1694 738 1746 790 iu
1787 737 2099 802 διακονικὰ,

517 829 767 899 ἱερατικὰ
800 830 892 882 καὶ
942 830 1051 880 τῶ)
1089 829 1458 897 ἀναγνωστῶν
1499 832 1684 883 volunt
1731 827 1856 884 esse
1909 831 2096 886 divisa.

516 923 836 986 Quindecim
873 921 1046 989 prima
1074 923 1318 976 diaconis
1349 923 1652 992 assignant,
1685 937 1888 991 eosque
1921 923 1984 974 ad
2015 939 2107 992 pa-

521 1013 773 1068 triarchae
805 1013 948 1066 latus
976 1014 1038 1064 'in
1075 1013 1268 1065 dextro
1312 1013 1504 1077 choro,
1543 1013 1693 1067 velut
1723 1013 1842 1082 ejus
1873 1014 2103 1079 curiam,

499 1105 700 1158 "locaut
733 1122 747 1157 :
783 1105 1070 1174 sequentia
1127 1106 1282 1174 plura
1325 1122 1487 1175 quam
1550 1115 1676 1175 apte
1732 1109 2105 1164 sacerdotibus

517 1197 869 1260 conveniam,
899 1211 1084 1265 aequus
1113 1197 1282 1251 lector
1333 1213 1396 1252 ex
1426 1199 1602 1267 primo
1653 1201 1847 1254 obtutu
1873 1199 2102 1270 judicat.

516 1287 873 1356 Prompsaltze
897 1287 978 1341 vel
1007 1288 1172 1357 hujus
1206 1287 1493 1344 inferiores
1537 1306 1643 1344 non
1676 1291 1779 1347 uisi
1810 1294 2106 1348 lectoribus

497 1379 750 1435 'conl‘erri
779 1380 1005 1446 Citrius,
1036 1392 1256 1436 auctore
1287 1381 1388 1452 ipsi
1422 1383 1821 1452 consentiente,
1848 1386 2106 1440 determi-

518 1485 632 1531 nat.
665 1474 818 1531 Gem
849 1474 867 1547 }

588 1567 668 1622 Ib.
702 1569 962 1636 Sequitur
990 1571 1017 1622 ὁ
1048 1571 1291 1638 νομικός.
1329 1571 1420 1640 qui
1458 1571 1603 1640 apud
1637 1570 1828 1626 Codin.
1862 1587 1916 1640 p.
1953 1573 1973 1626 l
2013 1575 2101 1626 ed.

513 1659 1154 1731 3ιιιι.εεῑόνομοδὸτης,
1197 1661 1360 1715 Junio
1415 1672 1725 1730 pra’rcplar,
1783 1666 1875 1733 qui
1939 1674 1990 1717 et
2047 1663 2101 1717 in

513 1752 738 1807 scholiis
762 1751 1213 1819 istazpra'ccptor
1254 1761 1331 1804 est
1361 1754 1683 1806 musicorum
1707 1756 1788 1807 vel
1856 1753 2101 1822 ψαλτῶν,

513 1843 975 1912 gymnasiarchus,
1005 1845 1095 1913 qui
1122 1855 1304 1911 postea
1364 1854 1616 1913 corrupta
1680 1861 1797 1899 voce
1829 1848 2101 1915 μαῖττωρ,

2209 646 2303 700 bus
2327 644 2670 715 synodalibus
2704 651 2754 698 et
2779 644 2902 696 aliis
2933 643 3164 711 legendis
3191 643 3473 711 prwfectus
3493 651 3602 709 est;
3625 644 3787 714 cujus

2206 737 2283 790 rei
2309 733 2618 802 exemplum
2659 732 2892 786 habetur
2914 748 2964 785 c.
2994 731 3104 787 6et
3129 734 3214 786 l5.
3256 731 3454 786 Verum
3501 735 3553 786 in
3603 734 3788 801 priore

2209 829 2328 883 loco
2363 842 2468 881 non
2496 827 2554 880 ﬁt
2584 826 2789 880 mentio
2831 824 3350 892 protocanonarchar,
3389 825 3480 878 sed
3520 839 3790 879 canonar-

2207 920 2346 981 cban,
2405 921 2496 987 qui
2524 920 2632 971 duo
2657 919 2882 980 diversi,
2933 917 3074 970 sicut
3121 919 3528 985 protonotarius
3549 925 3603 969 et
3634 926 3790 970 nota-

2207 1012 2342 1064 rius.
2388 1009 2560 1064 \‘etha
2599 1008 2889 1076 Codini.p.
2919 1007 3021 1068 46.
3049 1007 3160 1060 haec
3185 1015 3313 1059 sunt
3339 1023 3354 1059 :
3381 1005 3580 1073 legitur
3611 1021 3642 1059 a
3694 1022 3786 1058 ca-

2208 1101 2484 1156 nonareha
2536 1100 2689 1162 illud,
2719 1099 3425 1168 Πολυχρόνιον,άὶιιειινηιιιιι
3451 1097 3614 1164 faciat
3649 1098 3790 1150 Deus

2206 1206 2448 1247 sanctum
2477 1194 2757 1262 imperium
2783 1201 2932 1246 tuum
2965 1193 3021 1244 in
3044 1193 3238 1245 multos
3264 1206 3430 1244 annos
3450 1206 3469 1244 :
3497 1192 3658 1258 idque
3679 1200 3789 1244 ter-

2207 1288 2282 1341 tio
2309 1287 2483 1354 repeti
2514 1285 2669 1339 dicit.
2721 1285 2888 1339 Estne
2918 1267 3006 1337 hic
3035 1298 3218 1337 sermo
3237 1283 3304 1336 de
3361 1290 3790 1349 protocanonar-

2205 1375 2301 1428 cita
2338 1390 2408 1428 an
2441 1377 2508 1429 de
2531 1374 2864 1427 canouarcha
2893 1375 2918 1426 2
2948 1371 3228 1426 Dicitnrne
3264 1371 3437 1439 ipsius
3467 1384 3586 1423 esse
3611 1367 3792 1434 legere

2206 1480 2329 1521 acta
2355 1468 2610 1537 synodica
2639 1476 2692 1521 et
2718 1468 2822 1520 alia
2854 1465 3018 1533 hujus
3073 1462 3334 1532 generis?
3397 1459 3563 1515 Estne
3607 1459 3791 1514 fausta

2205 1564 2294 1615 illa
2314 1560 2622 1632 apprecatio
2637 1559 2949 1612 diuturnum
2973 1557 3137 1622 faciat
3163 1554 3440 1622 imperium
3465 1563 3632 1617 tuum,
3654 1562 3741 1606 etc
3772 1591 3789 1618 ,
3866 1631 3869 1633 _

2205 1669 2382 1708 canon
2406 1651 2710 1723 synodalis,
2760 1660 2817 1703 ut
2853 1647 3330 1716 Junius-loquitur
3351 1646 3372 1697 7
3393 1643 3559 1698 Multo
3605 1643 3789 1698 minus

2206 1746 2256 1798 id
2287 1745 2457 1799 altero
2498 1757 2528 1796 a
2565 1741 2730 1797 Jnuio
2765 1740 2932 1793 citato
2965 1740 3084 1794 loco
3121 1753 3176 1806 p.
3228 1736 3320 1800 8‘2,
3354 1735 3594 1804 reperire
3635 1736 3788 1798 licet,

2207 1836 2301 1891 ubi
2331 1836 2538 1890 nullum
2569 1836 2796 1888 verbum
2829 1849 2930 1887 nec
2955 1833 3022 1886 de
3047 1831 3393 1886 canonarcha
3447 1843 3543 1884 nec
3573 1827 3640 1882 de
3665 1843 3791 1897 pro-

622 1946 698 1989 est
748 1907 1027 2002 magister,
1079 1907 1400 2005 appellatur,
1439 1950 1492 2005 p.
1526 1907 1609 1989 ’44
1642 1946 1695 1990 et
1730 1954 1782 2006 ν,
1821 1907 1910 1992 tio,
1965 1907 2176 1992 Nuij
2210 1929 2642 1983 tocauouareha.
2701 1924 2806 1980 Sed
2850 1925 3048 1979 Junius
3093 1934 3352 1992 tauquam
3403 1937 3579 1976 czecus
3615 1922 3670 1974 in
3704 1921 3792 1976 his

517 2029 632 2081 brec
683 2042 810 2080 vera
857 2029 988 2090 sint,
1025 2027 1153 2080 facit
1204 2036 1264 2080 ut
1313 2027 1555 2080 dubitem
1601 2025 1840 2082 Joannes
1878 2029 2102 2093 Citrius,

516 2120 657 2187 apud
690 2133 853 2187 quem
883 2129 968 2173 est
989 2119 1390 2188 νουμμοδῦτης,
1425 2120 1626 2171 nummi
1649 2119 1830 2183 dator,
1858 2129 1916 2174 ut
1943 2122 2107 2175 vertit

516 2211 812 2280 interpres.
841 2209 1005 2264 Forte
1036 2211 1081 2264 is
1141 2217 1226 2264 est
1260 2223 1419 2278 quem
1479 2225 1578 2264 nos
1635 2211 2104 2281 cleemosynarium

518 2303 790 2368 appellare
821 2301 1083 2366 solemus;
1112 2301 1214 2355 nisi
1241 2301 1367 2369 quis
1425 2300 1718 2356 arbitretur
1784 2317 1908 2356 eum
1963 2302 2105 2370 apud

516 2393 738 2448 Grtceos
780 2407 989 2446 morem
1025 2391 1262 2462 viguisse
1287 2392 1380 2460 qui
1443 2393 1582 2458 apud
1647 2406 1744 2447 nos
1799 2392 1854 2446 in
1917 2393 2105 2447 multis

518 2486 788 2550 ecclesiis,
827 2487 918 2540 ubi
955 2484 1314 2552 praesentibus
1337 2483 1550 2538 clericis
1595 2483 1796 2552 aliquid
1863 2486 2106 2552 pecuniae

517 2579 635 2633 dari
691 2579 851 2642 solet;
916 2592 1078 2646 quam
1133 2585 1332 2629 vocant
1382 2584 1658 2643 prtescutz,
1690 2586 1743 2629 et
1802 2574 1953 2629 illum
2017 2576 2105 2629 cui

521 2671 720 2723 munus
772 2668 1131 2722 distribuendi
1194 2667 1571 2726 commissum,
1630 2676 1966 2735 prasentzer.
2034 2669 2102 2723 At

520 2777 643 2815 cum
693 2759 938 2814 Codinus
990 2775 1101 2814 uno
1135 2760 1257 2813 loco
1323 2760 1518 2812 habeat
1576 2757 1894 2827 νομοδότην,
1938 2760 2107 2813 altero

521 2866 782 2924 expresse
799 2851 1044 2920 νομικόν,
1067 2864 1172 2904 non
1194 2850 1406 2903 videtur
1425 2850 1718 2904 verisimile
1738 2850 2107 2920 νουμμοδότην

521 2945 806 3011 legendum
837 2958 958 2997 esse
981 2959 998 3008 ;
1024 2941 1126 2996 nisi
1149 2941 1274 3010 quis
1305 2941 1470 2994 etiam
1507 2941 1689 3010 priore
1719 2941 1840 2995 loco
1871 2957 2108 3010 νουμμι-

521 3036 620 3088 κόν
655 3051 793 3088 nova
831 3033 1004 3089 forma
1047 3051 1074 3087 a
1109 3049 1322 3086 nummo
1358 3031 1754 3087 restituendum
1791 3033 2100 3087 contendat.

521 3113 677 3182 Licet
706 3126 930 3196 νομικός
972 3140 1191 3195 quoque
1250 3123 1401 3195 παρὰ
1431 3124 1492 3176 τὸ
1548 3123 1738 3193 νόμος,
1774 3133 1831 3177 ιιι
1891 3139 2102 3176 numum

520 3233 618 3271 si'u
685 3187 959 3270 nummum
992 3187 1344 3282 'siguilieat,'
1379 3213 1572 3268 deduci
1638 3212 1833 3282 possit.
1895 3212 2099 3278 Quodsi
2135 3187 2177 3244 (ἶ

519 3306 744 3378 νομικός
784 3307 848 3360 ad
881 3313 1131 3361 cantores
1179 3303 1436 3374 pertinet,
1475 3302 1634 3370 plane
1672 3301 1720 3356 is
1751 3299 1962 3356 videtur
1989 3315 2113 3355 esse

520 3401 610 3468 qui
635 3409 854 3451 can'um
880 3407 1244 3464 cantoresque
1276 3396 1436 3462 regit,
1469 3401 1524 3448 et
1547 3393 1783 3460 utvulgo
1813 3393 2111 3462 loquimur,

520 3493 844 3561 qultlaclum
874 3491 1092 3560 prazbct,
1119 3495 1213 3541 der
1241 3492 1342 3541 den
1371 3485 1668 3556 Tactgicbt
1691 3484 1834 3548 ξιιἰεί
1857 3486 1943 3539 cui
1976 3485 2112 3540 forte

527 3586 701 3654 magis
722 3583 965 3637 arrideat
1005 3591 1063 3635 ut
1099 3595 1192 3650 per
1221 3581 1445 3649 νομικόν
1499 3586 1554 3631 et
1585 3577 1880 3647 νομοδότην
1913 3577 2112 3631 intelli-

525 3689 610 3746 gat
634 3674 1016 3746 jurisperitum“
1039 3688 1133 3728 seu
1159 3672 1298 3741 juris
1327 3673 1713 3739 interpretem:
1739 3669 1924 3724 forsan
1961 3669 2110 3723 enim

526 3774 580 3822 i’u
610 3769 757 3822 clero
792 3765 1000 3836 Magnae
1032 3764 1286 3820 Ecclesia:
1316 3773 1560 3833 tempore
1585 3762 1782 3817 Codini
1812 3773 1928 3817 erat
1952 3763 1998 3816 is
2018 3763 2112 3831 qui

519 3867 707 3928 postea
737 3859 918 3913 dictus
943 3866 1028 3911 est
1057 3853 1393 3923 νομοφύλαξ,
1434 3854 1592 3922 cujus
1641 3853 1847 3908 mentio
1874 3854 1926 3907 in
1974 3851 2115 3908 Tur.

521 3966 675 4021 cegr.
701 3951 739 4003 I.
773 3965 871 4014 vu,
905 3947 1000 4002 l‘ol.
1031 3949 1159 4003 506.
1197 3949 1304 4001 Nec
1324 3955 1406 4002 est
1436 3961 1464 3999 a
1503 3961 1630 4000 vero
1659 3945 1895 4000 alienum
1934 3945 2102 4000 fuisse

452 4100 457 4104 ,
522 4043 664 4096 inter
691 4039 962 4096 ofﬁciales
1016 4038 1419 4093 ecclesiasticos
1451 4038 1686 4106 aliquem
1719 4035 1812 4104 qui
1865 4037 1932 4089 de
1983 4034 2110 4104 jure

491 4164 496 4172 -
523 4147 786 4198 respousa
816 4131 992 4186 daret.
1023 4129 1362 4184 Glossarium
1395 4128 1675 4196 Latinogr.
1700 4127 1935 4191 tabellio,
1959 4142 2110 4193 νημι-

523 4225 642 4286 κός.
677 4221 883 4275 CnETs.

595 4310 766 4385 (Ibid.
792 4311 849 4362 '0
873 4311 1146 4378 νομικός.
1165 4306 1269 4372 Qui
1300 4303 1440 4374 typis
1458 4313 1510 4357 et
1535 4300 1923 4357 ecclesiasticis
1945 4300 2117 4355 rubri-

523 4407 606 4458 cis
623 4402 868 4473 apprime
911 4399 1184 4462 eruditus,
1219 4397 1366 4465 quod
1400 4407 1619 4464 quoque
1677 4393 1764 4447 die
1824 4391 2107 4462 legendum

525 4494 772 4550 ofﬁcium
805 4491 888 4545 vel
915 4497 1174 4544 occurrat
1199 4485 1460 4540 memoria
1499 4483 1766 4549 facienda,
1824 4482 2000 4538 sancit
2053 4494 2107 4536 et

527 4585 788 4653 publicat.
818 4582 892 4636 Ita
923 4581 1188 4636 medocet
1246 4576 1518 4631 Antonius
1589 4576 1766 4630 (li-alis
1822 4573 1928 4630 CP.
1996 4577 2100 4630 Alii

524 4693 648 4732 eum
676 4691 796 4731 esse
831 4674 1016 4730 volunt
1037 4675 1127 4740 qui
1154 4671 1324 4739 legem
1359 4668 1670 4723 cantoribus
1697 4667 1847 4735 ponit
1868 4678 1921 4722 et
1973 4668 2107 4722 cho-

525 4785 618 4824 ros
647 4767 808 4838 regit.
836 4765 1026 4820 Solent
1055 4772 1327 4818 nostrates
1385 4761 1579 4816 musici
1609 4762 1820 4815 elevata
1885 4761 2106 4830 depres-

526 4873 695 4931 saque
725 4873 890 4914 manu
923 4863 1119 4912 cantus
1171 4853 1392 4909 modum
1448 4861 1502 4906 et
1559 4852 1801 4907 ordinem
1829 4852 2110 4922 praal'igere

525 4951 867 5014 cantoribus,
895 4949 1040 5019 quod
1107 4945 1314 5001 Graecis
1377 4945 1571 4999 deesse
1633 4945 1843 5013 nequit;
1910 4943 2108 5014 quibus

528 5056 788 5115 praeterea
841 5042 972 5096 illud
997 5049 1082 5095 est
1111 5038 1163 5092 in
1198 5053 1322 5099 usu,
1377 5047 1433 5090 ut
1464 5037 1622 5091 variis
1655 5051 1850 5090 manus
1902 5037 2107 5090 dextrae

526 5133 766 5188 motibus
791 5130 1132 5197 diversisque
1161 5127 1451 5198 digitorum
1484 5136 1539 5181 et
1565 5129 1922 5183 articulorum
1981 5143 2109 5182 con-

527 5222 949 5278 formationibus
989 5220 1166 5273 varias
1193 5234 1386 5273 vocum
1421 5217 1739 5273 inllexiones
1767 5219 1820 5272 in
1859 5218 2105 5272 omnium

527 5322 822 5383 conspectu
855 5311 1051 5366 melius
1074 5325 1238 5380 quam
1273 5310 1494 5365 musicae
1552 5312 1753 5365 notnlte
1791 5311 2105 5380 designent.

531 5417 694 5476 atque
732 5404 807 5458 ita
832 5416 937 5458 non
970 5400 1210 5470 scriptis,
1245 5402 1342 5456 sed
1401 5416 1598 5456 manus
1653 5402 1898 5464 nutibus,
1939 5416 2105 5469 quam

528 5499 876 5570 χειρονομίαν
901 5495 1112 5557 dicunt,
1136 5503 1332 5548 cantus
1366 5494 1512 5563 leges
1540 5495 1610 5546 ob
1640 5493 1828 5547 oculos
1877 5503 2104 5560 ponant.

532 5591 642 5645 llos
671 5602 796 5644 eum
825 5581 1128 5656 TheOphilo
1149 5589 1486 5655 xstpovopstv
1505 5585 1768 5640 scriberet
1800 5584 2105 5643 Cedrenus:

525 5691 724 5737 auctor
755 5681 1014 5747 νομικούς
1053 5677 1380 5751 nuncupat.]
1557 5700 1559 5703 ·

595 5772 744 5829 'Ibid.
779 5771 1036 5841 Sequitur
1065 5774 1091 5824 ὁ
1125 5770 1661 5841 πρωτθκανόναρχος,
1717 5769 1916 5837 primus
1949 5785 2105 5822 cano-

534 5862 981 5923 ttarchus.iuuuit
1035 5861 1186 5925 157
1217 5861 1435 5926 Junius,
1494 5853 1649 5927 cuius
1702 5866 1865 5918 etiam
1902 5859 2105 5919 Citrius

2206 2021 2706 2077 ecclesiasticarum
2747 2018 3092 2072 functionum
3142 2015 3424 2071 vocabulis
3471 2015 3793 2076 oberrabat,

2205 2119 2260 2163 et
2314 2108 2613 2164 dummodo
2642 2107 2846 2177 aliquid
2873 2105 3080 2162 diceret
3132 2106 3291 2160 facile
3320 2119 3381 2158 se
3437 2105 3791 2158 inventurum

2208 2199 2366 2254 tidem
2390 2183 2768 2253 arbitrabatur
2802 2198 2942 2267 apud
2981 2196 3104 2251 illos
3133 2198 3228 2267 qui
3257 2205 3452 2265 praeter
3485 2194 3792 2266 pradican-

2209 2299 2291 2343 tes
2322 2301 2373 2344 et
2407 2289 2692 2344 ministros
2735 2290 2886 2343 verbi
2938 2288 3072 2342 nihil
3119 2297 3341 2344 norunt.

2279 2381 2414 2449 Quis
2442 2383 2606 2452 igitur
2635 2384 3154 2450 protocanonarclta,
3173 2390 3228 2434 et
3255 2381 3396 2435 unde
3420 2381 3522 2435 hoc
3545 2396 3744 2436 nomen
3768 2381 3794 2435 Ἰ

2205 2476 2448 2544 Evpotiet
2465 2475 2621 2531 nobis
2641 2475 2746 2530 hoc
2769 2473 3032 2540 Zonaras,
3056 2474 3149 2544 qui
3181 2475 3232 2527 in
3253 2475 3663 2530 commentariis
3689 2491 3794 2529 su-

2207 2583 2300 2635 per
2319 2582 2559 2622 canonas
2574 2567 2930 2622 Anastasinos
2947 2567 3172 2622 Joannis
3197 2566 3518 2622 Damasceui
3544 2569 3616 2621 ita
3639 2583 3794 2624 com-

2209 2669 2513 2714 mentatur:
2539 2660 2722 2714 Canon
2773 2661 2970 2712 dicitur
3008 2661 3132 2729 quia
3166 2660 3486 2729 praefinitam
3527 2675 3575 2713 et
3608 2677 3794 2715 novem

2207 2755 2320 2808 odis
2342 2757 2798 2824 circumscriptam
2821 2756 2972 2809 habet
2995 2757 3291 2823 periodum,
3321 2765 3379 2809 ut
3420 2756 3604 2811 videre
3628 2767 3712 2811 est
3735 2756 3792 2808 in

2207 2847 2519 2901 Graecorum
2545 2847 2837 2902 ritualibus
2862 2847 3038 2901 libris.
3070 2847 3153 2902 Ab
3191 2848 3277 2902 his
3305 2847 3469 2917 igitur
3488 2849 3796 2903 canonibus

2207 2935 2348 3004 apud
2389 2936 2612 2991 Graecos
2670 2952 2884 3007 magnae
2939 2938 3280 2992 auctoritatis
3323 2947 3379 2992 et
3431 2938 3797 2994 existimatio-

2207 3030 2294 3083 nis
2315 3031 2835 3096 protocanonarcha,
2868 3039 2922 3085 et
2961 3031 3053 3100 qui
3095 3031 3198 3086 sub
3221 3031 3320 3086 illo
3349 3042 3488 3095 erat,
3530 3047 3795 3086 canouar-

2208 3121 2305 3174 clm
2337 3135 2535 3175 nomen
2563 3132 2880 3177 traxerunt:
2928 3123 3173 3190 ipsorum
3215 3124 3360 3178 enim
3389 3135 3506 3180 erat
3551 3141 3798 3182 canonas

2215 3211 2371 3278 istos,
2398 3213 2616 3282 quando
2644 3214 2698 3267 in
2732 3215 2963 3270 ecclesia
2984 3215 3307 3271 decantandi
3331 3226 3506 3283 erant,
3530 3219 3798 3274 inchoare

2213 3313 2268 3357 et
2303 3303 2530 3372 reliquis
2548 3305 2706 3373 quasi
2757 3304 2968 3374 praeire.
3002 3304 3159 3371 Hine,
3193 3317 3250 3362 et
3277 3323 3384 3363 non
3421 3310 3664 3376 aliunde,
3689 3313 3800 3368 hoc

2216 3410 2413 3449 nomen
2447 3396 2713 3464 originem
2754 3397 2927 3451 ducit.
2967 3396 3177 3453 Gaz-rs.

2293 3486 2513 3558 [Κανών
2550 3489 2790 3558 hymnus
2815 3490 3221 3562 ecclesiasticus
3247 3502 3330 3547 est
3363 3492 3575 3564 longior
3590 3506 3644 3551 et
3669 3499 3798 3568 plu-

2216 3579 2370 3633 ribus
2402 3581 2656 3648 tropariis
2683 3591 2967 3637 constans.
2993 3583 3094 3648 Qui
3125 3599 3253 3640 vero
3279 3588 3581 3645 canonibus
3607 3589 3798 3645 istius-

2218 3669 2359 3722 modi
2422 3671 2779 3725 coucinendis
2846 3671 3152 3739 incumbit,
3209 3677 3542 3747 κανονάρχου
3591 3681 3800 3748 appel-

2218 3758 2418 3814 latione
2447 3759 2791 3815 honesta-tnr.
2826 3761 2943 3818 Hoc
3004 3772 3186 3818 autem
3230 3776 3390 3836 pacto
3445 3774 3800 3840 κανοναρχεῐ.

2221 3851 2606 3907 Deﬁcientibus
2639 3854 2795 3910 libris
2825 3865 2984 3924 prout
3021 3858 3163 3927 apud
3201 3875 3322 3922 nos,
3363 3860 3670 3915 uncialibus
3701 3863 3800 3916 lit-

2219 3944 2348 3996 teris
2373 3945 2613 4000 esaratis
2633 3953 2687 4000 et
2710 3946 2762 3999 iu
2785 3947 2933 4002 ebori
2963 3949 3140 4002 medio
3159 3949 3224 4003 ad
3252 3951 3494 4005 omnium
3541 3951 3802 4008 obtutum

2215 4035 2607 4102 espandendis,
2651 4039 2996 4092 cononarcba
3047 4041 3270 4107 troparii
3317 4043 3479 4095 unius
3522 4057 3802 4098 commata

2218 4125 2522 4179 suceessim
2556 4129 2664 4179 alta
2703 4142 2836 4182 voce
2868 4130 3061 4183 dextro
3088 4131 3258 4184 choro
3285 4133 3539 4199 primum,
3574 4143 3688 4188 tum
3720 4137 3800 4189 al-

2220 4215 2388 4270 terius
2429 4219 2656 4287 troparii
2701 4219 2782 4273 vel
2826 4222 3078 4289 stmphes
3101 4232 3371 4277 commata
3413 4224 3580 4279 choro
3617 4227 3801 4292 alteri,

2217 4322 2322 4360 non
2356 4306 2664 4378 interrupto
2690 4319 2880 4373 cantu,
2915 4311 3191 4379 suggerit;
3216 4327 3280 4367 ac
3313 4315 3384 4367 ita
3408 4313 3653 4384 fungitur
3678 4320 3802 4372 olli-

2217 4399 2303 4453 cio
2328 4401 2472 4468 quod
2511 4410 2592 4455 est
2623 4403 2990 4471 κανοναρχεῖν,
3021 4419 3282 4458 canonum
3323 4405 3573 4460 videlicet
3599 4408 3804 4463 decan-

2140 4518 2182 4573 ο
2221 4489 2507 4544 tandorum
2541 4491 2750 4560 singula
2778 4492 2929 4545 verba
2961 4496 3364 4560 ctpcriotlorum
3407 4496 3642 4552 membra
3668 4514 3804 4568 pru-

2209 4582 2400 4636 denter
2435 4584 2504 4637 oI)
2536 4583 2796 4638 librorum
2829 4584 3099 4639 defectum
3119 4601 3417 4658 suggerere,
3441 4599 3488 4642 et
3535 4607 3637 4659 quo
3673 4602 3806 4646 tono

2213 4674 2316 4726 sint
2347 4676 2618 4728 cantanda
2651 4691 2880 4730 monere.
2907 4675 3112 4747 Conv]

2289 4764 2531 4827 Quartus
2565 4773 2650 4820 est
2678 4765 2925 4838 ἔξαρχος.
2963 4768 3242 4830 cxarcltus,
3285 4769 3396 4821 dua:
3443 4771 3678 4837 quidem,
3719 4773 3805 4826 in-

2211 4854 2329 4923 quit
2362 4854 2583 4920 Junius,
2615 4865 2664 4909 ct
2697 4872 2892 4926 pra'ses
2927 4858 3287 4912 ministrorum
3315 4859 3546 4912 ccclesia'
3574 4863 3630 4915 in
3654 4865 3806 4915 ordi-

2213 4945 2392 4997 nanda
2419 4945 2750 5014 singulorum
2804 4947 3069 5014 [unctione
3098 4959 3148 5001 et
3185 4929 3502 5004 ministerio.
3542 4949 3804 5006 Fallitur.

2212 5034 2428 5090 Rectius
2453 5037 2502 5091 in
2523 5034 2787 5107 Turcogr.
2811 5037 2906 5091 fol.
2938 5039 3059 5101 192.
3079 5046 3353 5095 exarcbus
3380 5044 3581 5111 legatus
3612 5055 3710 5098 aut
3729 5047 3807 5098 υἱ-

2213 5127 2390 5180 carius
2414 5128 2738 5194 patriarcha
2772 5137 2865 5182 aut
2886 5130 3253 5197 metropolitw,
3272 5133 3406 5184 sicut
3449 5149 3541 5186 nos
3564 5137 3810 5203 legatum

2211 5220 2520 5288 apostolica
2549 5221 2687 5276 sedis
2711 5221 2958 5275 dicimus.
2980 5223 3040 5276 Et
3067 5220 3162 5275 fol-
3183 5221 3289 5276 995
3311 5225 3509 5278 dicitur
3531 5226 3809 5280 exarchus

2216 5311 2417 5366 missos
2447 5309 2516 5366 ad
2571 5311 2936 5382 colligendum
2999 5311 3304 5368 subsidium
3363 5329 3460 5383 pro
3513 5316 3811 5382 pandendo

2210 5399 2402 5456 Turcis
2435 5401 2643 5458 tributo
2665 5420 2681 5458 :
2703 5403 2902 5460 habere
2929 5405 3094 5460 etiam
3124 5415 3444 5474 potestatein
3482 5406 3575 5459 τοῦ
3599 5409 3809 5476 ἀργοὺς

2211 5497 2384 5546 ποιεῖν
2409 5497 2502 5549 καὶ
2525 5495 2828 5564 ἀφορίζειν,
2851 5497 3092 5565 priuandi
3139 5497 3306 5566 ofﬁcio
3351 5498 3703 5553 ecclesiastico
3757 5509 3810 5551 et

2207 5587 2714 5652 cxcommunicandi,
2743 5589 2809 5640 δι’
2836 5587 3090 5656 εὐλόγους
3132 5589 3331 5653 αἰτίας,
3363 5590 3425 5642 ob
3455 5590 3634 5658 justas
3677 5606 3810 5644 caa—

2208 5693 2316 5731 sas.
2371 5676 2500 5732 ltem
2549 5678 2638 5747 jus
2695 5679 3011 5734 absolvendi
3055 5682 3381 5749 poenitentes
3423 5692 3526 5736 :et
3584 5683 3650 5734 ad
3701 5683 3811 5738 hoc

2212 5770 2446 5840 propriis
2480 5770 2699 5834 litteris,
2737 5788 2875 5841 quas
2931 5775 3323 5842 συγχωρητικά
3365 5773 3668 5850 γράμματα
3703 5791 3812 5840 ap.

2208 5865 2432 5929 pellant,
2458 5879 2486 5918 a
2513 5865 2820 5930 patriarcha
2859 5865 3226 5922 instruuntur.
3260 5864 3380 5921 Fel.
3417 5864 3542 5928 210.
3575 5867 3808 5921 ductio.
