3936 6594
229 453 336 516 173

1313 460 1699 521 GllE-TSERI
1740 457 1832 516 ET
1867 456 2104 517 GOARI
2149 455 2388 518 NOT/E.

3365 452 3467 514 1ῗᾶ

224 571 508 625 minantur
562 571 960 641 patriarchales
981 576 1201 630 exarclii
1234 593 1342 630 uno
1370 587 1424 632 et
1453 578 1645 632 eodem
1675 584 1810 630 tem-
1838 578 1883 632 A
1914 573 2148 641 templis.
2185 571 2278 626 fol.
2311 571 2433 632 lOl,
2465 567 2818 638 proindeque,
2854 568 2900 623 si
2930 581 3037 620 non
3066 581 3256 620 eorum
3280 581 3474 621 mune-

224 678 383 731 pore,
415 664 508 732 qui
561 674 617 720 et
658 666 932 722 interdum
981 671 1212 735 cparclti.
1257 671 1331 724 De
1382 670 1620 724 exarcho
1654 670 1808 735 nihil,

227 753 576 823 158un
600 757 800 822 sciam,
833 759 1054 814 Citrius.
1114 760 1346 814 Exarchi
1394 761 1629 829 dignitas
1677 760 1807 812 olim

219 844 382 896 clara
409 843 693 900 fuitetiam
715 858 870 917 extra
894 849 1189 904 Ecclesium
1225 852 1367 904 inter
1394 851 1661 919 palatinas
1688 849 1812 904 fun-

220 933 444 990 ctiones
486 947 542 991 et
575 937 977 1006 imperatorias.
1019 941 1156 997 Hinc
1191 943 1404 996 exarchi
1435 944 1508 997 illi
1543 944 1596 997 in
1631 944 1806 1007 italia,

221 1036 468 1090 quorum
501 1041 773 1095 nusquam
794 1044 900 1082 non
924 1032 1145 1086 mentio.
1186 1030 1250 1086 Et
1285 1033 1599 1088 Gennadius
1637 1050 1806 1087 exar-

217 1113 360 1168 cbu
391 1117 615 1183 Africa,
641 1122 706 1174 ad
759 1138 920 1190 quem
951 1125 1140 1178 scrihit
1161 1125 1222 1180 S.
1251 1125 1544 1194 Gregorius
1584 1126 1808 1193 Magnus

217 1205 262 1260 l.
294 1205 340 1267 Ι.
362 1210 529 1278 epist.
560 1211 656 1265 '57.
683 1214 819 1268 llinc
846 1215 1156 1268 exurebatur
1176 1226 1228 1270 et
1251 1219 1809 1286 exarclzia.'Enapxo;

219 1300 472 1368 palatina
506 1303 744 1372 dignitas
775 1316 858 1359 est
883 1308 1025 1376 apud
1055 1306 1315 1362 Codinum
1355 1324 1474 1378 cap.
1499 1309 1554 1363 2.
1603 1308 1806 1364 Cas-rs.

297 1392 360 1447 Ρ.
384 1393 443 1448 6.
465 1395 735 1465 Ἐξαρχον
765 1413 902 1452 eum
921 1399 1078 1454 hodie
1102 1403 1414 1471 vocant,qui
1447 1404 1588 1455 velut
1619 1417 1647 1454 a
1677 1403 1809 1457 late-

224 1500 288 1538 re
314 1485 652 1553 patriarchae
686 1490 894 1559 legatus
941 1495 1248 1561 provincias
1279 1498 1328 1549 ei
1365 1495 1640 1564 sulijectas
1675 1497 1808 1560 obit,

224 1593 292 1631 ac
318 1578 389 1632 de
421 1580 749 1634 clericorum
784 1586 1046 1647 moribus,
1084 1585 1152 1639 de
1175 1588 1357 1642 causis
1397 1587 1808 1652 ecclesiasticis,

225 1667 295 1723 de
328 1669 488 1724 cultu
529 1670 741 1737 divino,
788 1675 832 1728 si
861 1689 966 1728 non
999 1675 1326 1742 obsolescat,
1369 1679 1434 1729 de
1457 1677 1724 1746 conjugiis
1753 1686 1810 1732 et

223 1773 424 1812 eorum
455 1761 740 1826 divortiis,
776 1763 845 1838 de
889 1765 1060 1834 plebis
1113 1768 1493 1837 pontificisque
1547 1769 1807 1832 dissidiis,

225 1846 292 1899 de
329 1863 619 1902 canonum
668 1853 1162 1908 ecclesiasticorum
1203 1858 1567 1922 observantia,
1615 1857 1680 1913 de
1724 1873 1813 1911 sa-

223 1941 558 2003 cramentis,
603 1944 963 1998 confessionis
1008 1947 1262 2005 maxime.
1311 1947 1691 2010 conferendis,
1742 1949 1808 2004 de

227 2031 631 2084 mooachorum
667 2033 976 2103 disciplina,
1017 2036 1085 2092 de
1131 2037 1481 2092 ecclesiarum
1531 2054 1558 2091 a
1609 2040 1813 2094 dimen-

225 2122 378 2176 sanis
407 2133 792 2193 exemptarum
829 2128 1057 2198 legibus.
1087 2140 1194 2185 etc.
1220 2133 1464 2202 inquirit,
1487 2141 1540 2187 et
1571 2135 1653 2188 his
1684 2150 1815 2188 cun-

226 2214 328 2268 ctis
350 2231 418 2268 ex
452 2233 616 2284 :equo
651 2217 920 2288 bonoque,
945 2227 1092 2288 dum,
1140 2226 1285 2293 quod
1331 2225 1505 2290 aiunt,
1548 2227 1814 2280 visitatio.

228 2320 348 2357 nem
392 2308 638 2376 peragit,
687 2312 924 2364 consulit
956 2314 1007 2365 in
1040 2324 1362 2382 posterum;
1419 2331 1526 2384 prae
1556 2319 1814 2371 onmibtts

228 2409 358 2448 vero
390 2412 598 2452 census
628 2413 692 2452 ex
725 2415 1050 2471 unaquaque
1080 2405 1308 2458 ecclesia
1357 2391 1679 2472 patriarcha:
1709 2409 1808 2464 ob-

229 2484 523 2539 renientes
576 2495 630 2540 et
676 2498 871 2542 cuncta
906 2491 1126 2545 adeum
1175 2498 1476 2562 spectantia
1522 2498 1646 2566 jura
1680 2497 1807 2550 dili-

228 2587 424 2644 genter
477 2579 798 2648 investigat,
839 2581 1010 2652 rigide
1051 2584 1278 2654 colligit,
1317 2595 1368 2639 ct
1419 2603 1808 2654 nonnunquam

229 2669 433 2722 exinde
496 2674 778 2740 perample
828 2686 1040 2738 auctus,
1096 2677 1161 2730 ad
1217 2679 1578 2746 patriarcham
1615 2681 1808 2736 defert.

230 2760 344 2814 lloc
359 2761 483 2827 ejus
511 2779 714 2815 mimus
740 2766 1106 2833 imperatoriis
1123 2771 1377 2822 exarchis
1393 2771 1444 2824 in
1469 2772 1626 2824 Italia
1641 2787 1812 2839 quon-

229 2853 350 2904 dam
386 2854 760 2908 residentibus
791 2872 895 2908 non
924 2859 1176 2913 absimile
1211 2877 1224 2913 :
1259 2855 1335 2913 illi
1359 2862 1404 2914 si
1435 2863 1651 2933 quidem
1685 2865 1806 2919 bclll

233 2943 498 3011 pacisque
532 2952 778 3012 tempore
820 2957 1014 3001 cuncta
1048 2949 1438 3017 imperatorum
1488 2954 1612 3020 jura
1659 2967 1804 3010 sarta

236 3042 377 3086 tea-ta
402 3037 739 3101 servabant;
767 3038 1072 3108 hi'pariter,
1109 3056 1207 3097 ceu
1248 3046 1568 3112 patriarcha:
1619 3048 1806 3101 vicarii

235 3141 294 3175 ac
316 3126 440 3193 ejus
467 3141 759 3195 personam
807 3128 1124 3196 referentes,
1170 3148 1387 3188 omnem
1435 3151 1620 3190 eorum
1654 3153 1809 3191 exer-

1909 678 1968 718 re
1991 662 2254 732 fungitur,
2281 679 2392 718 sua:
2415 663 2606 717 saltem
2636 661 2980 728 dispositioni
3019 668 3163 714 tenet
3193 660 3470 728 subiectos

1911 757 2000 824 qui
2023 762 2328 824 sequuntur
2363 754 2417 808 in
2451 750 2828 806 Allatianis.'0
2853 749 3129 821 πρώξιμος
3156 751 3349 820 ὁρίζει,
3377 752 3470 804 καὶ

1912 845 2262 914 σημαίνουσιν
2289 846 2345 896 ἐν
2368 844 2444 912 τῷ
2469 841 2645 912 καιρῷ
2661 842 2758 911 τῆς
2775 841 3092 909 ψαλμῳδίας
3119 843 3177 894 ὲν
3205 843 3271 911 τῇ
3305 841 3470 893 καθο-

1908 933 2031 1002 λικῇ
2063 932 2348 1002 ἐκκλησίᾳ.
2385 931 2444 986 Ὀ
2493 930 2900 1000 καταγοριάρης
2927 931 3092 1007 {alias
3136 930 3470 999 κατηγορία-

1913 1025 2032 1095 ρης)
2067 1024 2373 1093 φιλοκαλῶν
2403 1025 2500 1093 τὴν
2531 1025 2823 1092 ἐκκλησίαν
2852 1040 2865 1054 ο
2897 1023 3058 1076 ἅπτει
3101 1023 3158 1075 δὲ
3216 1023 3308 1075 καὶ
3371 1024 3470 1084 τὰς

1909 1115 2196 1182 κανδήλας,
2251 1115 2403 1185 φέρει
2467 1115 2523 1167 δὲ
2568 1114 2662 1166 καὶ
2717 1113 2989 1182 λαμπρόν.
3049 1112 3290 1184 (Addunt
3315 1113 3420 1165 alia
3441 1119 3466 1163 Δι

1921 1207 2237 1276 ’Υπομνίζει
2271 1210 2368 1269 τὰς
2395 1207 2692 1276 ἐπισήμους
2717 1207 2906 1276 ἑορτὰς
2927 1205 3019 1258 τοῦ
3048 1204 3196 1269 λαοῦ,
3225 1205 3314 1256 ἵνα
3341 1219 3469 1272 σχο-

1908 1297 2090 1370 λάσῃ.)
2145 1300 2208 1351 Οἱ
2257 1299 2624 1369 λαμπαδὰριοι
2679 1299 2956 1361 καθίζουσι
3015 1296 3192 1365 (alia:
3246 1293 3472 1365 καθαρί-

1909 1387 2080 1458 ξουσι)
2103 1389 2199 1450 τὰς
2231 1389 2538 1459 λαμπάδας,
2579 1389 2838 1442 ἅπτουσιν
2889 1389 2946 1440 ὲν
2972 1389 3038 1457 τῇ
3074 1386 3360 1455 ἐκκλησίᾳ,
3412 1385 3470 1437 '0

1912 1477 2301 1548 βαπαγάριος,
2335 1478 2422 1531 ἵνα
2454 1478 2622 1548 βαστᾷ
2642 1478 2732 1529 τὸν
2771 1479 2864 1547 τῆς
2890 1478 3175 1545 ἐκκλησίας
3213 1477 3365 1543 ἅγιον
3394 1475 3474 1534 είς

1909 1568 2058 1630 λιτὰς
2083 1569 2175 1621 καὶ
2209 1569 2396 1638 ἑορτὰς
2423 1571 2742 1637 ἐπισήμους.
2775 1570 2850 1638 (Μ
2884 1570 2971 1621 :oi
2995 1568 3209 1637 Θεώριοι
3239 1567 3305 1618 vi
3335 1566 3473 1617 θεω-

1914 1659 2039 1728 ροῦν
2089 1662 2182 1709 καὶ
2233 1660 2299 1710 ν’ὸι
2350 1659 2648 1712 σκοπεύουν
2684 1662 2809 1720 τοὺς
2867 1660 3151 1729 ἄρχοντας.
3189 1657 3349 1726 159
3384 1657 3473 1707 ἵνα

1910 1748 2235 1812 καθίζωνται
2269 1751 2362 1803 καὶ
2391 1753 2677 1820 είστὴκουν
2709 1751 2965 1805 εὔτακτοι.
3008 1751 3068 1802 '0
3094 1752 3336 1812 δεκανὸς,
3380 1748 3470 1800 ἵνα

1911 1840 2046 1909 καλῇ
2103 1842 2226 1902 τοὺς
2287 1841 2449 1909 ἱερεῖς
2509 1843 2588 1902 εἰς
2644 1843 2737 1905 τὰς
2780 1843 2957 1893 αὐτῶν
3005 1841 3334 1907 δικαιώμασι
3381 1838 3473 1890 καὶ

1914 1931 2362 1999 προσφερὼμασι.
2409 1932 2465 1984 ὐ
2494 1933 2821 2002 κουεούκλης
2856 1933 2944 1985 ἵνα
2973 1933 3146 2002 βαστᾷ
3175 1932 3236 1984 τὸ
3269 1929 3475 1984 δικανξ-

1913 2038 2032 2075 κιον
2062 2022 2156 2074 τοῦ
2190 2023 2510 2093 ἀρχιερέως,
2541 2023 2666 2076 am
2701 2028 3021 2094 περιπατῇ.)
3055 2023 3256 2094 Cum]

2183 2175 2186 2178 ,
2507 2115 2737 2172 CAPUT
2771 2116 2910 2170 XIII.

2064 2205 2139 2259 De
2180 2222 2319 2259 nona
2350 2209 2566 2276 pentade
2595 2209 2877 2277 o/ﬁciorum
2909 2216 2958 2260 rt
2995 2207 3315 2276 oﬂicialiunt.

1983 2294 2045 2351 P.
2069 2296 2123 2350 6.
2153 2299 2207 2352 In
2241 2314 2382 2350 nona
2422 2300 2649 2367 pentade
2678 2301 2880 2367 primas
2923 2308 3073 2353 tenet
3135 2299 3467 2352 domesticus

1910 2387 2019 2438 τῶν
2049 2387 2250 2456 Θυρῶν,
2270 2389 2548 2456 prtefectur
2579 2389 2778 2452 ianuae,
2807 2389 3000 2442 tertius
3023 2388 3279 2440 nimirum
3306 2389 3474 2438 ostia-

1914 2482 2065 2534 rius:
2102 2497 2232 2548 nam
2255 2483 2306 2533 in
2341 2489 2497 2535 sexto
2524 2482 2778 2551 quinario
2807 2481 2949 2535 duos
2980 2481 3323 2533 enumeravit
3372 2481 3480 2532 (ξος

1913 2572 2096 2637 diuus,
2125 2582 2179 2626 et
2203 2572 2408 2627 Citrius
2439 2582 2551 2627 tres
2570 2572 2831 2628 ostiarios
2861 2573 3005 2626 inter
3025 2571 3284 2626 olliciales
3303 2571 3477 2624 eccle-

1912 2664 2165 2717 siasticos
2194 2665 2441 2717 nominat
2477 2683 2490 2729 ;
2524 2679 2757 2733 quorum
2783 2664 2978 2720 tertius
3002 2663 3090 2718 hic
3129 2663 3328 2718 forium
3373 2664 3472 2718 do-

1914 2754 2172 2808 mesticus
2195 2769 2290 2808 seu
2327 2771 2548 2824 praeses,
2583 2770 2690 2810 uno
2724 2754 2890 2809 verbo
2909 2755 3138 2823 janitor.
3190 2754 3403 2809 Gnsrs.

1986 2841 2162 2914 [Sacri
2197 2845 2482 2898 tribunalis
2509 2845 2654 2900 fores
2693 2845 3044 2901 subdiaconis
3067 2845 3477 2900 commendatas

1914 2944 2142 2990 testatur
2171 2936 2437 2990 Maximus
2473 2938 2525 2990 in
2555 2937 2796 3007 Dionysii
2832 2939 2905 2992 De
2927 2939 3062 2993 eccl.
3099 2939 3300 2992 liierar.
3333 2954 3384 2992 c.
3409 2939 3472 2991 ὃς

1892 3012 2249 3097 ’Σημείωσαα
2300 3030 2497 3098 inquit,
2528 3031 2609 3082 ὅτι
2655 3032 2704 3082 οἱ
2735 3030 2972 3084 διάκονοι
2998 3031 3120 3082 τότε
3151 3032 3248 3093 τὰς
3300 3030 3474 3100 θύρας

1911 3114 2079 3189 εἶχον,
2109 3119 2204 3171 νῦν
2235 3121 2292 3172 δὲ
2325 3122 2373 3172 οἱ
2402 3121 2768 3175 ὑποδιάκονοι.
2794 3123 3134 3192 Suﬂ'ragatur
3171 3116 3467 3178 Thessalo.

233 3226 356 3269 cent
384 3228 732 3283 potestatem,
765 3230 819 3274 et
849 3236 1068 3276 onmem
1089 3223 1332 3278 debitum
1371 3242 1593 3281 censum
1616 3244 1803 3282 eorum

1920 3212 2148 3268 nicensis
2172 3214 2367 3279 praesul
2427 3211 2692 3266 Simeon:
2744 3213 3012 3268 Φυλάσσει
3045 3214 3145 3284 μὲν
3175 3217 3202 3267 ὀ
3237 3215 3468 3268 ὐποδιά-

236 3309 459 3361 nomine
507 3310 750 3378 exigunt.
807 3315 1123 3372 Allatiana:
1198 3317 1258 3368 Ὀ
1317 3316 1539 3387 ἔξαρχος
1594 3319 1806 3373 ἵσταται

239 3400 466 3470 πλησίον
487 3402 581 3456 τοῦ
605 3405 1010 3474 δευτερεύοντος
1057 3409 1113 3459 ὲν
1162 3408 1446 3478 ἐκκλησίᾳ,
1484 3415 1708 3480 γυρεὺει
1750 3413 1807 3466 δὲ

236 3495 331 3545 καὶ
365 3495 476 3546 πᾶν
513 3495 707 3556 σκεῦος
729 3497 823 3548 καὶ
869 3499 1110 3564 ἀλλαγὰς
1143 3500 1240 3568 τῆς
1270 3505 1530 3571 περιοχῆς
1557 3504 1656 3570 τῆς
1688 3505 1808 3556 ὲπι-

236 3583 479 3651 σκοπῆς.
505 3585 834 3654 Ἀναοεωρεῐ
872 3587 928 3639 δὲ
956 3591 1051 3643 καὶ
1078 3590 1174 3652 τὰς
1232 3591 1442 3657 κρίσεις
1493 3594 1592 3662 τῆς
1642 3597 1805 3662 ἁγίας

235 3673 562 3740 ἐκκλησίας,
611 3675 660 3726 εἰ
713 3676 1008 3746 ἐκρίθησαν
1041 3678 1289 3741 δικαίως.
1337 3681 1443 3734 Καὶ
1494 3684 1696 3752 γράφει
1735 3687 1802 3736 τὰ

237 3762 575 3830 desipiant.
612 3763 963 3836 ’Δναγυρεύει
1013 3768 1068 3820 δὲ
1104 3770 1198 3821 καὶ
1229 3769 1339 3822 τῶν
1377 3772 1715 3840 ἀνδρογύνων
1741 3776 1809 3827 τὰ

238 3853 562 3920 κωλύματα.
599 3856 936 3910 Antimeusiis
967 3858 1069 3911 diei
1089 3863 1336 3929 annique,
1368 3880 1470 3931 quo
1503 3875 1808 3920 consecrata

234 3957 385 4011 unt,
414 3958 572 4002 notas
595 3954 843 4017 apponit;
881 3961 930 4006 et
959 3955 1410 4009 matrimoniorum
1444 3958 1810 4026 impedimenta

235 4047 533 4098 examinat.
566 4045 804 4100 Obsterva
825 4049 884 4101 τὸ
905 4049 1111 4120 ἀλλαγὴ
1146 4062 1330 4117 restem
1357 4069 1562 4108 sacram
1587 4056 1809 4124 referre,

233 4136 572 4189 τλιάλλὰσσω
589 4153 714 4190 vero
744 4140 1081 4207 frequentius
1111 4159 1205 4210 per
1227 4153 1395 4195 totum
1427 4145 1528 4199 huc
1559 4161 1694 4214 opus
1716 4163 1811 4202 oc-

235 4244 490 4292 currens.
526 4241 686 4284 mter
733 4247 914 4285 sacras
961 4234 1196 4287 induere.
1228 4235 1431 4306 6013.]

305 4320 454 4374 Ibid.
484 4319 720 4378 Ultimus
745 4334 826 4377 est
852 4325 1222 4388 ecclesiam/ta,
1255 4330 1528 4398 prwfeclus
1560 4331 1810 4391 ecclesia’.

234 4413 444 4467 Citrius
472 4413 718 4468 nominat
749 4422 860 4469 tres
883 4418 1146 4484 ἄρχοντας
1171 4417 1277 4469 τῶν
1317 4420 1638 4488 ἐκκλησιῶν,
1676 4425 1814 4478 inter

233 4518 376 4570 quos
407 4501 558 4555 haud
593 4502 755 4555 dubie
785 4518 946 4567 unus,
985 4507 1079 4572 qtti
1116 4520 1278 4574 supra
1309 4506 1363 4561 iu
1408 4512 1596 4577 quinta
1631 4523 1814 4578 penta-

1915 3320 2068 3365 κονος
2095 3305 2191 3365 τὰς
2216 3302 2387 3366 πύλας
2415 3305 2510 3366 τὰς
2549 3305 2721 3373 ἱερὰς,
2754 3304 2840 3357 ἴνα
2875 3305 2950 3375 μή
2980 3323 3066 3368 τις
3097 3305 3202 3359 τῶν
3243 3304 3478 3368 ἀναξίων

1913 3397 2061 3450 ἔνδον
2085 3395 2321 3468 εἰσέλθῃ.
2356 3398 2485 3450 Eam
2507 3399 2576 3451 ob
2595 3414 2706 3452 rem
2735 3399 2939 3452 soleam
2969 3401 3147 3453 locum
3189 3401 3256 3454 ad
3289 3417 3478 3455 sacras

1914 3490 2103 3545 altaris
2134 3489 2280 3545 fores
2326 3491 2516 3553 situm,
2573 3491 2639 3544 de
2681 3506 2790 3560 quo
2849 3507 2973 3546 cum
3037 3503 3260 3547 auctore
3306 3509 3357 3549 c.
3387 3494 3474 3559 17,

1916 3584 2267 3639 sutndiaconis
2330 3583 2742 3654 lcctoribusque
2804 3599 2904 3639 ceu
2963 3588 3232 3654 propriam
3285 3585 3470 3640 sedem

1914 3675 2426 3732 Thessalonicensis
2454 3677 2594 3730 idem
2617 3677 2892 3744 assignat:
2929 3676 3352 3754 ’Υποδιακόνους
3382 3683 3477 3732 καὶ

1914 3769 2266 3836 ἀναγνώστας
2291 3767 2563 3838 καθῆσθαι
2591 3768 2696 3840 χρὴ
2729 3769 2928 3832 ἔξωθεν
2945 3770 3037 3822 τοῦ
3065 3770 3312 3840 βήματος
3345 3773 3476 3842 περὶ

1915 3860 2006 3912 τὸν
2038 3859 2266 3923 σωλέαν,
2295 3857 2352 3920 ὃς
2387 3861 2450 3927 δὴ
2477 3860 2627 3928 βῆμα
2658 3861 2905 3915 καλεῖται
2928 3861 3470 3929 ἀναγνωστῶν.Ιιιιει·

1917 3949 2282 4005 subdiaconos
2313 3961 2493 4004 autem
2526 3952 2606 4004 vel
2641 3952 2874 4005 lectores
2913 3954 3306 4021 antesignanus
3357 3958 3468 4021 ille,

1917 4044 2004 4096 cui
2033 4059 2130 4097 ceu
2157 4042 2353 4112 potiori
2382 4057 2567 4096 earum
2603 4045 3021 4098 commendatur
3041 4047 3316 4113 custodia,
3345 4054 3468 4118 jure
3539 4054 3547 4063 '

1919 4134 2114 4189 merito
2173 4133 2306 4187 mihi
2364 4133 2679 4204 δομέστικος
2727 4134 2832 4188 τῶν
2877 4133 3059 4206 θυρῶν
3103 4148 3473 4208 nuncupetur.

1918 4222 2122 4294 Cosmi

1991 4313 2135 4370 Ibid.
2167 4314 2428 4385 Sequitur
2449 4317 2835 4382 chartutarius,
2870 4319 2963 4388 qni
3007 4319 3164 4388 longe
3216 4321 3467 4378 diversus

1920 4408 2419 4479 achartophylace;
2471 4417 2526 4464 et
2564 4409 2747 4478 inepte
2797 4421 3022 4465 vocatur
3067 4413 3465 4486 chartophylax

1921 4501 2294 4562 chartularins,
2318 4513 2377 4556 ut
2407 4516 2567 4569 supra
2597 4503 2802 4557 dictum
2845 4504 2988 4574 (cap.
3016 4505 3093 4573 4).
3117 4505 3319 4584 Citrius
3365 4524 3473 4562 non

233 4597 301 4646 de
326 4592 514 4646 dictus
543 4601 646 4658 est,
671 4593 700 4643 ὁ
730 4593 910 4661 ἄρχων
937 4594 1044 4646 τῶν
1080 4597 1384 4662 ἐκκλησιῶν
1409 4602 1544 4666 μετὰ
1579 4601 1674 4655 τοῦ
1723 4619 1811 4657 σα.

1923 4608 2110 4656 unum,
2135 4593 2226 4646 sed
2268 4592 2450 4661 plures
2484 4593 2634 4661 ponit
2669 4611 2682 4646 :
2721 4608 2844 4646 nam
2875 4595 3106 4650 lectores
3151 4614 3480 4654 enumerans

195 4731 200 4734 .
236 4685 474 4737 κελλίου.
503 4683 817 4740 Boneftdius
868 4687 1049 4748 vertit,
1093 4689 1278 4742 nescio
1304 4706 1467 4758 quam
1517 4692 1653 4747 bona
1685 4693 1812 4762 ﬁde,

233 4787 335 4829 tres
365 4775 713 4845 magistratus
735 4776 1092 4832 ecclesiarum.
1128 4777 1332 4834 (ἔτικτε.

303 4865 401 4940 [Ὁ
428 4868 859 4936 ὲκκλησιάρλης.
880 4867 980 4934 Qui
1005 4885 1115 4924 sua:
1147 4886 1290 4925 cura:
1324 4872 1702 4927 demandatam
1729 4889 1819 4928 ec-

237 4960 416 5015 clesiae
449 4975 644 5014 curam
679 4968 847 5021 tenet,
877 4961 946 5013 ad
971 4961 1204 5024 cilicium
1240 4964 1482 5016 divinum
1515 4964 1607 5018 dat
1642 4968 1819 5035 signa,

240 5054 447 5106 lumina
471 5050 718 5121 disponit
740 5062 796 5104 et
810 5053 1078 5114 accendit.
1097 5053 1288 5107 sedilia
1316 5056 1614 5124 componit,
1634 5072 1819 5113 saCras

236 5143 505 5211 imagines
528 5140 736 5210 profert
760 5142 838 5194 vel
867 5143 1132 5208 recondit,
1154 5158 1217 5198 ac
1245 5142 1474 5211 denique
1502 5147 1818 5200 munditiem

237 5233 442 5304 ubique
475 5231 770 5300 splendere
788 5232 1054 5300 providet,
1075 5249 1182 5288 uno
1205 5238 1369 5291 verbo
1393 5238 1490 5290 sub
1520 5239 1820 5306 scequhy-

1918 4685 2148 4739 collocat
2181 4687 2318 4738 inter
2352 4683 2476 4738 illos
2506 4684 2929 4754 χαρτουλαρίους
2949 4687 3047 4754 τῆς
3084 4690 3327 4758 μεγάλης
3378 4707 3477 4742 σα.

1917 4777 2112 4844 κὲλλης
2154 4776 2245 4828 καὶ
2279 4775 2368 4829 τοῦ
2400 4775 2848 4844 σκευοφυλακίου.
2887 4778 3239 4832 cltartulart’os
3273 4797 3478 4850 magna

1917 4870 2123 4924 sacella
2144 4877 2193 4922 et
2224 4868 2607 4937 sceuophyiarii
2634 4883 2730 4922 seu
2753 4871 2974 4923 armarii
3014 4885 3278 4938 vasorum,
3308 4874 3483 4942 inquit

1921 4961 2252 5014 Boneftdius.
2291 4960 2585 5014 Docuimus
2613 4960 2723 5029 jam
2757 4975 2919 5028 supra
2944 4962 3089 5030 (cap.
3118 4963 3175 5031 2)
3199 4977 3262 5017 ex
3293 4962 3479 5020 Balsa-

1923 5066 2082 5105 mone
2112 5065 2207 5106 eos
2237 5051 2327 5120 qui
2353 5049 2786 5121 chartupliylaci,
2822 5052 3199 5124 sceuophylaci
3223 5095 3240 5119 ,
3275 5069 3473 5126 magno

1923 5142 2210 5196 sacellario
2299 5140 2719 5196 su‘bserviebant
2793 5151 3054 5212 tanquam
3145 5145 3478 5211 administri,

1924 5232 2221 5302 appellatos
2265 5245 2386 5286 esse
2417 5231 2799 5299 chartularios,
2832 5235 2905 5288 ita
2935 5242 2994 5289 ut
3016 5235 3337 5292 chartularii
3386 5239 3482 5295 isti

233 5339 349 5397 lace
367 5338 457 5377 ma
469 5336 581 5391 gno
601 5337 855 5376 vasorum
875 5325 1098 5379 custode
1111 5328 1395 5382 sacristam
1429 5329 1560 5397 agit.
1582 5329 1710 5396 Ejus
1739 5330 1824 5382 in-

233 5415 493 5469 stituendi
516 5415 750 5467 formam
773 5413 827 5466 iu
853 5401 1232 5486 Euchologicis
1254 5419 1448 5488 protuli
1471 5419 1562 5472 fol.
1582 5419 1706 5473 489.
1725 5421 1823 5475 So-

234 5509 376 5560 cium
397 5523 461 5560 ex
481 5491 798 5560 Graecorum
819 5507 988 5560 relatu
1006 5508 1096 5559 τὸν
1111 5507 1424 5579 διαόαστήν,
1447 5511 1690 5564 lectorem
1712 5529 1825 5566 ser-

233 5596 448 5650 monum
473 5607 526 5650 et
557 5597 925 5661 homiliarum,
945 5605 999 5651 et
1025 5599 1425 5668 κανδηλάπτην,
1459 5604 1618 5656 cereis
1655 5603 1825 5657 lucer-

232 5690 781 5762 nisqueaccmdendis
816 5691 1583 5763 pra'lectum,adjunxi.Huic.
1614 5695 1750 5750 sicut
1771 5682 1827 5749 εί
1926 5688 2218 5758 Gregorius
2274 5687 2308 5741 Ι·
2359 5691 2566 5758 πρίει.
2621 5691 2688 5744 75
2768 5694 2834 5746 ad
2885 5695 3171 5764 episcopos
3213 5697 3481 5749 Numidirc

231 5781 309 5850 τῷ
349 5779 1032 5850 λαν,συνάπτῃ,εἰειιοι·υιιι
1075 5783 1128 5837 in
1177 5783 1404 5838 ecclesia
1451 5783 1820 5838 faciendorum
1929 5781 2175 5833 scribens
2230 5781 2475 5834 nominat
2535 5781 2796 5836 Hilarium
2847 5783 3237 5838 chartularium
3307 5802 3480 5849 suum,

233 5873 478 5929 studium
497 5871 1036 5927 coinmittitAllatius
1052 5873 1117 5928 de
1135 5875 1496 5929 recentiorum
1514 5873 1823 5930 Graecorum
1929 5872 2023 5943 qui
2061 5874 2115 5926 in
2130 5871 2367 5927 Africam
2409 5888 2438 5927 a
2469 5875 2872 5943 praedecessore
2899 5874 2956 5929 S.
2980 5875 3225 5946 Gregorii
3282 5876 3480 5935 missus

1924 5323 2057 5378 nihil
2087 5323 2230 5376 aliud
2264 5321 2471 5376 fuerint
2527 5338 2692 5392 quam
2744 5328 3116 5396 συμμερισταὶ
3161 5327 3256 5381 τοῦ
3287 5329 3481 5394 κόπου,

1923 5413 2122 5466 laboris
2179 5421 2466 5474 consortes,
2512 5423 2572 5467 ut
2594 5413 2886 5468 Balsamon
2932 5416 3199 5486 loquitur.
3227 5417 3340 5475 Nec
3368 5423 3484 5476 scio

1925 5521 2085 5573 quam
2108 5517 2231 5573 apte
2276 5505 2380 5558 huc
2406 5506 2636 5574 quadret
2664 5509 2978 5576 registrator
3009 5508 3184 5564 Junii.

1995 5595 2104 5650 Nec
2133 5595 2342 5650 Latinis
2370 5598 2738 5653 chartularius
2778 5599 2999 5668 ignotus
3027 5602 3126 5658 fuit
3165 5620 3180 5658 :
3234 5619 3357 5658 nam
3419 5607 3478 5670 δ.
