3936 6590
526 462 627 527 175

1601 457 1682 518 IN
1719 455 2014 517 LIBRUM
2061 456 2157 516 DE
2197 453 2527 515 OFFICIIS
2553 452 2664 514 ΟΡ.

3663 442 3761 509 176

514 580 663 634 sedis
722 575 1037 647 apostolica:
1089 574 1208 628 loco
1264 587 1461 629 causas
1523 571 1924 625 ecclesiasticas
1990 585 2057 622 co
2120 578 2161 633 Α
2193 580 2416 632 vat.1v,
2448 568 2502 622 5.
2538 566 2671 621 Vide
2708 566 2962 620 eumdem
2987 564 3052 620 de
3100 560 3450 619 chartulariis
3504 560 3575 615 ab
3600 561 3694 615 lib.
3730 576 3763 614 ι

512 670 812 743 gnoscobat
862 679 917 723 ct
960 676 1221 735 tanquam
1274 668 1439 736 judex
1490 664 1781 718 dirimebat
1834 673 1890 716 et
1933 663 2085 731 judi-

513 766 714 828 cabat;
776 763 1087 830 mansitque
1171 761 1225 815 in
1280 760 1471 815 eodem
1527 758 1704 813 allii-io
1775 757 1830 810 in
1903 755 2085 809 Africa

511 858 675 911 etiam
706 856 806 912 sub
847 853 1096 925 Gregorii
1129 854 1303 925 Magni
1354 852 1700 923 pontiﬁcatu,
1756 850 1915 920 cujus
1970 851 2088 918 ipse

513 949 629 1003 suis
683 947 735 1001 in
781 948 1029 1016 epistulis
1061 948 1256 1001 crebro
1290 946 1556 1000 meminit.
1597 943 1800 997 Verum
1852 942 2080 996 cbartu~

516 1042 685 1096 larius
710 1039 902 1094 COlilIIi
930 1041 1091 1111 longe
1118 1038 1397 1094 inferioris
1450 1036 1659 1092 ordinis
1709 1046 1765 1091 et
1807 1035 2090 1104 dignitatis

513 1146 652 1195 erat,
692 1132 835 1186 inter
858 1132 1094 1186 lectores
1142 1131 1401 1185 nimirum
1434 1130 1790 1191 constitutus,
1830 1137 1884 1183 et
1938 1118 2091 1181 a'nte-

516 1228 849 1296 pennltimus
881 1226 931 1279 in
970 1225 1164 1278 ultima
1197 1224 1449 1294 pentade.

591 1344 766 1395 Porro
799 1357 925 1396 cum
960 1340 1144 1409 plures
1169 1338 1372 1394 fuerint
1401 1339 1745 1399 ehartularii,
1783 1352 1839 1393 ut
1886 1335 2090 1393 Citrius

515 1444 779 1499 expresse
820 1430 1033 1493 scribit,
1059 1430 1217 1501 160
1240 1447 1335 1483 cur
1358 1430 1603 1484 Codinus
1635 1445 1803 1484 unum
1826 1431 2093 1485 duntaxat

517 1522 808 1577 nominat?
838 1539 904 1575 an
944 1512 1110 1575 unum
1145 1521 1483 1576 nominando
1514 1522 1753 1591 reliquos
1782 1523 2092 1578 subintelli-

515 1616 645 1688 git?
703 1632 770 1669 an
794 1616 899 1670 iste
957 1614 1330 1669 chartularius
1380 1616 1471 1684 qui
1528 1614 1581 1669 in
1640 1629 1784 1670 nona
1834 1617 2091 1685 pentade,

516 1700 875 1763 diversus'cst
903 1724 931 1761 a
964 1706 1315 1761 chartulariis
1361 1721 1568 1775 magna:
1615 1705 1851 1768 sacella),
1904 1720 2095 1760 sceuo-

518 1800 753 1871 phylacii
806 1798 937 1853 etc?
978 1798 1081 1853 Sed
1113 1797 1259 1867 quod
1285 1796 1517 1849 ollicium
1551 1794 1789 1863 {Junius
1817 1795 2092 1865 expedite:

520 1893 727 1947 utinam
759 1904 906 1945 vere.
945 1889 1002 1941 Ὀ
1059 1888 1459 1959 χαρτουλάριος
1489 1888 1579 1955 qui
1610 1887 1836 1957 publicis
1868 1887 2092 1951 litteris,

520 1986 718 2039 tabulis
768 1983 1233 2051 instrumentisque
1296 1981 1549 2033 curandis
1611 1990 1658 2032 et
1729 1980 2092 2033 retractandis

520 2080 839 2132 constitutus
871 2088 968 2129 est.
999 2077 1065 2127 At
1099 2074 1203 2127 hoc
1237 2072 1483 2128 ofticium
1544 2074 1777 2141 pertinet
1801 2071 1868 2126 ad
1924 2074 2090 2127 char-

522 2172 863 2242 tophylacem
895 2168 1127 2236 ethSque
1155 2166 1524 2220 chartularios
1568 2180 1666 2220 seu
1702 2164 2093 2227 administros,

525 2265 651 2316 item
683 2263 748 2315 al
782 2259 1222 2329 protonotarium
1258 2266 1310 2312 et
1342 2257 1572 2313 similes.
1604 2258 1687 2310 An
1728 2256 2098 2311 chartularius

529 2356 634 2407 iste
681 2352 821 2406 inter
872 2354 1106 2405 lectores
1160 2348 1433 2417 peculiare
1481 2347 1745 2417 quiddam
1798 2346 2105 2404 obtinebat.

525 2442 738 2498 ratione
769 2439 925 2509 cujus
950 2440 1275 2495 chartularii
1307 2454 1504 2493 nomen
1523 2446 1809 2509 acceperat
1839 2437 1862 2491 ί
1891 2436 2101 2492 (Sans.

599 2580 1027 2653 [Registrormm
1095 2578 1435 2642 chartarum,
1500 2576 1877 2630 codirillorum
1960 2591 2101 2628 onus

526 2675 631 2731 srbi
669 2673 989 2741 impositum
1016 2670 1097 2724 vel
1131 2668 1248 2723 Solo
1279 2669 1503 2721 nomine
1549 2668 1917 2723 chartularius
1964 2667 2107 2721 indi-

526 2780 614 2826 cat
646 2789 659 2825 :
702 2782 938 2839 qucrum
975 2782 1101 2821 vero
1134 2766 1653 2820 commentariorum
1681 2779 1870 2818 curam
1911 2778 2103 2819 suscc~

527 2863 666 2934 perit
695 2863 781 2915 hic
816 2860 1093 2929 privatim,
1128 2872 1190 2911 ex
1215 2857 1465 2928 geneiica
1508 2857 1901 2927 communique
1972 2873 2105 2912 voce

532 2972 640 3009 non
705 2954 861 3007 facile
916 2952 1313 3019 assigttavcris.
1376 2950 1674 3003 Sacellario
1712 2958 1767 3004 et
1819 2964 2108 3005 oeconomo

532 3048 738 3116 pariter
763 3045 996 3116 legimus
1026 3047 1080 3097 in
1130 3043 1513 3112 superioribus
1563 3043 1959 3098 cbartularium
2008 3046 2107 3097 ad-

529 3135 795 3204 iunctum,
826 3131 1041 3196 laboris,
1075 3142 1131 3185 ut
1154 3135 1228 3185 ait
1248 3130 1557 3194 Balsamon,
1581 3135 1993 3203 συμμεριστήνί
2022 3132 2110 3186 hic

529 3244 658 3281 vero
689 3226 926 3279 lectores
958 3225 1103 3278 inter
1128 3232 1460 3278 etcantores
1496 3224 1801 3278 recensitos
1824 3238 2106 3277 commen-

533 3320 690 3372 tariis
716 3330 767 3372 et
808 3317 1095 3373 memoriis
1132 3333 1237 3370 non
1279 3317 1528 3385 invigilat
1581 3317 1703 3371 aliis
1759 3332 1920 3386 quam
1979 3332 2101 3385 qua:

531 3416 764 3468 lectores
802 3422 854 3465 et
887 3420 1143 3464 cantores
1181 3411 1399 3474 decent,
1435 3408 1827 3464 ecclesiasticis
1854 3408 2105 3464 videlicet

531 3506 690 3558 libris
708 3501 1077 3572 proferendis,
1110 3513 1343 3569 quorum
1393 3500 1551 3568 copia
1598 3513 1724 3552 cum
1765 3499 2103 3552 tricesimum

531 3607 755 3666 superet
794 3609 1109 3658 numerum,
1141 3592 1423 3646 custodem
1455 3593 1727 3659 privatum
1761 3606 1869 3644 non
1902 3592 2105 3646 imme-

534 3690 642 3742 rito
710 3686 812 3741 sibi
861 3687 1109 3755 exposcit
1167 3685 1580 3755 assignandum.
1654 3684 1779 3738 [haec
1841 3685 2110 3738 Antonius

531 3783 707 3837 Cralis
740 3780 844 3835 ΟΡ.
877 3782 1049 3834 lector
1094 3778 1310 3842 retulit;
1341 3779 1426 3832 cni
1457 3793 1562 3831 non
1598 3777 1851 3847 diSplleet
1895 3792 2101 3832 memo—

536 3886 714 3928 rzuum
744 3873 812 3925 ab
845 3870 1132 3925 Allatianis
1158 3870 1427 3922 decannm
1448 3883 1570 3921 cum
1601 3865 1944 3920 cbartularlo
1976 3881 2109 3919 con-

435 4021 448 4036 ,
535 3968 780 4020 l'underc.
817 3966 878 4017 Ὀ
912 3964 1158 4025 δεκανὸς,
1208 3960 1465 4037 inquiunt
1490 3960 1602 4023 illa,
1633 3960 1827 4013 τάσσει
1880 3960 2007 4020 τοὺς
2042 3957 2114 4010 ie-

538 4063 650 4129 ρεῑς
674 4061 731 4112 ἐν
756 4060 869 4120 τοῖς
892 4057 1214 4128 ἐρχομένοις
1245 4054 1425 4107 αὐτῶν
1453 4054 1809 4123 δικαιώμασι.
1839 4050 2076 4105 Rursum
2099 4069 2111 4103 :

550 4153 608 4203 '0
636 4150 861 4211 δεκανδς
896 4148 981 4201 ἵνα
1028 4147 1169 4216 καλῇ
1201 4146 1328 4209 τοὺς
1385 4146 1551 4214 ἱερεῖς
1595 4146 1677 4204 είς
1722 4143 1791 4197 τὰ
1821 4143 2002 4196 αὐτῶν
2039 4142 2116 4194 διο

540 4243 834 4311 καιιτιμιτα
868 4241 962 4291 καὶ
989 4236 1439 4305 προσφερέματα.
1470 4235 1697 4301 Quantis
1738 4250 1867 4287 vero
1893 4233 2115 4297 tabulis,

539 4334 779 4397 chartis,
814 4328 1091 4385 codicillis
1147 4336 1201 4382 et
1233 4326 1458 4395 scriptis
1524 4326 1855 4389 ratiociniis,
1912 4326 2116 4395 quibus

476 4490 477 4497 γ
541 4424 824 4479 attendere
842 4421 977 4476 solet
1004 4419 1396 4482 chartularius,
1437 4432 1579 4487 opus
1604 4419 1694 4483 sit,
1729 4420 1893 4472 etiam
1922 4420 2005 4472 vir
2031 4420 2117 4474 in~

543 4515 855 4585 tt-gerrimze
921 4512 1279 4566 conscientiae
1336 4510 1778 4579 Ildclissimmquo
1837 4512 2118 4567 memoria:

541 4611 758 4661 latetur.
794 4587 992 4676 GoAu.]

619 4722 769 4775 inter
786 4718 1081 4790 dignitates
1100 4717 1365 4787 palatinas
1388 4727 1467 4772 est
1491 4718 1516 4769 ὀ
1536 4715 1707 4785 μέγας
1735 4715 2116 4770 cltartularius.

543 4816 676 4883 Quis
738 4815 929 4877 fuerit,
984 4813 1141 4867 docet
1210 4810 1453 4866 Zonaras
1492 4812 1544 4864 in
1604 4808 1786 4865 Leone
1847 4811 2117 4864 Isaurico:

512 4972 515 4975 ν
554 4911 616 4961 'O
648 4907 756 4961 τῶν
784 4906 1085 4977 βασιλικῶν
1114 4903 1447 4973 ἱπποκόμων
1481 4903 1808 4969 ἐπιστατῶν,
1842 4904 2120 4972 pra'fectus

553 5002 911 5070 imperatoriis
978 4999 1336 5068 equisonibus.
1397 4995 1735 5051 Pertinuisse
1797 4998 2119 5065 dignitatem

547 5095 686 5147 hanc
712 5095 779 5147 ad
814 5108 1000 5147 curam
1038 5090 1239 5167 stabuli
1300 5089 1433 5158 regii
1466 5089 1627 5143 docet
1681 5093 1797 5158 ipse
1852 5087 2119 5154 Codinus,

488 5166 515 5189 “’
544 5202 744 5241 munus
774 5185 953 5253 magni
985 5180 1301 5237 chartularii
1333 5179 1613 5250 explicans
1646 5194 1696 5235 c.
1732 5181 1802 5247 5;
1845 5180 1950 5235 fuit
1979 5181 2124 5235 inter

545 5279 803 5333 militaria
873 5275 1055 5331 oflicia
1126 5274 1511 5329 cltartularius.
1582 5274 1634 5329 Id
1716 5274 1985 5343 liquidum
2053 5289 2119 5327 ex

545 5374 728 5428 Leone
761 5372 1111 5440 imperatore,
1152 5368 1245 5438 qui
1291 5366 1500 5422 diataxi
1560 5366 1716 5420 tertia
1757 5380 1881 5420 cum
1938 5374 2125 5435 proto-

545 5463 764 5519 notario
796 5461 1054 5516 thematis
1087 5456 1144 5515 et
1194 5474 1317 5514 cum
1364 5467 1599 5529 praetore
1618 5458 1735 5513 sive
1774 5458 1961 5526 judice
1998 5458 2119 5512 the-

550 5558 714 5610 matis
782 5560 1038 5607 numerat
1092 5567 1312 5621 quoque
1377 5550 1771 5606 chartularium
1840 5550 2120 5613 thematis,

546 5665 707 5721 quem
735 5648 1091 5702 constitutum
1119 5644 1250 5699 dicit
1276 5643 1411 5713 πρὸς
1445 5642 1658 5723 envy?)
1678 5641 1914 5713 στρατοῦ
1948 5658 2120 5695 κατα-

547 5741 765 5811 γραφὴν
800 5739 893 5790 καὶ
920 5737 1283 5807 ἀναζήτησιν,
1321 5736 1664 5790 describenda
1714 5749 1763 5791 et
1796 5736 2119 5790 recensendo

547 5832 823 5887 exercitui.
847 5829 977 5884 Vide
1014 5827 1307 5899 Rigaltium
1341 5830 1508 5882 verbo
1558 5830 1977 5899 protonotarius.
2014 5828 2118 5893 Qui

548 5928 657 5980 sint
690 5926 920 5977 Iratnines
950 5922 1289 5987 cltartulnrii,
1328 5922 1508 5976 disces
1540 5936 1603 5975 ex
1639 5920 1866 5987 tlujacio
1914 5920 2115 5976 Obser-

2188 660 2320 713 Cod.
2352 658 2555 713 Justin.
2590 659 2675 711 tit.
2708 656 2781 711 25
2809 654 3025 711 ct'infra
3059 655 3153 709 lib.
3191 670 3251 719 lt,
3278 668 3329 709 c.
3364 652 3420 707 5.

2263 751 2326 807 P.
2350 753 2407 808 6.
2426 753 2671 807 Tertium
2704 752 2884 806 locum
2915 750 3126 803 obtinet
3152 748 3181 800 ὁ
3210 744 3529 808 διποτάτος.
3553 742 3767 799 Citrius
3811 726 3855 795 ’Ῐ

2191 860 2420 899 numero
2454 842 2823 899 multitudinis
2840 842 3157 896 δεποτάτοι.
3211 838 3489 906 Quantum
3514 851 3765 891 errorem

2189 936 2383 991 Junius
2429 936 2767 991 commiserit
2823 934 2918 991 fol.
2961 934 3086 997 194.
3130 932 3391 1001 deceptus
3430 929 3641 986 scilicet
3686 928 3771 981 Ie-

2191 1029 2372 1084 ctione
2390 1028 2551 1095 falsa,
2570 1043 2731 1097 quam
2751 1028 2913 1081 facile
2934 1026 3225 1081 emendare
3248 1032 3479 1095 poterat,
3502 1021 3616 1092 jam
3636 1020 3767 1074 alibi

2191 1122 2397 1178 dictum
2437 1130 2519 1176 est
2569 1121 2659 1183 (ad
2714 1134 2838 1190 pag.
2874 1119 2987 1189 95).
3036 1117 3093 1172 In
3147 1116 3372 1172 seboliis
3415 1129 3521 1168 non
3579 1112 3767 1166 minus

2193 1214 2408 1283 ineptit.
2451 1214 2510 1265 '0
2539 1212 2846 1274 διποτάτος,
2873 1212 3117 1271 barbare,
3137 1206 3465 1262 chartulario
3484 1203 3768 1272 adjunctus

2192 1306 2586 1376 ἀντιγραφεὺς,
2655 1321 2807 1375 quem
2866 1303 3048 1372 vulgo,
3106 1309 3164 1354 ut
3226 1299 3453 1353 Budceus
3508 1296 3767 1365 loquitur,

2192 1399 2727 1453 contrarotulatorem
2777 1404 2986 1456 vocant,
3030 1392 3319 1447 Praeclare.
3374 1389 3595 1443 Interim
3665 1403 3767 1440 nos

2193 1494 2486 1547 credamus
2534 1489 2732 1555 Citrio,
2797 1488 2891 1557 qui
2928 1485 3163 1555 deputati
3196 1496 3396 1538 tnunus
3428 1495 3539 1534 non
3574 1491 3768 1533 nume-

2195 1593 2280 1639 rat
2308 1584 2450 1638 inter
2472 1583 2675 1645 oflicia,
2699 1588 2754 1637 In
2778 1596 2889 1650 quo
2906 1596 2935 1634 a
2970 1578 3184 1633 Codino
3213 1575 3486 1632 dissentit.
3505 1572 3600 1629 sed
3622 1572 3770 1625 inter

2193 1676 2473 1739 διακονίας
2501 1690 2599 1730 seu
2631 1673 2960 1728 ministeria.
2997 1670 3101 1725 Sed
3134 1666 3397 1738 quidquid
3430 1669 3501 1721 sit
3530 1663 3597 1717 de
3636 1661 3765 1727 hoc,

2196 1770 2343 1843 quod
2377 1771 2762 1842 deputatorum
2792 1782 2993 1822 munus
3027 1774 3196 1830 esset,
3224 1763 3311 1818 his
3332 1759 3512 1816 verbis
3552 1757 3713 1813 docet
3753 1774 3768 1809 :

2201 1868 2263 1919 Οί
2314 1864 2601 1921 δεποτάτοι
2651 1864 2709 1916 δὲ
2743 1856 3249 1934 μανδυοφοροῦντες
3303 1854 3440 1924 μετὰ
3468 1847 3777 1919 λαμπάδων

2127 1945 2166 1999 Β
2196 1960 2637 2031 προπορεύονται
2659 1956 2755 2010 τοῦ
2785 1972 2843 2008 τε
2871 1954 3028 2023 ἁγίου
3062 1948 3423 2017 Εὖαγγελίου,
3451 1944 3614 1997 ὁπότε
3638 1944 3772 1994 ἀνα-

2200 2051 2427 2119 φέρεται
2457 2052 2535 2112 είς
2557 2048 2648 2102 τδν
2698 2045 2928 2116 ἄμϐωνα
2952 2044 3106 2114 ιθι
3130 2041 3265 2110 πρὸς
3290 2039 3614 2105 ἀνάγνωσιν,
3649 2034 3750 2085 καὶ

2212 2145 2324 2197 τῶν
2367 2143 2541 2211 ἁγίων
2557 2139 2751 2210 δώρων
2789 2139 2848 2193 ἔν
2895 2152 2954 2190 τε
2990 2139 3055 2206 τῇ
3089 2134 3169 2196 είς
3195 2134 3294 2203 τὴν
3312 2131 3473 2199 ἁγίαν
3490 2125 3780 2194 τράπεζαν

2202 2236 2393 2305 εἰσόδῳ
2450 2234 2546 2288 καὶ
2590 2235 2646 2286 ὲν
2679 2234 2745 2303 τῇ
2781 2231 2861 2294 είς
2914 2230 3015 2300 τὴν
3073 2226 3332 2298 πρόθεσιν
3387 2218 3630 2287 istava
3681 2215 3782 2271 αὓ-

2205 2330 2331 2382 τῶν.
2383 2326 2583 2382 Gul-11's.

2277 2442 2367 2515 [Ρ.
2395 2441 2448 2497 6.
2479 2441 2533 2494 '0
2561 2437 2909 2504 δεποτάτος.
2945 2436 3217 2492 Allatiana
3242 2433 3333 2490 :‘0
3364 2429 3659 2492 δεποτὰτος
3681 2443 3785 2481 ne-

2207 2534 2453 2606 ριπατῶν
2505 2531 2819 2604 ἔμπροσθεν
2855 2530 2952 2584 τοῦ
3010 2526 3315 2600 ἀρχιερέως
3347 2522 3640 2595 καθαρίζει
3690 2520 3790 2575 τὸν

2206 2626 2333 2679 λαὸν
2364 2625 2471 2678 ἀπὸ
2494 2626 2596 2692 τὴν
2637 2624 2904 2694 στράταν,
2959 2622 3097 2675 viam
3156 2617 3351 2689 populo
3392 2615 3645 2669 mundam
3692 2628 3789 2667 tta-

2206 2729 2460 2781 cuamque
2487 2712 2684 2766 reddit.
2707 2711 2824 2765 Alia
2845 2727 2861 2765 :
2881 2709 2940 2763 '0
2960 2709 3251 2769 δεποτάτος
3283 2706 3350 2760 να
3371 2703 3511 2775 καλῇ
3534 2702 3661 2764 τοὺς
3685 2701 3791 2771 ἄρ-

2206 2818 2399 2872 χοντας
2425 2788 2503 2863 είς
2533 2800 2627 2852 τὸν
2653 2798 3049 2870 ἀρχιερέανκαὶ
3090 2796 3156 2851 νὰ
3202 2792 3482 2866 scalispng
3517 2792 3612 2844 τὸν
3659 2787 3795 2843 λαὸν

2205 2895 2315 2948 ἀπὸ
2343 2893 2441 2964 τὴν
2477 2893 2741 2963 στράταν.
2767 2888 2975 2961 Gosa.]

2285 3009 2715 3066 Fueruntetiam
2745 3007 2985 3077 deputati
3013 3004 3155 3059 inter
3210 3000 3395 3057 officia
3450 2998 3685 3063 militia,
3721 2999 3793 3052 de

2209 3102 2409 3172 quibus
2440 3100 2611 3153 multa
2639 3114 2703 3155 es
2782 3097 2949 3151 variis
2996 3095 3391 3164 imperatorum
3441 3087 3796 3145 constitutio-

2213 3197 2377 3250 nibus
2421 3192 2692 3263 Rigaltius
2746 3191 2799 3246 in
2859 3204 2961 3244 suo
3020 3189 3217 3253 lexico,
3267 3186 3432 3240 verbo
3478 3181 3795 3246 δεποτὰτυι,

2132 3307 2177 3363 ο
2208 3302 2371 3355 quem
2403 3286 2572 3339 vide:
2607 3281 2743 3337 nihil
2781 3279 2926 3335 enim
2951 3277 3030 3334 illi
3083 3278 3151 3332 ad
3205 3290 3330 3340 nos,
3376 3274 3472 3345 qui
3526 3271 3798 3329 ecclesia-

2208 3376 2343 3430 stica
2380 3374 2560 3429 ofﬁcia
2614 3381 2930 3427 tractamus.

2289 3488 2429 3545 Ibid.
2454 3488 2718 3559 Sequitur
2743 3490 2770 3540 ὁ
2793 3487 2888 3541 ἐπὶ
2914 3487 3013 3557 τῆς
3040 3484 3256 3546 nouae.
3288 3481 3483 3539 Junius
3509 3483 3797 3552 prefectus

2213 3586 2560 3637 instrumento
2596 3597 2771 3634 sacro.
2792 3578 2867 3633 De
2893 3594 3002 3647 quo
3019 3582 3129 3632 duo
3148 3579 3331 3646 petius
3354 3579 3607 3645 suspicor
3623 3590 3796 3645 quam

2214 3675 2354 3729 scio.
2395 3670 2536 3737 Quid
2571 3671 2617 3724 si
2648 3670 2677 3721 ὸ
2701 3670 2796 3721 ἐπὶ
2815 3668 2914 3738 τῆς
2950 3667 3148 3730 ποδέας
3165 3668 3237 3722 sit
3269 3668 3357 3719 ille
3375 3665 3471 3736 qui
3502 3665 3796 3733 pavimen-

2216 3769 2255 3820 ti
2288 3767 2342 3820 in
2367 3765 2556 3833 Magna
2599 3762 2834 3817 ecclesia
2866 3775 3057 3815 curam
3116 3758 3387 3831 gerebat?
3428 3755 3564 3811 Nam
3621 3757 3798 3812 ποδὲα

2214 3872 2297 3916 est
2324 3862 2515 3921 solum,
2540 3859 2934 3927 pavimentum;
2960 3854 3105 3909 unde
3136 3853 3431 3909 Germanis
3460 3852 3557 3904 der
3587 3847 3798 3903 Baden.

2219 3957 2285 4010 Et
2334 3961 2483 4022 patet
2520 3953 2623 4006 hoc
2645 3967 2710 4005 ex
2734 3948 3054 4020 Originibus
3083 3945 3208 4017 Cp.,
3236 3945 3329 4001 ubi
3390 3944 3633 3999 ambitus
3688 3943 3801 3999 fori

2217 4047 2415 4101 dicitur
2432 4044 2604 4099 fuisse
2628 4042 2856 4111 aequalis
2888 4039 2985 4109 τῆς
3016 4037 3212 4099 ποδέας
3231 4036 3329 4106 τῆς
3352 4034 3555 4105 κόρτης
3579 4035 3676 4089 τοῦ
3701 4054 3803 4107 με·

2220 4138 2390 4206 γὰλου
2446 4133 2891 4189 Κωνσταντίνου.
2951 4131 3015 4185 Et
3052 4132 3082 4183 ὁ
3133 4128 3232 4182 ἐπὶ
3278 4128 3383 4198 τῆς
3431 4127 3630 4190 ποδέας
3666 4128 3795 4183 ideo

2221 4232 2383 4285 etiam
2402 4230 2509 4285 dici
2551 4227 2743 4296 nequit
2772 4224 3053 4294 prafectus
3108 4220 3448 4275 instrumenti
3495 4222 3639 4275 sacri
3694 4235 3797 4276 seu

2222 4320 2587 4392 supellectilis,
2619 4320 2748 4388 quia
2783 4317 3106 4372 distinctum
3131 4323 3185 4368 et
3215 4314 3490 4382 praprinm
3551 4311 3801 4367 officium

2222 4423 2305 4470 est
2337 4417 2365 4468 ὁ
2390 4415 2563 4483 μέγας
2590 4410 2934 4479 σκευοφύλαξ
2978 4408 3201 4479 κρατῶν
3246 4407 3317 4459 τὰ
3358 4406 3531 4476 σκεύη
3572 4406 3674 4475 τῆς
3701 4407 3803 4460 ὲκ-

2222 4506 2455 4576 κλησίας
2478 4543 2493 4559 .
2522 4503 2662 4570 Quid
2681 4503 2725 4558 si
2761 4502 2834 4557 sit
2862 4517 3007 4557 unus
3033 4516 3099 4555 es
3133 4500 3380 4570 θεωροῖς.
3434 4514 3501 4554 ex
3549 4502 3806 4556 custodi-

2228 4601 2329 4656 bus
2357 4600 2470 4668 qui,
2496 4606 2555 4651 ut
2572 4597 2645 4650 ait
2675 4594 2899 4659 Citrius,
2935 4594 3034 4662 τὴν
3062 4591 3310 4663 φυλακὴν
3334 4592 3428 4645 καὶ
3454 4592 3691 4663 τήρησιν
3712 4608 3809 4646 1st-

2231 4689 2511 4745 στεύονται
2538 4690 2651 4742 τῶν
2704 4686 2868 4757 ίερῶν
2901 4688 3115 4741 σκευῶν
3156 4688 3253 4740 καὶ
3281 4685 3391 4738 τῶν
3420 4686 3806 4754 καλυμμάτων

2226 4784 2428 4850 αὐτῶν,
2457 4783 2506 4835 εί
2530 4780 2767 4852 μάλιστα
2790 4779 3139 4850 εὑρίσκονται
3156 4778 3331 4832 ταῦτα
3351 4776 3520 4839 λίθοις
3541 4779 3636 4831 καὶ
3664 4795 3809 4848 μαρ-

2225 4880 2415 4951 γάροις
2446 4876 2831 4947 κοσμούμενα.
2856 4875 3007 4929 Adde
3063 4874 3210 4942 quod
3275 4874 3329 4927 in
3396 4873 3711 4942 Turcogr.,
3748 4889 3807 4943 p.

2229 4972 2352 5036 181,
2394 4972 2584 5031 ποδαῐς
2618 4986 2717 5040 pro
2776 4968 2999 5022 vestibus
3053 4981 3147 5020 seu
3204 4965 3516 5034 tegumentis
3552 4964 3750 5032 legitur
3789 4982 3807 5019 :

2228 5065 2366 5133 μετὰ
2395 5061 2832 5133 εὐμορφοτάταις
2860 5060 3073 5121 ποδαῐς.
3105 5057 3374 5126 lnterpres
3400 5073 3414 5109 :
3444 5058 3652 5110 ornavit
3674 5066 3812 5109 tem-

2223 5157 2369 5227 ptum
2399 5156 2717 5226 imaginibus
2764 5152 3119 5223 pulcherrime
3149 5149 3348 5205 vestitis
3382 5164 3401 5214 ;
3460 5148 3515 5202 in
3552 5151 3809 5219 margine

2226 5249 2448 5304 additur
2526 5248 2668 5318 μετὰ
2735 5247 3087 5315 ὡραιοτάτων
3151 5242 3624 5313 ὲφαπλωμάτων,
3682 5258 3807 5294 σκυι

2225 5343 2604 5399 venustissimis
2656 5340 3052 5411 integumentis.
3093 5336 3232 5403 Quid
3260 5337 3304 5389 si
3337 5339 3531 5390 horum
3562 5345 3618 5389 et
3652 5336 3811 5389 simi-

2226 5438 2359 5491 lium
2402 5451 2535 5491 cura
2595 5433 2662 5488 ad
2696 5436 2860 5488 istum
2902 5430 3235 5502 spectabat?
3261 5428 3467 5483 (iners.

2297 5550 2348 5623 [I
2356 5549 2464 5605 bid.
2486 5548 2692 5603 Ποδέαν
2716 5546 2987 5602 Meursius
3016 5544 3402 5613 interpretatur
3437 5541 3813 5603 ministerium,

2224 5643 2492 5697 utensilia.
2543 5638 2655 5696 Nisi
2700 5654 2819 5707 quae
2858 5638 2970 5693 sint
3027 5636 3117 5691 illa
3181 5634 3449 5705 proferas,
3500 5633 3818 5687 ministerio

2230 5746 2328 5790 tuo
2360 5752 2466 5790 non
2515 5742 2660 5801 utar,
2698 5731 2926 5786 Meursi.
2984 5729 3218 5783 Prosunt
3262 5728 3495 5795 amplius
3549 5722 3819 5779 Graecula:

2230 5830 2514 5890 nnilieres,
2585 5842 2706 5899 quae
2766 5823 2967 5877 ποδέαν
3019 5831 3227 5890 partem
3282 5817 3451 5872 vestis
3496 5816 3816 5872 inferiorem

2228 5934 2389 5974 crura
2435 5917 2708 5980 pedesque
2775 5929 2905 5969 suos
2953 5912 3224 5966 velantcm
3291 5906 3564 5960 vocitant:
3622 5904 3819 5960 utilius
