3936 6594
487 443 592 510 179

1577 442 1661 504 IN
1687 445 1990 508 LIBRUM
2031 446 2075 506 D

2185 445 2491 507 )FFICIIS
2521 446 2631 506 Cl’.
3633 446 3726 512 180

486 561 632 617 στῶν
666 562 808 616 ἑστι.
848 561 1084 618 Funeti’o
1114 561 1280 633 hujus
1325 575 1409 620 est
1440 566 1502 619 τὸ
1532 567 1588 618 ὲν
1617 568 1737 628 ταῖς
1775 565 2060 631 προσόδοις

2185 564 2417 618 irzestita:
2441 565 2598 633 quasi
2631 568 3124 624 remunerationem
3161 586 3177 623 :
3228 571 3318 622 Διὸ
3351 568 3445 624 καὶ
3492 569 3568 634 ὡς
3610 571 3730 641 xpo-

482 655 581 710 τοῦ
632 654 982 727 πατριάρχου
1048 656 1236 724 λέγειν
1297 659 1378 722 είς
1435 658 1608 712 πολλὰ
1648 659 1743 729 ἐτη
1798 659 2056 713 δέσποτα.

483 745 602 811 Qua
674 745 1072 802 acclamatione
1130 749 1332 825 mirum
1365 764 1532 818 quam
1571 749 1743 804 Graeci
1807 748 2060 804 delectati

484 839 715 895 fuerint.
755 837 893 895 lliuc
915 839 1054 894 nihil
1085 841 1336 900 crebrius
1363 841 1504 908 apud
1560 842 1686 897 illos
1739 856 1905 910 quam
1971 840 2060 893 illa

484 931 956 1002 πολυχρονιάζειν,
983 931 1416 1002 πολυχρόνισμα,
1439 933 1814 1002 πολυχρόνιον.

556 1025 713 1089 Quod
766 1023 960 1078 attinet
1015 1023 1084 1077 ad
1161 1022 1384 1078 Graecos
1451 1025 1810 1088 recentiores,
1865 1034 2065 1092 praeter

483 1115 654 1170 multa
691 1114 1530 1190 ecclesiasticorum‘officiorum
1591 1127 1774 1173 vetera
1810 1117 2060 1178 nomina,

486 1204 692 1259 habent
723 1219 823 1260 sua
854 1214 911 1260 et
969 1206 1216 1278 propria.
1267 1223 1389 1273 qua:
1418 1224 1517 1263 nec
1548 1210 1600 1262 in
1648 1208 1822 1264 Citrio
1880 1223 1980 1263 nec
2009 1209 2062 1262 in

486 1296 700 1351 Codino
721 1307 1018 1366 apparent;
1051 1313 1170 1368 quae
1191 1315 1255 1353 es
1293 1300 1708 1356 Turco-Graecia
1727 1301 1908 1370 colligi
1936 1315 2066 1371 pos-

489 1399 639 1453 sunt,
672 1399 733 1445 ut
773 1400 857 1445 est
884 1392 912 1443 ὁ
951 1392 1260 1462 νομοφύλαξ
1310 1393 1410 1462 τῆς
1457 1394 1702 1462 μεγάλης
1743 1393 2062 1462 ἐκκλησίας,

487 1483 944 1550 πρωτοσύγγελος
974 1487 1073 1554 τῆς
1108 1483 1356 1554 μεγάλης
1394 1485 1714 1554 ἐκκλησίας,
1767 1485 2065 1554 ὲφημέριος

486 1576 586 1644 τῆς
620 1575 868 1644 μεγάλης
885 1577 1203 1646 ἐκκλησίας,
1229 1575 1598 1645 lampadarius
1621 1594 1825 1648 magna!
1838 1577 2069 1632 ecclesia:

488 1663 638 1732 (nam
662 1665 691 1716 ὁ
719 1663 906 1734 ἅρχων
933 1664 1044 1718 τῶν
1071 1663 1271 1732 φώτων
1297 1665 1516 1720 vidrtur
1541 1665 1716 1721 fuisse
1743 1666 1886 1720 alius
1925 1666 2066 1735 apud

487 1753 809 1824 Codinum),
872 1771 1096 1823 magnus
1157 1756 1425 1825 logotheta
1483 1773 1690 1825 magna
1741 1755 1994 1819 ccclesite,
2042 1757 2071 1810 ὁ

491 1847 667 1916 μέγας
713 1848 921 1917 ῥήτωρ.
949 1847 1197 1903 Meminit
1238 1849 1460 1917 quidem
1522 1849 1766 1904 Codinns
1800 1847 2066 1906 rhetoris.

489 1940 583 1992 sed
613 1937 821 2008 absque
847 1937 944 1992 τοῦ
970 1938 1208 2009 μεγάλου
1243 1938 1540 1994 additioue.

1121 2047 1348 2107 CAPUT
1372 2049 1487 2108 XV.

492 2143 567 2197 De
591 2143 781 2215 ofﬁciis
812 2143 1180 2199 ecclesiasticis
1235 2144 1375 2198 aulae
1398 2142 1712 2208 Cpolitana',
1736 2141 2065 2210 potissimum

1024 2219 1086 2270 de
1140 2216 1530 2269 archidiacono.

562 2306 641 2364 Es
695 2307 914 2364 clericis
962 2309 1100 2362 aulze
1144 2305 1463 2360 nominatim
1511 2303 1770 2368 exprimit
1817 2317 1938 2372 cap.
1973 2301 2063 2364 l7.

492 2401 736 2457 Codinus
769 2419 784 2455 :
821 2399 874 2468 1)
909 2398 1296 2470 protopsalten.
1328 2412 1490 2466 quem
1511 2395 1675 2448 simul
1702 2395 1780 2448 ait
1811 2409 1932 2449 esse
1964 2394 2069 2447 im-

492 2494 754 2564 peratorii
788 2493 920 2547 clcri
952 2495 1274 2547 exarchnm.
1301 2492 1356 2562 ἓ)
1395 2491 1762 2553 domesticum,
1794 2503 1956 2555 quem
1994 2487 2071 2540 ait

492 2601 616 2642 esse
671 2587 970 2642 exarchum
1028 2585 1160 2639 cleri
1212 2585 1495 2652 Augustae,
1547 2585 1914 2649 cumdemque
1969 2580 2072 2633 ali-

494 2676 716 2746 quando
755 2676 915 2731 simul
938 2691 1058 2730 esse
1079 2676 1440 2730 domesticum
1466 2676 1712 2730 ecclesia:
1732 2689 1747 2734 ;
1771 2672 2070 2740 aliquando

495 2782 628 2823 vero
647 2769 936 2823 ecclesiam
967 2766 1127 2838 164
1147 2768 1427 2835 proprium
1451 2764 1821 2820 domesticum
1844 2762 2067 2816 habere.

497 2858 629 2915 Erat
659 2868 838 2915 autem
857 2858 1200 2913 domesticus
1225 2873 1368 2913 unus
1395 2872 1460 2910 ex
1495 2857 1688 2926 psaltis
1726 2871 1821 2910 seu
1877 2863 2067 2909 canto-

497 2949 674 3013 ribus,
701 2958 756 3003 et
786 2963 816 3002 a
867 2950 1208 3018 protopsalta
1257 2947 1560 3017 proximus,
1613 2945 1716 3001 sub
1763 2960 1821 3000 se
1857 2945 2068 2998 habens

498 3043 638 3098 alios
664 3041 872 3112 psaltas
889 3058 984 3096 seu
1009 3052 1283 3106 cantores,
1319 3056 1450 3111 quos
1479 3041 1640 3094 veteri
1669 3039 2070 3104 consuetudine,

501 3133 678 3202 inquit
709 3131 906 3186 Codiu.
937 3146 987 3185 c.
1019 3131 1107 3195 l7,
1145 3126 1416 3184 nominant
1443 3141 1673 3195 cractas,
1713 3131 1814 3184 hoc
1870 3139 1978 3194 est,
2013 3139 2070 3182 ut

502 3223 762 3279 Germani
789 3222 972 3278 dicere
993 3223 1192 3286 solent,
1234 3224 1543 3292 schrailing.
1573 3222 1627 3292 5)
1688 3221 2068 3291 Protopapam,
2097 3252 2141 3310 ε

501 3316 594 3384 qui
617 3326 668 3370 ct
698 3317 812 3385 ipse
846 3315 1142 3384 aliquando
1170 3329 1312 3368 unus
1345 3323 1398 3368 ct
1427 3315 1568 3368 idem
1593 3324 1710 3368 erat
1735 3313 1786 3367 in
1839 3315 2073 3368 ecclesia

501 3418 561 3463 et
626 3407 777 3472 aula,
841 3406 1140 3476 aliquando
1208 3405 1480 3470 diversus,
1525 3416 1584 3460 ut
1633 3405 1767 3460 dicit
1835 3406 2079 3460 Codinus

503 3498 638 3553 ibid.
668 3499 724 3568 4)
752 3499 1041 3568 pata-roma
1063 3499 1402 3568 magistrum,
1431 3497 1524 3566 qui
1554 3506 1608 3550 et
1638 3497 1753 3566 ipse
1795 3505 2074 3557 cantor.c.

503 3590 558 3644 6.
595 3589 651 3658 5)
699 3590 1098 3644 Canonarchas.
1134 3589 1189 3658 6)
1242 3588 1694 3657 Lampadarium,
1744 3587 1902 3657 cujus
1959 3596 2077 3640 erat

504 3683 820 3752 imperatori
844 3683 1152 3753 lampadem
1183 3682 1462 3751 praeferre.
1492 3681 1547 3749 7)
1581 3680 2037 3734 Archidiaconum
2067 3697 2082 3732 :

506 3776 656 3830 hunc
685 3778 831 3830 enim
866 3793 974 3830 non
1003 3776 1233 3830 habebat
1267 3776 1524 3839 ecclesia,
1551 3773 1643 3828 sed
1671 3772 1816 3836 aula,
1848 3781 1907 3825 ut
1953 3772 2085 3825 dicit

503 3867 749 3922 Codinus
800 3867 934 3922 ibid.
974 3865 1047 3943 De
1092 3866 1284 3919 eodem
1319 3864 1489 3918 multa
1523 3878 1643 3932 cap.
1678 3862 1731 3926 8,
1760 3863 1814 3926 9,
1863 3874 1915 3916 ct
1954 3861 2080 3914 alibi

505 3960 711 4028 passim
745 3975 761 4024 ;
794 3967 851 4011 ut
886 3958 1029 4012 etde
1052 3966 1372 4025 protopapa,
1401 3954 1740 4023 lampadario
1791 3961 1846 4007 et
1871 3952 2085 4006 cazteris

504 4051 829 4106 ministeriis
856 4051 1244 4105 ecclesiasticis
1287 4049 1340 4102 in
1365 4049 1512 4102 aula.

576 4149 736 4219 Apud
771 4149 1002 4202 Citrium
1025 4155 1411 4217 proponuntur
1443 4147 1627 4200 multa:
1660 4144 1989 4213 qumstiones
2021 4143 2086 4196 dc

507 4240 902 4296 archidiacono
935 4256 948 4292 :
987 4239 1062 4292 Τὸ
1109 4237 1551 4307 ἀρχιδιακονικδν
1605 4235 1861 4302 ὁφφίκιον
1922 4235 2081 4296 ποίας

505 4336 625 4386 ἐστὶ
639 4333 846 4396 τάξεως
869 4331 961 4383 καὶ
985 4333 1144 4382 ποίου
1171 4329 1407 4399 βαθμοῦ,
1439 4330 1531 4382 καὶ
1552 4329 1601 4382 εἰ
1629 4329 1955 4397 προΐσταται
1976 4328 2084 4378 τῶν

509 4426 650 4478 ὅλων
669 4423 936 4476 διακόνων
972 4422 1049 4484 ὡς
1085 4421 1488 4489 ἀρχιδιάκονος.
1520 4417 1835 4488 Respondet
1879 4416 2084 4471 Citrius

509 4515 992 4569 archidiaconicum
1027 4513 1264 4582 ofﬁcium
1305 4527 1407 4566 non
1441 4528 1552 4565 esse
1584 4509 1930 4581 ἀρχοντικδν,
1965 4507 2084 4559 οὐδὲ

2163 671 2256 707 νου
2290 655 2385 708 καὶ
2419 654 2549 708 ἰδίου
2582 656 2747 710 τόπου
2772 657 3003 731 δώρημα
3034 663 3062 714 ὁ
3092 660 3469 730 ἀρχιδιάκονος
3502 662 3612 731 ἔχει
3643 663 3730 714 καὶ

2161 746 2260 816 τὴν
2287 747 2562 818 ὑπεροχὴν
2588 749 2678 801 ἐπὶ
2706 737 2924 804 πάντων
2949 751 3057 802 τῶν
3086 751 3371 815 διακόνων,
3397 752 3508 805 εἴτε
3544 754 3732 822 αρχον-

2162 841 2358 904 τικίοις
2387 841 2695 895 ὁποιοισοῦν
2729 842 3054 914 τετίμηνται
3083 842 3194 894 εἴτε
3228 844 3321 895 καὶ
3357 843 3451 914 μὴ,
3487 842 3542 894 ἐν
3570 861 3629 896 τε
3661 844 3732 914 τῷ

2166 933 2296 1000 ναῷ,
2331 935 2388 985 ὲν
2422 933 2501 1003 τῷ
2528 935 2668 1006 ἁγίῳ
2700 935 2927 1005 βήματι,
2959 935 3052 989 καὶ
3079 937 3138 988 ὲν
3168 937 3234 1006 τῇ
3277 935 3580 1006 μεταλήψει
3632 936 3732 989 τῶν

2169 1024 2330 1077 Θείων
2364 1027 2702 1097 μυστηρξων.

2238 1116 2534 1182 Qumsitum
2571 1132 2792 1186 quoque
2832 1118 3011 1173 fuerat
3044 1134 3174 1174 num
3221 1119 3530 1188 patriarcha
3561 1131 3736 1188 possrt

2167 1220 2262 1274 per
2283 1205 2395 1260 sola
2418 1208 2659 1274 pittacia,
2689 1211 2742 1261 et
2763 1207 2958 1273 brevia,
2977 1218 3031 1262 et
3055 1210 3310 1262 mandato
3335 1225 3456 1268 suo,
3485 1208 3736 1279 praeferre

2167 1299 2380 1366 aliquos
2413 1298 2563 1352 nullo
2586 1297 2769 1351 oftlcio
2804 1299 3096 1368 insignitos
3129 1301 3235 1354 illis
3258 1301 3348 1368 qui
3376 1301 3585 1370 priores
3621 1302 3738 1357 fue-

2169 1401 2313 1456 rant,
2346 1390 2496 1444 nullo
2560 1401 2738 1444 tamen
2795 1392 2896 1460 ipsi
2943 1391 3107 1446 etiam
3134 1391 3314 1447 officio
3339 1392 3606 1450 decorati.
3638 1395 3736 1450 Re-

2169 1484 2394 1550 spondet
2440 1482 2647 1561 Citrius
2697 1485 2800 1539 hoc
2836 1485 2996 1554 planc
3041 1501 3164 1541 esse
3219 1487 3650 1548 intolerandum.
3683 1498 3737 1542 ut

2171 1573 2531 1644 przeferantur
2563 1575 2733 1644 aliqui
2766 1575 3042 1645 prioribus
3089 1592 3184 1645 per
3219 1578 3466 1643 pittacia,
3499 1577 3734 1640 etiamsi,

2171 1667 2264 1734 qui
2307 1664 2694 1735 praeferantur,
2731 1667 2970 1721 habeant
2995 1667 3177 1722 ofﬁcia
3201 1685 3216 1735 ;
3243 1668 3336 1721 sed
3363 1670 3662 1737 quemlibet
3685 1671 3735 1722 in

2176 1761 2298 1813 loco
2353 1768 2407 1813 et
2441 1761 2681 1814 statione
2733 1775 2856 1824 sua,
2897 1777 3060 1830 quam
3123 1769 3367 1827 tempore
3422 1762 3736 1828 acquisivit,

2179 1851 2594 1920 relinquendum
2637 1867 2795 1907 csse:
2831 1851 2897 1904 Ἦ
2939 1852 3048 1921 γὰρ
3093 1851 3246 1915 τάξις
3270 1854 3364 1904 καὶ
3417 1854 3603 1916 στάσις
3634 1853 3739 1905 τῶν

2175 1941 2436 1994 διανὸκων
2463 1940 2540 2012 τῷ
2576 1942 2755 2012 χρόνῳ
2795 1944 3119 2012 ῥυθμίζεται
3150 1945 3240 1995 καὶ
3284 1943 3615 2013 στηρίζεται,
3650 1945 3741 1996 καὶ

2178 2031 2327 2084 ἐστιν
2359 2030 2774 2101 ἀμετακίνητος,
2802 2032 2975 2102 inquit
3004 2030 3210 2088 Citrius
3238 2034 3368 2098 ;qui
3393 2045 3446 2087 et
3491 2035 3643 2088 addit
3694 2032 3742 2088 ei

2175 2124 2268 2193 qui
2297 2123 2635 2178 archonticiis
2663 2139 2758 2178 seu
2789 2124 3029 2178 brevibus
3071 2125 3288 2193 bujusm
3302 2127 3389 2180 odi
3442 2128 3742 2181 honoratus

2176 2225 2283 2276 est.
2309 2216 2446 2270 satis
2472 2230 2593 2271 esse
2626 2225 2686 2269 ut
2728 2218 2950 2285 quando
3007 2217 3316 2282 patriarcha
3372 2234 3463 2272 seu
3499 2217 3740 2285 pontifex

2177 2324 2291 2362 rem
2317 2308 2555 2363 divinant
2589 2306 2737 2371 facit,
2778 2307 2847 2360 sit
2873 2309 2988 2377 ipse
3014 2309 3222 2377 primus
3255 2311 3312 2361 ὲν
3334 2311 3400 2379 τῇ
3438 2309 3654 2376 εἰσόδῳ,
3691 2310 3743 2362 in

2175 2404 2415 2470 ingressu
2475 2399 2540 2454 ad
2603 2400 2792 2461 altare.
2859 2415 2954 2455 seu
2992 2401 3042 2453 in
3103 2401 3179 2454 itu
3209 2411 3262 2454 et
3312 2401 3366 2454 in
3397 2399 3746 2470 perceptione

2176 2493 2484 2549 divinorum
2517 2492 2920 2563 mysteriorum.
2955 2492 3011 2546 lu
3045 2494 3257 2548 ctetcris
3289 2493 3538 2562 quemvis
3583 2510 3742 2547 suum

2175 2587 2356 2640 locum
2389 2594 2576 2639 tenere
2604 2584 2800 2638 debere
2835 2601 2848 2649 ;
2882 2593 2936 2638 et
2967 2586 3216 2654 iniquum
3247 2599 3370 2639 esse
3403 2593 3459 2637 ut
3484 2586 3511 2636 ὁ
3532 2600 3750 2654 προεισ-

2176 2679 2425 2741 οδεύσας,
2459 2677 2548 2744 qui
2581 2676 2779 2744 primas
2810 2676 2998 2739 tenuit,
3030 2690 3124 2728 seu
3159 2683 3215 2727 ttt
3253 2675 3413 2740 vulgo
3451 2675 3748 2744 loquimur,

2176 2772 2263 2839 qui
2290 2767 2691 2833 praecedentium
2734 2766 2944 2830 habuit,
2990 2766 3056 2820 de
3084 2768 3203 2819 loco
3254 2781 3357 2820 suo
3417 2767 3744 2822 deturbatus

2183 2863 2336 2916 altevi
2367 2861 2560 2921 cedere
2587 2870 2833 2927 cogatur.
2862 2859 2935 2912 Ex
2972 2859 3171 2927 quibus
3198 2855 3354 2928 165
3375 2867 3517 2911 recte
3540 2859 3750 2912 intelle-

2179 2955 2284 3007 clis
2310 2952 2574 3022 judicium
2617 2949 2798 3004 facere
2835 2950 3018 3004 licebit
3049 2950 3115 3004 tle
3166 2949 3620 3018 interpretatione
3649 2948 3750 3004 Βο-

2182 3038 2360 3100 netidii
2421 3055 2473 3098 ct
2529 3054 2908 3098 correctorum
2967 3043 3106 3113 t‘jus.
3184 3042 3596 3096 Promotiouum
3653 3058 3752 3113 per

2183 3138 2403 3207 pittacia
2443 3135 2696 3190 meminit
2725 3135 2891 3189 etiam
2929 3135 3218 3188 Balsamon
3253 3133 3318 3185 ad
3365 3133 3432 3186 l7
3482 3147 3751 3189 cauonem

2175 3228 2565 3296 apostoIOrum.

2252 3319 2391 3384 Quia
2455 3332 2584 3370 vero
2627 3317 2678 3370 in
2728 3317 2814 3372 bis
2870 3316 3071 3373 officiis
3121 3315 3516 3373 coclesiasticis
3579 3317 3752 3371 multa

2184 3419 2480 3462 occurrunt
2506 3411 2803 3476 composita
2840 3425 2902 3462 ex
2935 3409 3219 3463 vocabulis
3254 3410 3394 3481 ἀρχή
3426 3419 3481 3464 et
3537 3409 3749 3480 ἄρχων,

2185 3500 2386 3568 aliquid
2414 3515 2578 3568 super
2609 3500 2694 3554 his
2727 3510 2917 3553 notare
2961 3501 3134 3561 lubet,
3194 3511 3326 3554 ante
3378 3501 3562 3554 munia
3617 3501 3752 3554 illud

2183 3591 2324 3662 quod
2361 3591 2651 3659 dupliciter
2698 3606 2820 3643 cum
2859 3590 2982 3644 aliis
3019 3591 3356 3656 coalest-ant,
3390 3591 3567 3658 primo
3619 3591 3751 3659 qui-

2183 3687 2303 3739 dem
2365 3684 2521 3736 iuitio
2572 3683 2742 3747 vocis,
2778 3682 3315 3751 ιιιάρχιεπέσκοπος,
3375 3681 3745 3754 ἀρχιποίμην,

2187 3775 2616 3835 archidiaconus,
2670 3774 3105 3841 archistratcgus,
3163 3773 3446 3834 archidux,
3500 3774 3760 3826 architri-

2186 3867 2374 3927 clinus.
2458 3865 2779 3928 archiatrus,
2883 3863 3224 3925 architectus,
3279 3863 3758 3931 archipresbyter;

2187 3957 2424 4014 secundo
2453 3957 2506 4010 in
2546 3956 2650 4010 line
2667 3956 2836 4020 vocis,
2871 3965 2929 4008 ut
2991 3956 3321 4023 patriarcha,
3374 3955 3758 4017 ecclesiarcha,

2187 4048 2542 4113 canonarcha,
2577 4047 2885 4107 monarcha,
2921 4049 3195 4115 toparcha,
3221 4049 3504 4108 tetrarcha,
3538 4047 3762 4100 cthnar-

2188 4142 2304 4204 cita,
2347 4141 2661 4192 trierarcho.
2695 4139 2820 4192 Inde
2849 4138 3014 4193 etiam
3047 4148 3129 4193 est
3161 4139 3412 4207 ἔξαρχος,
3445 4138 3690 4207 ἔπαρχος
3711 4147 3762 4191 ct

2189 4236 2238 4288 id
2259 4249 2427 4301 genus
2447 4234 2577 4296 alia,
2603 4232 2783 4286 tamin
2813 4232 3038 4285 ecclesia
3059 4248 3221 4301 quam
3246 4240 3400 4287 extra
3423 4245 3686 4301 usurpant
3709 4239 3761 4284 ct

2189 4327 2408 4379 usitata.
3217 4309 3221 4314 ’

2264 4417 2508 4473 Ilaeretici
2547 4417 2716 4472 nostri
2755 4416 3042 4485 temporis,
3098 4425 3158 4469 ut
3229 4417 3354 4481 alia,
3415 4417 3486 4470 ita
3538 4426 3593 4472 ct
3643 4417 3765 4487 ipsa

2193 4509 2366 4576 prisca
2399 4508 2657 4562 vocabula
2682 4508 3044 4571 sustulerunt,
3097 4507 3440 4574 potissimum
3473 4507 3580 4572 illa,
3640 4523 3766 4578 qua

509 4608 569 4660 ἐκ
595 4605 906 4674 φιλοτιμίας
939 4604 1352 4675 ἀρχιερατικῆς,
1403 4603 1594 4673 ὥσπερ
1639 4603 1706 4655 τὰ
1739 4600 2075 4670 ἄρχοντίκια.

2187 4616 2249 4652 cs
2312 4601 2452 4669 ἀρχή
2501 4609 2554 4652 et
2610 4599 2792 4670 ἄρχων
2853 4606 3154 4667 compacta.
3206 4587 3341 4651 llinr.
3391 4598 3766 4666 archiepiswpi

449 4719 452 4724 ·
512 4691 827 4753 Bonefidius
886 4700 1098 4752 vertit:
1155 4697 1275 4750 Non
1327 4707 1401 4749 cst
1441 4695 1770 4764 magistrate.
1808 4709 1968 4761 neque
2023 4707 2086 4744 ea:

511 4775 836 4841 liberalitate
860 4785 1179 4856 pontiﬁcali,
1204 4793 1261 4836 ut
1291 4783 1700 4853 magisterialia.
1729 4781 2087 4861 Correctorcs

513 4889 920 4933 correxerunt:
962 4878 1462 4931 Archidiaconicum
1487 4874 1724 4942 ofﬁcium
1762 4890 1859 4926 non
1893 4885 1970 4926 est
2023 4884 2088 4923 ea:

512 4968 819 5038 ofﬁcialium
867 4967 1238 5034 dignitatibus,
1266 4981 1356 5019 nec
1383 4949 1638 5017 tribuitur
1666 4979 1731 5015 ea:
1774 4960 2089 5016 liberalitate

512 5060 908 5128 pontiﬁcali,ut
953 5061 1264 5128 ofﬁcialium
1311 5060 1621 5129 dignitates.
1669 5056 1847 5110 Prima
1909 5053 2088 5108 versio

515 5153 648 5206 satis
690 5161 779 5208 cst
829 5153 1204 5221 magisteriatis
1259 5167 1354 5205 seu
1432 5149 1788 5219 magistralis.
1844 5145 2088 5202 secunda

519 5245 688 5312 paulo
720 5246 949 5312 propius
1003 5259 1232 5312 scopum
1272 5243 1468 5312 tangit.
1518 5239 1870 5293 Archonticia
1901 5236 2081 5290 ofllcia

518 5348 572 5390 et
602 5338 896 5407 ἀξιώματα
927 5339 1069 5406 apud
1103 5337 1334 5391 Citriqu
1361 5343 1493 5390 sunt
1529 5334 1619 5387 illa
1653 5348 1774 5402 quae
1789 5331 1913 5398 quis
1945 5330 2090 5382 obti-

522 5440 612 5484 net
637 5432 724 5483 διὰ
755 5431 866 5482 τῶν
899 5431 1278 5501 ἁρχοντικίων,
1316 5429 1420 5483 hoc
1461 5436 1544 5482 est
1611 5441 1702 5493 per
1763 5425 1973 5478 litteras
2037 5428 2088 5474 et

517 5521 790 5576 codicillos
814 5521 922 5574 τῶν
947 5521 1244 5591 ἀρχόντων,
1299 5519 1618 5587 principum,
1667 5516 1781 5570 sive
1819 5515 1855 5568 ii
1907 5521 2093 5567 essent

520 5616 882 5682 imperatores
911 5614 1026 5666 sive
1055 5612 1402 5681 patriarchze.
1443 5607 1760 5677 Respondet
1811 5619 1942 5674 ergo
1998 5603 2090 5658 Ci-

520 5706 660 5760 trius
687 5704 1056 5759 archidiaconi
1089 5704 1332 5758 ofﬁcium
1364 5717 1472 5756 non
1505 5695 1627 5755 esse
1647 5699 1918 5769 ejusmodi
1943 5697 2090 5768 quod

521 5813 623 5868 per
652 5797 977 5851 archonticia
1005 5795 1340 5858 conferatur.
1376 5810 1473 5850 seu
1509 5795 1577 5848 ab
1606 5795 1936 5862 imperatore
1995 5805 2088 5843 seu

527 5907 556 5947 a
577 5889 910 5956 patriarcha,
947 5893 1044 5946 sed
1077 5903 1202 5946 esse
1223 5889 1372 5956 longi
1401 5887 1662 5955 temporis
1685 5895 1745 5941 et
1783 5897 1962 5954 opera:
1993 5882 2087 5936 diu

2191 4708 2386 4745 nomen
2415 4691 2800 4750 exterminant.
2841 4701 2892 4742 ttt
2929 4691 3344 4759 etpatriarcluc.
3379 4690 3764 4743 archidiaconi

2191 4796 2244 4839 et
2281 4785 2330 4836 id
2368 4799 2538 4852 genus
2575 4784 2703 4843 alia,
2731 4793 2990 4850 tanquam
3014 4785 3255 4848 superba,
3289 4784 3530 4852 fastuosa
3558 4791 3605 4834 et
3631 4784 3768 4834 sim-

2189 4878 2421 4947 plicitati
2458 4876 2760 4944 apostolica:
2789 4875 3156 4933 adversantia,
3191 4876 3374 4942 quippe
3426 4890 3545 4942 qua:
3603 4875 3769 4940 impe-

2191 4971 2327 5023 rium
2360 4979 2408 5020 ct
2423 4977 2723 5036 potestatem
2743 4967 2795 5019 in
2825 4967 3065 5019 subditos
3089 4967 3357 5032 denotent,
3411 4982 3511 5018 non
3529 4967 3769 5036 primum

2190 5063 2242 5114 iu
2285 5061 2466 5124 aliqua
2535 5057 2801 5124 [unctione
2851 5071 2940 5107 seu
3005 5056 3319 5117 ministerio,
3385 5069 3476 5107 seu
3534 5055 3768 5121 primum

2193 5151 2374 5203 ordine
2397 5152 2447 5201 in
2481 5149 2658 5216 aliquo
2681 5157 2838 5209 cwttt,
2872 5149 3064 5215 absque
3094 5155 3269 5197 tamen
3300 5147 3522 5214 imperio
3579 5155 3630 5198 et
3667 5161 3769 5213 po-

2192 5249 2378 5294 testate
2408 5240 2466 5290 in
2531 5249 2770 5290 cmtcros.
2830 5235 2964 5288 Hinc
3013 5235 3111 5301 ipsi
3154 5235 3394 5303 gaudent
3442 5237 3769 5304 apostolicis

2193 5331 2299 5383 illis
2329 5341 2401 5395 et,
2433 5337 2491 5381 ut
2522 5328 2838 5396 loquuntur,
2862 5325 3758 5394 tuu=leStissimisappellationibus

2193 5419 2600 5492 πρεσϐυτέρων,
2647 5418 2944 5484 ποιμένων,
3000 5415 3336 5474 ἐπισκόπων.
3401 5414 3766 5482 λειτουργῶν,

2193 5510 2471 5563 διακόνων,
2505 5507 2723 5560 δούλων.
2749 5505 2941 5558 Vermn
2963 5505 3180 5557 nomina
3201 5503 3316 5558 haec
3341 5519 3464 5559 esse
3479 5503 3769 5558 retinenda

2197 5600 2288 5654 ubi
2323 5601 2590 5653 hactenus
2622 5599 2942 5665 viguerunt,
2971 5604 3026 5648 et
3067 5597 3371 5648 revocanda
3403 5597 3490 5649 ubi
3513 5595 3773 5649 exoleve-
3850 5580 3853 5582 ’

2195 5703 2340 5756 runt,
2381 5693 2500 5748 fuse
2526 5691 2863 5743 demonstrat
2891 5690 3162 5742 Adrianus
3188 5689 3413 5744 Saravia
3435 5688 3768 5757 Calvinista,

2195 5789 2248 5844 in
2281 5787 2419 5840 libro
2443 5799 2604 5852 quem
2641 5783 2707 5838 de
2763 5781 3000 5836 diversis
3072 5784 3333 5852 gradibus
3385 5784 3768 5838 ministrorum

2196 5876 2631 5948 evangelicorum
2666 5872 2962 5944 evulgavit,
2993 5888 3046 5928 c.
3081 5875 3171 5940 25,
3213 5878 3292 5932 sit:
3342 5887 3521 5931 tamen
3571 5884 3632 5932 ut
3675 5876 3770 5933 his
