3936 6594
233 420 327 482 181

1368 423 1753 483 sumsum
1781 401 1877 483 Er
1915 423 2159 482 coam
2189 421 2429 482 nom.

3360 413 3492 477 182v

223 533 692 601 appellationibus
710 534 922 588 nullum
943 535 995 588 iu
1019 533 1454 602 aliosimperium
1473 533 1806 602 designetur,
1838 541 1880 593 Α
1910 537 2336 583 consentaneum
2358 539 2428 581 Sll
2451 531 2504 580 in
2548 526 2830 595 purpureis
2879 501 3275 590 pontiﬁcalibus
3309 523 3468 576 ve‘Sti-

222 625 316 678 sed
349 625 464 677 sola
495 625 712 680 ordinis
745 625 981 694 dignitas
1005 633 1058 680 et
1099 633 1157 678 ιιι
1192 624 1503 700 siedicam,
1547 623 1790 691 primitus

223 730 320 769 seu
346 717 416 768 τὰ
447 721 718 783 πρωτεῖα..
749 717 884 770 Huic
913 716 1223 770 Calvinistie
1251 715 1502 785 Opposuit
1530 731 1588 768 se
1613 713 1793 767 Calvi-

220 809 495 861 nistarum
532 810 930 877 antesignanus
957 807 1093 862 Beza
1154 806 1375 875 proprio
1423 806 1562 860 libro
1607 804 1796 858 adver-

222 912 322 951 sus
378 896 670 951 Saraviam
737 900 1036 967 publicato,
1094 898 1185 952 ubi
1241 897 1519 951 contendit
1572 895 1794 950 nomina

223 990 340 1064 hac
383 1004 616 1057 prorsus
655 1007 760 1043 non
790 1007 900 1044 esse
926 990 1223 1052 toleranda,
1275 989 1368 1044 sed
1429 1004 1492 1041 ex
1553 985 1801 1042 ecclesiis

225 1079 576 1145 explolenda
611 1089 871 1146 tanquam
909 1077 1252 1146 simplicitati
1285 1075 1597 1146 apostolicae
1655 1088 1802 1142 pror-

227 1185 326 1222 sus
392 1169 784 1239 repuguantia.
841 1167 967 1222 Mihi
1019 1166 1302 1222 conﬂictus
1344 1166 1446 1220 iste
1508 1165 1648 1218 inter
1705 1164 1804 1218 hos

227 1262 370 1314 duos
399 1261 670 1331 Lapithas
704 1262 840 1315 mire
863 1261 1038 1330 placet
1067 1276 1082 1312 :
1111 1275 1232 1313 nam
1255 1259 1306 1312 in
1327 1257 1550 1312 Saravia
1572 1256 1805 1314 observo

228 1352 546 1405 hereticam
571 1351 961 1417 arrogantiam,
998 1363 1120 1419 qua:
1158 1363 1279 1402 cum
1313 1346 1496 1400 omnia
1544 1344 1803 1401 conlude—

229 1448 297 1496 rit
320 1453 382 1498 et
414 1444 824 1511 pet-miscuerit,
850 1457 994 1496 nunc
1017 1441 1176 1511 quasi
1197 1441 1513 1510 pauitantia
1571 1436 1800 1492 ducere-

230 1544 338 1598 tur,
367 1533 678 1588 honoriﬁca
703 1533 791 1586 illa
813 1534 1158 1602 patriarcha,
1179 1529 1811 1600 arcliiepiseopi,°arclii-

230 1627 454 1680 diaconi
481 1636 538 1681 et
568 1627 769 1681 similia
802 1634 1161 1695 cognomenta
1186 1623 1357 1678 ambit
1415 1624 1592 1691 iisque
1649 1621 1812 1676 deco-

230 1718 340 1772 rari
363 1717 554 1786 gestit,
583 1718 655 1772 ita
681 1726 859 1771 tamen
884 1729 940 1771 ut
981 1719 1205 1785 antiqua
1233 1716 1454 1770 notione
1473 1714 1626 1784 quasi
1648 1723 1810 1767 exuta

232 1822 432 1861 noram
469 1809 723 1870 induant,
765 1806 1076 1874 nullamque
1121 1811 1446 1874 potestatein
1477 1813 1530 1855 et
1599 1801 1808 1855 nullum

1895 621 2111 685 mentis,
2129 607 2580 689 quoniadmodum
2597 628 2649 672 et
2669 621 2718 672 iu
2735 617 2891 682 albis,
2910 619 2962 670 in
2982 616 3240 670 stichario
3254 614 3470 684 quidem

1895 713 2138 781 ﬂumina,
2162 713 2212 762 in
2227 710 2688 778 pluenolioantem
2703 723 2894 762 cruces
2913 715 3138 777 gestare.
3160 706 3470 775 Respondet

1900 803 2202 856 Demetrius
2231 821 2245 855 :
2278 801 2618 857 Consuetudo
2631 801 2874 854 Ecclesia’
2909 815 3169 868 purpurea
3186 795 3474 868 pontiﬁca-
3503 801 3510 829 λ

1903 887 1974 939 liu
2003 886 2308 940 indumenta
2331 889 2591 955 simplicia
2625 889 2734 940 rult
2760 905 2870 941 esse
2930 898 2977 939 et
3023 888 3134 939 sine
3188 887 3474 952 pra-dicto-

1903 993 2017 1030 rum
2085 979 2361 1046 ﬂuminum
2414 980 2750 1048 cruciumque
2817 979 3127 1047 adjectione.
3207 977 3475 1031 Meursius

1904 1067 2218 1142 stieharium
2254 1067 2644 1135 interpretatur
2665 1068 2851 1120 sticam
2879 1083 2898 1120 :
2961 1081 3085 1119 nam
3132 1065 3346 1120 Glossis
3378 1065 3476 1118 lsi-

1907 1159 2179 1213 donistica
2216 1167 2300 1212 est
2332 1158 2534 1212 tunica.
2577 1156 2678 1211 Sed
2740 1157 2869 1210 nihil
2929 1157 3118 1210 melius
3173 1166 3260 1208 est
3306 1169 3471 1222 quam

1908 1251 1960 1302 in
1989 1249 2075 1304 his
2105 1260 2158 1303 et
2193 1249 2244 1302 i'd
2267 1264 2440 1317 genus
2470 1249 2594 1300 aliis
2649 1248 2880 1300 retinere
2945 1245 3134 1301 Graeca
3185 1243 3472 1307 vocabula,

1908 1341 2035 1408 quia
2075 1341 2222 1394 nulla
2243 1349 2532 1409 suppl-lunt
2560 1339 2748 1391 Latina
2786 1352 2912 1405 qua:
2944 1337 3052 1388 vim
3084 1345 3138 1389 et
3185 1336 3468 1405 energiam

1910 1429 2218 1484 Graecorum
2263 1431 2500 1499 perfecte
2515 1429 2848 1497 exprimant.
2878 1426 3045 1481 Erant
3070 1435 3252 1480 autem
3278 1426 3480 1480 stic/ta-

1911 1526 1993 1577 ria
2028 1524 2285 1589 duplicia,
2347 1538 2539 1591 nempe
2581 1520 2970 1591 patriarchalia
3023 1529 3077 1574 et
3123 1518 3478 1587 episcopalla,

1913 1613 2166 1684 insignita
2203 1613 2390 1682 ﬁguris
2431 1613 2600 1665 instar
2632 1625 2860 1680 parumne
2888 1611 3078 1663 littera:
3129 1610 3192 1673 Γ,
3225 1615 3284 1660 ιιι
3336 1608 3476 1674 apud

1915 1706 2286 1760 Balsamoncm
2314 1703 2587 1771 legimus;
2650 1701 2959 1768 cuiusmodi
3010 1710 3191 1752 restes
3239 1697 3416 1765 appell
3437 1716 3482 1747 ι-

1917 1798 2114 1852 bantur
2159 1794 2470 1864 gammadia
2521 1807 2618 1847 seu
2668 1792 2982 1868 gamntatia.
3034 1789 3366 1842 Anastasius
3426 1788 3478 1838 in

231 1900 532 1968 imperium
565 1897 890 1966 signiﬁcent.
916 1896 1141 1949 ln‘Beza
1171 1904 1350 1950 autem
1377 1895 1427 1948 id
1474 1907 1582 1962 pra:
1602 1892 1812 1947 caeteris
1847 1870 1886 1923 Β
1918 1886 2096 1942 Leone
2131 1885 2198 1940 Ill
2229 1902 2243 1940 :
2281 1885 2568 1940 Columnas
2590 1893 2865 1954 argenteas
2910 1893 3026 1935 octo
3098 1889 3145 1933 et
3177 1877 3481 1946 gammadia

228 1990 781 2045 animaduertendum
815 1998 964 2055 puto,
1019 1989 1161 2054 quod
1223 2001 1329 2039 non
1386 1986 1622 2038 obscure
1677 1998 1810 2038 suos

229 2082 576 2138 Calvinistas
605 2081 831 2150 Anglos,
861 2088 915 2133 et
945 2079 1288 2132 Lutberauos
1341 2077 1392 2129 in
1441 2075 1728 2130 Germania
1760 2083 1814 2126 et

229 2175 458 2238 Suecia,
479 2172 816 2243 perstringit,
839 2171 966 2238 quia
987 2169 1155 2237 aliqui
1206 2168 1422 2220 illorum
1461 2181 1582 2220 sese
1609 2164 1814 2218 archie-

229 2268 478 2334 piscopos
507 2276 560 2316 et
587 2263 840 2332 primates
874 2269 930 2316 et
961 2259 1361 2314 archidiaconos
1393 2256 1699 2321 nominant,
1760 2264 1812 2308 et

232 2361 308 2413 ita
339 2360 512 2413 etiam
543 2355 817 2412 nominari
858 2364 911 2408 et
930 2351 1154 2408 salutari
1199 2351 1402 2414 volunt,
1458 2347 1811 2424 pulchrisque

234 2454 344 2508 sub
374 2449 700 2506 nominibus
725 2457 933 2515 turpem
963 2444 1194 2507 haeresin
1227 2443 1429 2496 celant.
1457 2439 1667 2495 Gners.

705 2538 865 2608 136
907 2534 1131 2590 CAPUT
1185 2533 1322 2589 xw.

382 2635 463 2688 De
520 2632 696 2686 sacris
757 2629 984 2685 uestibus
1016 2628 1376 2681 ministrorum
1423 2624 1666 2678 ecclesite.

305 2726 494 2781 Variis
527 2724 585 2778 in
634 2721 770 2776 locis
821 2733 1102 2773 sacrarum
1146 2716 1377 2771 vestium
1433 2713 1808 2768 ministrorum

232 2815 493 2874 ecclesia:
542 2798 879 2868 mentionem
945 2807 1077 2864 facit
1133 2807 1418 2871 Codinus;
1487 2819 1554 2857 ex
1609 2801 1810 2870 quibus

237 2911 524 2966 nonnulla:
558 2907 691 2962 solis
715 2904 1004 2974 episcopis,
1036 2901 1156 2955 alia:
1215 2899 1380 2954 etiam
1434 2895 1809 2953 sacerdotibus

238 3012 296 3057 et
325 2997 582 3054 diacoais
611 3003 950 3064 competunt.
987 2988 1198 3044 Primas
1263 2993 1446 3042 teneat
1505 2984 1806 3053 στιχάριον,

243 3092 409 3144 lucidi
439 3090 657 3142 uestitus
686 3083 992 3153 angelorum
1013 3080 1310 3140 imitamcn,
1370 3074 1548 3144 inquit
1586 3073 1808 3126 Simeon

240 3177 766 3239 Thessalonicencis
804 3176 897 3228 lib.
925 3172 998 3228 De
1030 3169 1251 3240 templo.
1312 3167 1516 3235 Stt'pius
1563 3165 1699 3218 enim
1755 3162 1812 3214 in
1842 3193 1889 3255 ϐ

239 3289 377 3331 ueste
435 3271 684 3346 fulgent;
733 3267 943 3336 angelos
982 3263 1283 3333 apparuisse
1341 3258 1601 3321 novimus,
1662 3263 1718 3307 ut
1766 3263 1813 3307 et

236 3371 395 3421 illum
417 3367 474 3419 in
516 3370 848 3416 monumento
870 3356 1166 3412 Saluatoris
1201 3362 1494 3419 coopertum
1524 3347 1659 3402 stola
1690 3363 1816 3400 can-

240 3463 392 3523 dida.
433 3459 702 3513 Prwterea
731 3467 915 3519 purum
947 3447 1080 3501 etab
1109 3444 1252 3516 omni
1279 3442 1672 3511 inquinamento
1697 3439 1820 3491 libe-

244 3568 366 3604 rum
385 3544 769 3602 sacerdotalem
791 3550 987 3594 statuat
1011 3552 1117 3592 esse
1145 3543 1380 3604 oportere
1406 3533 1586 3594 docet;
1612 3539 1822 3598 prapter

243 3660 408 3714 quam
439 3640 723 3710 puritatem
763 3635 917 3687 etiam
945 3629 1187 3686 sacerdos
1243 3629 1340 3678 hac
1408 3623 1582 3694 gratia
1630 3625 1822 3691 dignus

237 3734 564 3802 judicatur;
597 3725 734 3796 quod
759 3725 928 3792 ipsum
951 3731 1195 3780 testatur,
1227 3731 1344 3770 cum
1375 3729 1428 3768 se
1467 3714 1690 3767 induens
1714 3719 1822 3764 haec

243 3799 400 3877 uerba
427 3816 760 3887 pronuntiat.
788 3808 1121 3863 «Exsultabit
1152 3805 1330 3857 anima
1353 3818 1478 3866 mea_
1497 3802 1548 3854 in
1575 3799 1824 3860 Domino,

243 3914 372 3984 quia
410 3909 586 3964 induit
622 3922 700 3958 me
733 3904 1032 3959 vestimento
1066 3897 1280 3957 salutis,
1317 3914 1334 3945 ›
1369 3903 1417 3947 et
1449 3908 1567 3959 qua!
1597 3906 1826 3959 sequun-

245 4016 356 4055 tur.
381 3998 633 4067 Episcopi
680 4005 856 4048 autent
904 3993 1178 4067 6‘t_tXip:O‘l
1208 3989 1430 4055 desuper
1451 3984 1823 4051 descendentia

247 4064 722 4159 habet/lumina;
772 4095 846 4139 est
901 4064 1037 4137 enim
1095 4080 1434 4137 undulatum,
1496 4087 1541 4129 et
1600 4075 1828 4144 gratiam

240 4184 477 4242 docendi
517 4181 706 4248 inipso
735 4183 1131 4244 reprazscntant.
1179 4169 1317 4223 Nam
1371 4178 1417 4220 et
1460 4168 1594 4219 inter
1620 4165 1830 4234 angelos

247 4295 354 4332 non
389 4275 634 4326 ontnibus
664 4269 798 4322 idem
820 4276 896 4320 est
927 4265 1052 4318 ordo
1085 4274 1132 4316 et
1166 4260 1384 4331 gradus,
1413 4258 1498 4310 sed
1547 4259 1615 4309 ibi
1635 4271 1832 4323 quoque

249 4372 347 4424 a'ii
388 4366 701 4435 inferiorum
735 4360 974 4429 magistri
1010 4367 1151 4409 sunt.
1200 4355 1468 4408 Vocantur
1497 4361 1670 4403 autem
1730 4348 1833 4416 ﬂu-

251 4463 404 4516 mina
427 4468 644 4526 propter
675 4469 848 4508 vocem
878 4448 1173 4504 Saluatoris
1228 4447 1280 4498 in
1313 4443 1596 4510 Evangelia
1655 4440 1832 4492 dicen-

1918 1982 2047 2032 duo.
2084 1977 2250 2031 Paulo
2285 1985 2408 2047 post
2452 1977 2594 2043 apud
2623 1974 2870 2028 eunnlem
2939 1972 3260 2040 scriptorem
3319 1968 3482 2021 habes

1915 2071 2253 2138 gammadias
2317 2067 2705 2137 chrysoclabas.
2755 2065 2906 2130 Quod
2968 2075 3149 2116 autem
3198 2061 3476 2114 Meursius

1914 2162 2186 2217 existimat
2216 2161 2472 2229 trigonia,
2522 2175 2643 2228 qua:
2688 2167 2815 2212 sunt
2869 2157 2922 2210 in
2975 2153 3286 2224 phaauoliis,
3359 2165 3482 2205 esse

1915 2253 2087 2322 ipsam
2133 2253 2369 2307 litteram
2436 2251 2498 2315 l‘,
2558 2251 2610 2306 id
2677 2246 3075 2303 mathematicis
3129 2242 3484 2297 Lcideusibns

1912 2346 2259 2414 persuadeat,
2291 2345 2338 2398 si
2376 2351 2553 2412 potest
2583 2359 2598 2407 ;
2632 2358 2734 2396 nos
2757 2350 2907 2395 certe
2961 2349 3073 2392 tres
3115 2337 3346 2406 angulos
3409 2352 3478 2389 ex

1913 2440 2089 2492 littera
2127 2437 2167 2490 Γ
2189 2437 2489 2494 extundere
2523 2450 2628 2490 non
2684 2446 2992 2503 possumus.

1979 2569 2035 2638 2)
2063 2568 2277 2638 die).qu
2306 2582 2398 2622 seu
2428 2565 2644 2633 φελόνη.
2669 2564 2778 2616 imo
2796 2565 2957 2617 etiam
2981 2559 3274 2628 φαινὸλιον,
3301 2557 3482 2627 φαινό-

1909 2657 2316 2726 λης,φελόνιον.
2387 2656 2544 2726 167
2596 2653 2856 2708 Penulam
2941 2652 3031 2705 hic
3094 2651 3190 2719 qui
3239 2656 3485 2708 vertunt,

1912 2751 1947 2804 ii
2002 2749 2202 2803 frustra
2231 2759 2379 2803 sunt.
2422 2747 2565 2801 Nulli
2601 2745 2811 2815 penula:
2869 2743 3014 2796 inter
3063 2749 3247 2796 restes
3299 2753 3486 2794 sacras

1912 2843 2200 2908 locusest,
2266 2839 2479 2894 tametsi
2529 2851 2635 2890 non
2694 2836 2887 2905 ignoro
2952 2833 3082 2902 quid
3146 2833 3214 2886 de
3284 2831 3483 2900 penula

1911 2933 2053 3004 apud
2089 2934 2147 2989 S.
2188 2933 2413 2988 Paulum
2469 2933 2633 3001 epist.
2659 2929 2705 2983 il
2735 2927 2802 2983 ad
2858 2926 3099 2981 Timoth.
3136 2939 3188 2978 iv
3236 2913 3488 2977 nonnulll

1911 3027 2380 3096 philosophentur.
2411 3023 2540 3089 Quae
2577 3037 2702 3075 vero
2727 3020 2846 3086 ejus
2864 3015 3225 3086 signiﬁcatio?
3259 3014 3482 3067 Sacrum

1913 3118 2189 3187 φελώνιον,
2211 3117 2384 3186 inquit
2415 3117 2633 3170 Simeon
2653 3111 3182 3170 Thessalonicensis,
3208 3105 3450 3160 sublimia
3463 3130 3482 3142 -

1918 3226 2024 3264 rem
2057 3219 2106 3262 et
2146 3225 2358 3276 superne
2388 3208 2635 3261 collatam
2693 3206 2909 3273 spiritus
2945 3203 3185 3255 virtutem
3207 3198 3300 3251 sub
3352 3211 3484 3269 qutt-

1919 3301 2041 3352 dam
2085 3300 2257 3368 effigie
2318 3306 2600 3360 monstrat,
2644 3296 2698 3348 in
2737 3293 2924 3362 primis
2981 3304 3187 3344 saccum
3243 3302 3343 3355 quo
3393 3299 3486 3351 per

1916 3392 2204 3446 ludibrium
2235 3389 2483 3444 Salvator
2504 3388 2717 3442 indutus
2748 3395 2822 3440 est
2847 3401 2866 3450 ;
2887 3385 3082 3438 idcirco
3121 3390 3166 3434 et
3209 3381 3347 3432 sacci
3377 3380 3488 3445 [br-

1921 3499 2058 3535 utam
2084 3481 2238 3534 habet
2268 3497 2285 3534 :
2310 3497 2400 3534 nec
2425 3481 2560 3534 enim
2589 3480 2643 3532 in
2688 3495 2746 3532 eo
2803 3485 2924 3530 sunt
2984 3489 3100 3544 qua:
3149 3471 3486 3540 appellantur

1926 3574 2148 3644 μανικια
2181 3589 2268 3628 seu
2297 3571 2814 3626 inanicmbuwolta
2847 3567 3211 3638 patriarchica
3275 3572 3328 3616 et
3365 3561 3484 3629 cpi-

1923 3665 2162 3737 Scopalia
2183 3665 2338 3736 plena
2359 3671 2514 3717 erant
2537 3663 2788 3716 crucibus
2809 3661 2974 3720 (inide
2999 3659 3126 3725 ipsis
3152 3654 3487 3724 polystuurit,

1924 3760 2079 3828 quasi
2111 3759 2262 3811 dicas
2298 3755 2643 3817 mutticrucii,
2684 3753 3020 3822 appellatio),
3079 3757 3132 3803 et
3187 3759 3487 3815 repraesen-

1925 3860 2040 3903 tant
2070 3865 2165 3920 per
2188 3857 2358 3903 totum
2401 3849 2587 3902 orbem
2633 3847 2883 3898 tliﬁ‘usam
2938 3842 3259 3896 veneranda:
3308 3837 3490 3892 crucis

1926 3944 2174 4012 gloriam,
2247 3949 2307 3995 ut
2330 3940 2507 4008 inquit
2561 3938 2851 3991 Balsamon
2903 3935 2956 3988 in
2997 3931 3378 3987 dissertatione
3422 3929 3490 3980 de

1929 4029 2364 4098 patriarcharum
2391 4027 2710 4096 privilegiis.
2737 4025 2944 4077 Forma:
2973 4032 3149 4075 autem
3181 4017 3486 4087 triangulae,

1930 4138 2050 4191 qute
2076 4123 2126 4174 in
2150 4121 2352 4175 iisdem
2383 4119 2668 4188 phaenoliis
2705 4119 2979 4176 visuntur,
3001 4112 3290 4178 declarant
3322 4123 3494 4176 angu-

1932 4214 2097 4264 larem
2130 4209 2357 4278 lapidem
2385 4208 2667 4262 Christum
2701 4205 2867 4259 Deum
2905 4213 3177 4264 nostrum,
3238 4197 3332 4264 qui
3378 4197 3494 4252 dis-

1928 4304 2116 4373 juncta
2143 4301 2448 4373 conjunxit,
2483 4309 2540 4353 ut
2569 4298 2746 4365 inquit
2797 4295 2938 4350 idem
2963 4293 3273 4347 Balsamon.

2005 4437 2532 4509 5)Epitracbelium.
2604 4433 2931 4490 lleterodoxi
2991 4431 3316 4498 interpretes
3379 4441 3500 4479 ver-

253 4557 346 4608 tis;
385 4571 403 4603 ι
443 4551 548 4616 Qui
574 4547 736 4599 credit
774 4546 826 4596 in
859 4559 958 4600 me.
990 4540 1214 4609 ﬂumina
1241 4538 1303 4589 de
1330 4547 1503 4588 ventre
1535 4535 1646 4602 ejus
1669 4533 1833 4599 {luerit
1869 4539 1910 4591 υ
1940 4539 2060 4584 tunt
2090 4528 2283 4582 collare
2305 4542 2399 4582 seu
2428 4525 2739 4580 cellarium:
2774 4522 2868 4578 sed
2911 4521 2959 4574 id
2991 4520 3154 4574 nimis
3207 4517 3492 4586 profanum

253 4661 414 4715 aqua:
442 4644 592 4696 victe.
631 4658 648 4689 ι
687 4636 799 4690 Hoc
855 4635 991 4686 idem
1035 4630 1198 4697 pallio
1256 4626 1544 4696 episcopali
1598 4633 1831 4676 notatur.

255 4737 523 4791 Flumina
554 4730 763 4800 quidem
814 4726 962 4779 habet
1023 4730 1238 4790 propter
1289 4735 1350 4772 ea
1407 4732 1520 4787 qua:
1577 4716 1832 4775 diximus,

256 4827 457 4899 pocula
488 4839 606 4877 vero
635 4837 727 4888 pro
756 4830 882 4889 typo»
916 4815 1097 4869 ueteris
1129 4822 1180 4866 et
1240 4826 1384 4864 novre
1433 4809 1642 4878 gratior.
1704 4806 1836 4868 Qua:

257 4895 760 4983 etiam/luminibus
809 4909 958 4978 quasi
991 4907 1284 4968 innatant;
1347 4900 1483 4969 quod
1533 4913 1634 4950 non
1689 4895 1837 4948 aliud

259 5011 367 5065 sibi
405 5008 518 5064 uult
544 5020 701 5074 quam
734 5002 986 5071 magistro
1020 4998 1124 5050 sive
1147 4994 1347 5048 doctori
1375 5007 1438 5046 ea:
1489 4989 1691 5043 duobus
1743 4988 1840 5042 Te-

263 5101 550 5156 stamentis
617 5095 686 5148 ad
746 5091 1031 5146 docendum
1079 5087 1426 5140 hauriendum
1470 5099 1602 5138 esse.
1674 5082 1842 5135 Erant

269 5202 460 5248 autem
486 5188 748 5242 slicbaria
784 5199 893 5237 ncn
925 5182 1098 5234 solum
1159 5177 1414 5239 candida,
1444 5175 1536 5229 sed
1576 5171 1838 5228 nonnulla

269 5286 444 5342 etiam
484 5293 780 5351 purpurea.
819 5291 942 5344 quae
973 5290 1002 5326 a
1058 5269 1436 5325 sacerdotibus
1494 5276 1547 5320 et
1596 5261 1842 5318 diacouis

270 5387 390 5429 tota
426 5371 846 5440 quadragesima
889 5365 1088 5435 gestari
1138 5371 1368 5417 testatur
1412 5359 1648 5413 Codinus
1689 5371 1740 5412 c.
1784 5355 1838 5417 9,

271 5479 505 5533 excepto
535 5463 675 5516 festo
713 5455 1185 5519 Aununtiationis,
1219 5451 1528 5506 i’almarum
1558 5461 1611 5504 et
1645 5463 1840 5520 magno

275 5558 529 5613 Sabbato
569 5554 812 5610 Pasclne.

346 5652 494 5704 Inter
525 5661 753 5702 eis-teras
784 5644 1116 5714 qurcstioues
1149 5656 1284 5710 quas
1327 5636 1593 5703 Bulgarim
1638 5630 1849 5686 archie-

278 5743 510 5812 piscopo
550 5737 824 5791 Demetrio
850 5733 1212 5787 Cltomatiano
1236 5727 1417 5797 posuit
1452 5721 1848 5778 Constantinus

276 5832 565 5894 Cabasilas
601 5827 1052 5892 archiepiscopus
1103 5819 1403 5886 Dyrrachii,
1455 5817 1555 5871 luit
1585 5815 1707 5878 ista,
1781 5829 1845 5867 an

1944 4621 2176 4673 videtur.
2219 4618 2539 4672 Retinenius
2565 4630 2693 4684 ergo
2735 4628 2932 4667 nomen
2970 4611 3240 4664 Grmcum.
3279 4607 3497 4675 Epitra-

1944 4711 2189 4772 cheliutn,
2223 4707 2401 4777 inquit
2436 4704 2676 4767 Simeon,
2714 4721 2739 4756 e
2765 4701 2888 4754 coelo
2947 4701 3340 4752 descendentem
3390 4697 3500 4763 spi-

1946 4807 2079 4856 ritus
2115 4803 2342 4870 gratiam
2389 4799 2549 4852 menti
2577 4797 2811 4862 subjicit.
2872 4792 2946 4845 0b
2982 4793 3077 4842 hoc
3125 4790 3262 4842 enim
3289 4797 3338 4840 et
3393 4787 3506 4856 epi-

1943 4909 2128 4962 scopus
2159 4902 2207 4945 et
2259 4889 2501 4944 sacerdos
2548 4903 2580 4940 a
2628 4885 2794 4951 capite
2844 4881 2975 4934 illud
3023 4882 3280 4931 induens:
3337 4895 3354 4927 ι
3402 4875 3506 4928 Βε-

1947 4988 2183 5040 ncdictus
2222 4983 2382 5045 Deus,
2439 4979 2626 5046 inquit,
2663 4977 2750 5045 qui
2801 4973 3020 5042 effundit
3069 4969 3297 5039 gratiam
3348 4981 3506 5032 super

1948 5077 2242 5132 sacerdotes
2276 5090 2420 5127 suos.
2483 5091 2500 5122 ι
2540 5069 2684 5123 Unde
2708 5085 2765 5121 eo
2789 5065 2999 5136 quilibet
3037 5060 3281 5115 sacerdos
3313 5061 3504 5120 utitur,

1947 5169 2350 5238 quotiescunque
2406 5162 2695 5230 sacriﬁcat.
2748 5155 3138 5212 Gt-rmauusin
3196 5167 3296 5206 sua
3355 5153 3508 5204 theo-

1951 5263 2026 5312 ria
2052 5273 2229 5311 rerum
2248 5255 2736 5309 ecclesiasticarum
2764 5266 2778 5301 :
2809 5247 3058 5301 Dextram
3084 5254 3283 5314 partem
3308 5243 3504 5311 epitra-

1949 5351 2102 5403 chelii
2126 5348 2386 5416 signiﬁcat
2415 5345 2619 5397 arundo
2646 5339 2864 5394 ludibrii
2894 5339 3063 5406 gratia
3089 5336 3315 5388 dextera:
3350 5317 3503 5384 (Ihril
3587 5339 3595 5396 ς

1949 5442 2018 5496 sti
2049 5442 2208 5504 data;
2233 5439 2505 5492 sinistram
2531 5443 2734 5506 partem
2758 5433 2958 5486 indicat
2987 5428 3157 5481 crucis
3193 5426 3245 5478 in
3280 5423 3506 5492 propriis

1954 5533 2182 5586 humeris
2214 5531 2457 5601 gestatio.
2509 5524 2954 5597 Epitrachclium,
2992 5520 3166 5590 inquit
3196 5517 3504 5576 Balsamou,

1955 5627 2218 5696 signiﬁcat
2250 5625 2418 5677 lorum
2449 5622 2578 5676 illud
2611 5635 2711 5689 quo
2738 5619 2845 5672 vita
2870 5619 2936 5670 ad
2965 5626 3180 5667 mortem
3207 5617 3378 5662 tracta
3408 5616 3510 5659 est.

1958 5718 2112 5782 Quod
2145 5724 2324 5770 autem
2356 5713 2626 5766 Meursius
2660 5710 2920 5778 epiuatur
2952 5707 3011 5757 τὸ
3044 5699 3354 5769 ὲπωμάδιον
3383 5707 3508 5747 esse

1958 5779 2016 5862 si;
2072 5806 2476 5873 ἐπιτραχήὶιον,
2541 5801 2592 5857 id
2630 5799 2846 5855 dimcile
2883 5794 3087 5850 crcdilu
3137 5787 3241 5844 erit
3277 5783 3386 5834 illis
3414 5779 3510 5849 qui
