3936 6618
460 401 566 467 183

1607 410 1691 470 ΙΝ
1736 406 2173 469 ΠΒΒΗΜΒΕ
2200 409 2529 469 OFFICIIS
2569 409 2679 467 ΟΡ.

3609 403 3716 467 186

448 513 513 569 τὸ
538 513 854 585 ιπωμᾶδιον
882 516 1136 585 proprius
1164 516 1228 570 ad
1257 516 1575 588 ὠμοφόριον
1598 532 1763 597 quam
1792 517 1858 571 ad
1907 518 2033 570 ἐπι-

2156 527 2374 571 utuntur
2441 520 2583 571 inter
2638 510 3081 574 sacriﬁcandum:
3145 526 3281 573 utet
3329 513 3599 570 diaconus
3660 524 3716 567 et

449 605 751 676 τραχήλων
782 608 1047 662 accedere
1088 618 1308 663 norunt.
1894 666 1897 667 ν

521 692 579 760 4)
614 692 885 749 Orariutn.
915 694 1180 749 Diaconus
1202 697 1502 767 angelicum
1528 699 1747 752 sortitus
1770 698 2030 765 ordinem,

449 784 634 854 inquit
678 783 925 850 Simeon,
959 788 1065 856 fert
1118 791 1171 841 in
1206 790 1439 844 humeris
1474 791 1615 860 quod
1654 792 1896 863 ὼράριον
1936 809 2034 846 no-

451 877 687 943 minant,
717 880 860 946 quod
883 881 1037 945 quasi
1060 880 1177 934 alas
1202 881 1377 947 habet,
1405 892 1462 934 ut
1491 882 1705 936 illorum
1726 884 2031 952 spirituum,

451 988 560 1040 qua
604 982 882 1040 praestant,
913 974 1281 1045 intelligentia
1314 976 1636 1029 celeritatem
1685 977 2032 1030 demonstret.

456 1063 637 1131 Quare
662 1077 710 1119 et
747 1063 1031 1120 Cherubin
1067 1066 1230 1135 {acies
1284 1067 1581 1120 obvelantia
1634 1069 1877 1139 imitaris,
1924 1069 2037 1136 ipse

454 1172 681 1226 quoque,
712 1157 838 1211 dum
875 1158 1128 1227 cingitur,
1162 1159 1550 1225 quodammodo
1610 1168 1666 1213 ut
1721 1161 1797 1213 rei
1844 1160 2036 1214 dirinre

456 1248 725 1316 particeps
765 1256 814 1300 et
875 1249 1191 1302 administer
1248 1249 1483 1317 futurus,
1527 1252 1779 1319 operitur.
1824 1250 1885 1305 In
1922 1253 2037 1319 ipso

459 1341 581 1394 item
607 1341 785 1393 orario
805 1341 1066 1404 Sanctus,
1087 1339 1346 1407 Sanctus,
1372 1341 1629 1407 Sanctus,
1653 1344 1909 1410 sctjplttm
1936 1351 2033 1404 est,

457 1448 562 1501 quo
599 1433 1017 1486 ministratorius
1066 1443 1375 1487 sanctorum
1428 1434 1734 1503 angelorum
1773 1435 1902 1488 ordo
1941 1451 2037 1489 er-

457 1527 729 1594 primitur.
758 1526 1087 1581 Gestabatur
1116 1526 1349 1579 orarium
1409 1526 1460 1578 in
1518 1527 1743 1580 sinistro
1780 1526 2035 1580 humero.

434 1617 519 1689 ,5.
554 1619 986 1688 Cltrysostomus
1017 1619 1070 1671 i-tt
1110 1617 1351 1688 Liturgia
1380 1636 1393 1673 ε
1433 1617 1507 1671 Τὸ
1536 1619 1634 1685 μὲν
1677 1618 1916 1688 ὠρὰριον
1946 1618 2040 1669 ἀσ-

457 1709 780 1773 πασάμενος
811 1710 1096 1780 ἐπιτίθησι
1126 1710 1206 1780 τῷ
1236 1712 1513 1781 ἀριστερῷ
1564 1709 1721 1781 (bum.
1782 1709 2035 1780 Figttratn

457 1801 677 1856 diaconi
717 1803 953 1855 orarium
990 1802 1261 1871 portantis
1322 1802 1490 1855 babes
1526 1800 1681 1853 initio
1718 1798 1973 1868 Gregorze
2009 1814 2037 1852 a

2140 610 2512 664 subdiaconus
2545 610 2687 664 inter
2734 609 3207 687 ministrandum.‘
3236 609 3439 664 Sudori
3500 609 3717 663 abster-

2136 705 2312 772 gendo
2350 702 2617 757 serviebat
2656 703 2959 765 sudarium,
2992 704 3129 767 quod
3165 705 3233 755 ad
3288 701 3591 771 tergendum
3625 716 3721 755 stt-

2135 798 2313 849 dorem
2363 797 2417 849 in
2450 812 2610 847 manu
2667 795 2861 865 gestari
2892 812 3004 849 mos
3060 804 3179 860 est;
3206 795 3345 864 quod
3380 795 3579 847 usitato
3618 808 3719 845 no-

2136 889 2275 940 mine
2330 886 2583 941 lationem
2646 904 2936 947 vocamus,
2998 886 3176 955 inquit
3244 885 3529 940 Aleuinus.
3580 883 3722 938 Vide

2137 980 2474 1035 Glossarium
2508 978 2572 1032 ad
2609 979 2855 1034 codicem
2890 976 3095 1048 Legum
3123 977 3496 1047 antiquarum.

2208 1072 2286 1135 5).
2340 1071 2661 1138 Ὠμοφξριον
2697 1070 2968 1125 Immerale
3009 1069 3158 1123 dicas
3191 1068 3392 1130 licebit,
3431 1064 3654 1121 tametsi
3687 1080 3719 1118 a

2139 1169 2330 1211 nostro
2362 1160 2626 1213 bunverali
2676 1160 2756 1211 vel
2818 1158 3507 1233 sttperhtnneraliprorsns
3528 1156 3720 1211 diver-

2139 1235 2282 1307 sum.
2320 1252 2603 1321 Proprium
2660 1254 3044 1322 episcoporum
3095 1260 3396 1318 gestamen,
3456 1250 3602 1320 quod
3654 1264 3724 1302 ea:

2138 1343 2265 1397 lana
2304 1346 2623 1415 confectum,
2657 1345 2834 1413 inquit
2859 1345 3104 1406 Simeon,
3141 1345 3195 1397 in
3243 1343 3417 1397 orbem
3473 1347 3723 1396 humeros

2141 1448 2267 1491 ante
2293 1448 2341 1490 ct
2399 1447 2538 1491 retro
2594 1438 2874 1491 conrestit.
2904 1439 3017 1490 Hoc
3050 1453 3212 1505 genus
3272 1435 3565 1488 indumenti
3608 1436 3724 1487 sine

2139 1528 2471 1584 dttbitttl'iotte
2529 1547 2560 1581 a
2590 1529 2745 1583 verba
2785 1545 2995 1582 carnem
3027 1544 3091 1581 ea:
3135 1527 3351 1597 Virgine
3380 1536 3594 1594 propter
3627 1542 3726 1579 nos

2140 1633 2440 1690 susceptam
2466 1621 2818 1690 Immantrque
2854 1631 3062 1675 natura
3095 1620 3509 1687 assumptionem
3539 1618 3722 1671 decla—

2141 1724 2249 1767 rat.
2278 1705 2409 1767 'ldeo
2443 1714 2580 1767 enim
2614 1730 2677 1767 ex
2703 1715 2827 1767 lana
2865 1696 3068 1782 quoque
3096 1713 3313 1769 texitur.
3341 1711 3593 1779 quoniam
3632 1725 3728 1763 er-

2142 1805 2367 1856 raticam
2399 1819 2562 1866 ovem,
2606 1804 2701 1856 hoc
2740 1814 2814 1857 est
2853 1812 3104 1856 naturam
3142 1810 3403 1865 nostram,
3439 1802 3638 1870 signat,
3674 1811 3725 1853 et

460 1891 661 1946 Wolfio
701 1894 855 1947 editi.
898 1894 1079 1963 Apage
1118 1892 1240 1948 illos
1272 1894 1365 1962 qui
1410 1892 1513 1948 hoc
1566 1906 1807 1947 orarium
1851 1891 2039 1944 volunt
2073 1908 2111 1966 Β
2144 1898 2395 1959 quoniam
2423 1898 2533 1965 ipse
2565 1913 2768 1966 quoque
2797 1913 2963 1965 agnus
2994 1911 3089 1961 pro
3109 1896 3257 1949 nobis
3279 1895 3479 1947 occisus
3510 1906 3729 1947 vocatus

457 2001 582 2039 esse
631 1985 927 2054 ἐκμαγεῖον
978 1985 1071 2037 τοῦ
1135 1985 1453 2053 προσώπου,
1509 1985 1786 2038 sudariunt
1847 1982 2033 2036 sudori

458 2077 845 2147 abstergendo,
879 2079 969 2129 καῖ
990 2077 1418 2148 χειρόμακτρον,
1448 2078 1703 2131 manibus
1730 2076 2036 2146 purgandis

459 2181 511 2224 ct
541 2169 938 2241 abstergendis.
975 2170 1097 2224 Sint
1122 2170 1268 2223 cnim
1305 2172 1491 2223 oraria
1521 2170 1769 2239 profanis
1801 2169 2036 2235 scripto-

459 2264 615 2318 ribus
644 2278 706 2317 ea
752 2278 885 2333 qua:
940 2263 1217 2318 Arnobius
1255 2273 1415 2316 vocat
1468 2262 1753 2319 muccinia,
1814 2261 1918 2313 hoc
1952 2269 2035 2313 est

456 2357 625 2412 lintea
654 2356 881 2419 minuta,
914 2355 1119 2425 quibus
1170 2365 1224 2409 et
1263 2370 1460 2409 mucus
1516 2354 1732 2408 narium
1783 2362 1837 2406 ct
1869 2354 2037 2406 sudor

459 2464 528 2501 ex
565 2446 714 2500 vultu
747 2460 976 2502 manans
1014 2445 1367 2514 abstergitur,
1407 2457 1567 2513 prout
1609 2444 1827 2512 copiose
1852 2454 2039 2498 osten-

459 2537 925 2592 alitCasaubonus
981 2538 1035 2590 in
1096 2539 1241 2591 notis
1275 2537 1339 2590 ad
1402 2535 1652 2590 Flavium
1698 2533 2033 2603 Vopiscum:

460 2630 517 2684 in
558 2631 791 2686 ecclesia
833 2638 1012 2684 tamen
1068 2631 1310 2683 orarium
1373 2644 1528 2684 sacra
1571 2629 1711 2683 stola
1775 2639 1917 2693 crat,
1981 2634 2037 2681 ct

462 2722 617 2775 nullo
679 2723 841 2776 modo
896 2737 924 2774 a
965 2722 1196 2777 diacono
1254 2721 1529 2776 induenda
1585 2721 1667 2775 vel
1705 2720 1922 2774 ferenda
1980 2728 2039 2774 ut

464 2815 673 2868 sadarii
744 2815 918 2869 vicem
995 2816 1225 2869 subiret.
1286 2813 1421 2880 Quis
1492 2830 1624 2885 ergo
1692 2814 1809 2881 ejus
1866 2814 2040 2868 usus?

466 2904 587 2961 Non
659 2909 906 2963 omnium
980 2898 1215 2963 vestiam
1290 2923 1575 2963 sacrarum
1646 2922 1779 2962 usus
1848 2907 2041 2977 exqui-

465 2999 672 3055 rendas
726 3009 856 3056 est:
941 3000 1139 3056 sollicit
1193 3015 1385 3055 omnes
1449 3001 1704 3055 inventas
1762 3010 1817 3054 et
1870 3001 2042 3053 intro-

466 3094 663 3149 ductas
701 3106 824 3148 esse
869 3092 936 3148 ad
969 3096 1224 3148 ornatum
1266 3092 1430 3163 168
1480 3092 1750 3146 incruenti
1784 3092 2036 3146 sacrilicii

466 3200 563 3240 seu
600 3184 855 3255 lilurgiat,
879 3200 973 3240 seu
1012 3196 1069 3239 ut
1109 3201 1209 3241 nos
1260 3200 1544 3250 vocamus,
1605 3186 1806 3238 missas.
1868 3184 2037 3239 Usum

2139 2002 2238 2044 est.
2285 1989 2410 2055 Ipsa
2466 1991 2591 2042 item
2627 1989 2779 2043 verba
2813 2005 2931 2054 qum
2956 1989 3189 2041 humeris
3222 2002 3281 2040 eo
3317 1988 3559 2055 tegendis
3596 2002 3732 2053 pro-

2141 2080 2264 2147 fert,
2287 2080 2553 2132 sententitc
2572 2080 2690 2131 huic
2709 2078 3117 2147 stt/Iraquntur;
3145 2077 3375 2129 aitenim
3403 2091 3422 2128 :
3452 2093 3471 2126 ι
3502 2072 3733 2130 Sublata

2138 2177 2190 2226 in
2213 2173 2477 2235 humeros,
2498 2170 2728 2233 Christe,
2750 2181 2948 2224 natura
2969 2185 3086 2236 qum
3103 2178 3397 2229 erraverat,
3422 2177 3733 2239 assumptus

2139 2263 2243 2318 Deo
2282 2274 2329 2317 et
2372 2264 2524 2317 Patri
2560 2262 2709 2315 illam
2747 2260 3010 2315 obtulisti.
3056 2278 3075 2310 ι

2209 2354 2262 2423 6)
2282 2354 2538 2424 Maadyas
2585 2352 2866 2422 proprium
2912 2353 3295 2421 episcoporum
3321 2352 3738 2417 vestimentum;

2138 2447 2206 2500 de
2255 2446 2485 2515 qnojam
2538 2460 2680 2513 saepe
2703 2460 2865 2512 supra
2892 2460 2943 2499 c.
2970 2446 3035 2499 15
3059 2463 3073 2509 ;
3101 2456 3153 2499 et
3177 2444 3210 2498 Ι.
3234 2459 3477 2509 ttt,com.
3498 2460 3546 2499 c.
3578 2442 3645 2498 ιι
3665 2443 3735 2498 ad

2139 2556 2261 2610 pag.
2287 2539 2408 2593 105.
2438 2538 2706 2592 Scribitur
2726 2537 2887 2592 etiam
2915 2538 3147 2607 μανδύον
3179 2547 3233 2591 et
3263 2536 3496 2608 μανδύη.

2212 2632 2265 2698 7)
2320 2630 2721 2700 Epigonatium,
2762 2631 3165 2700 supergenuale,
3249 2630 3395 2699 quod
3451 2630 3736 2684 victoriam

2140 2725 2392 2776 adversus
2432 2733 2651 2774 mortem
2689 2722 2876 2787 (verba
2912 2731 3038 2776 sunt
3083 2720 3383 2791 Sitnennis)
3435 2733 3737 2791 nostraque

2142 2829 2347 2869 natura:
2368 2816 2439 2868 im
2461 2815 2822 2867 uortalitatem
2846 2823 2893 2866 et
2924 2814 3054 2866 vires
3082 2812 3377 2865 Saluatoris
3401 2823 3584 2868 contra
3611 2830 3736 2865 ma-

2143 2911 2274 2980 ligni
2333 2910 2587 2963 da'monis
2642 2907 2973 2977 tyrannidem
3030 2906 3429 2963 robustissimos
3483 2906 3736 2959 ostendit.

2144 3002 2495 3068 Quamobrem
2525 3011 2572 3055 et
2607 2999 2922 3066 rltamplta-a:
2968 3000 3139 3052 simile
3175 3008 3271 3062 est,
3303 3008 3353 3052 et
3391 2997 3580 3050 lumbis
3611 2998 3740 3051 alli-

2143 3102 2319 3163 gatur,
2348 3093 2435 3145 ubi
2490 3092 2716 3145 hominis
2769 3089 2929 3160 169
2989 3089 3151 3141 robur
3208 3090 3368 3143 situm
3416 3090 3737 3156 prmdicant,

2151 3184 2262 3236 lloc
2287 3184 2453 3249 ipsum
2482 3184 2635 3237 verba
2666 3196 2800 3253 ‘qute
2840 3184 2892 3235 in
2932 3182 3107 3234 cinctu
3170 3179 3488 3233 adhibentur
3542 3180 3741 3249 con/ir-

470 3278 641 3357 alium'
669 3279 717 3332 si
752 3278 954 3334 habere
1005 3279 1180 3347 cupis,
1229 3293 1295 3332 en
1352 3277 1448 3331 tibi
1508 3277 1654 3333 hunc
1687 3294 1747 3330 ex
1787 3277 2039 3333 Mattltaao
2068 3250 2111 3307 θ
2150 3287 2317 3340 mant,
2349 3296 2367 3328 ι
2393 3277 2687 3344 Accingere
2712 3274 3022 3343 rbnmphzea
3053 3281 3143 3326 tua
3171 3272 3532 3339 snpwlemur
3558 3281 3738 3336 tuum,

470 3367 715 3424 Blastare
747 3369 800 3423 in
830 3370 1062 3440 Synopsi
1085 3370 1467 3426 conciliorum.
1508 3369 1633 3431 Τοῖς
1664 3369 1933 3432 διακόνοις
1957 3370 2045 3421 δέ-

468 3456 616 3510 ὃοτιι
646 3458 741 3511 καὶ
770 3457 948 3525 μόνοις
982 3459 1059 3528 τῷ
1086 3458 1222 3529 luit?)
1251 3458 1359 3511 τῶν
1386 3458 1551 3528 ὤμων
1577 3457 1735 3511 τοῦτο
1772 3457 2045 3526 πριτιοέο

472 3565 562 3602 ναι
581 3562 597 3579 ⁸
629 3548 832 3617 tu).qu
859 3547 915 3600 δὲ
944 3549 1182 3618 ὠράριον
1207 3548 1272 3601 ἐκ
1299 3548 1391 3601 τοῦ
1426 3548 1554 3617 ὠρῶ
1576 3548 1634 3600 τὸ
1668 3547 1924 3615 φυλάσσω
1954 3549 2047 3600 καὶ

472 3639 721 3710 innuptis
747 3655 764 3671 ·
797 3640 846 3692 oi
884 3632 993 3710 γάῤ
1045 3640 1377 3709 ἐξαρτῶντες
1421 3642 1575 3695 τοῦτο
1620 3641 1878 3704 διάκονοι,
1938 3643 2048 3703 τοῖς

473 3729 816 3799 ἱερουργοῦσι
854 3732 1248 3802 παριστάμενοι
1279 3734 1373 3785 καὶ
1395 3733 1492 3797 τὰς
1515 3735 1608 3800 τῆς
1642 3734 1790 3802 ἱερᾶς
1825 3734 2048 3803 τελετῆς

475 3822 861 3893 ἐπιτηροῦντες
891 3824 1076 3895 εὐχὰς,
1119 3825 1194 3893 τῷ
1220 3825 1444 3896 ὠρσιρεῳ
1487 3829 1593 3889 τοῖς
1626 3827 1684 3878 ἐν
1712 3824 1788 3895 τῷ
1834 3824 2047 3894 ἄμϐωνι

476 3918 804 3984 σημαίνουσι
827 3916 1095 3981 διακόνοις
1124 3918 1214 3970 τὸν
1243 3919 1433 3989 καιρὸν
1459 3922 1557 3990 τῆς
1588 3919 1912 3988 ὀφειλούσης
1965 3919 2050 3986 γί-

474 4008 1046 4079 νεσθαιὲκφωνήσεως
1069 4011 1182 4064 τῶν
1223 4027 1281 4063 τε
1324 4013 1748 4080 κατηχουμένων
1802 4012 1897 4064 καὶ
1940 4013 2049 4063 τῶν

474 4099 700 4155 πιστῶν.
743 4099 937 4155 Orario
984 4103 1311 4171 significant,
1359 4104 1697 4173 quandonam
1748 4113 1949 4172 tempus
1982 4104 2049 4156 sit

474 4193 762 4260 separandi
821 4211 939 4249 voce
988 4176 1205 4258 publica
1244 4196 1641 4248 catechumenos
1688 4211 1721 4246 a
1780 4194 2045 4263 ﬁdelibus.

476 4284 642 4339 Lecto
661 4286 805 4339 enim
824 4286 1115 4353 Evangelia
1133 4287 1396 4341 diaconus
1413 4287 1792 4343 exclamabat:
1820 4287 2047 4350 timeant,

475 4376 566 4443 qui
596 4391 699 4428 non
725 4376 1133 4428 communicant.
1162 4374 1282 4441 Quo
1316 4376 1696 4430 catecitnmcni
1725 4376 1874 4431 exire
1895 4376 2051 4445 jube-

478 4469 718 4528 bantur,
780 4466 1031 4521 ﬁdi-libus
1090 4467 1523 4521 remanentibus.
1585 4465 1736 4519 llune
1792 4466 2050 4522 Blastara:

2150 3369 2547 3439 pOIentissintc.
2591 3388 2609 3419 ι

2219 3459 2273 3530 8)
2306 3460 2709 3527 Ἐπιμσνικιον.
2763 3461 2907 3514 idem
2958 3459 3223 3514 Simeon:
3282 3460 3363 3512 τὰ
3404 3450 3741 3524 ὲπιμανίκιαζ

2148 3557 2371 3609 actionis
2404 3556 2593 3608 dicina:
2632 3556 2810 3608 omnia
2832 3555 3110 3623 efﬁcientis
3162 3552 3524 3623 signi/icun'ia
3580 3560 3733 3613 sunt,

2146 3660 2196 3701 et
2217 3646 2396 3702 Iesum
2419 3650 2528 3702 suis
2554 3650 2793 3701 manibus
2821 3647 3149 3712 sacriﬁcium
3171 3646 3405 3713 corporis
3434 3654 3483 3695 et
3508 3643 3735 3708 sangui-

2148 3742 2228 3794 nis
2260 3741 2342 3793 sui
2371 3756 2462 3810 per
2492 3757 2546 3794 se
2572 3740 2855 3803 obtulisse;
2905 3739 2991 3793 cui
3020 3738 3327 3792 conveniunt
3375 3751 3490 3804 qutc
3536 3735 3600 3787 iis
3652 3734 3740 3786 irt-

2146 3833 2366 3887 duendis
2394 3837 2724 3888 recitantur:
2750 3852 2768 3884 ‹
2785 3832 3009 3886 Dextera
3033 3840 3145 3893 tua,
3167 3830 3412 3893 Domine,
3434 3825 3739 3897 gloriﬁcata

2146 3935 2231 3980 est
2262 3926 2313 3979 in
2342 3926 2543 3979 virtute
2570 3944 2584 3990 ;
2614 3944 2631 3974 ι
2663 3934 2711 3979 et
2741 3925 2961 3980 «Manus
2988 3934 3093 3977 tua:
3123 3922 3367 3976 fecerunt
3395 3934 3477 3972 nuc
3508 3928 3562 3971 et
3590 3917 3741 3986 plas-

2150 4029 2432 4071 tnaverunt
2456 4034 2593 4072 me.»
2620 4018 2941 4082 Quinetiam
2971 4015 3179 4070 vincula
3205 4028 3453 4066 manuum
3482 4010 3743 4064 Salvatoo

2148 4110 2243 4175 ris,
2279 4109 2330 4162 in
2363 4108 2550 4175 quibus
2579 4108 2646 4159 ad
2674 4106 2913 4159 Pilatum
2946 4105 3206 4159 deductus
3230 4111 3335 4163 est,
3364 4102 3580 4171 quidam
3635 4113 3737 4167 per

2150 4198 2473 4267 ἐπιμανίκια
2510 4213 2756 4265 expressa
2788 4200 2987 4251 volunt.

2219 4294 2273 4363 9)
2321 4293 2562 4357 Saccus;
2611 4291 2679 4345 de
2726 4305 2834 4360 quo
2871 4290 2984 4360 ja-n
3039 4290 3163 4344 alibi
3223 4288 3428 4359 (supra
3487 4304 3545 4341 n.
3598 4286 3635 4340 3
3684 4292 3742 4337 ct

2149 4383 2342 4437 Codin.
2370 4398 2423 4451 p.
2450 4382 2559 4452 15).
2590 4381 2880 4447 Qua-rebat
2909 4380 3191 4433 C'ibasilas
3227 4377 3645 4449 Dyrracbiensis
3670 4391 3737 4428 ex

2151 4477 2423 4531 Demetrio
2466 4474 2851 4535 Cbomatiano,
2911 4488 2977 4525 an
3044 4472 3125 4526 l'as
3189 4479 3331 4524 esset
3395 4482 3739 4539 purpttrenm

478 4560 659 4613 licunt
706 4560 1069 4613 Casanlionus
1130 4558 1377 4627 proiecto
1419 4575 1677 4627 perquam
1733 4560 2049 4614 Calrin‘ia-zc
2084 4589 2124 4643 υ
2155 4582 2374 4621 saccum
2420 4566 2595 4619 facere
2634 4573 2689 4618 et
2747 4574 2982 4635 gestare.
3044 4562 3346 4632 Respondit
3386 4562 3739 4616 Demetrius:

478 4653 721 4723 explicat
752 4652 837 4708 bis
873 4652 1098 4707 verbis:
1139 4652 1426 4715 Diacontts,
1475 4652 1564 4717 qui
1612 4652 1847 4704 orarium
1878 4660 2050 4721 gesta-

479 4746 589 4810 bat,
628 4763 746 4800 eum
779 4747 866 4813 qui
896 4746 947 4798 in
975 4746 1194 4799 amboue
1223 4761 1430 4800 sacram
1463 4742 1793 4811 Scriptura»:
1826 4743 2045 4810 legebat,

481 4839 819 4903 admonebat,
851 4837 1062 4910 quando
1092 4837 1170 4892 uel
1194 4838 1263 4891 ad
1284 4837 1463 4907 fideles
1493 4834 1569 4888 rei
1601 4837 1669 4887 ad
1698 4834 1932 4901 inﬁdeles
1964 4834 2051 4888 tle-

481 4934 619 4987 beret
653 4934 943 4987 orationem
970 4932 1199 5000 flectere.
1229 4930 1420 4985 Glossa
1449 4929 1562 4982 inec
1591 4925 1894 4982 Calviniani
1939 4925 2051 4994 spi-

481 5029 620 5082 ritus
651 5036 755 5091 cst,
785 5028 1014 5095 litat-3%
1045 5040 1214 5081 sacra:
1252 5020 1384 5077 ritus
1418 5031 1473 5078 et
1505 5020 1865 5077 cmreinonias
1894 5019 2049 5090 igno-

487 5119 679 5175 rantis.
712 5118 917 5184 Quodsi
962 5121 1086 5188 quis
1115 5118 1440 5172 vocabulum
1470 5118 1639 5170 orarii
1688 5116 1915 5171 nimium
1956 5130 2051 5167 ur-

483 5228 631 5281 gens.
676 5214 902 5267 linteum
966 5211 1224 5283 Icrgcndo
1255 5212 1335 5266 ori
1371 5211 1681 5278 signiﬁcare
1729 5206 2049 5271 contendat,

484 5320 550 5359 ιο
574 5304 714 5371 quod
741 5304 810 5359 ab
841 5318 934 5359 ore
957 5303 1180 5358 formari
1219 5302 1485 5367 videatur,
1521 5302 1563 5354 is
1613 5299 1801 5353 eadem
1832 5299 2051 5353 solertia

484 5399 669 5453 dicere
701 5396 901 5467 poterit
933 5396 1159 5449 verbum
1192 5410 1284 5448 oro
1316 5394 1455 5447 idem
1490 5407 1632 5457 esse,
1664 5390 1807 5461 quod
1835 5391 1955 5456 edo,
1988 5404 2054 5444 co

486 5489 629 5561 quod
668 5490 735 5540 ab
768 5503 860 5541 ore
888 5488 1211 5549 deducatur,
1253 5485 1393 5541 sicut
1432 5492 1483 5539 ct
1525 5488 1712 5537 adoro.
1765 5481 2052 5549 Alcuinus,

485 5581 563 5637 De
596 5580 798 5636 divinis
829 5580 1038 5641 «illiciis,
1074 5596 1122 5634 c.
1150 5580 1239 5645 59,
1266 5593 1595 5634 enumerans
1627 5591 1779 5631 sacra
1806 5576 2055 5631 ecclesias

485 5675 831 5731 vestimenta.
890 5673 1151 5738 orarium,
1184 5673 1236 5727 id
1269 5682 1353 5727 est
1391 5669 1553 5733 stola,
1584 5670 1788 5723 dicitur
1817 5685 1876 5722 eo
1907 5670 2047 5739 quod

487 5766 809 5833 oratoribus,
836 5766 932 5819 hoc
961 5776 1037 5820 est
1072 5764 1532 5834 pratdicatoribus,
1565 5763 1904 5816 concedatur.
1935 5759 2052 5813 Etsi

490 5874 597 5915 non
637 5859 724 5915 bis
767 5868 999 5926 tantum,
1053 5858 1149 5914 scd
1208 5865 1263 5913 et
1315 5854 1712 5921 sacerdotibus,
1774 5853 1866 5923 qui
1918 5853 2052 5908 stola

2163 4659 2389 4713 Saccum
2415 4673 2735 4726 purpureum
2767 4671 3093 4724 nequaquam
3119 4656 3258 4707 novit
3292 4653 3545 4709 Ecclesia.
3565 4668 3739 4721 quan-

2160 4750 2435 4819 doquidem
2466 4766 2650 4802 saccus
2676 4749 2732 4800 in
2754 4749 2918 4801 tribus
2975 4750 3234 4800 duntaxat
3281 4746 3408 4798 anni
3456 4744 3742 4797 celebribus

2166 4842 2456 4896 Dominicis
2498 4841 2643 4909 [estis
2672 4856 2825 4892 suum
2852 4856 3006 4892 usum
3038 4838 3256 4905 pra’bet,
3314 4838 3566 4889 nimirum
3624 4852 3747 4888 ma-

2160 4953 2263 5005 gno
2291 4934 2564 4989 Pascltatis
2585 4934 2879 4993 Dontinico,
2904 4930 3203 4984 Pentecoste
3227 4939 3276 4983 et
3311 4926 3503 4981 Natali
3520 4926 3741 4983 Christi.

2166 5027 2281 5081 Hoc
2307 5029 2468 5096 igitur
2500 5028 2633 5080 satis
2660 5027 2868 5093 plenam
2917 5026 3074 5093 [idem
3121 5022 3273 5092 facit,
3328 5037 3511 5075 saccus
3539 5032 3594 5074 ut
3671 5020 3747 5073 sit

2160 5136 2452 5189 purpureus
2471 5135 2671 5173 ηερ-ειη
2701 5135 2801 5170 ηοη
2826 5133 2959 5177 esse.
2992 5133 3108 5168 cum
3132 5115 3292 5169 etiant
3326 5113 3432 5166 sint
3463 5111 3639 5165 luctus
3655 5111 3745 5165 in-

2164 5210 2307 5278 signe
2329 5220 2592 5276 purpurea
2624 5206 2928 5275 hujusmodi
2957 5206 3297 5258 vestimenta:
3349 5204 3405 5255 in
3433 5202 3561 5256 solis
3591 5204 3739 5256 enim

2155 5297 2560 5368 jejuniidiebus
2594 5307 2643 5350 et
2708 5292 3036 5349 mortuorum
3101 5295 3365 5346 memoriis
3429 5304 3741 5358 usurpatur.

2239 5391 2323 5457 10)
2364 5390 2516 5442 Mitra
2565 5405 2657 5443 seu
2683 5389 2854 5443 infula
2888 5404 2991 5441 non
3025 5397 3247 5440 utuntur
3279 5385 3516 5454 episcopi
3562 5385 3742 5440 Graeci

2165 5482 2216 5534 in
2245 5482 2532 5545 sacriﬁcia,
2552 5481 2645 5535 sed
2674 5492 2859 5550 aperto
2887 5480 3058 5549 capite
3091 5489 3254 5532 totam
3282 5478 3554 5543 liturgiatn
3583 5479 3743 5547 perli-

2163 5574 2337 5626 ciunt.
2376 5573 2576 5642 Aperte
2609 5574 2805 5643 capite,
2844 5573 3024 5641 inquit
3079 5570 3328 5633 Sitneon,
3395 5570 3626 5637 episcopi
3689 5578 3742 5623 et

2168 5665 2468 5719 sacerdotes
2500 5663 2728 5720 Orientis
2756 5680 2955 5731 omnes,
2998 5672 3209 5733 excepto
3240 5662 3604 5716 Alexandrino
3639 5678 3743 5731 pa-

2165 5758 2423 5822 triarcha,
2460 5759 2629 5811 sacris
2660 5758 2973 5827 funguntur,
3005 5772 3105 5807 non
3137 5755 3200 5809 ob
3255 5754 3610 5807 humilitatem
3639 5751 3741 5804 alt—

2160 5844 2337 5917 quam,
2377 5850 2467 5901 sed
2489 5848 2548 5901 ob
2583 5865 2795 5902 causam
2856 5847 3097 5901 altiorem
3144 5855 3191 5899 et
3227 5844 3374 5907 lonqe
3428 5841 3738 5896 dit'ittiorcm
