3936 6600
320 426 429 483 18')

1420 433 1811 494 cansam
1854 422 1947 492 ET
1986 432 2227 493 GOARI
2266 406 2510 494 uorsa.

3474 427 3580 493 186

309 540 577 607 uidelicet,
606 557 773 614 quam
790 544 999 601 divinus
1034 546 1236 602 Paulus
1260 548 1406 614 ponit
1432 565 1494 601 ac
1545 549 1717 607 daret,
1750 548 1904 602 Chri-
1938 554 1979 607 Α
2013 556 2189 602 tamen
2214 563 2373 604 nemo
2400 550 2539 604 alius
2575 548 2677 602 lari
2707 562 2902 603 nomen
2923 548 3022 603 hoc
3061 548 3366 615 signiﬁcatu:
3421 564 3563 601 usur-

310 644 454 690 stum
484 646 649 704 caput
677 640 984 705 nominans,
1013 657 1107 695 nos
1132 652 1307 695 autem
1361 642 1594 695 membra
1640 644 1827 709 ipsius.
1860 653 1909 696 et

312 738 555 794 oportere
580 746 676 781 nos
712 731 983 785 Christum
1014 743 1170 798 caput
1202 743 1441 786 nostrum
1475 736 1790 787 honorantes
1824 751 1915 787 ca-

310 828 407 886 put
426 818 564 871 inter
580 824 845 874 arandum
862 825 1117 876 nudatum
1132 824 1342 881 habere.
1368 824 1415 878 Ν
1421 842 1477 878 ec
1496 826 1557 878 ob
1572 826 1668 877 hoc
1684 835 1909 891 tantum,

311 910 409 961 sed
449 911 574 978 quia
608 913 773 964 etiam
794 913 935 966 nudo
952 916 1141 977 capite,
1160 917 1250 986 qui
1267 928 1623 982 consecratur,
1638 910 1911 969 consecra-

312 1000 514 1053 tionem
546 1003 761 1066 accipit,
793 1014 950 1075 atque
970 1007 1049 1059 ita
1074 1008 1519 1075 quemadmodum
1555 1024 1674 1061 cum
1692 1008 1911 1061 ordina-

310 1099 427 1172 t.ur,
450 1091 694 1158 precibus
726 1102 775 1146 et
811 1096 979 1147 sacris
1014 1100 1223 1161 operari
1240 1098 1407 1151 debet.
1434 1097 1500 1150 Et
1523 1100 1797 1151 hierurcha
1818 1115 1913 1164 pa-

311 1180 611 1244 tissimum,
630 1183 877 1251 quoniam
898 1193 949 1238 et
972 1188 1096 1238 dum
1134 1197 1494 1249 consecratur,
1517 1204 1549 1239 a
1576 1188 1679 1239 Deo
1713 1190 1909 1241 tradita

306 1272 530 1339 eloquia
560 1275 665 1326 sine
687 1291 898 1328 sacrum
924 1274 1265 1346 Evangelium
1285 1294 1449 1345 supra
1468 1290 1623 1348 caput
1660 1280 1835 1335 liabet.
1854 1281 1911 1332 in

304 1363 592 1431 sacriﬁcio
609 1364 941 1420 dieinissima
969 1369 1266 1438 peragenda
1290 1370 1461 1422 relata
1484 1372 1657 1437 capite
1675 1370 1908 1437 conspici

304 1469 423 1505 non
466 1454 639 1509 debet.
678 1456 912 1523 Objiciat
962 1458 1195 1526 fortasse
1251 1461 1517 1529 quispiam
1568 1462 1687 1513 ltinc
1736 1461 1904 1529 sequi.

304 1544 739 1598 Alexandrinum
766 1548 1065 1616 episcopum
1112 1560 1164 1603 et
1197 1552 1333 1603 alios
1388 1552 1807 1619 quamplurimas
1843 1569 1907 1605 ea:

306 1638 480 1689 uteri
510 1638 803 1693 traditione
821 1649 955 1693 tecta
987 1643 1160 1710 eapite
1189 1644 1355 1696 sacris
1383 1653 1657 1711 aperantes
1684 1661 1785 1696 non
1808 1646 1907 1695 rite

306 1745 377 1781 ac
403 1739 589 1782 sancte
613 1731 804 1798 facere.
830 1731 982 1787 Istuc
1008 1750 1111 1787 non
1134 1736 1267 1788 dico.
1290 1735 1434 1790 Nam
1455 1737 1537 1789 illi
1554 1739 1773 1805 antiqua
1792 1739 1905 1790 nixi

306 1819 633 1881 traditione.
660 1838 776 1889 qua:
801 1825 966 1892 magis
994 1824 1099 1893 legi
1126 1828 1365 1897 antique
1390 1828 1687 1896 respondet,
1714 1830 1794 1882 ita
1814 1829 1897 1899 fa-

308 1911 487 1971 c'unt,
525 1911 738 1979 quando
756 1924 804 1966 et
839 1915 966 1983 legis
991 1918 1235 1970 sacerdos
1257 1917 1506 1982 cidarim,
1531 1935 1689 1988 quam
1710 1933 1758 1973 et
1793 1921 1894 1973 mi-

309 2010 460 2052 tram
494 2003 781 2067 uocabant,
816 2004 870 2056 in
896 2007 1066 2074 capite
1090 2007 1341 2075 gerebat;
1372 2024 1474 2077 qua
1506 2010 1688 2063 eodem
1723 2011 1895 2062 nami-

305 2107 380 2144 ne
402 2091 698 2145 lu'erarclta:
718 2110 806 2147 eas
834 2104 1097 2163 gestantes
1114 2097 1381 2165 appellare
1404 2111 1805 2153 consueuerunt.
1825 2099 1897 2153 Ac

308 2179 435 2244 ﬁeri
459 2192 632 2247 potest
662 2194 721 2236 ut
756 2199 816 2237 eo
843 2186 1035 2254 capitis
1063 2196 1356 2255 tegumenta
1388 2204 1480 2244 aut
1524 2193 1761 2261 spineam
1794 2193 1896 2247 Da-

307 2270 448 2322 mini
468 2287 722 2324 coronam
758 2284 852 2326 aut
888 2275 1187 2341 sudarium,
1214 2280 1356 2348 quod
1393 2281 1496 2348 fuit
1544 2299 1704 2351 super
1742 2294 1899 2351 caput

304 2361 455 2430 ejus,
494 2362 550 2415 in
588 2374 812 2419 mentem
835 2369 982 2421 nobis
1013 2362 1433 2428 revocent—limo
1465 2374 1572 2427 ille.
1634 2373 1689 2428 Si
1723 2376 1895 2430 Gra'ci

308 2466 423 2505 non
465 2446 755 2521 parcerent
786 2473 887 2512 suo
937 2459 1326 2531 Alexandrino,
1387 2465 1578 2528 procul
1608 2465 1797 2529 dubio,
1841 2477 1901 2521 ιιι

307 2544 421 2596 alia
448 2545 623 2599 mnlta
657 2546 981 2616 adiaphora,
1012 2552 1094 2606 sic
1142 2562 1199 2607 ct
1263 2570 1469 2609 morem
1534 2556 1699 2611 istum
1761 2570 1901 2614 tecto

310 2633 505 2701 capite
537 2634 733 2691 litandi
782 2644 1011 2708 praecise
1060 2656 1125 2697 ac
1177 2644 1501 2713 simpliciter
1549 2650 1904 2717 repudiarent

309 2724 793 2797 danmarentque:
822 2732 954 2787 illud
987 2735 1132 2789 enim
1164 2736 1773 2807 scbisznatisingenium
1798 2749 1900 2801 cst.

311 2826 376 2869 ut
398 2828 602 2886 prater
629 2820 680 2875 id
708 2823 855 2891 quod
888 2824 990 2878 sibi
1041 2827 1253 2894 placet,
1277 2828 1365 2882 vix
1400 2830 1697 2900 quidquam
1758 2831 1905 2887 aliud

311 2910 553 2978 placeat.
625 2910 865 2970 Vocatur
918 2917 1088 2971 infula
1167 2919 1416 2988 prtesulis
1463 2922 1818 2976 Alexandrini
1877 2937 1907 2976 a

311 3001 689 3072 scriptoribus
721 3006 1026 3077 phrygium,
1054 3012 1199 3080 quod
1236 3012 1297 3067 S.
1325 3014 1532 3085 (Iyrillo
1583 3030 1907 3071 concessum

314 3090 443 3153 fuit.
477 3096 704 3162 quando
757 3098 811 3152 in
844 3101 1078 3155 concilio
1132 3103 1403 3172 Ephesino
1446 3106 1724 3162 leestini
1757 3123 1911 3177 papa:

2015 650 2123 707 pet.
2160 640 2299 695 Sunt
2330 642 2422 710 qui
2456 643 2806 710 suspicentur
2856 640 3231 695 Balsttmonem
3279 641 3585 712 respexisse

2012 728 2077 781 ad
2110 728 2323 782 laurum
2354 744 2448 783 seu
2474 730 2739 791 lauream,
2763 729 3186 783 usitatissimum
3211 729 3339 783 olim
3369 744 3586 783 corona:

2013 835 2218 883 genus:
2254 836 2318 875 ex
2357 821 2511 875 lauro
2546 822 2692 874 enim
2731 820 2942 873 facilem
3001 836 3123 875 esse
3197 822 3487 875 transitum
3529 821 3584 873 in

2012 909 2207 965 larum.
2241 910 2528 981 Utcunque
2562 914 2652 978 sit,
2688 912 2755 967 de
2775 928 3023 966 scnsuau
3053 912 3211 980 lapsu
3248 912 3587 966 Balsamonis

2012 1005 2155 1057 satis
2209 1014 2441 1060 constat.
2501 1006 2633 1059 lllnd
2680 1006 2923 1075 ejusdem
2957 1007 3116 1059 edicti
3148 1007 3200 1061 in
3236 1007 3423 1061 Latina
3463 1023 3587 1061 ver-

2012 1096 2345 1151 sione.sicut
2380 1107 2556 1149 noster
2589 1108 2800 1149 senatus
2845 1098 3212 1152 calceamentis
3243 1101 3412 1153 utitur
3466 1119 3586 1157 cum

2008 1183 2293 1243 udanibus,
2316 1184 2368 1234 id
2419 1196 2493 1235 est
2524 1184 2751 1236 candido
2774 1186 3078 1238 linteamine
3134 1186 3444 1255 illustratis,
3511 1193 3588 1244 sic

2011 1283 2233 1325 utantur
2263 1283 2311 1324 et
2349 1274 2548 1335 clerici,
2579 1283 2634 1327 ut
2700 1284 2847 1330 recte
2908 1276 3168 1345 accipias,
3236 1279 3350 1345 ipse
3409 1288 3590 1334 textus

2011 1362 2239 1419 Latinus
2295 1364 2446 1429 facit,
2511 1367 2642 1419 dum
2697 1367 2829 1420 illud
2868 1383 2985 1419 cum
3041 1368 3299 1423 udonibus
3352 1370 3588 1439 explicat

2009 1473 2124 1510 cum
2165 1458 2394 1510 candida
2432 1457 2758 1523 linteamine,
2823 1467 3058 1521 retento,
3119 1461 3327 1514 deflexa
3395 1471 3577 1516 tamen

2008 1548 2255 1601 nonnihil
2282 1547 2474 1601 Grzcco
2516 1550 2805 1611 vocabulo,
2850 1549 3008 1618 ὀθόνη
3046 1567 3142 1603 seu
3178 1552 3403 1616 ὀθόνισν,
3443 1554 3587 1622 quod

2008 1652 2087 1694 εει
2115 1640 2363 1696 linteum.
2406 1640 2605 1695 Eodem
2633 1641 2814 1693 edicto
2849 1651 3075 1695 vocatur
3106 1658 3307 1697 corona
3333 1643 3590 1698 sacerdo-

2007 1732 2152 1795 talis,
2183 1748 2292 1800 qua
2322 1733 2599 1803 Sylvesler
2659 1734 2710 1786 iu
2768 1734 2947 1801 capite
2987 1734 3280 1803 insignitus
3310 1745 3447 1800 erat,
3481 1755 3589 1789 πα-

2008 1823 2288 1893 παλήθρα.

2074 1913 2243 1968 Lubet
2295 1914 2384 1968 hic
2432 1912 2636 1968 referre
2685 1914 2829 1983 quod
2892 1915 3178 1969 adnotavit
3245 1915 3576 1972 Sirmondus

2002 2017 2187 2062 noster
2214 2008 2278 2059 ad
2307 2006 2464 2074 epist.
2484 2006 2536 2068 5,
2557 2007 2592 2059 l.
2619 2022 2669 2059 Vt
2703 2007 3070 2075 Epistolarum
3109 2007 3317 2061 Sidonii
3346 2007 3589 2063 :Tonsu-
3680 2002 3689 2011 ’

2000 2116 2061 2153 ra
2091 2098 2350 2152 clericalis
2379 2101 2456 2151 ita
2488 2099 2615 2151 olim
2673 2098 2834 2166 ﬁebat
2861 2107 2916 2149 ut
2946 2098 3177 2151 circulus
3216 2102 3586 2154 tantummodo

2001 2191 2317 2256 capillornnt
2351 2192 2620 2250 emineret,
2661 2189 2833 2243 instar
2862 2202 3092 2243 caronte.
3162 2190 3250 2243 Sic
3300 2193 3437 2245 enim
3484 2193 3579 2246 de-

2002 2282 2187 2337 scribit
2219 2282 2503 2350 Gregorius
2540 2281 2739 2334 Turon.
2780 2280 2845 2332 de
2876 2280 3086 2333 Nicetia
3120 2281 3453 2335 Trevirorum
3484 2283 3593 2351 epi-

2004 2393 2158 2442 scapo
2204 2376 2303 2431 τε.
2342 2376 2602 2440 Nicetius,
2647 2376 2833 2444 inquit,
2865 2375 2928 2427 ob
2966 2385 3084 2427 artu
3112 2392 3205 2427 suo
3256 2376 3478 2427 clericus
3512 2385 3591 2428 est

2004 2470 2364 2538 designatus;
2415 2485 2535 2521 nam
2562 2484 2679 2520 cum
2722 2477 2880 2536 partu
2928 2466 3113 2536 [uisset
3164 2467 3384 2533 effusus,
3440 2483 3594 2520 omne
3638 2494 3639 2497 η

2006 2576 2163 2636 caput
2201 2566 2336 2635 ejus,
2372 2576 2427 2619 ut
2466 2577 2539 2619 est
2567 2564 2891 2617 consuetudo
2946 2578 3254 2631 pttt’rOrum,
3321 2580 3352 2614 a
3380 2562 3590 2631 capillis

2008 2659 2206 2715 nudum
2234 2657 2441 2726 quidem
2474 2656 2807 2720 cernebatur,
2835 2655 2887 2706 in
2921 2655 3145 2706 circuitu
3160 2668 3280 2705 vero
3302 2653 3591 2705 mediarum

2009 2749 2318 2816 capillorum
2346 2748 2474 2800 ordo
2506 2747 2777 2815 apparuit,
2806 2754 2860 2797 ut
2898 2756 3117 2812 putares
3141 2744 3203 2796 ab
3230 2744 3414 2797 iisdem
3439 2758 3588 2796 coro"

2009 2857 2131 2894 nam
2155 2841 2332 2893 clerici
2356 2840 2519 2908 fuisse
2537 2842 2821 2907 signatam.
2848 2836 3016 2890 Hodie
3042 2838 3182 2906 apud
3207 2854 3299 2891 nos
3321 2837 3594 2905 antiquam

2009 2947 2219 2983 corona:
2258 2931 2483 2998 formam
2516 2932 2613 2983 soli
2646 2930 2756 2998 fere
2781 2928 3024 2983 monachi
3056 2929 3297 2988 retinent,
3334 2938 3382 2979 et
3438 2928 3591 2992 pueri

2012 3022 2214 3073 roralcs
2235 3022 2615 3090 sympltoniaci.
2642 3019 2782 3073 Nam
2813 3020 2979 3073 brevis
3013 3018 3104 3073 ille
3145 3020 3285 3071 orbis
3310 3023 3362 3070 in
3380 3018 3596 3085 vertice,

2012 3129 2113 3179 quo
2145 3113 2272 3166 cieri
2307 3131 2426 3177 pars
2462 3129 2652 3181 magna
2690 3113 2879 3174 utitur,
2940 3111 3169 3165 insolens
3240 3109 3366 3163 olim
3432 3119 3589 3178 atque

310 3183 555 3239 Romani
587 3188 825 3245 vicarius
880 3202 1020 3247 erat.
1083 3195 1125 3247 A
1160 3195 1364 3265 Cyrillo
1416 3198 1482 3252 ad
1552 3214 1902 3254 successores
1931 3217 1975 3274 ε
2006 3208 2293 3261 inusizatus
2326 3209 2379 3261 in
2415 3207 2657 3261 Ecclesia
2690 3207 2811 3276 fuit,
2852 3216 2906 3261 ut
2937 3206 3087 3260 docet
3140 3220 3308 3258 canon
3367 3201 3436 3257 40
3470 3219 3597 3257 εοηο

313 3291 541 3345 quoque
560 3278 838 3348 phrygium
852 3296 945 3336 seu
967 3284 1122 3337 mitra
1144 3286 1320 3353 venit;
1342 3286 1731 3357 diccbaturquc
1753 3290 1911 3359 17o

313 3367 437 3422 haec
476 3372 613 3423 tiara
634 3371 934 3441 phrygium,
958 3378 1100 3444 quol
1134 3374 1371 3447 Phrygio
1418 3393 1582 3447 opere
1608 3390 1903 3434 constaret.

314 3459 551 3531 Phrygii
614 3464 819 3518 mcntio
876 3465 935 3520 ﬁt
980 3467 1035 3521 in
1092 3469 1385 3538 diplomate
1443 3470 1908 3526 Constantiniana:

314 3555 663 3622 donationis,
695 3557 785 3611 ubi
835 3560 906 3612 ita
935 3559 1327 3617 Constantinus
1355 3580 1370 3617 :
1409 3561 1611 3616 Deinde
1636 3564 1905 3631 diadema,

314 3650 565 3702 uidelicet
598 3667 847 3705 coronam
870 3654 1059 3721 capitis
1099 3656 1285 3716 nostri,
1308 3656 1566 3725 simulque
1607 3657 1905 3725 phrygium,

317 3758 417 3794 nec
442 3758 545 3794 non
579 3745 1026 3811 superhuttterale,
1082 3747 1323 3801 videlicet
1368 3748 1541 3800 lorum
1568 3753 1707 3813 quod
1740 3751 1908 3816 impe-

318 3836 462 3887 riale
479 3836 812 3889 circumdare
834 3838 1027 3891 assolet
1050 3839 1266 3901 callum.
1299 3857 1476 3895 verum
1498 3843 1661 3895 etiam
1687 3851 1737 3895 et
1764 3842 1909 3895 chla-

320 3925 535 3995 mydem
557 3943 885 3995 purpuream
916 3943 1075 3997 atque
1104 3930 1336 3983 tunicam
1370 3931 1667 3984 coccineum
1692 3942 1741 3984 et
1777 3947 1891 3984 am-

320 4019 417 4071 uia
442 4019 747 4080 imperialia
785 4021 1118 4085 indumenta,
1183 4032 1289 4077 etc.
1319 4022 1452 4087 Quae
1482 4022 1706 4076 totidem
1781 4037 1903 4075 vcr—

317 4110 414 4165 bis
452 4111 708 4180 lt‘gtmtur
736 4128 956 4181 quoque
1010 4114 1151 4183 apud
1224 4114 1459 4168 Leonem
1493 4111 1564 4167 IX
1597 4113 1904 4182 pontiﬁcem

322 4205 380 4257 in
405 4204 552 4273 epist
593 4214 783 4258 contra
843 4204 1158 4259 Michaelem
1192 4205 1537 4275 Cpolitauum
1578 4216 1630 4259 et
1666 4205 1901 4259 Leonem

318 4294 726 4358 Achridenum.
763 4295 1049 4350 Balsamou
1079 4298 1132 4351 in
1187 4296 1374 4352 Graeca
1423 4298 1677 4352 versione
1742 4298 1906 4366 hujus

317 4389 488 4443 edicti
516 4389 718 4458 ubique
748 4403 840 4458 per
864 4390 1045 4443 lorum
1070 4389 1317 4463 intelligit
1345 4392 1560 4444 mitram
1595 4406 1689 4445 seu
1712 4392 1906 4445 tiaram

319 4482 444 4537 sive
470 4482 776 4552 phrygium,
825 4492 885 4536 ut
915 4492 969 4538 et
999 4483 1053 4537 in
1118 4484 1313 4538 meleta
1364 4484 1429 4537 de
1466 4485 1905 4551 patriarcharum

2011 3298 2121 3353 tilii
2152 3298 2184 3350 ι
2223 3296 2484 3351 Toletani.
2517 3296 2640 3351 "tu:
2673 3296 2787 3351 ille.

2084 3389 2331 3442 Diximus
2364 3387 2583 3443 Graecos
2649 3403 2757 3442 non
2812 3387 3091 3443 celebrare
3148 3396 3337 3458 operto
3388 3387 3595 3458 capite.

2008 3492 2232 3545 excepto
2245 3480 2548 3549 patriarcha
2575 3479 2937 3535 Alexandrino
2957 3489 3008 3533 et
3034 3480 3280 3549 pauculis
3300 3476 3451 3545 aliis,’
3470 3494 3594 3533 cum

2011 3572 2283 3626 Ecclesiae
2318 3572 2523 3626 Latina:
2554 3572 2793 3642 episcOpi
2863 3572 2998 3625 tiara
3054 3588 3151 3627 seu
3198 3572 3373 3626 infula
3431 3582 3599 3640 caput

2009 3658 2136 3711 tccti
2166 3659 2504 3727 potissimam
2543 3658 2782 3724 liturgia:
2813 3667 3021 3727 partem
3070 3674 3328 3728 peragere
3362 3658 3597 3713 soleant.

2010 3750 2113 3804 Sed
2141 3751 2269 3819 quid
2300 3750 2532 3805 Διειιίηο
2560 3751 2894 3805 contrarium
2936 3749 3235 3804 aflirutanti
3294 3752 3360 3804 dc
3392 3749 3599 3805 divinis

2006 3841 2203 3895 ofliciis
2229 3858 2279 3895 c.
2318 3842 2406 3904 58,
2436 3842 2890 3910 respondebimus
2916 3842 2942 3896 ?
3004 3841 3145 3893 Audi
3206 3842 3327 3909 eius
3388 3840 3595 3895 verba:

2013 3933 2336 4001 Hujusmadi
2375 3935 2530 3986 vestis
2562 3934 2810 4000 (cidaris)
2843 3950 2944 3986 non
3002 3932 3297 4009 habetur'in
3358 3930 3597 3985 Romana

2014 4022 2250 4076 Ecclesia
2282 4023 2360 4076 vel
2389 4024 2442 4075 in
2471 4024 2665 4075 nostris
2720 4024 3016 4092 regionibus
3043 4038 3061 4075 :
3096 4038 3201 4075 non
3236 4024 3370 4075 enim
3436 4023 3598 4076 maris

2006 4128 2083 4169 est
2114 4126 2168 4167 ut
2199 4115 2380 4183 pileati
2402 4114 2584 4167 divina
2613 4123 2863 4183 mysteria
2890 4113 3185 4177 celebrent;
3216 4115 3354 4181 apud
3383 4113 3597 4167 (ἔνατος

2007 4216 2181 4260 autem
2202 4207 2295 4259 hac
2308 4206 2521 4268 dicitur,
2534 4208 2623 4274 qui
2639 4206 2823 4273 pileos,
2841 4205 2936 4258 hac
2954 4208 3255 4271 estcupltias
3274 4205 3597 4275 tscuphias),

2008 4311 2209 4371 gestant
2229 4302 2281 4353 in
2302 4302 2491 4365 capite,
2512 4301 2641 4351 dum
2665 4302 2919 4353 assistunt
2951 4297 3231 4352 altaribus.
3255 4299 3335 4351 An
3355 4297 3600 4352 dicemus

2010 4404 2250 4460 tempore.
2274 4392 2488 4446 Alcuini
2516 4392 2756 4461 viguisse
2789 4391 2955 4445 alium
2989 4406 3197 4447 morem
3230 4406 3392 4461 quam
3421 4398 3601 4459 poste-

2009 4486 2248 4540 I'iOllbUS
2271 4486 2506 4546 szeculis,
2539 4482 2747 4538 Graecis
2780 4498 2936 4538 suam
2962 4485 3411 4539 consuetudinem
3446 4483 3602 4536 dese-

317 4575 616 4644 prieilegiis
641 4583 695 4630 ct
727 4577 781 4629 in
814 4575 1011 4630 meleta
1046 4574 1123 4630 De
1166 4577 1333 4647 ofﬁcia
1387 4578 1730 4641 chartularii,
1779 4592 1904 4633 cum
1935 4573 1986 4635 ll
2015 4578 2281 4631 rentibus
2321 4575 2641 4643 Latinisque
2669 4589 2787 4629 eam
2821 4576 3360 4647 complectentibus?
3395 4575 3603 4635 Csars.

346 4707 3589 4733 mw

1318 4879 1474 4950 1'71
1520 4870 1874 4959 LIBER
1952 4868 2607 4962 SECUNDUS.

1010 5163 1240 5222 CAPUT
1295 5164 1342 5221 l.

323 5284 408 5341 De
437 5283 790 5354 inscriptione
820 5282 977 5351 hujus
1003 5285 1171 5350 partis
1200 5298 1220 5344 ;
1250 5284 1315 5337 de
1351 5283 1572 5353 despata
1611 5283 1777 5353 deque
1832 5298 1918 5338 se-

925 5355 1314 5408 bastocratore.

402 5448 537 5502 Post
566 5446 813 5501 indicem
842 5446 1157 5503 ofﬁciorum
1192 5457 1249 5501 et
1304 5446 1627 5501 ofﬁcialium
1708 5446 1917 5516 Magna:

330 5540 619 5596 Ecclesiae
664 5539 893 5609 subiicit
938 5540 1182 5594 Codinus
1233 5540 1543 5610 catalogum
1609 5538 1915 5594 othciorum

325 5644 383 5686 et
410 5632 735 5687 amcialium
771 5633 909 5687 aulae
961 5632 1281 5701 Cpolitante.
1338 5641 1393 5687 et
1448 5631 1669 5703 quidem
1728 5631 1887 5702 longe

326 5725 734 5779 accuratiorem
779 5739 940 5793 quam
981 5725 1052 5779 sit
1083 5725 1233 5794 prior
1256 5723 1367 5779 illc.

400 5812 563 5871 (Sicca
598 5812 1012 5883 inscriptionem
1042 5827 1095 5872 et
1126 5817 1343 5873 titulum
1388 5814 1550 5886 hujus
1592 5816 1760 5887 partis
1784 5831 1913 5874 mss.

2021 5169 2240 5226 codices
2265 5184 2375 5225 non
2404 5171 2739 5226 conveniunt
2767 5187 2783 5227 :
2816 5186 2942 5225 nam
2976 5168 3219 5224 Bavarici
3256 5169 3327 5223 ita
3366 5170 3593 5224 habent:

2021 5260 2103 5313 Τὰ
2132 5261 2361 5330 ὀφφίκια
2388 5260 2482 5315 τοῦ
2524 5262 2846 5317 τία).λατίου.
2877 5263 3001 5315 Ἔτι
3024 5260 3082 5315 δὲ
3122 5261 3217 5314 καὶ
3274 5260 3371 5324 τὰς
3419 5262 3599 5327 τάξεις

2022 5354 2123 5415 τὰς
2152 5356 2453 5424 γενομένας
2490 5357 2546 5408 ἐν
2572 5360 2691 5419 ταῖς
2725 5358 2939 5426 ἑορταῖς
2963 5357 3126 5418 ειςιτδ
3157 5355 3470 5417 παλλάτιον,
3507 5354 3603 5407 καὶ

2023 5446 2141 5508 πῶς
2160 5445 2251 5499 τὸν
2284 5445 2507 5517 βασιλέα.
2534 5447 2826 5516 στέφεσθαι
2852 5447 2951 5510 δεῖ,
2982 5446 3225 5516 καὶπερὶ
3249 5445 3603 5514 πρυὸ).ήσεω;

2021 5537 2278 5591 δεσπόταιν
2315 5540 2407 5590 καὶ
2430 5538 2793 5607 πατριάρχου,
2829 5538 2924 5591 καὶ
2947 5537 3085 5590 ἐθῶν
3114 5537 3413 5605 γινομένων
3444 5536 3499 5586 ὲν
3525 5532 3603 5602 τῷ

2021 5629 2321 5701 παλλατέῳ.
2358 5628 2542 5698 Οθῖοὶα
2571 5630 2759 5696 palatii
2788 5645 2808 5684 .°
2834 5629 2904 5681 ad
2936 5629 3049 5683 lucc
3096 5630 3230 5681 ritus
3261 5637 3310 5681 et
3337 5626 3464 5680 ordo
3510 5626 3603 5695 qui

2025 5736 2265 5778 servatur
2298 5724 2351 5775 in
2395 5723 2621 5792 palatio,
2653 5724 2705 5775 in
2743 5722 2913 5790 festis.
2945 5734 2994 5776 et
3050 5722 3307 5791 quomoda
3361 5725 3600 5787 apartrat

2024 5817 2391 5884 imperatorem
2430 5816 2676 5869 coronari
2698 5831 2717 5881 ;
2752 5814 2818 5869 de
2851 5810 3344 5886 inaugurationibus
3370 5814 3601 5878 despotic

3146 6032 3171 6045 Ι
