3936 6636
428 393 525 458 191

1524 400 1605 461 ΙΝ
1646 402 1947 464 LIBRUM
1986 406 2085 468 DF.
2129 406 2468 470 OFFlCllS
2513 410 2622 471 ΕΡ.

3581 401 3691 466 19?.

390 514 397 521 '
428 507 1024 577 σεδαστοκρατορικατς
1062 507 1562 579 ύπεξῆρεντιμαϊς.
1590 515 1822 570 Joannis
1853 516 1998 570 tilius
2034 519 2071 576 Α
2105 521 2333 584 πόλεως,
2369 520 2430 574 ού
2489 522 2651 589 μόνον
2685 522 2797 584 τοῖς
2860 519 2955 575 τοῦ
2999 518 3281 588 Καίσαρος
3325 516 3691 588 παρασήμοις

428 597 637 651 Manuel
666 608 819 667 patre
841 610 1058 654 mortuo
1082 613 1311 657 vocatus
1325 603 1391 657 ad
1418 614 1697 673 sceptrum
1725 605 1995 660 Isaacium

428 702 684 759 patruum
733 692 898 747 etiam
945 694 1450 752 sebastncratorem
1507 708 1785 762 vocatum,
1818 701 2001 755 missis

425 798 481 836 tn
532 781 724 836 urbem
776 783 989 849 amicis,
1044 799 1114 839 ne
1173 794 1286 839 tum
1321 788 1609 857 sanguinis
1629 788 1756 856 jure
1785 799 1897 843 tum
1928 788 2001 844 ob

428 875 753 944 dignitatem
803 877 1174 945 imperatoriae
1231 879 1535 948 proximam
1590 881 1876 935 moliretur
1915 896 2002 937 res

428 980 622 1027 novas.
650 969 1011 1037 compescuit.
1053 968 1435 1025 Nirctasidem
1479 972 1532 1026 in
1569 971 1841 1038 Mennele,
1878 976 1913 1028 i.
1947 991 1999 1028 t:

429 1056 522 1126 Μή
553 1072 670 1120 πως
701 1058 944 1127 περὶτοῦ
971 1058 1081 1111 τῶν
1119 1061 1256 1115 ὅλων
1294 1064 1456 1126 with;
1489 1060 1629 1116 εἶναι
1663 1065 1855 1134 κύριος
1887 1065 2003 1118 δια-

433 1147 667 1219 pawn
699 1148 793 1202 ἆτε
818 1152 922 1202 ἀπ’]
949 1151 1216 1218 γενέσεως
1243 1155 1324 1217 εἰς
1360 1155 1459 1225 τὴν
1482 1155 1737 1227 διαδοχὴν
1768 1160 1868 1227 τῆς
1910 1160 2004 1230 βα-

428 1239 640 1303 σιλείας
675 1240 1033 1310 καλούμενος.
1074 1243 1147 1299 Ut
1174 1253 1446 1314 potestate
1476 1255 1530 1300 et
1559 1249 1895 1314 insignibus,
1932 1252 2002 1304 ita

430 1331 630 1399 (usque
651 1334 718 1384 ad
737 1333 1022 1402 despotam
1054 1336 1326 1407 creatum)
1357 1340 1626 1407 sanguine
1675 1345 2005 1406 eonjunetus

429 1422 534 1477 fuit
597 1424 916 1492 imperatori
965 1426 1386 1482 sebastoerator.
1437 1428 1679 1486 Isaacius
1739 1434 2004 1505 Angelus,

433 1528 578 1567 anno
601 1514 737 1567 1184
757 1515 1044 1584 imperium
1066 1516 1318 1584 sortitus,
1344 1518 1565 1574 fratrem
1585 1524 1831 1577 Alexium
1854 1526 2005 1593 regni

435 1619 837 1673 successorem,
863 1622 928 1661 ac
957 1617 1212 1677 patruum
1250 1626 1472 1681 quoque
1494 1610 1764 1668 Joannem
1785 1616 2007 1682 ducem,

431 1696 901 1752 sebastoeratores
929 1698 1229 1755 declaravit
1267 1717 1282 1767 ;
1326 1702 1554 1759 Alexius
1609 1705 1696 1760 bie
1741 1706 2007 1763 lsaacium

434 1785 559 1840 tiliae
591 1789 848 1842 maritum
880 1791 1118 1859 priorem
1138 1794 1253 1862 pari
1291 1795 1449 1849 titulo
1480 1796 1785 1869 insignivit.
1817 1798 2009 1857 Plures

2103 613 2508 682 κοσμούμενον,
2536 613 2671 665 ἀλλὰ
2702 613 2841 682 πρὸς
2875 613 3086 675 τούτοις
3116 613 3212 665 καὶ
3244 610 3497 680 στεφάνῳ
3522 609 3690 661 πολυ-

2102 704 2249 757 τελεῖ
2276 706 2368 757 καὶ
2402 704 2599 774 μικροῦ
2624 704 2725 757 δέω
2749 705 2928 771 λέγειν
2962 701 3248 773 βασιλικῷ.
3290 703 3355 754 "0
3381 700 3448 770 δὴ
3477 701 3572 754 καὶ
3593 700 3691 767 γέ·

2104 815 2248 866 γονε.
2285 798 2681 867 Προσετετάχει
2711 800 2756 851 δ’
2809 797 2904 850 ἐπὶ
2938 796 3152 857 τούτοις
3208 795 3238 849 ὁ
3289 794 3543 864 βασιλεὺς
3598 793 3692 846 διὰ
3744 859 3764 877 .

2108 889 2331 958 μνήμης
2359 888 2418 940 τ³›
2446 889 2541 941 τοῦ
2598 888 2880 957 Καίσαρος
2922 888 3096 953 ὄνομα
3135 884 3369 952 ἄγεσθαι
3405 882 3544 952 ὁμοῦ
3574 883 3694 945 τοῖς

2104 978 2214 1031 τῶν
2275 978 2547 1048 βασιλέων
2602 982 2663 1032 ὲν
2707 981 2822 1041 τοῖς
2870 976 3232 1048 ύμνητηρίοις
3265 977 3363 1029 κού⁵
3415 974 3693 1044 εὐφήμοις

2106 1070 2302 1134 ἅπασι,
2326 1071 2581 1141 πανταχῆ
2614 1072 2716 1139 τῆς
2741 1071 2851 1125 τῶν
2882 1068 3177 1139 Ῥωμαίων
3207 1066 3565 1138 ἐπικρατείας
3594 1064 3695 1135 ἄχ-

2109 1180 2192 1233 ρις
2249 1163 2526 1219 ἐνιαυτοῦ.
2589 1165 2699 1216 Καὶ
2736 1164 2805 1217 τὰ
2847 1162 2951 1232 μὲν
2979 1161 3074 1217 τοῦ
3137 1161 3419 1222 Καίσαρος
3458 1156 3695 1227 εὐτυχή-

2110 1269 2256 1321 ματα
2282 1252 2531 1307 τοιαῦτα.
2564 1252 2763 1324 Ceam}

2183 1341 2264 1397 Ib.
2300 1343 2521 1413 Magnus
2586 1344 2925 1398 domeSIicus
2978 1343 3065 1397 hic
3111 1342 3302 1395 ordine
3334 1341 3530 1395 tertius
3584 1348 3695 1393 est.

2109 1435 2314 1491 Cra-cis
2352 1437 2689 1491 domesticus
2747 1436 2880 1490 nihil
2910 1436 3053 1490 aliud
3086 1445 3171 1490 est
3200 1450 3363 1503 quam
3415 1432 3696 1503 προηγού-

2112 1546 2273 1597 μενος
2298 1530 2395 1581 καὶ
2421 1532 2759 1597 ἐπιστάτης,
2788 1542 2844 1584 cl
2874 1530 2925 1582 in
2956 1528 3351 1584 ecclesiasticis
3374 1528 3695 1581 domesticus

2112 1622 2411 1691 appellatur
2453 1623 2701 1693 ἀρχῳδδς
2730 1625 2824 1676 καὶ
2856 1624 3156 1691 ἐπιστάτης
3199 1620 3472 1688 μελῳδιῶν
3511 1636 3567 1671 τε
3598 1618 3696 1670 καὶ

2116 1715 2394 1785 μελῳδῶν,
2429 1724 2487 1769 ut
2527 1725 2611 1770 est
2655 1716 2795 1785 apud
2846 1716 3078 1768 Citrium
3113 1712 3172 1767 in
3237 1711 3577 1781 Responsis;
3626 1709 3695 1764 de

2114 1821 2224 1874 Ψιθ
2258 1805 2371 1872 lam
2430 1804 2525 1859 mh
2553 1821 2593 1869 ιι
2637 1818 2685 1860 c.
2727 1807 2780 1859 Ξ.
2821 1804 2887 1860 Ut
2939 1819 3121 1859 autem
3181 1800 3464 1855 domestici
3492 1813 3695 1853 nomen

436 1878 663 1949 insuper
698 1898 763 1935 eo
794 1885 1014 1940 nomine
1045 1887 1452 1945 simulornalos
1480 1892 1646 1947 refert
1674 1904 2012 1951 memoratus
2039 1864 2086 1925 Β
2117 1898 2405 1951 sonantius
2456 1905 2623 1962 esset,
2677 1897 2871 1951 vocula
2925 1899 3099 1966 μέγας
3164 1893 3498 1965 appingenda
3568 1891 3695 1945 fuit.

436 1970 679 2039 Nicetas,
733 1992 797 2030 es
850 1993 961 2047 quo
990 1980 1107 2033 haec
1148 1981 1495 2053 deprompta,
1550 1986 1723 2055 quiet
1775 1989 2016 2056 praefatis

435 2066 655 2119 tertium
690 2068 861 2132 addit,
914 2069 1169 2126 Mettium
1220 2090 1413 2145 nempe
1468 2077 1698 2131 alterum
1746 2078 2015 2136 Mauuelis

435 2158 686 2226 nothum,
722 2161 1014 2217 Annalium
1042 2165 1258 2227 lsaacii.
1293 2167 1328 2219 l.
1372 2183 1457 2222 ιιι.
1496 2168 1693 2238 Gesn]

507 2247 748 2307 Observa
797 2251 1021 2309 Juttittm
1086 2260 1247 2313 verba
1301 2258 1388 2313 illa
1414 2276 1465 2327 p.
1501 2262 1573 2317 7:
1611 2261 1836 2330 Πρῶτος
1876 2263 2017 2317 κατὰ

437 2339 531 2392 τὸν
556 2343 747 2413 χρόνον
776 2355 991 2402 vertere
1015 2356 1064 2401 et
1104 2348 1261 2417 facile
1277 2351 1481 2420 primus
1513 2366 1607 2420 per
1637 2353 1773 2406 illud
1789 2364 2013 2425 tempus.

426 2430 642 2503 inepte.
687 2435 835 2491 Natu
869 2439 1121 2508 majorem
1164 2453 1334 2505 verte.
1391 2445 1474 2500 vel
1526 2446 1681 2501 Anna
1737 2448 2013 2502 Comncna

437 2526 476 2580 Ι.
518 2542 577 2583 ttt
598 2526 804 2600 judice,
843 2548 965 2601 qua:
994 2534 1062 2587 de
1090 2534 1274 2589 lsaaco
1309 2535 1477 2592 fratre
1507 2540 1682 2594 Alexii
1723 2540 2013 2608 Comneni,

433 2622 654 2693 πρῶτον
685 2625 795 2678 τῶν
818 2627 1066 2699 ἀδελφῶν
1096 2631 1237 2685 κατὰ
1266 2633 1460 2701 χρόνον
1488 2633 1625 2688 ὄντα
1651 2635 1822 2707 ἐχρῆν
1848 2653 2014 2707 τιμη·

436 2714 597 2785 οῆναι
624 2717 924 2788 ἀξιώματι.

985 2815 1149 2887 17s
1177 2814 1409 2871 CAPUT
1434 2816 1497 2871 tt.

439 2922 643 2990 δίκην,
672 2927 1261 3013 magnusdo’mesticus,
1295 2930 1832 3013 pati/tgpersebastus,
1893 2950 2014 3002 pro-

725 2998 1060 3052 tovestiarius
1083 3008 1132 3053 et
1152 2999 1331 3069 plures
1361 2998 1519 3068 Imjus
1576 3004 1799 3072 generis.

509 3084 573 3142 P.
597 3089 653 3143 7.
670 3086 855 3144 Casar
872 3090 1002 3146 olim
1022 3091 1309 3161 prosimus
1329 3095 1396 3146 ah
1419 3095 1768 3165 imperatore,
1787 3113 1933 3153 nunc
1958 3098 2011 3152 in

2118 1988 2249 2055 Qum
2280 1991 2389 2043 duo
2430 1989 2609 2043 Latini
2647 1992 2919 2045 interdum
2959 1992 3327 2059 conjungunt.
3378 2000 3437 2041 ιιι
3471 1986 3693 2057 Tyrius,

2122 2081 2193 2133 De
2228 2081 2362 2133 bello
2397 2099 2548 2136 sacro
2614 2097 2675 2147 tt,
2714 2083 2746 2135 5
2780 2100 2794 2137 :
2834 2080 2965 2137 Cum
2991 2092 3124 2136 esset
3160 2084 3212 2133 in
3242 2081 3506 2149 imperiali
3538 2078 3697 2146 pala-

2119 2174 2191 2225 tio
2228 2174 2515 2242 plurimum
2538 2174 2846 2240 honoratus,
2878 2184 2925 2227 et
2960 2174 3386 2242 megadomeslici
3410 2171 3692 2240 dignitate,

2117 2282 2267 2333 quem
2300 2282 2393 2317 nos
2422 2266 2673 2332 majorem
2697 2266 3081 2321 senescltallttm
3120 2266 3398 2318 nominare
3423 2262 3699 2317 consueri.

2119 2374 2254 2421 mus,
2308 2358 2642 2427 fungeretur,
2699 2360 2763 2410 ab
2812 2359 3130 2428 imperatore
3203 2357 3492 2410 secundus.
3553 2354 3698 2408 Iliuc

2118 2450 2512 2518 δομεστικάτον
2571 2451 2810 2522 dignitas
2880 2466 2973 2504 seu
3058 2450 3303 2502 officium
3381 2446 3694 2501 domestici.

2117 2545 2269 2597 Anna
2296 2544 2596 2610 Comnena,
2623 2544 2662 2597 l.
2696 2560 2791 2597 \‘lll
2823 2560 2836 2597 :
2870 2544 2979 2596 Καὶ
3004 2543 3065 2595 τὸ
3091 2542 3483 2611 δομεστικάτον
3508 2540 3698 2593 αἰτού-

2119 2655 2282 2707 μενος
2308 2639 2408 2707 τῆς
2439 2637 2738 2707 Ἀνατολῆς
2761 2639 2863 2690 οὐκ
2887 2639 3043 2708 ἔτυχε
3068 2637 3164 2705 τῆς
3184 2637 3476 2703 αἰτήσεως.
3512 2633 3698 2688 Utitur

2115 2730 2304 2783 eadem
2362 2731 2554 2783 vocula
2590 2728 2949 2791 Turonensis,
3004 2745 3064 2790 tt,
3096 2728 3168 2782 8:
3212 2725 3542 2780 Gaudentius
3598 2740 3697 2790 pa-

2116 2832 2195 2874 ter
2242 2821 2473 2893 Scythia:
2543 2823 2825 2891 provinciis
2897 2822 3148 2888 primoris
3205 2819 3329 2881 loci,
3384 2836 3415 2870 a
3479 2820 3699 2870 domes—

2119 2915 2285 2967 ticatu
2352 2930 2574 2968 exorsus
2656 2915 2930 2977 militiam,
2976 2914 3046 2965 ad
3100 2908 3395 2982 magisterii
3458 2910 3695 2978 equitum

2117 3008 2321 3061 culmen
2367 3016 2637 3075 provectus
2667 3014 2766 3059 est.
2806 3004 3006 3059 Verum
3061 3013 3169 3057 tam
3208 3002 3376 3070 μέγας
3430 3000 3696 3054 domesti-

2116 3115 2215 3153 cus
2243 3114 2407 3167 qnam
2434 3098 2525 3151 alii
2556 3096 2845 3151 domestici
2902 3099 3099 3159 smptus
3149 3097 3330 3151 adhuc
3359 3093 3518 3148 nobis
3567 3106 3703 3150 sese

438 3183 545 3238 hoc
586 3198 757 3238 censu
811 3184 953 3253 apud
1015 3184 1404 3248 Cnropalatam
1440 3187 1656 3251 tertius,
1691 3191 1785 3259 qui
1825 3190 2009 3247 forsan
2036 3200 2083 3262 (ι
2116 3191 2437 3260 spectandos
2469 3189 2824 3247 exhibebunt.
2849 3188 3054 3243 (ἣκετε.

412 3350 415 3351 ν
441 3278 602 3345 paulo
620 3287 743 3349 post
770 3278 947 3365 major
974 3279 1057 3335 vel
1091 3280 1271 3334 minor
1300 3289 1427 3344 erit,
1460 3292 1623 3351 prout
1653 3282 1929 3340 Favonius
1947 3303 2014 3340 ex

439 3370 639 3439 palatio
676 3369 970 3441 Cpolitano
995 3372 1367 3442 aspiraverit;
1414 3373 1573 3445 cujus
1640 3377 2017 3447 inauguratio-

442 3474 567 3513 netn
597 3460 767 3517 babes
802 3459 943 3516 infra
976 3476 1026 3518 c.
1059 3462 1145 3517 19.
1169 3462 1379 3519 Csars.

518 3548 625 3623 [Ab
655 3552 884 3621 imperio
906 3554 1190 3624 potiundo.
1219 3558 1379 3628 cujus
1397 3573 1492 3627 spe
1522 3560 1771 3626 pristinis
1802 3562 2015 3617 saculis

443 3643 759 3710 fovebatur,
824 3647 1091 3703 Casarem
1148 3650 1308 3721 longe
1360 3651 1632 3721 ablegavit
1682 3655 1927 3719 Alexius,
1962 3666 2015 3711 et

437 3739 867 3794 sebastoeratori
922 3743 1241 3811 supposuit.
1292 3742 1534 3814 Longius
1606 3749 1812 3804 amovit
1880 3750 2018 3805 alter

441 3830 930 3901 Alexins,dcspota:
958 3833 1221 3903 dignitate
1248 3834 1424 3891 eidem
1441 3839 1771 3908 anteposita:
1800 3841 2017 3898 Tertius

414 3912 630 3991 itaque
661 3924 730 3977 ab
761 3924 1094 3995 imperatore
1123 3929 1461 3997 temporibus
1496 3933 1708 3987 ultimis
1769 3946 2018 3991 numera-

410 4008 607 4067 ibatur
632 4014 838 4082 Cassar,
877 4025 936 4071 ut
964 4016 1237 4089 Gregoras
1285 4019 1374 4075 bis
1404 4036 1475 4086 tv,
1516 4022 1568 4087 ί,
1610 4023 1789 4079 verbis
1842 4027 2018 4079 mant-

444 4101 607 4159 festat
639 4121 652 4157 :
700 4104 759 4159 Ὀ
780 4106 882 4175 μὲν
907 4107 1015 4177 γὰρ
1048 4109 1509 4182 σεϐαστοκράτωρ
1539 4113 1596 4177 ἒς
1617 4115 1678 4166 τὸ
1700 4115 2019 4171 δεσποτικὸν

442 4196 704 4262 ἀνάγεται
736 4198 891 4267 παρὰ
931 4198 1026 4252 τοῦ
1061 4199 1330 4268 βασιλέως
1385 4204 1626 4273 ἀξίωμα,
1657 4209 1687 4260 ὁ
1730 4207 1789 4261 δὲ
1846 4210 2021 4279 μέγας

441 4287 762 4358 δομέστικος
785 4290 839 4352 ἐς
875 4288 937 4342 τδ
953 4291 1047 4343 τοῦ
1071 4292 1371 4360 Καίσαρος,
1405 4296 1435 4347 ὁ
1462 4296 1519 4348 δὲ
1552 4297 1770 4369 Καῖσαρ
1798 4301 1914 4370 ἅμα
1942 4301 2020 4373 τῷ

442 4376 694 4450 πενθερῷ
720 4378 815 4432 τοῦ
844 4379 1110 4434 δεσπότου
1148 4384 1206 4447 ἐς
1257 4384 1316 4437 τὸ
1350 4384 1448 4438 τοῦ
1494 4387 2017 4463 σεϐαστοκράτορος.

455 4468 663 4525 Ἐποίει
689 4471 734 4525 δ’
766 4472 1040 4544 ἐπίσημον
1067 4475 1167 4544 τὴν
1198 4477 1373 4531 ἐθιτοῦ
1398 4479 1668 4553 πενθεροῦ
1727 4483 2015 4554 διαφορὰν,

2187 3279 2329 3352 [Non
2383 3296 2546 3347 unus,
2581 3281 2675 3336 sed
2710 3282 2890 3349 plures
2950 3278 3257 3340 domestici,
3312 3276 3703 3339 ecclesiastici,

2117 3371 2403 3433 militat-cs,
2459 3371 2670 3425 civiles.
2734 3368 2832 3423 Hic
2866 3386 3002 3423 unus
3034 3370 3125 3438 qui
3178 3368 3373 3435 μέγας,
3413 3366 3480 3421 de
3533 3366 3696 3435 cujus

2116 3464 2336 3517 nomine
2367 3473 2421 3517 et
2460 3463 2636 3517 ofiicio
2661 3478 2833 3532 pauca
2860 3473 2915 3516 et
2951 3463 3078 3515 huic
3108 3460 3264 3529 177
3305 3470 3511 3511 tantum
3569 3459 3697 3511 loco

2116 3572 2357 3627 congrua
2391 3556 2645 3610 dicenda.
2676 3555 3024 3609 Domesticus
3080 3553 3218 3607 idem
3271 3552 3399 3606 olim
3430 3552 3519 3618 qui
3568 3565 3702 3619 pro-.

2116 3658 2360 3716 curator,
2413 3664 2476 3703 ac
2514 3663 2827 3703 numerosa:
2886 3646 3107 3700 famiiim
3167 3646 3447 3709 totiusque
3487 3643 3690 3697 domus

2116 3760 2303 3799 curam
2348 3758 2564 3813 gerens.
2612 3741 2941 3801 Simocatta.
2984 3754 3100 3801 vut,
3141 3740 3207 3793 15
3243 3754 3260 3795 :
3301 3738 3629 3805 Ἀναιρεῖται
3664 3735 3694 3787 δ

2119 3837 2493 3906 πραισεντῐνος
2508 3835 2536 3886 ὁ
2554 3834 2650 3898 τὰς
2671 3833 2765 3885 τοῦ
2784 3834 2989 3902 Πέτρου
3012 3829 3365 3899 (στρατηγοῦ)
3397 3843 3694 3879 πεπστευ-

2122 3931 2281 4000 μένος
2324 3929 2633 3999 φροντίδας,
2684 3927 2743 3979 ὃν
2784 3926 3106 3994 δομέστικον
3157 3922 3385 3976 εἰώθασι
3429 3921 3692 3988 Ῥωμαῖοι

2119 4023 2433 4076 ἀποκαλεῖν.
2473 4019 2571 4074 llic
2618 4020 2670 4073 in
2707 4017 2863 4071 fidem
2907 4033 3062 4070 suam
3108 4014 3424 4070 communia
3472 4012 3695 4067 familia:

2122 4116 2259 4170 bona
2288 4113 2505 4182 recipit,
2541 4127 2604 4166 ac
2657 4113 2962 4165 etiamnum
3016 4107 3176 4161 hodie
3245 4106 3297 4159 itt
3346 4104 3698 4159 monasteriis

2120 4206 2373 4267 πιστικό;
2402 4205 2573 4259 audit.
2608 4202 2976 4257 Artabasdum
3015 4199 3353 4253 Artabasdtts
3388 4196 3532 4250 alius
3588 4193 3699 4247 Co-

2121 4298 2369 4369 pronynii
2394 4312 2562 4366 gener
2583 4294 2947 4352 domesticum
2972 4294 3403 4363 (procuratorem
3434 4288 3701 4357 intellige)

2121 4392 2263 4461 apud
2310 4390 2697 4458 TbeOpbanem
2751 4386 2937 4443 elﬁcit.
2991 4385 3129 4440 llinc
3171 4384 3465 4453 cujuslibet
3496 4383 3569 4435 rei
3611 4380 3695 4431 vel

2121 4485 2331 4539 ordinis
2362 4482 2656 4553 praefectus
2696 4495 2762 4535 ac
2794 4480 3127 4549 praepositus
3156 4487 3383 4531 meatur
3438 4475 3697 4531 domesti-

443 4565 524 4617 ἔτι
560 4565 621 4618 ὲν
655 4568 769 4630 τοῖς
804 4570 1024 4633 κυανοῖς
1074 4570 1313 4635 πεδίλοις
1356 4572 1448 4626 καὶ
1489 4580 1823 4646 χρυσοῦφεῖς
1869 4581 2014 4651 αύτῷ

2124 4594 2223 4633 rus
2250 4594 2281 4632 a
2339 4576 2547 4632 Grazcis
2579 4593 2594 4642 ;
2627 4576 2694 4630 de
2739 4589 2850 4644 quo
2903 4571 3141 4626 Joannes
3186 4570 3319 4624 Citri
3361 4570 3696 4639 cpiscopus:

444 4657 814 4729 ὲνηρμόζοντο
841 4660 1011 4718 ἀετοί.
1051 4663 1525 4722 Sebastocratoris
1547 4677 1806 4737 praeterea
1837 4673 2020 4741 publi-

447 4750 526 4804 cis
551 4751 604 4805 in
640 4752 1330 4813 acclamationibus'simul
1353 4773 1479 4815 cum
1509 4759 1862 4831 imperatoris
1886 4757 2020 4835 pro-

450 4846 765 4901 nuntiatum
837 4861 1038 4903 nomen
1117 4850 1462 4919 audiebatur,
1552 4854 1697 4922 quod
1763 4857 2021 4924 superior

449 4941 760 4995 observatio
812 4957 879 4996 ex
915 4944 1071 4998 Anna
1132 4942 1413 5000 Comnena
1473 4946 1737 5012 declarat,
1785 4949 2023 5004 Caesaris

454 5050 727 5103 nusquam
755 5054 768 5090 :
813 5034 865 5090 id
901 5036 1047 5090 enim
1078 5054 1172 5106 per
1204 5039 1363 5093 unius
1387 5047 1598 5095 tantum
1620 5040 1750 5093 anni
1784 5042 2021 5110 spatium

450 5128 643 5184 Alexio
680 5128 833 5183 fratri
871 5130 1148 5185 concessit
1198 5129 1429 5185 Michael
1463 5131 1826 5201 Palteologus,
1865 5148 1928 5189 ac
1964 5142 2025 5187 ut

450 5221 653 5287 pariter
688 5221 1037 5289 imperatoris
1096 5236 1234 5291 pene
1286 5237 1437 5277 more
1491 5233 1810 5294 recuperata
1867 5226 2022 5294 (ἶρινιὶ

450 5311 792 5381 triumphans
818 5313 1099 5368 incederet
1140 5322 1459 5379 coronatus,
1486 5315 1554 5369 de
1581 5330 1691 5385 quo
1752 5316 2023 5387 Gregoras

450 5406 538 5459 Ian
563 5404 651 5457 lati
684 5403 807 5459 libri
857 5414 1014 5461 sect.
1047 5404 1118 5461 5:
1173 5405 1453 5472 ’Δντὰξιον
1507 5406 1793 5461 ἀπέδωκεν
1849 5410 2025 5480 γέρας

462 5495 687 5564 Ἀλεξίῳ
721 5496 801 5565 τῷ
832 5498 1098 5567 Καίσαρι,
1147 5496 1229 5551 ὅτι
1262 5496 1331 5550 δι’
1378 5495 1543 5549 αὐτοῦ
1575 5499 1689 5560 τοῖς
1732 5497 2028 5568 Ῥωμαίοις

450 5589 554 5654 τὴν
578 5588 689 5641 τῶν
723 5588 934 5642 πόλεων
966 5587 1360 5659 βασιλεύουσαν
1400 5590 1427 5639 ὁ
1452 5589 1582 5652 Θεὸς
1619 5589 1933 5657 ἐχαρίσατο.
1956 5590 2028 5643 "re.

454 5686 515 5739 δὲ
565 5679 632 5755 ἦν
665 5684 933 5756 Θρίαμϐον
975 5683 1416 5754 συγκροτηθῆναι
1451 5679 2029 5751 ποὶυανθρωπότατον

455 5778 555 5831 καὶ
585 5780 1050 5849 περιφανέστατον
1072 5775 1322 5832 κελεύσει
1346 5772 1442 5828 τοῦ
1470 5771 1899 5863 αὐτοκράτορος,
1934 5774 2030 5827 καὶ

457 5870 555 5931 ἐπὶ
582 5868 757 5942 τούτῳ
794 5870 886 5931 τὸν
941 5871 1198 5941 Καίσαρα
1238 5866 1554 5939 πομπεῦσαι
1585 5866 1680 5921 ἐπὶ
1705 5866 1889 5937 πάσης
1932 5866 2027 5934 τῆς

2133 4668 2314 4721 Ἦτοῦ
2348 4667 2671 4737 δομεστίκου
2706 4664 3052 4734 προσηγορία
3111 4663 3249 4715 κατὰ
3289 4662 3549 4723 Λατίνους
3610 4661 3701 4713 τὸν

2075 4790 2079 4801 ι
2122 4761 2450 4830 ἐξάρχοντα,
2482 4759 2576 4812 τὸν
2608 4757 3048 4830 προηγούμενον,
3075 4756 3165 4809 τὸν
3200 4756 3504 4823 ἐπιστάτην
3524 4753 3697 4823 δηλοῖ.

2120 4853 2257 4906 Are
2307 4854 2489 4922 itaque
2545 4851 2800 4907 familiari
2860 4850 2927 4904 ad
2973 4850 3224 4904 militiam
3286 4849 3545 4901 trarslata
3591 4864 3695 4902 vox

2123 4945 2317 5000 ducem
2356 4945 2632 4999 exercitus
2654 4958 2996 5015 supremum,
3052 4954 3106 4995 et
3141 4950 3198 4993 ιιι
3230 4940 3477 5009 loquitur
3530 4939 3700 4993 Com-

2123 5053 2263 5093 uena
2282 5037 2575 5093 Alexiados
2598 5053 2634 5103 t,
2664 5039 2969 5105 στρατηγὸν
2986 5034 3385 5104 αὐτοκράτορα,
3409 5035 3489 5087 vel
3522 5046 3576 5087 ut
3602 5034 3694 5087 alii

2126 5133 2438 5201 priefectum
2478 5132 2756 5202 praetorio,
2808 5129 2955 5199 quod
3021 5128 3289 5182 militares
3343 5128 3533 5196 c0pias
3593 5127 3700 5183 sub

2128 5225 2458 5294 imperatore
2495 5224 2720 5277 duceret
2749 5219 3242 5287 communiumque
3290 5234 3473 5273 rerum
3525 5219 3701 5272 admi-

2126 5316 2510 5371 nistrationem
2556 5315 2624 5368 ab
2679 5328 2746 5367 eo
2787 5313 2892 5367 sibi
2971 5311 3412 5366 commendatam
3461 5320 3696 5372 teneret,

2128 5406 2418 5477 signifirat.
2448 5404 2643 5459 Eadem
2670 5404 2915 5459 occurrit
2938 5403 3175 5471 primum
3206 5402 3346 5470 apttd
3391 5402 3697 5456 Cedrennm

2130 5500 2181 5552 iu
2215 5496 2544 5566 Theuphilo,
2601 5497 2703 5551 sub
2750 5510 2861 5565 quo
2915 5494 3130 5549 Mauuel
3159 5493 3434 5548 Romanas
3454 5494 3700 5563 legiones

2128 5592 2298 5651 ducit,
2325 5589 2688 5657 The0pltobus
2722 5588 3000 5644 Persicam
3028 5607 3041 5641 :
3093 5589 3182 5641 ille
3206 5600 3335 5640 vero
3368 5586 3702 5640 domesticus

2131 5700 2253 5739 mox
2307 5684 2639 5738 declaratur.
2675 5683 2903 5751 Legitur
2960 5696 3182 5751 quoque
3257 5680 3493 5749 primunt
3556 5678 3700 5747 apud

2131 5771 2519 5842 Theophanem
2562 5770 2613 5825 in
2647 5769 2906 5826 Micltacle
2938 5770 3195 5823 iiaucabe
3228 5768 3402 5837 μέγας
3450 5766 3703 5835 δομέοτι-

2133 5883 2232 5931 m;
2274 5863 2588 5931 TheOpbilo
2669 5863 2969 5929 antiquior.
3012 5862 3068 5917 lu
3130 5861 3284 5917 lrcue
3316 5869 3371 5917 ct
3434 5859 3700 5927 Consum-
