3936 6632
1642 375 1735 389 γ’...
1747 378 1753 382 -
1766 374 1826 385 ι-ηο
1854 362 1918 385 ἔνθ·

382 458 497 527 193

1482 462 1870 524 GRETSERI
1904 466 1999 525 ΕΤ
2034 465 2275 529 GOARI
2317 471 2559 536 NOT.‘E.

3523 490 3626 555 191

357 574 482 625 tino
509 570 760 628 cernitur
826 570 1099 625 Antonius
1163 569 1385 641 quidam
1437 571 1777 628 domesticus
1828 589 1952 628 cum
1985 578 2030 631 Α
2063 582 2367 648 metuebat,
2425 587 2823 653 promeritcrus
2879 592 3066 649 senior
3136 594 3485 657 Andronicus
3557 602 3625 657 ad

354 661 697 715 militaribus
730 662 910 732 copiis
943 663 1007 717 ad
1038 661 1243 716 bellum
1276 662 1479 718 missus
1512 679 1527 717 :
1570 663 1635 716 Ἢ
1667 663 1954 733 βασίλισσα

354 754 688 807 ἀπέστειλεν
748 757 843 807 τὸν
920 755 1206 809 ’Λντώνιον
1282 757 1383 809 σὺν
1460 760 1573 821 τοῖς
1642 757 1943 827 τάγμασιν.

360 842 647 897 Antonius
705 844 851 898 idem
922 845 1216 915 πατρίκιος
1271 847 1369 900 καὶ
1427 848 1749 918 δομέστικος
1834 847 1947 901 τῶν

355 934 575 1005 σχολῶν
621 936 890 989 scribitur
942 936 996 989 in
1049 938 1419 1009 Cupronymo.
1488 937 1641 994 Unde
1702 940 1941 1009 conjicio

354 1041 688 1094 supremum
720 1026 999 1081 exercitus
1037 1028 1269 1082 Romani
1294 1030 1491 1085 ducem
1543 1022 1690 1085 ciréa
1740 1032 1965 1102 Copro—.

356 1116 515 1185 nymi
559 1127 777 1170 aetatem
836 1119 1229 1181 domesticum.
1269 1136 1334 1175 ac
1386 1122 1551 1192 paulo
1586 1132 1708 1193 post
1770 1124 1953 1194 magni

358 1210 583 1263 honore
644 1210 907 1279 adjunt-to
963 1215 1366 1278 voratutn,qui
1429 1215 1583 1283 prius
1646 1214 1949 1286 στρατηγός

356 1303 575 1372 ubique
630 1306 888 1357 audiebat
952 1304 1180 1359 :l'atear
1238 1307 1367 1362 licet
1416 1308 1522 1362 alia
1576 1310 1778 1363 iterum
1828 1313 1948 1366 vice

349 1394 724 1451 domesticum
753 1406 971 1453 exstare
1009 1398 1064 1452 in
1114 1394 1426 1454 Iustiniano
1455 1398 1520 1466 II,
1563 1411 1613 1454 at
1646 1417 1753 1454 non
1787 1417 1948 1455 exer-

352 1489 530 1553 citus,
586 1490 679 1543 sed
742 1491 1058 1559 στρατόρων
1114 1493 1420 1562 equisonum
1473 1494 1757 1548 celebrari.
1819 1495 1948 1563 Ejus

352 1581 536 1645 igitur
574 1590 657 1634 est
676 1584 981 1636 exercitum
1019 1585 1271 1648 elucere,
1320 1593 1375 1639 et
1410 1586 1532 1638 ιιυιιί
1592 1602 1680 1641 res
1718 1602 1935 1641 curare.

353 1672 673 1743 Eapropter
694 1673 926 1727 Michael
957 1674 1298 1740 Palaeologns
1338 1674 1572 1732 Joannis
1605 1678 1795 1747 Angeli
1842 1679 1949 1730 [ra-

354 1775 499 1819 trem
528 1766 703 1833 μὲγαν
746 1767 1135 1835 χειροτονήσας
1168 1767 1513 1837 δομέστικον,
1554 1769 1650 1822 καὶ
1676 1772 1743 1822 τὰ
1778 1786 1946 1839 στρα-

352 1856 614 1925 τεύματα
648 1858 925 1926 παραδοὺς
954 1856 1124 1925 αὐτῷ,
1156 1860 1233 1919 εἰς
1256 1858 1419 1913 Δύσιν
1448 1862 1771 1930 ὲκπέπομφε
1803 1864 1945 1916 κατὰ

2047 670 2279 728 Caesaris
2308 674 2623 744 dignitatem
2655 683 2851 738 evexit.
2872 682 3163 756 Gregoras,
3192 705 3308 758 vm,
3328 689 3399 745 20
3423 709 3436 744 :
3464 691 3653 747 Ὅθεν

2049 765 2075 813 ό
2106 764 2337 832 γηραιὶς
2385 767 2641 835 βασιλεὺς
2666 770 2755 824 διὰ
2790 772 2908 837 δέος
2957 777 3222 844 μειζόνων
3277 782 3463 836 κακῶν
3492 785 3626 837 ἀπεὶς

2054 852 2229 906 στειλε
2262 856 2557 927 πρεσϐείαν
2586 863 2719 931 πρὸς
2742 862 2905 916 αὐτὸν
2933 866 3496 942 (πανυπερσέϐαστον)
3531 873 3628 926 καὶ

2050 942 2167 1013 ἅμα
2192 948 2255 1016 τῇ
2281 947 2547 1020 πρεσϐείᾳ
2581 951 2675 1003 καὶ
2705 953 2774 1005 τὰ
2802 954 2895 1006 τοῦ
2922 956 3259 1027 Καισαρικοΰ
3312 958 3625 1030 ἀξιώματος

2050 1036 2320 1105 σύμϐολα.
2355 1039 2711 1097 lllustriorem
2748 1055 2927 1100 tamen
2976 1062 3005 1101 a
3040 1050 3215 1119 prima
3250 1067 3349 1106 sua
3406 1052 3626 1106 institu-

2052 1126 2201 1181 tione
2226 1127 2537 1183 reddiderat
2559 1131 2698 1187 idem
2725 1134 3043 1203 imperator,
3075 1146 3132 1191 ut
3162 1139 3299 1207 apud
3331 1139 3623 1211 Gregoram

2049 1218 2225 1285 ipsum
2256 1221 2498 1289 reperies
2520 1222 2644 1278 libri
2674 1226 3033 1293 prazcedeutis
3058 1239 3193 1284 sect.
3218 1230 3309 1295 28,
3337 1239 3390 1284 et
3414 1240 3473 1285 ut
3498 1231 3625 1285 illu-

2044 1320 2211 1364 strem
2243 1313 2395 1367 valde
2421 1314 2613 1369 laudat.
2636 1315 2847 1372 Nicetas
2880 1319 2932 1372 in
2964 1320 3278 1375 Andronico
3299 1323 3336 1377 l.
3365 1323 3625 1396 I.Gou.]

2127 1400 2183 1454 P.
2223 1402 2276 1457 8.
2314 1401 2778 1463 Pratarestiarius.
2810 1407 3023 1465 Primus
3051 1410 3338 1480 praefectus
3364 1414 3624 1478 vestiarii,

2050 1490 2210 1560 cujus
2245 1509 2383 1546 uxor
2415 1498 2820 1561 protovestiart‘a
2856 1499 3222 1565 salutabatur,
3276 1512 3335 1555 ut
3365 1513 3449 1557 est
3477 1506 3623 1572 apud

2051 1584 2263 1637 Annam
2309 1586 2664 1653 Coruneuam,
2702 1588 2737 1641 I.
2770 1604 2822 1642 vt
2856 1590 3103 1645 Alexind.
3159 1592 3231 1645 De
3267 1597 3627 1661 protovestia-

2052 1674 2135 1728 rio
2170 1675 2369 1743 saepius
2424 1676 2645 1731 dabitur
2672 1678 2885 1732 dicendi
2924 1681 3100 1735 locus.
3136 1681 3341 1737 Gna'rs.

2125 1765 2212 1837 [Ρ.
2245 1767 2296 1821 8.
2337 1765 2670 1821 Vestiarium
2724 1770 2891 1824 adibit
2929 1772 3022 1839 qui
3084 1772 3151 1827 de
3206 1774 3626 1842 protovestiario

2020 1842 2319 1910 sollicitus
2348 1866 2448 1911 est.
2496 1856 2817 1912 Vestiarium
2850 1875 3242 1931 nonnunquam
3270 1868 3485 1919 uestitus
3515 1877 3623 1930 est,

353 1946 453 1998 τοῦ
495 1948 807 2000 ἀποστάτου
833 1949 1075 2019 Μιχαὴλ.
1102 1950 1433 2021 Φροντιστής
1458 1952 1622 2006 etiam
1658 1962 1713 2006 et
1749 1957 1934 2023 ἐπιμε-

2050 1959 2129 1997 res
2157 1946 2429 2010 vestiario,
2462 1952 2877 2017 quantumsatis
2910 1964 2985 2006 est
3021 1954 3263 2017 vestium,
3322 1956 3464 2010 sicut
3513 1958 3624 2012 cal-

351 2036 529 2107 λητὴς
559 2037 841 2105 δημοσίων
859 2045 1206 2109 πραγμάτων
1226 2042 1297 2095 ah
1318 2051 1546 2097 auctore
1572 2052 1934 2113 memoratur;

353 2130 520 2199 cujus
547 2130 770 2198 quidem
806 2146 869 2184 ac
903 2132 1187 2199 amplioris
1232 2135 1396 2187 etiam
1435 2134 1681 2190 muneris
1726 2135 1939 2191 descri-

353 2223 601 2289 ptionem
639 2222 889 2277 exhibuit
923 2223 1363 2292 Cantacuzenus,
1408 2227 1523 2295 ipse
1571 2242 1807 2299 magnus
1837 2233 1938 2285 do-

354 2314 647 2379 mesticus,
673 2332 732 2379 Il,
765 2315 815 2374 5.
844 2313 1041 2388 Gosn.]

429 2402 494 2456 P.
527 2403 582 2457 7.
616 2395 1161 2473 PartIt-ypersebastus.
1198 2406 1375 2462 Etiam
1423 2408 1528 2463 hoc
1570 2409 1790 2479 ἀξίωμα
1841 2415 1937 2466 καὶ

350 2496 529 2563 ὄνομα
582 2507 665 2551 est
731 2496 905 2551 Alexii
976 2498 1240 2553 Comncni
1291 2500 1525 2571 ποίημα,
1585 2503 1677 2573 qui
1734 2504 1790 2558 in
1850 2506 1936 2560 his

348 2588 727 2657 exc0gitantlis
779 2588 1046 2645 fecundus
1075 2600 1131 2646 et
1164 2578 1434 2648 facundus
1481 2592 1601 2649 fuit.
1662 2594 1791 2650 Vide
1824 2597 1938 2651 Zo-

350 2695 545 2733 naram
601 2681 653 2735 iu
703 2680 892 2735 Alexio
937 2682 1239 2738 Cornneno.
1295 2682 1400 2739 Sed
1452 2694 1510 2740 ut
1563 2686 1653 2742 hic
1708 2689 1933 2755 dicitur,

348 2774 459 2826 iste
506 2773 1073 2843 panhyperschastus,
1128 2775 1265 2830 ultra
1314 2793 1476 2846 quem
1532 2780 1757 2834 ambitio
1804 2797 1935 2851 pro-

343 2866 503 2935 gredi
537 2881 647 2919 non
685 2880 841 2935 posse
875 2860 1181 2931 videbatur,
1211 2869 1420 2924 invenit
1453 2872 1810 2940 sequentibus
1838 2887 1937 2926 an-

344 2960 436 3011 nis
466 2971 656 3025 parem
703 2955 970 3010 Joannem
1003 2958 1467 3022 Cantat-uzenum,
1526 2976 1783 3031 magnum
1834 2961 1933 3015 do-

345 3050 673 3111 mesticum,
710 3055 767 3101 et
794 3047 955 3116 paulo
984 3056 1106 3116 post
1135 3050 1393 3118 majorem
1448 3066 1512 3104 ac
1571 3051 1932 3120 superiorem,

346 3155 409 3196 ut
445 3151 500 3197 et
534 3144 1041 3213 protovestiarium.
1076 3146 1150 3198 lta
1196 3161 1293 3199 ceu
1328 3147 1436 3216 pila
1462 3148 1721 3201 ludebant
1746 3147 1835 3202 isti
1880 3156 1937 3202 et

340 3239 520 3292 rebus
581 3250 631 3291 et
666 3239 984 3292 nominibus
1046 3242 1209 3292 modo
1248 3241 1300 3293 in
1348 3242 1520 3295 altum
1583 3241 1740 3295 elatis
1770 3244 1933 3295 modo

340 3330 612 3384 deorsum
690 3331 916 3399 pressis.
975 3332 1328 3385 Andronicus
1399 3334 1586 3387 senior
1638 3311 2005 3403 imperatorc

340 3421 618 3478 Joannem
649 3436 905 3493 nepotem
946 3440 1105 3479 suum
1142 3425 1629 3493 panhypersebasti
1673 3425 1935 3495 dignitate

340 3516 623 3569 decorans
655 3532 771 3567 eum
802 3515 954 3586 longe
982 3516 1338 3585 augustiorem
1369 3517 1540 3584 eiecit
1571 3532 1731 3586 quam
1774 3526 1934 3570 antea

341 3605 542 3673 fuerit,
599 3605 857 3659 concessis
915 3603 1257 3669 restimen'tis,
1296 3605 1490 3657 calceis
1535 3614 1583 3658 et
1612 3606 1731 3671 equi
1778 3620 1935 3657 orna-

344 3700 547 3752 mentis
571 3697 700 3751 lutei
728 3698 944 3761 coloris,
980 3709 1035 3749 ut
1069 3705 1209 3751 inter
1247 3698 1645 3765 imperatorium
1686 3698 1933 3749 nobilita-

342 3804 456 3846 tem
482 3792 713 3844 maxime
744 3790 971 3843 illustris
1001 3800 1159 3849 esset.
1187 3786 1255 3843 ut
1274 3790 1348 3841 ait
1370 3788 1640 3859 Grcgoras
1667 3790 1701 3841 l.
1728 3805 1826 3843 vn.
1862 3786 1933 3842 Ut

341 3894 539 3939 autem
580 3898 718 3937 uxor
751 3884 993 3952 despota:
1020 3885 1287 3948 despaena,
1323 3882 1559 3936 Czesaris
1608 3880 1927 3945 (Σαβατίνα,

341 3976 809 4031 sebastocratoris
841 3974 1344 4028 sebastocratorissa
1376 3973 1520 4026 dicta
1569 3984 1654 4026 est
1703 3973 1846 4041 (vide
1876 3988 1927 4028 c.

341 4069 451 4123 ult.
490 4068 711 4137 Codini)
736 4107 755 4131 ,
796 4068 869 4121 ita
925 4083 1060 4121 uxor
1096 4064 1586 4136 pauhypersebasti
1618 4067 1919 4134 pan/typa-

338 4164 567 4213 sebasta
616 4159 829 4224 audiit;
881 4157 1063 4227 qualis
1118 4155 1262 4226 aliud
1299 4155 1594 4226 Gregoram
1631 4156 1669 4212 Ι.
1708 4174 1764 4210 ιιι
1824 4156 1929 4210 lilia

338 4249 627 4305 Theodori
677 4250 1004 4309 Metochitae,
1038 4249 1393 4303 matrimonio
1418 4248 1607 4318 juncta
1667 4249 1928 4319 praedicto

337 4344 550 4399 Ιωιιιιί
587 4342 1116 4413 panhypersehasto.

419 4434 526 4507 [Ὀ
552 4432 1155 4501 πανυπερσέὄαστος.
1192 4431 1265 4486 οο
1324 4431 1482 4501 cujus
1535 4432 1801 4501 dignitate
1854 4431 1926 4486 ab

337 4530 543 4583 Alexio
602 4526 882 4582 Cnmneno
941 4525 1161 4578 inventa
1232 4533 1429 4593 prmter
1486 4523 1754 4579 Zonaram
1812 4524 1929 4579 ltazc

2046 2035 2274 2091 ciarium
2301 2048 2562 2104 quantum
2591 2040 3084 2099 calceamentorum
3115 2060 3342 2111 necesse
3386 2057 3491 2103 est.
3519 2046 3626 2104 Vo-

2044 2129 2294 2183 stiarium
2350 2130 2402 2183 iu
2440 2134 2727 2199 postremis
2782 2135 2938 2189 libris
2969 2135 3184 2207 Codicis
3222 2146 3277 2193 et
3332 2139 3384 2192 in
3422 2137 3623 2195 Notitia

2046 2221 2257 2289 imperii
2289 2224 2475 2293 accipe
2497 2264 2511 2289 ,
2553 2225 2607 2279 in
2649 2242 2758 2293 quo
2795 2237 2974 2284 vestes
3008 2231 3274 2301 principis
3305 2232 3622 2285 conduntur

2045 2320 2097 2367 et
2133 2325 2489 2381 reponuntur.
2520 2316 2928 2387 Blosclwpulus,
2957 2320 3049 2376 lib.
3078 2324 3166 2376 cui
3201 2324 3397 2378 titulus
3426 2324 3624 2378 Συλλο-

2043 2402 2114 2470 γὴ
2160 2403 2421 2459 ’Λττικῶν
2460 2407 2739 2476 ὀνομάτων
2773 2424 2790 2440 ⁸
2842 2409 3242 2482 βεστιοπράτης
3291 2412 3318 2463 δ
3361 2414 3575 2484 ρἀτηῖ
3601 2431 3619 2447 ⁹

2046 2492 2371 2565 βεστία.γὰρ
2408 2498 2558 2567 παρὰ
2597 2499 2894 2567 Ῥωμαίοις
2948 2501 3018 2555 τὰ
3053 2502 3264 2571 ἱμάτια,
3322 2502 3384 2567 ἐξ
3416 2494 3479 2556 οτι
3526 2507 3623 2559 καὶ

2045 2584 2349 2655 βεστιάριον
2379 2587 2605 2656 κυρίως,
2638 2589 2695 2641 ὲν
2721 2583 2765 2657 ᾧ
2790 2591 2859 2643 τὰ
2913 2590 3169 2660 βασιλικὰ
3216 2592 3486 2663 ἐνδύματα
3517 2614 3621 2665 φυ-

2041 2681 2350 2737 λάσσονται.
2382 2684 2702 2738 Guillelmus
2732 2682 2949 2754 Tyrius,
2982 2686 3025 2739 Ι.
3062 2702 3101 2742 ιι
3129 2686 3204 2741 De
3261 2686 3396 2743 bello
3427 2707 3618 2747 sacro:

2044 2774 2161 2839 Quo
2222 2776 2364 2844 facta
2418 2792 2482 2830 ea:
2535 2777 2898 2845 imperialibus
2959 2780 3227 2834 vestiariis
3268 2780 3446 2838 oblata
3496 2794 3623 2839 sunt

2042 2868 2297 2936 praedicto
2333 2869 2440 2922 viro
2476 2869 2528 2921 in
2566 2885 2697 2923 auro
2726 2871 2972 2935 vestibus,
3000 2870 3139 2926 vasis
3171 2881 3221 2926 et
3270 2877 3514 2943 pretiosis
3543 2876 3624 2931 la-

2040 2958 2277 3028 pidibus.
2311 2958 2479 3015 Vides
2518 2959 2573 3013 in
2610 2961 2872 3016 vestiario
2903 2977 3009 3017 non
3043 2975 3210 3019 vestes
3237 2968 3537 3032 tnodo,sed
3570 2979 3623 3024 et

2044 3068 2263 3125 aurum,
2295 3067 2445 3116 vasa,
2486 3052 2693 3122 lapides
2724 3056 3001 3122 pretiosos
3034 3056 3246 3126 reponi,
3299 3057 3444 3113 unde
3482 3075 3620 3114 non-

2045 3144 2178 3198 nulli
2222 3145 2461 3199 vestiarii
2496 3146 2847 3215 thesaurique
2881 3163 3043 3201 unam
3084 3148 3458 3218 acceptionem
3484 3167 3620 3206 cou-

2044 3236 2295 3290 tendunt.
2330 3234 2632 3292 Vestiarius
2666 3237 2851 3306 itaque
2881 3239 2972 3307 qui
3025 3238 3401 3308 hujuscemodi
3437 3251 3621 3305 curat.

2040 3326 2268 3395 profert.
2308 3328 2573 3390 recondit,
2631 3337 2896 3381 asservat.
2948 3327 2999 3383 ls
3029 3329 3333 3401 βεστιάριος
3385 3332 3614 3401 ϐαθεῖς,

2040 3428 2100 3473 ut
2128 3418 2356 3474 Zonaras
2394 3420 2446 3474 in
2482 3419 2739 3479 Eudocia,
2785 3418 2985 3475 Joanni
3045 3423 3387 3479 Damasceno
3421 3440 3618 3478 mona-

2038 3511 2142 3564 cho
2176 3519 2231 3565 et
2264 3511 2407 3564 aliis.
2466 3509 2728 3580 Princeps
2787 3513 3033 3566 omnium
3095 3514 3614 3586 πρωτοϐεστιάριος,

2038 3602 2106 3657 de
2134 3617 2244 3671 quo
2277 3603 2330 3657 in
2370 3604 2652 3672 praesenti,
2682 3605 2841 3674 cujus
2881 3619 3081 3660 nomen
3104 3607 3218 3676 jam
3253 3623 3282 3661 a
3321 3609 3614 3679 Theophili
3700 3666 3709 3673 ,

2039 3694 2376 3763 temporibus
2411 3697 2655 3765 agnitum
2688 3697 2827 3766 apud
2860 3695 3301 3767 TheOplianent,,
3327 3714 3359 3753 a
3404 3701 3619 3757 caneris

2036 3786 2236 3841 deinde
2272 3787 2552 3841 historicis
2584 3802 2930 3858 usurpatum,
2964 3804 2994 3844 ι
3052 3792 3266 3861 magnis
3327 3792 3462 3848 viris
3497 3808 3616 3848 am-

2037 3876 2232 3930 bitum.
2290 3877 2805 3948 Panlrypersebasto
2842 3880 3086 3935 nondum
3155 3883 3463 3939 iustitutoa
3519 3886 3620 3939 do-

2034 3968 2259 4022 mestico
2288 3968 2551 4036 dignitate
2593 3972 2869 4026 secundus
2901 3971 3023 4034 fuit,
3081 3984 3311 4029 auctore
3369 3975 3617 4031 Ccdreuo

2033 4062 2088 4117 in
2141 4061 2507 4116 Constantino
2562 4062 2796 4116 Romani
2852 4064 3007 4119 lilio:
3068 4066 3336 4121 Νικόλαον
3388 4069 3492 4138 γὰρ
3521 4071 3615 4122 τὶν

2032 4152 2249 4223 πρῶτον
2284 4152 2454 4206 αὐτοῦ
2486 4153 2887 4226 θαλαμηπόλων
2904 4154 3231 4223 δομέστικον
3275 4159 3612 4227 προεϐάλετο

2030 4247 2138 4299 τῶν
2164 4245 2370 4316 σχολῶν
2405 4246 2497 4299 καὶ
2529 4248 3051 4316 παρακοιμώμενον,
3086 4247 3402 4318 Νικηφόρον
3427 4250 3484 4303 δὲ
3518 4252 3611 4305 τὸν

2036 4338 2153 4408 μετ’
2180 4340 2388 4391 ἐκεῖνον
2423 4339 2491 4391 τὰ
2517 4339 2799 4409 δευτερεῖα
2828 4339 3062 4409 φέροντα
3089 4340 3611 4413 πρωτοϐεστιάριον.

2032 4427 2104 4484 Ut
2129 4430 2430 4485 domestico
2462 4434 2763 4500 proximus,
2794 4446 2854 4483 ac
2880 4444 2992 4483 rem
3023 4433 3340 4487 vestiariam
3369 4444 3615 4489 tractans

2032 4536 2219 4577 sacras
2251 4522 2459 4577 Christi
2493 4524 2695 4578 fascias
2760 4523 2813 4576 in
2854 4524 3231 4579 ecclesiastica
3261 4529 3615 4595 processioue

338 4625 503 4674 Anna
539 4620 686 4675 lilia:
715 4619 851 4672 Κατ’
883 4621 1057 4672 ἐκεῖνο
1109 4619 1171 4670 δὲ’
1198 4618 1394 4689 καιροῦ
1437 4619 1725 4688 τετίμηται
1776 4621 1871 4674 καὶ
1900 4620 1927 4671 ό

2043 4622 2249 4681 gestare
2272 4615 2529 4667 manibus
2570 4614 2736 4668 audet
2769 4615 2910 4681 apud
2935 4613 3241 4697 Cedrenum
3269 4616 3319 4669 in
3350 4614 3614 4674 Michaclo

306 4714 695 4783 ,ταρωνείτης
741 4714 837 4764 καὶ
892 4710 1140 4781 γαμϐρὸς
1170 4710 1256 4762 ἐπ’
1302 4710 1501 4780 ἀδελφῇ
1538 4710 1629 4762 τοῦ
1667 4710 1929 4782 βασιλέως

338 4804 795 4876 πρωτοσέϐαστός
834 4819 893 4856 τε
953 4804 1045 4855 καὶ
1090 4801 1608 4872 πρωτοϐεστιὰριος.
1657 4801 1795 4855 Μετ’
1862 4801 1924 4854 οὐ

338 4901 483 4953 πολὺ
525 4898 583 4949 δὲ
624 4897 719 4950 καὶ
766 4894 1282 4966 πανυπερσέϐαστος
1335 4895 1499 4965 178
1548 4895 1927 4949 ἀναδείκνυται

337 4992 437 5043 καὶ
463 4986 761 5056 σύντροφος
791 4990 883 5037 τοῦ
910 4986 1185 5055 Καίσαρος
1219 4986 1449 5053 γίνεται.
1474 4984 1695 5037 Τούτων
1720 4984 1777 5037 δὲ
1818 4983 1926 5039 τῶν

338 5080 677 5149 ἀξιωμάτων
699 5080 799 5148 τὴν
824 5076 1175 5146 καινοτομίαν
1208 5079 1237 5130 ὁ
1266 5078 1394 5145 ἐμὸς
1423 5078 1606 5146 πατὴρ
1633 5076 1928 5147 προσεξεύ-

341 5189 480 5241 ρατο
510 5171 746 5237 ξυνῦεὶς,
784 5172 889 5230 τοῖς
917 5170 973 5223 δὲ
1006 5170 1099 5222 καὶ
1131 5168 1633 5239 παραχρησάμενος
1656 5183 1672 5199 ⁸
1706 5168 1767 5222 τὸ
1827 5170 1926 5238 μὲν

336 5267 451 5334 γὰρ
482 5261 996 5330 πανυπερσέϐαστος
1026 5261 1121 5313 καὶ
1148 5261 1627 5333 σεϐαστοκράτωρ,
1663 5262 1757 5314 καὶ
1822 5262 1923 5315 ὅσα

336 5354 606 5418 τοιαῦτα,
639 5352 1041 5405 συντεθεικέναι
1084 5354 1581 5423 παραχρησάμενος
1634 5353 1882 5422 φαίνεται
1906 5368 1920 5384 ·

336 5444 600 5498 σεϐαστοὶ
630 5442 743 5513 γὰρ
765 5443 813 5495 οἱ
846 5441 1086 5512 βασιλεῖς
1131 5441 1400 5495 ἀνέκαθεν
1465 5442 1657 5504 κοινῶς
1697 5440 1922 5510 ὠνομά-

335 5542 519 5602 ζοντο,
555 5537 647 5589 καὶ
687 5531 755 5605 ἦν
786 5534 1097 5599 ἰδιαζόντως
1127 5536 1205 5597 εἰς
1234 5534 1463 5604 βασιλέα
1509 5535 1802 5604 λεγόμενον
1861 5534 1922 5585 τὸ

332 5628 431 5682 τοῦ
454 5626 722 5679 σεϐαστοῦ
743 5626 913 5695 ὄνομα
940 5643 954 5658 ·
990 5625 1150 5687 αὐτὸς
1173 5626 1228 5678 δὲ
1259 5629 1337 5689 εἰς
1360 5626 1423 5678 τδ
1446 5627 1753 5696 κοινότερον
1787 5625 1921 5692 πρό-

331 5738 495 5790 τερον
521 5720 830 5788 κατήνεγκε
852 5718 951 5788 τὴν
975 5715 1236 5786 τοιαύτην
1263 5718 1441 5781 ἀξίαν.
1472 5717 1597 5771 Erat
1619 5717 1790 5777 enim,
1813 5734 1919 5772 non

330 5813 559 5868 Caesare
596 5812 783 5876 modo,
823 5812 919 5866 sed
950 5820 1004 5865 et
1032 5810 1356 5872 domestico,
1385 5810 1921 5879 pauhyperscbastus

333 5905 630 5972 humilior,
664 5904 806 5959 unde
862 5914 915 5958 et.
954 5901 1542 5972 panhypersebastum,
1581 5916 1611 5955 a
1645 5918 1754 5970 quo
1812 5900 1915 5956 sibi

2037 4702 2406 4773 Paphlagone.
2467 4704 2544 4757 llli
2597 4705 2665 4759 ad
2728 4705 3048 4759 cubiculum
3104 4705 3457 4775 imperatoris
3513 4726 3613 4765 nec

2038 4810 2144 4848 non
2178 4796 2229 4849 in
2271 4795 2392 4864 ipso
2426 4810 2584 4850 sacro
2618 4794 2872 4851 cubiculo
2907 4798 3153 4850 dormire
3198 4797 3281 4852 l'as
3331 4808 3469 4854 erat.
3504 4800 3613 4854 Leo

2035 4886 2439 4942 Grammaticus
2474 4887 2527 4941 in
2560 4886 2826 4941 Michaele
2845 4885 3134 4956 Theophili
3170 4887 3323 4943 lilio:
3360 4890 3613 4943 'Ev6.ilev

2031 4980 2087 5032 δὲ
2110 4980 2203 5032 τοῦ
2234 4982 2492 5043 κοιτῶνος
2526 4974 2596 5051 ἦν
2643 4978 3058 5042 Βασιλισκιανδς
3108 4982 3176 5050 τῇ
3215 4978 3468 5050 βουλήσει
3516 4983 3613 5035 τοῦ

2032 5072 2302 5141 βασιλέως
2326 5071 2581 5136 ὑπνώσας
2609 5073 2667 5124 ἐν
2697 5073 2762 5140 τῇ
2813 5069 2971 5141 κλίνῃ
2999 5069 3092 5123 τοῦ
3133 5070 3446 5125 Ῥεντακίου
3473 5073 3614 5143 πρὸς

2030 5164 2278 5233 φυλακὴν
2308 5164 2495 5218 αὑτοῦ.
2531 5162 2659 5216 Erat
2687 5161 2986 5217 Rentacius
3012 5162 3102 5217 ille
3129 5165 3609 5232 protovestiarius,

2029 5262 2184 5329 prius
2216 5258 2400 5327 aliquo
2430 5266 2679 5326 tempore
2719 5271 2747 5308 a
2783 5254 3051 5311 Michaele
3079 5256 3150 5311 ad
3183 5257 3515 5313 mouendqu
3548 5260 3613 5313 de

2027 5350 2233 5405 Basilio
2291 5350 2609 5405 coronando
2639 5348 3015 5416 patriarcham
3050 5351 3273 5416 missus,
3326 5361 3380 5403 et
3431 5360 3613 5406 vestes

2026 5440 2342 5510 regiumque
2371 5452 2691 5508 apparatum
2718 5454 2935 5494 omnem
2967 5440 3302 5508 prolaturus.
3336 5438 3541 5513 Com]

2097 5532 2157 5587 P.
2181 5531 2237 5588 9.
2271 5533 2327 5586 '0
2344 5531 2534 5602 μέγας
2567 5532 2739 5598 δούξ.
2762 5533 2961 5588 Notum
2985 5543 3070 5590 est
3091 5533 3232 5589 unde
3254 5533 3426 5589 Graeci
3454 5533 3610 5588 ducis

2024 5642 2225 5681 nomen
2256 5627 2589 5695 acceperint.
2622 5625 2753 5680 Inde
2804 5624 3060 5679 δούκαινα
3097 5625 3257 5680 ducis
3304 5641 3466 5686 uxor,
3502 5624 3601 5678 Ni-

2024 5728 2158 5773 cctze
2221 5718 2275 5772 in
2342 5717 2539 5771 Alexio
2600 5717 3272 5782 Comnenol.t,6ouxa;,
3330 5715 3608 5780 δουκάδος,

2022 5803 2257 5867 δουκάδι,
2287 5805 2541 5859 δουκάδα.
2570 5805 2824 5876 Synodus
2858 5804 3174 5860 Florentina
3204 5823 3218 5856 :
3269 5804 3379 5856 Καὶ
3427 5804 3475 5854 οἱ
3507 5818 3606 5871 ps-

2022 5896 2452 5966 γάλοιαὺθέντες
2479 5897 2571 5951 καί
2617 5896 2851 5970 ῥηγαδες
2906 5896 2997 5949 καὶ
3042 5895 3319 5959 δουκάδες.
3352 5890 3610 5964 Legimus
