3936 6592
302 447 415 514 197

1399 441 1787 502 GRETSER!
1829 441 1923 500 ET
1966 441 2209 502 GOARI
2240 439 2487 503 NOT/E.

3479 432 3574 498 l98

291 572 624 619 auctoritate
651 561 895 632 prcrfeeti
945 560 1206 614 erercitus
1243 574 1274 610 a
1330 555 1538 608 tribuno
1604 554 1888 620 deputatur
1916 579 1962 629 Α
1989 554 2241 623 peratorii
2267 556 2550 607 comitatus
2573 568 2662 606 seu
2693 552 2976 605 ministerii
3022 545 3304 620 princeps;
3338 546 3432 615 qui
3459 545 3579 600 vul-

292 661 370 714 ad
404 673 634 728 panum.
671 655 836 709 Arma
874 654 1125 714 militum,
1158 661 1343 715 restes,
1375 649 1512 718 equi,
1574 664 1785 700 annona
1823 645 1892 698 ad

291 767 488 805 turam
522 750 641 816 ejus
687 748 970 812 pertinent.
1035 740 1338 810 Disciplina
1391 740 1485 810 jus
1533 749 1581 794 et
1639 741 1891 792 severitas

292 844 590 904 exercitus,
647 856 752 892 non
815 838 982 892 solum
1039 836 1297 903 peditum,
1334 835 1424 886 sed
1458 833 1616 884 etiam
1659 831 1893 897 equitum

294 935 744 1005 legionariorum,
777 937 1034 998 pra'cepto
1087 927 1201 995 ejus
1259 923 1491 993 quotidie
1515 931 1752 994 curatur:
1783 923 1894 986 ipse

293 1037 485 1080 autem
519 1033 694 1078 custos
767 1033 817 1076 et
858 1021 1077 1088 diligens
1121 1030 1168 1071 et
1195 1017 1404 1071 sobrius
1468 1015 1722 1084 legionem
1795 1012 1894 1064 sibi

294 1121 565 1176 creditam
602 1115 839 1170 assiduis
888 1112 1132 1179 oneribus
1193 1111 1262 1164 ad
1309 1125 1512 1162 omnem
1571 1108 1893 1160 devotionem

293 1213 566 1278 reformat
622 1217 668 1259 et
700 1204 1038 1265 industriam,
1091 1201 1258 1255 sciens
1299 1200 1367 1250 ad
1398 1196 1637 1266 prafecti
1679 1194 1893 1248 laudem

297 1292 668 1370 subiectorum
721 1295 1019 1350 redundare
1052 1294 1342 1346 ~rirtutem.
1401 1287 1895 1358 Στρατοπεδάρχην

203 1456 209 1460 _
295 1407 442 1448 vero
471 1391 757 1444 tribunum
811 1401 934 1441 esse
964 1384 1208 1438 declarat
1242 1381 1606 1452 Theophanes
1630 1381 1683 1434 in
1715 1381 1898 1435 Jovia-

301 1502 405 1549 no,
448 1498 616 1554 quem
649 1480 899 1536 eumdem
931 1476 1234 1548 τριϐοὖνον,
1265 1474 1461 1527 deinde
1493 1472 1895 1542 στρατοπεδάρ-

296 1595 436 1648 χην,
477 1592 599 1630 mox
633 1573 920 1644 χιλίαρχον
977 1569 1211 1638 appellat
1253 1566 1479 1621 .Uhima
1515 1579 1732 1634 quoque
1763 1580 1896 1620 voce

302 1674 415 1725 hoc
441 1667 684 1722 alliciunt
713 1664 830 1731 ejus
853 1663 1087 1732 explicat
1115 1660 1414 1722 Ccdrenus;
1447 1674 1609 1728 quem
1638 1657 1897 1712 domesti-

300 1776 503 1816 corum
536 1758 852 1829 prmfectum
889 1752 1258 1813 Marcellinus,
1293 1749 1612 1804 earumdem
1636 1749 1893 1818 primice-

300 1855 455 1908 rium
474 1849 668 1906 scribit
683 1848 1048 1916 Hieronymus
1068 1845 1122 1897 in
1139 1843 1431 1898 Chronico.
1484 1843 1551 1894 Στ
1562 1843 1895 1912 ρατοπεδάρ-

1995 663 2062 716 go
2089 645 2252 700 aulici
2286 645 2573 700 ministerii
2605 660 2730 700 cum
2767 653 3028 713 potestate
3055 654 3296 705 curator,
3331 641 3378 694 le
3406 641 3579 708 grand

1996 741 2234 793 maistre.
2253 738 2420 793 Favet
2438 739 2554 794 voci
2587 740 2711 792 data
2735 754 2764 791 a
2789 737 3030 806 Gregora
3058 734 3455 805 interpretatio,
3481 748 3580 797 vn,

1995 833 2063 886 8:
2092 832 2451 900 primicerium
2491 831 2635 884 enim
2690 831 2847 899 quasi
2889 831 3124 899 primum
3159 831 3370 898 κύριον.
3400 837 3454 882 et
3485 843 3583 894 ap—

1998 923 2108 976 tius
2140 924 2315 992 μέγαν
2347 923 2540 992 κύριον
2567 923 2749 977 vertit.
2801 924 2908 975 Καὶ
2955 923 3056 991 μὲν
3100 923 3162 991 δὴ
3202 922 3351 974 ἔστιν
3397 920 3433 974 ἃ
3474 919 3584 973 τῶν

1996 1013 2255 1067 τοιούτων
2278 1015 2645 1085 παραφθοράν
2667 1031 2788 1065 τινα
2807 1012 2886 1082 τῷ
2907 1012 3108 1082 μακρῷ
3130 1012 3308 1080 χρόνῳ
3340 1009 3582 1062 παθόντα

1997 1104 2253 1175 ἀμυδρῶς
2294 1123 2409 1168 πως
2446 1104 2976 1174 ὑπεμφαίνουσιτὴν
3010 1103 3294 1171 ἀλήθειαν.
3323 1102 3429 1154 Τὸν
3475 1100 3585 1170 γάρ

1995 1214 2077 1249 τοι
2093 1199 2191 1265 τῆς
2210 1198 2476 1260 Βοιωτίας
2508 1199 2598 1250 καὶ
2622 1197 2740 1250 τῶν·
2757 1196 2954 1265 Θηϐῶν
2977 1195 3244 1266 ἀρχηγὸν,
3269 1194 3388 1246 ἀντὶ
3409 1193 3587 1260 μεγά-

1995 1289 2090 1342 λου
2148 1289 2586 1358 πριμμικηρίου.
2631 1288 2868 1357 μεγάλον
2899 1287 3090 1355 κύριον
3113 1283 3447 1350 ὀνομάζουσι
3465 1280 3582 1341 νῦν,

1997 1385 2077 1444 εἰς
2107 1382 2262 1436 τοῦτο
2297 1379 2730 1451 παρενεχθέντες
2760 1381 2825 1432 ἐκ
2880 1379 2977 1432 τοῦ
3012 1376 3421 1448 παρενεχθῆναι
3482 1374 3587 1445 τὴν

1996 1477 2223 1546 πρώτην
2275 1473 2567 1542 συλλαϐήν.
2627 1472 2780 1538 Quod
2830 1487 2959 1525 vero
3036 1486 3130 1539 pra
3150 1469 3314 1524 mittit
3369 1467 3592 1522 Bmotiaa

2001 1570 2305 1640 principem
2337 1568 2447 1637 jam
2476 1583 2504 1619 a
2525 1566 2890 1620 Constantino
2916 1563 3210 1629 primicerii
3236 1575 3436 1615 nomen
3463 1559 3591 1614 ade-

1999 1673 2174 1733 pttun,
2206 1661 2409 1714 nullam
2444 1658 2588 1728 apud
2631 1674 2715 1712 me
2747 1658 2904 1710 tidem
2940 1665 3202 1710 meretur.
3239 1648 3460 1724 Cosa.)

2069 1755 2131 1808 P.
2164 1754 2197 1808 9
2242 1749 2467 1822 Magnus
2505 1751 2900 1810 contostaulus,
2925 1762 3110 1802 eomes
3154 1745 3376 1810 stabuli,
3421 1743 3589 1798 Gallis

1999 1846 2354 1901 connestable.
2373 1843 2581 1898 Nomen
2604 1843 2898 1897 conﬂatum
2919 1855 2983 1894 ex
3019 1847 3198 1891 cautos
3221 1853 3313 1892 seu
3331 1849 3483 1889 couto
3501 1852 3594 1889 co-

300 1962 414 2017 χην
435 1955 742 1998 castrorum
763 1952 947 1992 curam
963 1936 1194 2006 gessisse
1208 1951 1270 1989 ex
1290 1935 1507 1988 inomine
1523 1934 1766 1989 scribunt
1786 1935 1898 1999 alii,
1935 1930 1974 1984 Β
2009 1948 2214 2000 mes.et
2239 1937 2440 1992 staulos
2471 1932 3223 1992 stabulum.Cantacuzenus,
3253 1929 3406 1990 l,40:
3434 1930 3592 1980 (Iom-

306 2035 520 2105 quibus
548 2031 844 2094 assentior;
904 2028 957 2082 id
983 2028 1130 2082 enim
1187 2041 1408 2095 quoque
1464 2025 1706 2078 muneris
1761 2039 1902 2093 pra:-

304 2129 474 2184 stitit.
510 2125 909 2180 Auctoritatem
942 2131 995 2175 et
1023 2120 1127 2172 alia
1189 2120 1255 2172 ad
1287 2127 1451 2184 caput
1482 2118 1738 2186 quintum
1777 2131 1903 2186 pro-

310 2227 515 2276 teram.
551 2217 927 2277 Eumathium,
956 2225 1014 2268 ut
1036 2212 1270 2283 Cyprum
1307 2222 1680 2280 recuperatam
1717 2222 1900 2263 tuere-

309 2309 950 2380 tur,stratopcdarebam
977 2306 1046 2360 ab
1068 2305 1257 2359 Alexio
1287 2315 1528 2358 creatum
1560 2302 1728 2358 refert
1749 2305 1902 2354 Anna

310 2405 448 2468 ﬁlia,
486 2402 521 2454 Ι.
551 2412 651 2454 vttt
683 2399 832 2462 εδεῖν
862 2395 1251 2462 ιγνωἊλεξιος
1278 2395 1344 2446 τὰ
1372 2392 1512 2446 κατὰ
1545 2394 1646 2461 τὴν
1677 2391 1903 2461 Κύπρον

308 2490 744 2562 ἀσφαλίσασθαι.
807 2488 905 2540 καὶ
967 2485 1061 2539 τδν
1125 2484 1429 2552 Φιλοκάλην
1487 2482 1764 2552 Εὐμὰοιον
1806 2483 1904 2550 τὴν

307 2583 526 2648 ταύτης
555 2578 893 2646 ἀναθέμενος
927 2574 1173 2645 φρουρὰν
1203 2571 1686 2640 στρατοπεδάρχην
1733 2586 1902 2640 προε-

310 2675 622 2746 χειρίσατο,
678 2669 809 2731 ναῦς
837 2667 1140 2736 πολεμικὰς
1159 2664 1410 2725 δεδωκὼς
1441 2663 1591 2734 αὐτῷ
1620 2664 1714 2716 καὶ
1747 2663 1906 2716 ἱππό-

310 2767 517 2835 τας.ἒφ
619 2761 692 2815 τὰ
717 2759 862 2814 κατὰ
884 2760 985 2830 τὴν
1037 2758 1260 2828 Κύπρον
1289 2757 1378 2810 διά
1406 2774 1468 2809 τε
1499 2756 1778 2826 θαλάσσης
1812 2757 1907 2809 καὶ

312 2860 558 2928 ἠπείρου
590 2854 1012 2926 ἁσφαλίζεσθαι.
1061 2851 1306 2920 Explicat
1339 2850 1637 2920 Logotheta
1674 2863 1906 2916 aspero-

313 2947 605 3018 πεδάρχην
661 2959 791 2999 voce.
814 2944 1047 2998 Turcica
1099 2943 1209 3010 jam
1242 2942 1446 2996 Graecis
1483 2941 1617 2996 satis
1648 2939 1905 2994 familiari

314 3041 726 3110 πελαρπακινι
761 3036 1128 3092 Leunclavius
1191 3033 1485 3102 Peclarpax
1525 3034 1602 3086 ait
1649 3047 1774 3086 esse
1809 3031 1908 3083 Be-

315 3129 601 3201 εισι-898,
641 3143 805 3197 quem
864 3126 1092 3197 exponit
1148 3136 1447 3195 pra'torem,
1503 3124 1804 3192 praesidem,
1851 3131 1907 3176 et

317 3221 550 3278 tandem
593 3237 891 3290 supremum
936 3227 1235 3273 castrorum
1286 3216 1612 3286 principem;
1645 3215 1905 3282 additque

314 3330 515 3370 vocem
573 3314 814 3370 Graecam
877 3309 1383 3382 στρατοπεδάρχην.
1471 3309 1724 3379 Magnum
1759 3310 1906 3365 hunc

315 3406 833 3476 stratopedarcham
941 3409 1181 3469 quatuor
1254 3401 1559 3456 minoribus
1623 3402 1908 3470 praefuisse

315 3497 518 3553 scribit
572 3493 860 3548 Meursius:
892 3501 949 3546 at
977 3506 1089 3546 nou
1122 3506 1352 3556 magnus
1387 3505 1600 3558 semper
1629 3490 1721 3558 qui
1789 3490 1910 3544 aliis

317 3596 549 3659 praest,
580 3585 673 3642 sed
698 3585 790 3656 qui
822 3583 1006 3639 oﬂicio
1053 3591 1277 3653 praestat
1302 3622 1316 3636 .
1355 3581 1557 3653 Gonni

394 3685 464 3738 P.
523 3681 578 3737 9.
625 3679 853 3748 Magnus
900 3678 1252 3746 primicerius.
1295 3675 1370 3730 De
1422 3677 1747 3746 primiceriis
1799 3678 1910 3746 jam

318 3772 500 3846 cgi,l.
522 3788 566 3838 I,
599 3787 648 3826 c.
680 3771 737 3826 9.
775 3770 932 3840 181
966 3755 1103 3824 Illud
1138 3769 1227 3822 hic
1253 3768 1508 3827 observa.
1533 3769 1670 3822 olim
1695 3769 1916 3824 limante

318 3877 379 3922 et
405 3866 725 3920 Thebarum
781 3863 1081 3931 principem
1139 3861 1319 3926 magni
1370 3861 1658 3927 primicerii
1717 3877 1914 3914 nomen

324 3960 551 4024 tulisse,
587 3966 722 4011 teste
750 3954 986 4024 Gregora
1012 3953 1050 4007 ι.
1079 3968 1180 4016 vn,
1223 3953 1317 4022 qui
1345 3953 1497 4006 addit
1549 3953 1697 4008 hunc
1742 3955 1915 4020 ipsum

319 4051 640 4124 principem
691 4047 926 4118 posteris
967 4044 1305 4113 temporibus
1337 4061 1435 4112 pro
1483 4060 1673 4115 magno
1730 4047 1919 4114 primi-

319 4145 476 4197 cerio
508 4141 682 4210 μέγαν
731 4137 922 4208 κύριον
952 4135 1283 4206 appellatum
1315 4150 1458 4200 esse,
1525 4151 1556 4187 a
1606 4137 1779 4202 prima
1811 4137 1920 4204 syl-

324 4235 458 4288 laba
490 4231 764 4286 occasione
795 4239 1027 4297 sumpta,
1058 4242 1087 4280 a
1137 4227 1313 4297 prima
1390 4226 1649 4281 nimirum
1713 4227 1920 4302 syllaba

321 4324 592 4380 vocabuli
643 4322 838 4390 κηρίον
889 4319 1184 4388 amputatis
1242 4317 1552 4386 compendii
1609 4320 1808 4386 gratia,
1866 4332 1925 4374 ttt

323 4418 535 4485 Vulgus
561 4413 717 4479 solet,
752 4427 818 4466 ex
841 4411 1108 4464 vocabulo
1137 4411 1430 4478 primicerii
1462 4410 1676 4464 duabus
1728 4411 1928 4480 priori-

327 4512 440 4563 bus
471 4507 716 4576 syllabis.
746 4503 821 4558 Ex
849 4519 962 4574 quo
989 4503 1214 4572 colligas
1234 4502 1344 4571 jam
1376 4515 1487 4557 tum
1516 4521 1548 4574 η
1579 4512 1633 4558 et
1657 4521 1688 4556 υ
1733 4507 1924 4559 eodem

2003 2033 2219 2102 periunt
2248 2028 2539 2098 principem
2572 2025 2880 2089 Sabaudiw,
2901 2039 3053 2093 quem
3071 2021 3384 2075 Latinorum
3409 2022 3592 2090 lingua

2003 2132 2192 2177 conten
2219 2133 2405 2186 vocat;
2433 2119 2562 2188 quia
2597 2131 2660 2171 ea
2695 2125 2858 2171 aetate
2913 2115 3168 2182 princeps
3203 2113 3305 2167 iste
3355 2115 3593 2167 necdum

2003 2217 2251 2270 eratdux
2288 2213 2383 2268 sed
2419 2228 2628 2266 comes.
2679 2209 2936 2280 Synodus
2972 2206 3326 2262 Florentina:
3368 2205 3596 2260 Ἐκαθέ-

2004 2309 2163 2372 ζοντο
2191 2307 2248 2360 δὶ
2299 2303 2662 2374 καὸαλλάριοι
2682 2320 2742 2356 τε
2790 2301 2884 2354 καὶ
2924 2301 3236 2370 μαρκέσιοι,
3289 2300 3470 2352 κόντοι
3501 2302 3598 2354 καὶ

2003 2400 2281 2462 δουκάδες.
2317 2399 2412 2452 Est
2465 2397 2634 2451 etiam
2699 2393 3104 2448 recentioribus
3149 2391 3356 2448 Graecis
3408 2393 3598 2446 κοντόν

2007 2497 2172 2553 breve,
2208 2499 2441 2552 curtum,
2473 2487 2623 2550 kurz,
2653 2501 2910 2553 parvum;
2943 2485 3088 2540 unde
3111 2487 3413 2538 contacium
3451 2485 3595 2538 sacri

2005 2584 2178 2640 odarii
2207 2597 2401 2653 genus.
2449 2581 2737 2634 Ccdrenus
2787 2577 2980 2632 scribit
3029 2577 3324 2646 quemdam
3361 2577 3601 2646 appella-

2007 2685 2121 2728 tum
2168 2688 2288 2728 esse
2327 2670 2700 2725 Κονταλεοντα
2734 2679 2786 2722 et
2837 2668 3004 2721 alium
3045 2669 3496 2736 Κοντοστέφανον
3530 2667 3603 2721 ob

2005 2765 2360 2836 parvitatem,
2382 2761 2541 2832 quasi
2565 2775 2789 2830 parvum
2813 2757 3015 2812 leonem
3048 2768 3102 2812 et
3136 2775 3357 2826 parvum
3383 2757 3604 2828 Stepha-

2008 2876 2155 2914 num.
2190 2858 2281 2913 Est
2313 2856 2476 2910 etiam
2520 2854 2712 2914 κοντα,
2737 2853 2988 2922 πλησίον,
3019 2867 3197 2921 prope.
3236 2852 3474 2904 Ztaﬁ‘tm
3508 2866 3609 2905 seu

2010 2950 2240 3012 σταῦλος
2297 2965 2361 3000 ex
2393 2946 2588 2999 Latino
2613 2944 2880 2998 stabulum
2914 2943 3187 2997 detortum
3224 2959 3238 2995 :
3289 2957 3413 2994 nam
3437 2943 3610 2995 extri-

2009 3051 2063 3095 ta
2099 3045 2258 3096 unica
2294 3039 2540 3093 litterula
2568 3039 2598 3090 b
2633 3037 2801 3091 habes
2825 3036 3084 3090 stantum.
3115 3033 3252 3087 Hinc
3277 3033 3443 3088 etiam
3472 3032 3610 3086 Ger-

2010 3131 2186 3186 mai'tis
2214 3139 2290 3184 est
2315 3128 2476 3193 Stall,
2513 3129 2791 3197 Stalluuq,
2821 3127 3202 3191 einstalliereu,
3238 3128 3384 3196 quod
3410 3125 3609 3180 barba-

2011 3225 2087 3278 ris
2122 3221 2428 3286 instatlure,
2461 3221 2683 3276 stallum
2712 3236 2806 3275 seu
2835 3221 3128 3276 stationem
3164 3221 3468 3290 assignare.
3494 3219 3609 3274 Nec

2014 3313 2231 3371 mireris
2263 3315 2309 3370 si
2341 3315 2534 3369 talium
2561 3313 2734 3384 origio
2765 3329 2793 3367 a
2845 3313 3113 3368 vocabulo
3155 3311 3426 3366 stabulum
3457 3327 3612 3381 repe~

2013 3419 2179 3474 tatur,
2215 3423 2341 3462 cum
2379 3407 2569 3461 eadem
2608 3423 2708 3461 vox
2753 3406 3100 3461 eontostaulo
3128 3420 3325 3460 nomen
3385 3404 3609 3466 tribuat,

2011 3511 2065 3556 et
2094 3491 2315 3571 quidem
2369 3500 2764 3564 honoriﬁcum;
2801 3499 3071 3568 hodieque
3108 3497 3193 3551 die
3247 3495 3612 3557 stallmeistcr,

2014 3592 2260 3662 magistri
2294 3590 2516 3653 stabuli,
2565 3605 2761 3658 magno
2803 3589 2923 3642 loco
2963 3595 3089 3642 sunt
3126 3588 3179 3640 in
3225 3586 3369 3640 aulis
3400 3584 3612 3652 princi-

2015 3703 2166 3757 pum.
2201 3683 2473 3738 Scribitur
2521 3683 2686 3736 etiam
2737 3680 3091 3744 κονσταῦλος,
3139 3678 3232 3733 sed
3290 3679 3490 3732 melius
3527 3688 3612 3733 est

2017 3752 2168 3848 prius
2197 3776 2348 3830 illud.
2401 3775 2688 3830 llahebant
2719 3789 2937 3843 quoque
2976 3782 3186 3827 veteres
3219 3771 3414 3825 Franci
3445 3752 3613 3825 conii-

2018 3879 2128 3924 tem
2163 3866 2361 3922 stabuli
2387 3877 2446 3920 ut
2471 3867 2639 3920 videri
2675 3877 2755 3919 est
2779 3869 2831 3919 in
2857 3867 3018 3934 epist.
3042 3866 3076 3918 5
3103 3863 3404 3928 Hincmari,
3437 3881 3486 3915 e.
3516 3863 3614 3926 16;

2021 3976 2182 4030 quem
2203 3959 2398 4027 vulgus
2427 3968 2680 4024 corrupte
2699 3958 3004 4026 appellabat
3024 3957 3427 4018 constabulum,
3453 3964 3510 4008 ut
3530 3964 3617 4008 est

2025 4053 2165 4122 apud
2198 4051 2533 4120 Reginonem
2566 4048 2607 4102 l.
2640 4063 2699 4110 ιι,
2724 4057 2775 4101 et
2798 4048 2940 4118 apud
2965 4047 3188 4118 Tyrium
3217 4047 3410 4115 passim
3439 4046 3616 4111 legere

2024 4158 2105 4200 est
2151 4144 2605 4200 constabularius.
2664 4141 2841 4196 llabes
2889 4153 2946 4195 et
2992 4139 3220 4210 simplex
3276 4139 3610 4191 stabularius

2025 4237 2167 4304 apud
2211 4249 2543 4305 anonymum
2581 4249 2698 4297 Vill,
2731 4233 2786 4296 6,
2821 4232 2896 4286 Dc
2927 4232 3068 4286 bello
3100 4246 3258 4285 sacro
3291 4247 3305 4285 :
3341 4230 3618 4283 Conradus

2030 4327 2248 4382 Henrici
2282 4325 2379 4379 Ill
2411 4326 2763 4381 stabularius.
2805 4323 3022 4378 Gens.

2103 4420 2262 4490 182
2287 4419 2624 4491 [Habuerunt
2647 4419 2879 4474 Romani
2910 4420 3128 4472 comites
3163 4417 3357 4470 stabuli
3382 4411 3614 4484 impera-

2035 4517 2182 4579 torii,
2207 4521 2274 4568 de
2317 4514 2518 4582 quibus
2565 4513 2771 4567 Paulus
2830 4512 3098 4566 Diaconus
3129 4511 3166 4564 Ι.
3193 4526 3324 4575 xvn,
3349 4521 3396 4562 et
3426 4510 3463 4562 l.
3489 4525 3616 4563 χιιι

327 4616 501 4663 sono,
531 4600 704 4653 instar
751 4597 882 4660 iota,
918 4597 1130 4666 prolata
1181 4595 1368 4650 fuisse:
1398 4597 1603 4667 alioqui
1635 4597 1772 4665 duas
1801 4599 1910 4653 illas

2029 4623 2080 4662 c.
2119 4605 2393 4660 Theodos.
2426 4605 2501 4659 Dc
2562 4619 2778 4658 annona
2812 4613 2865 4658 et
2899 4605 3120 4658 tributis
3149 4601 3189 4654 l.
3219 4617 3294 4655 xi.
3323 4600 3493 4654 Grmci
3528 4617 3622 4668 pa~

329 4693 565 4749 voculas
628 4693 822 4762 κήριος
850 4701 907 4745 et
962 4690 1152 4760 κύριος
1223 4690 1370 4758 vulgi
1419 4693 1756 4747 consuetudo
1813 4708 1920 4746 non

328 4784 700 4840 coal’udisset.
731 4783 941 4837 Gaz-rs.

409 4877 495 4950 [Si
533 4877 874 4946 primicerius
905 4889 972 4929 ex
1001 4871 1166 4927 Suida
1200 4872 1418 4943 πρῶτος
1449 4872 1651 4937 tiliam;
1680 4875 1779 4945 τῆς
1828 4892 1923 4926 τυ-

335 4971 567 5039 ιούσης,
597 4982 661 5020 ex
690 4965 939 5020 Heraclio
963 4966 1018 5018 in
1059 4963 1270 5018 Novell.
1305 4980 1364 5018 ιι.
1396 4963 1542 5019 Juris
1565 4964 1686 5021 GR.
1711 4967 1768 5018 iv
1792 4967 1923 5018 ἐκά-

332 5080 452 5132 στῳ
509 5063 752 5128 τάγματι
784 5060 1022 5124 πρῶτος,
1050 5068 1108 5110 ιιι
1139 5056 1282 5110 inter
1313 5065 1590 5121 cantores,
1623 5057 1692 5112 de
1723 5057 1926 5126 quibus

333 5153 614 5224 superiori
649 5165 793 5220 ρον..
819 5150 960 5204 inter
989 5150 1304 5209 advocatos.
1341 5149 1409 5204 de
1459 5151 1660 5220 quibus
1681 5149 1780 5204 Jus
1803 5151 1924 5206 Gil.

275 5246 277 5248 ’
332 5247 544 5317 p.225,
567 5245 717 5314 prior
741 5255 824 5298 est
845 5244 1206 5310 primicerius,
1230 5258 1299 5296 an
1322 5245 1392 5296 ita
1419 5243 1506 5297 hic
1538 5259 1767 5314 magnus
1791 5247 1931 5298 inter

331 5339 525 5392 varios
548 5334 762 5404 imperii
788 5333 1132 5402 primicerios
1156 5341 1214 5387 ut
1233 5333 1451 5387 eunetis
1471 5332 1740 5402 imperet?
1773 5334 1930 5386 Alitr-

337 5439 480 5494 mat,
509 5436 566 5482 ut
591 5443 764 5498 nuper
783 5429 850 5480 de
885 5426 1358 5492 stratopedarcha,
1401 5423 1694 5480 Meursius.
1715 5428 1779 5478 At
1805 5439 1952 5486 cunt,

335 5523 409 5576 sit
432 5522 493 5574 in
541 5524 665 5572 aula
711 5517 1058 5588 primicerius
1080 5516 1513 5586 (πριμμικήριος
1543 5517 1690 5571 enim
1714 5517 1812 5586 τῆς
1836 5517 1934 5569 αὖ.

331 5614 440 5682 λῆς
467 5613 666 5684 legitur
684 5609 1022 5678 frequentius
1045 5609 1099 5662 in
1128 5610 1536 5677 sequentibus),
1561 5609 1682 5663 ideo
1706 5625 1927 5679 ntagnus

337 5707 453 5771 hic,
481 5705 611 5774 quia
651 5703 727 5756 illi
759 5702 1080 5770 caeterisque
1115 5717 1166 5771 pl
1180 5701 1426 5756 meminet
1449 5717 1462 5765 ;
1482 5711 1536 5756 et
1555 5718 1618 5757 ea
1635 5717 1799 5757 causa
1825 5705 1938 5772 pri-

335 5801 616 5860 uicarius,
629 5796 772 5868 quod
785 5835 798 5859 ,
815 5804 872 5849 ut
889 5794 1026 5850 intra
1044 5795 1233 5849 scribit
1251 5809 1460 5861 auctor,
1481 5795 1550 5850 sit
1564 5798 1643 5858 si;
1665 5796 1938 5864 τδφοσσά-

331 5905 431 5944 τον
461 5890 677 5954 κεφαλὴ
700 5888 790 5954 τῆς
823 5885 1108 5955 βασιλικῆς
1138 5885 1466 5950 συντάξεως,
1485 5887 1534 5940 in
1574 5887 1808 5943 exercitu
1837 5888 1938 5942 iut-

2029 4698 2160 4750 riter
2189 4697 2355 4751 etiam
2400 4697 2627 4750 vocibus
2657 4697 2884 4748 consoni
2925 4693 3220 4746 Badurium
3250 4691 3452 4746 Justini
3509 4692 3622 4745 fra-

2031 4799 2166 4842 trem
2217 4788 2439 4858 κόμητα
2493 4788 2601 4839 τῶν
2655 4785 2954 4856 βασιλικῶν
3011 4783 3280 4847 σταΰλων,
3341 4785 3620 4852 aliumque.

2031 4896 2364 4951 anonymum
2423 4880 2613 4934 eadem
2676 4878 3041 4946 appellatione
3094 4875 3414 4945 insignitum
3470 4877 3615 4944 apud

2031 4971 2416 5040 Theophanem
2451 4982 2502 5024 et
2540 4969 2776 5022 Leonem
2825 4968 3262 5021 Granttnaticum
3322 4967 3375 5020 in
3431 4965 3617 5021 Theo-

2034 5063 2181 5132 philo
2205 5063 2435 5132 jactant.
2471 5062 2550 5115 Ab
2595 5062 2659 5114 iis
2708 5062 2903 5114 vetuSti
2955 5059 3152 5128 Franci
3197 5059 3471 5125 regiorum
3503 5068 3619 5113 sta-
3656 5045 3670 5132 μ’

2034 5157 2287 5210 bulorum
2349 5157 2578 5209 comites
2627 5153 3008 5218 connestables,
3061 5152 3230 5208 Graeci
3287 5129 3666 5207 recentiores:

2035 5261 2164 5300 suos
2199 5245 2592 5308 κονεσταύ).ους
2645 5246 3041 5308 κονοσταύλους
3079 5245 3160 5300 vel
3194 5243 3620 5306 κοντοσταύλους

2035 5339 2344 5393 deducunt:
2403 5339 2504 5393 hos
2532 5349 2710 5393 tamen
2747 5341 2815 5392 ab
2852 5338 2990 5394 istis.
3024 5339 3156 5392 llem
3188 5343 3376 5408 paucis
3413 5339 3623 5406 aperio.

2034 5429 2274 5486 Comites
2304 5431 2560 5485 neoterici
2591 5431 2814 5493 κόντους
2847 5430 2939 5501 (ne
2961 5431 3204 5494 κοντούς,
3243 5433 3347 5485 hoc
3371 5442 3455 5484 est
3502 5432 3624 5484 bre-

2037 5539 2144 5589 ves,
2169 5523 2396 5593 dixeris)
2427 5514 2725 5594 appellant,
2752 5535 2807 5578 ut
2840 5523 3058 5578 Nicetas
3092 5524 3146 5577 in
3181 5525 3490 5577 Andronico
3516 5524 3621 5576 LI:

2039 5614 2248 5670 Οὐκοῦν
2284 5618 2397 5680 τοῖς
2457 5619 2785 5686 στρατηγοῖς
2828 5617 3212 5686 ὀπτανόμενος,
3233 5613 3326 5676 οὓς
3383 5613 3625 5674 κόντους,

2040 5707 2168 5776 εἴπῃ
2185 5723 2266 5769 τις
2291 5706 2357 5758 ἂν
2377 5707 2584 5778 Λατίνῃ
2607 5706 2874 5775 διαλέκτῳ
2897 5709 3200 5776 χρώμενος.
3221 5702 3445 5758 Stabula
3463 5703 3628 5753 σταῦ-

2009 5801 2110 5854 ·).α
2137 5801 2219 5855 vcl
2248 5798 2536 5862 παύλους.
2582 5799 2970 5868 Moschopulus
3001 5815 3016 5850 :
3074 5795 3324 5856 ἱππῶνες
3361 5794 3630 5846 ἱπποστά-

2046 5907 2180 5954 σεις,
2204 5889 2445 5944 σταῦλοι.
2476 5889 2548 5945 Ex
2573 5900 2804 5957 utroque
2828 5889 2975 5944 nullo
3002 5887 3216 5954 negotio
3235 5881 3630 5948 κοντοσταῢλος
