3936 6614
430 420 535 488 199

1504 421 1588 483 ΙΝ
1621 420 1929 481 LlBRUM
1977 419 2077 481 DE
2107 413 2452 478 OFFlCIlS
2494 413 2604 473 CR

3568 402 3679 469 200

424 546 667 593 creatur.
700 533 771 588 Ex
802 535 1008 590 Gallico
1065 536 1399 590 conncstnbte
1434 536 1729 600 deduxisti,
1758 535 1994 605 inquies.
2027 545 2071 599 Α
2104 531 2263 600 183
2300 544 2365 583 ac
2421 527 2638 581 tandem
2692 539 2817 579 eum
2858 523 2925 578 ab
2982 521 3311 591 imperatore
3368 520 3456 576 bis
3500 520 3685 576 verbis

426 629 638 683 Dictum
675 629 815 681 volo.
858 627 1051 682 Franci
1084 643 1337 698 namque,
1364 629 1872 684 utChristinnnrum
1905 631 1998 680 hoc

428 736 501 773 no
518 719 650 781 nati,
684 734 746 773 ea
779 736 884 788 qua
922 719 1159 783 gaudent
1187 720 1240 774 in
1276 732 1492 774 exteras
1525 720 1774 786 regiones
1801 734 1999 772 excur-

425 810 579 864 rendi
608 808 845 873 licentia,
873 808 1213 877 frequentius
1243 826 1270 862 a
1304 808 1526 874 Grzecis,
1562 809 1721 865 (idem
1751 810 1803 863 in
1835 810 2000 864 Sara-

422 906 591 953 cenos
624 899 1039 968 propugnaturi,
1089 900 1355 969 stipendia
1412 899 1862 968 promerebantur
1916 906 1999 968 (ut

428 991 684 1045 ilusclius
710 991 799 1045 ille
836 984 938 1059 ἰιιιί
1004 992 1413 1061 quadringentis
1452 990 1673 1045 Francis
1713 991 1855 1059 apud
1888 990 1997 1045 Cu-

426 1084 725 1152 r0palatem
758 1093 813 1137 et
838 1085 1048 1137 Annam
1077 1084 1410 1137 Comuenam
1444 1084 1730 1154 adjunctus
1778 1081 1998 1138 Graeco-

426 1190 545 1227 rum
597 1175 895 1228 exercitum
925 1174 1204 1243 ducebat),
1234 1174 1535 1245 ducemque
1588 1191 1748 1231 suum
1783 1173 1995 1229 nonnisi

425 1265 782 1332 appellatione
818 1266 960 1334 apud
995 1280 1125 1321 suos
1170 1267 1398 1321 colenda
1438 1268 1641 1322 dictum
1687 1272 1995 1322 voluerunt.

426 1357 557 1423 Quae
591 1371 717 1411 vero
752 1359 951 1411 stabuli
978 1359 1190 1420 comite,
1223 1357 1384 1428 vulgo
1423 1358 1838 1424 emis-tabulario,
1897 1359 1998 1412 bo-

426 1449 665 1503 nuratior
688 1463 808 1502 esse
842 1450 1013 1517 potuit
1042 1458 1135 1502 aut
1164 1449 1265 1502 sibi
1320 1450 1624 1509 decentior,
1654 1450 1749 1502 τοῦ
1784 1465 1999 1503 (anues-

426 1540 600 1594 table!
639 1539 717 1593 Eu
755 1549 813 1592 ut
845 1540 910 1591 ad
945 1540 1082 1593 hanc
1107 1555 1294 1594 vocem
1332 1540 1479 1593 Vclttl
1511 1541 1564 1593 in
1597 1541 1795 1593 lonlcm
1826 1541 1997 1595 (ἔνιοί-ἱ

427 1633 663 1687 rel'c'rant
696 1648 828 1686 suos
861 1632 1316 1696 κοντοσταύλους,
1376 1634 1514 1687 inter
1553 1650 1692 1700 quos
1730 1633 1999 1704 Gregoras

424 1734 477 1775 et
518 1724 914 1794 Cbalcomlyles
938 1724 1329 1787 κονοσταύλους
1373 1726 1749 1793 pronuntiant.
1800 1726 1999 1778 Dictio-

426 1831 548 1868 nem
590 1826 768 1869 tanien
811 1817 950 1883 apud
987 1828 1241 1870 auctores
1287 1816 1476 1869 Alexio
1514 1815 1793 1871 Comueno
1832 1832 1995 1885 supe-

2100 622 2440 675 institutum:
2472 616 2548 672 Tu
2578 632 2798 687 magnus
2816 615 3081 684 logotheta
3099 623 3245 678 esto;
3272 627 3391 682 qua:
3411 612 3514 667 sibi
3534 612 3685 667 diem

2098 717 2372 771 Pbranzes
2420 713 2640 775 asserit,
2704 711 2957 781 quamvis
2996 708 3135 763 clam
3186 709 3263 761 ita
3321 716 3539 760 creatus
3578 720 3686 775 pro

2099 824 2251 862 more
2278 806 2438 861 oﬂicii
2470 806 2854 874 imperatorem
2890 800 3137 855 venerari
3187 814 3253 853 ac
3284 798 3501 868 publice
3540 800 3687 853 ado-

2100 914 2221 954 rare
2254 899 2456 952 vetitus
2483 895 2667 951 fuerit.
2699 894 2973 949 Caeterum
3004 907 3072 946 an
3104 890 3194 945 hic
3229 892 3403 959 μέγας
3459 889 3689 957 λογοθέ-

2096 1008 2196 1059 της
2232 990 2373 1045 idem
2398 991 2468 1045 sit
2488 989 2582 1058 qui
2613 986 2721 1042 τῶν
2782 983 3063 1055 σικρὲτων
3090 992 3142 1038 et
3176 981 3495 1049 amplissimi
3520 997 3687 1036 sena.

2100 1091 2186 1139 tus
2215 1088 2399 1149 caput,
2457 1078 2588 1133 mihi
2635 1091 2771 1146 pene
2822 1074 3145 1129 indubiam:
3189 1073 3279 1127 ubi
3330 1073 3480 1129 enim
3515 1073 3685 1141 hujus

2099 1174 2325 1238 mentio,
2362 1174 2430 1226 dc
2462 1172 2554 1226 illo
2580 1172 2748 1225 altum
2781 1169 2839 1223 iit
2868 1167 3172 1232 silentium,
3202 1180 3267 1220 ac
3296 1180 3420 1219 cum
3448 1179 3684 1233 magnus
3724 1202 3745 1221 .

2100 1264 2189 1319 ille
2220 1273 2497 1334 personat,
2524 1262 2661 1316 alius
2692 1270 2906 1316 secrete
2935 1258 3114 1313 latitat
3133 1272 3243 1346 :_an
3270 1271 3375 1310 non
3408 1257 3528 1309 ideo
3547 1256 3683 1325 quia

2100 1352 2431 1407 binominetn
2463 1352 2696 1406 dchrsis
2730 1347 3069 1418 temporibus
3111 1363 3171 1402 se
3202 1347 3327 1399 fecit
3362 1347 3475 1400 haec
3501 1346 3683 1414 digiti-

2101 1443 2225 1498 tas?
2262 1444 2420 1499 Certe
2454 1444 2771 1513 scrupulum
2804 1456 3021 1497 omnem
3053 1456 3085 1495 a
3124 1440 3344 1495 terenda
3392 1440 3683 1494 sententiae
3778 1438 3785 1443 “

2102 1532 2410 1602 bujusmodi
2443 1534 2635 1588 semita
2670 1532 2882 1588 Nicetas
2913 1542 3127 1586 amovet
3167 1532 3219 1585 in
3250 1530 3512 1585 librorum
3546 1529 3683 1583 titti-

2102 1627 2154 1681 lo
2184 1642 2295 1695 quo
2317 1643 2376 1682 se
2405 1626 2695 1697 λογοθέτην
2728 1628 2836 1680 τῶν
2860 1626 3131 1694 σεκρὲτων
3158 1628 3252 1679 καὶ
3295 1624 3512 1678 ἐπὶτῶν
3556 1625 3683 1693 κρί-

2102 1720 2812 1788 aawv,secretilogotbetam
2836 1728 2889 1773 et
2916 1720 3113 1789 judicis
3146 1718 3519 1788 praepositum,
3540 1729 3590 1772 et
3617 1720 3680 1771 in

2102 1812 2549 1880 MurzupbloJrri
2567 1812 2661 1865 τοῦ
2693 1811 2865 1882 ἄκρου
2890 1811 3086 1880 στῆσαι
3116 1810 3215 1879 τῆς
3247 1796 3548 1878 συγκλήτου
3574 1809 3682 1878 βα-

427 1923 623 1971 riores,
654 1923 755 1960 nec
806 1908 1124 1976 dignitatem
1152 1922 1216 1961 eo
1248 1909 1485 1977 priorem
1546 1910 1814 1976 reperias:
1846 1918 1901 1961 at
1933 1910 1997 1963 de

2107 1904 2265 1973 τῆρος
2298 1906 2392 1957 καὶ
2424 1906 2481 1956 ἐν
2512 1906 2623 1967 τοῖς
2663 1905 2941 1974 σεκρὲτοις
2974 1902 3349 1972 λογοῦετῆσαι,
3376 1903 3433 1956 in
3460 1918 3683 1956 summo

426 2001 629 2053 comite
656 1999 854 2052 stabuli
893 1999 973 2051 vel
1000 1999 1346 2053 eontostanlo
1366 2014 1466 2054 ceu
1499 2001 1835 2053 Francorum
1864 2001 2002 2054 duce

426 2097 655 2143 testatur
690 2098 899 2152 auctor,
929 2104 978 2141 c.
1013 2088 1065 2141 5.
1099 2085 1251 2140 GOAR
1280 2086 1300 2160 ]

499 2180 561 2235 Ρ.
604 2182 659 2235 9.
698 2179 924 2250 Magnus
954 2181 1235 2249 (agat/leta.
1267 2180 1407 2244 Quid
1440 2181 1511 2236 sit
1559 2181 1852 2251 logotheta,
1887 2181 1998 2251 jam

429 2273 466 2328 l.
490 2288 529 2335 ι,
562 2288 611 2327 c.
649 2272 700 2331 6.
737 2272 1147 2340 explicavimus.
1208 2272 1270 2327 Et
1309 2274 1557 2342 quamvis
1596 2275 1806 2327 Nectas
1855 2274 1999 2328 dicat

426 2381 550 2420 csse
582 2381 705 2419 eum
766 2366 858 2434 qui
922 2364 1131 2418 Latinis
1158 2366 1230 2419 sit
1274 2365 1655 2427 cancellarius.
1715 2374 1892 2419 tatncn
1948 2368 1999 2421 id

429 2457 628 2525 ubique
650 2456 830 2509 locum
858 2456 1052 2509 habere
1075 2471 1178 2509 non
1208 2464 1405 2525 potest.
1433 2458 1566 2523 Quis
1585 2456 1729 2511 οιιὶιιι
1759 2458 2002 2523 ιοδοιιιεο

430 2558 537 2604 tam
567 2548 779 2614 ἀτελῶν
800 2548 1065 2616 pecuaria
1116 2562 1213 2602 seu
1267 2563 1479 2618 gregum
1525 2556 1683 2602 vocet
1727 2551 2001 2604 cancella-

431 2639 595 2702 rium,
627 2649 685 2691 ut
717 2648 766 2691 et
804 2639 1129 2707 logotlzetam
1158 2637 1252 2690 τοῦ
1279 2638 1508 2709 δρόμου,
1533 2654 1721 2692 cursus
1743 2641 1768 2693 .9
1796 2639 2000 2698 Gnc'rs.

499 2727 665 2801 llbid.
698 2730 1007 2796 Λογοθέτην
1041 2744 1070 2780 a
1106 2729 1304 2799 Cyrillo
1343 2740 1395 2785 et
1431 2745 1461 2783 a
1500 2730 1889 2801 Chrysostomo
1930 2734 2004 2789 De

431 2820 623 2891 putuit.
655 2835 717 2873 ac
748 2819 983 2888 primunt
1014 2834 1043 2873 a
1092 2818 1342 2874 Ccdreno
1370 2824 1420 2873 in
1453 2822 1743 2876 Anastasio
1802 2839 2006 2877 inemo-

430 2921 629 2979 ratum,
669 2926 859 2965 verum
909 2913 961 2964 in
997 2911 1105 2964 alio
1134 2926 1295 2978 quant
1348 2913 1439 2981 qui
1488 2908 1850 2983 pertractatur
1876 2931 2003 2970 sen-

428 3018 492 3058 su
524 3001 768 3071 reperio;
799 3016 1042 3070 praesens
1081 3002 1226 3056 enim
1270 3012 1351 3057 cst
1382 3019 1489 3057 non
1536 3006 1627 3073 qui
1658 3005 1859 3073 aerarii,
1908 3007 2003 3063 sed

426 3095 520 3163 qui
558 3092 760 3163 publici
788 3092 1067 3162 regimiuis
1094 3094 1323 3147 ratione:
1370 3095 1535 3161 ponit.
1591 3095 1814 3167 Magnus
1847 3114 2004 3152 nant-

428 3203 534 3256 que
567 3185 839 3256 l0gotheta
869 3202 994 3239 cum
1032 3185 1362 3255 imperatore
1400 3190 1708 3245 communis
1752 3192 1877 3247 boni
1919 3209 2005 3246 ra-

429 3284 629 3336 tionem
662 3280 847 3345 habet,
883 3296 968 3335 res
1015 3282 1159 3335 unde
1191 3282 1502 3351 reipublicae
1560 3286 1907 3341 commodutn
1949 3296 2002 3342 ct

428 3374 589 3429 sin'ml
619 3372 880 3441 principis
914 3373 1207 3428 thesaurus
1265 3377 1507 3443 augescit
1538 3376 1906 3440 administrat,
1949 3389 2002 3435 et

427 3466 661 3529 denique
693 3464 904 3518 cunctis
940 3465 1207 3533 providet.
1248 3463 1320 3519 De
1353 3466 1444 3520 illo
1474 3465 1764 3538 Gregoras.
1807 3471 1896 3524 ubi
1935 3471 2002 3526 de

431 3557 733 3621 Bluzalooe,
769 3571 843 3621 Vt,
880 3555 915 3608 2
946 3573 960 3610 ;
1008 3549 1118 3607 Ἦν
1148 3556 1176 3610 ὁ
1202 3556 1503 3620 Μουζαλὼν
1538 3558 1872 3628 (λογοθέτης)
1923 3561 2001 3633 τῷ

428 3646 640 3718 βασιλεῖ
670 3643 1165 3714 παραδυναστεῦων
1183 3646 1326 3710 τότε,
1390 3647 1487 3698 καὶ
1516 3648 1628 3708 τοῖς
1691 3648 1996 3716 βασιλικοῖς

429 3738 525 3789 καὶ
555 3737 840 3806 δημοσίαις
876 3737 1179 3804 μεσιτεύων
1222 3736 1534 3806 πράγμασι,
1582 3740 1676 3791 καὶ
1717 3740 1867 3809 παρὰ
1906 3737 1998 3792 τοῦ

430 3829 698 3900 βασιλέως
732 3830 996 3900 μεγίστην
1032 3831 1414 3899 καρπούμενος
1472 3829 1567 3899 τὴν
1601 3830 1731 3882 siit?)
1790 3830 1879 3885 διά
1939 3848 1998 3883 τε

430 3920 623 3989 σοφίαν
662 3921 757 3974 καὶ
782 3924 958 3992 γῆρας
1013 3925 1232 3992 μακρὰν
1262 3925 1355 3975 καὶ
1406 3922 1662 3997 ποικίλην
1704 3925 2000 3992 ἐμπειρίαν

430 4016 775 4084 πραγμάτων
811 4015 952 4083 μετὰ
1001 4016 1317 4085 φρονήσεως
1354 4016 1512 4084 ἔχων.
1549 4013 1764 4070 Nicctas
1798 4015 1889 4071 ubi
1934 4019 1999 4070 tle

430 4108 929 4177 llagiotbeodortte,
968 4108 1019 4161 in
1052 4106 1319 4167 Manuele.
1365 4105 1405 4160 Ι.
1445 4123 1456 4159 I
1508 4124 1522 4160 :
1583 4106 1896 4159 Μελεδωνὺν
1942 4107 1999 4160 δὲ

432 4199 732 4271 μεσιύοντα
755 4200 849 4251 καὶ
879 4200 984 4251 τῶν
1014 4199 1234 4251 οἰκείων
1255 4197 1653 4265 ὑποδρηστῆρα
1696 4196 1999 4265 διαταγμά-

428 4308 538 4343 των
563 4292 652 4342 τὸν
691 4289 1182 4359 ’Λγιοοεωδορὶτην
1214 4288 1432 4356 τίθησιν
1473 4287 1750 4355 Ἰωάννην.
1781 4290 1890 4342 Καὶ
1930 4284 1999 4360 ἦν

429 4382 508 4449 τῷ
537 4380 811 4450 προσώπῳ
846 4379 941 4431 τοῦ
975 4380 1237 4448 βασιλέως
1269 4382 1356 4432 ἀεὶ
1381 4379 1767 4447 ὀπτανόμενος,
1804 4380 1899 4431 καὶ
1932 4381 1999 4433 τὰ

429 4471 621 4525 τούτου
662 4472 972 4540 ἐντάλματα
1019 4472 1119 4524 ὅσα
1144 4474 1240 4526 καὶ
1284 4473 1554 4539 ἐμφάσεις
1577 4472 1644 4523 ὲκ
1693 4473 2000 4541 κρείττονος

2104 2006 2330 2051 senatus
2351 1997 2489 2051 solio
2521 1997 2829 2051 consedisse
2858 2002 2913 2050 et
2969 1996 3022 2050 in
3075 1995 3299 2050 secretis
3347 1995 3682 2062 iudiciorum

2103 2091 2368 2144 rationem
2394 2105 2701 2158 supremam
2731 2089 2985 2144 habuisse
3017 2089 3247 2142 allii-mat
3275 2103 3291 2143 :
3331 2097 3382 2142 at
3419 2089 3545 2155 quid
3571 2092 3684 2142 huc

2103 2180 2247 2233 aliud
2289 2196 2453 2248 quam
2503 2197 2757 2249 magnum
2796 2180 3122 2249 logotbetam
3159 2180 3366 2250 egisse?
3404 2177 3682 2250 Logotbe-

2104 2283 2213 2324 tam
2251 2272 2474 2341 insuper
2506 2284 2559 2326 et
2588 2273 2737 2327 urbis
2789 2271 3098 2342 pra-fectum
3141 2271 3290 2341 jubet
3330 2271 3679 2335 Anastasius,

2104 2363 2372 2418 relerente
2417 2365 2663 2419 Cedreuo
2705 2366 2759 2419 in
2784 2367 2901 2434 ejus
2944 2366 3073 2429 vita,
3098 2380 3399 2419 conscenso
3444 2364 3684 2416 amboue

2102 2457 2496 2524 Acephalorum
2529 2457 2775 2511 haeresim
2826 2456 3205 2526 proclamare:
3241 2456 3368 2525 quid
3394 2458 3497 2511 hoc
3523 2457 3676 2510 aliud

2104 2564 2266 2616 quam
2286 2560 2505 2606 senatus
2529 2551 2811 2621 praesidem
2837 2550 3122 2619 populique
3145 2552 3308 2604 rebus
3327 2549 3677 2618 praepositum

2103 2641 2277 2697 eidem
2318 2643 2553 2699 voluisse
2582 2642 2764 2697 lavere
2794 2654 2847 2697 et
2870 2642 3193 2696 auctoritate
3238 2642 3451 2709 publica
3476 2642 3683 2695 conﬁr-

2106 2732 2296 2787 mare?
2327 2734 2656 2803 logothctam
2692 2735 2884 2789 secreti
2914 2734 3084 2787 Annae
3135 2734 3426 2787 Comm-na:
3447 2732 3482 2786 l.
3512 2748 3588 2797 ιιι,
3622 2744 3680 2787 et

2105 2826 2244 2892 apud
2294 2823 2539 2879 Niretatn
2580 2826 2765 2879 statim
2816 2824 2918 2879 sub
2966 2823 3207 2879 historia:
3260 2822 3479 2886 limine,
3520 2832 3579 2876 et
3617 2822 3676 2876 in

2105 2915 2296 2971 lsaacii
2338 2915 2524 2985 Angeli
2553 2915 2588 2970 Ι.
2623 2931 2686 2971 ιιι
2723 2918 2862 2983 lego,
2898 2930 3148 2983 magnum
3177 2915 3500 2981 logothctam
3526 2912 3677 2982 apud

2103 3010 2464 3082 Nicephorum
2487 3012 2781 3081 Gregoram
2814 3018 2867 3065 et
2889 3026 2953 3065 eo
2977 3011 3324 3078 posteriores,
3344 3010 3673 3080 logothetam

2110 3105 2256 3161 nude
2304 3114 2580 3175 sumptum
2623 3106 2706 3159 vel
2737 3103 2831 3157 τοῦ
2863 3102 3079 3170 γενικοῦ
3104 3101 3290 3156 addito
3316 3104 3454 3170 apud
3482 3116 3677 3157 otuues

2109 3196 2294 3252 Nieeta
2324 3196 2591 3264 scriptore
2616 3194 2949 3262 superiores.
2984 3190 3180 3263 Com]

2178 3288 2239 3342 P.
2266 3288 2319 3344 9.
2372 3284 2793 3340 Protosebastus
2842 3286 3256 3352 primaugustus,
3324 3289 3382 3335 ut
3441 3280 3677 3337 Wolﬁus

2104 3392 2314 3435 vertere
2344 3378 2581 3434 amabat.
2616 3379 2857 3444 Rogerus
2879 3378 2930 3429 in
2985 3376 3290 3429 Annalibus
3319 3376 3674 3446 Anglicanis:

2105 3468 2207 3533 Qui
2237 3472 2521 3521 vocabatur
2561 3466 2740 3521 erce
2791 3466 3218 3531 protosebastos;
3280 3464 3468 3520 Latine
3501 3483 3675 3521 comes

2102 3561 2390 3629 palatinas.
2424 3558 2793 3613 Protoscbasti
2818 3557 3057 3626 dignitas
3077 3557 3279 3612 dicitur
3327 3558 3417 3613 ltic
3480 3559 3676 3615 ordino

2101 3651 2314 3706 decima
2350 3652 2545 3714 tertia;
2577 3658 2634 3703 et
2669 3649 2741 3703 ita
2763 3649 2921 3704 estin
2984 3658 3170 3702 nostro
3224 3648 3438 3702 iudice:
3496 3649 3549 3702 in
3575 3662 3675 3702 ca-

2102 3728 2282 3812 talogo
2331 3740 2477 3798 .iuris
2520 3741 2836 3797 Graecorum
2886 3740 2922 3793 l.
2978 3756 3038 3804 ιι,
3084 3740 3360 3796 decimum
3411 3747 3673 3811 quartum

2105 3836 2283 3890 locum
2314 3836 2545 3888 obtinet.
2573 3834 2630 3887 lu
2665 3843 2856 3887 nostro
2880 3846 3111 3902 magnus
3141 3831 3474 3888 domesticus
3504 3848 3677 3901 quar-

2103 3938 2187 3983 tus
2207 3942 2314 3992 (εει,
2357 3928 2411 3981 iu
2448 3929 2538 3980 illo
2583 3926 2868 3995 septimus.
2905 3924 3109 3979 Guers.

2166 4021 2265 4091 [Ὀ
2291 4019 2807 4088 πρωτοσέὔαστος.
2833 4017 3138 4070 lnauditum
3162 4027 3288 4070 ante
3306 4016 3479 4072 Alexii
3507 4017 3672 4072 Cum-

2101 4110 2246 4165 meni
2291 4121 2502 4178 tempus
2555 4124 2785 4172 nomen;
2813 4122 2877 4162 ac
2903 4110 2993 4164 ubi
3038 4123 3162 4161 cutn
3206 4108 3675 4165 scbastocratoros

2102 4209 2157 4255 et
2186 4198 2681 4269 panhypersehasti
2713 4212 3084 4252 con-mentum
3112 4202 3268 4252 Anna
3324 4198 3429 4252 lilia
3485 4208 3677 4254 narrat

2103 4292 2140 4346 l.
2165 4307 2246 4356 ιιι,
2279 4292 2350 4346 ibi
2386 4307 2645 4362 generum
2671 4290 2984 4344 'l‘aronitem
3021 4290 3374 4359 protosebasti
3404 4301 3457 4347 et
3493 4301 3677 4359 proto-

2103 4383 2353 4439 vestiarii
2377 4382 2640 4452 dignitate
2660 4392 2903 4444 auctum,
2955 4381 3257 4437 Adrianum
3288 4398 3419 4437 vero
3445 4383 3673 4437 fratrem

2102 4473 2541 4543 protoscbastum
2576 4472 2942 4526 clarissimum
3005 4481 3292 4537 vocatum,
3347 4472 3565 4528 refert:
3612 4474 3675 4529 ‘0

435 4562 628 4632 μοίρας
663 4562 975 4630 δεχόμενος.
1006 4560 1363 4630 Curopalates
1390 4563 1441 4616 in
1487 4562 1745 4617 Michaele
1772 4560 1991 4632 Parapi—

2115 4564 2394 4634 Ἀδριανὸς
2422 4566 2450 4616 ὁ
2467 4563 2698 4631 ἁδελφὸς
2725 4564 2818 4617 τοῦ
2863 4564 3197 4634 κρατοῦντος
3218 4565 3674 4637 πρωτοσέῦαστος

432 4656 625 4709 nacio:
660 4654 751 4716 Et;
776 4653 876 4723 τὴν
905 4652 1013 4705 τῶν
1038 4653 1234 4706 κοινῶν
1266 4654 1534 4721 διοίκησιν
1583 4653 2003 4723 καταστησάμε-

433 4762 544 4806 νος,
576 4744 869 4814 λογοοέτην
902 4744 1063 4797 αὑτὸν
1098 4744 1521 4813 προϐαλόμενος.
1560 4744 1610 4799 Is
1644 4762 1751 4799 non
1781 4746 2006 4800 absimi-

436 4838 503 4890 lis
536 4850 749 4890 sumtuo
779 4835 909 4905 regii
949 4834 1263 4905 publiciquc
1302 4836 1441 4902 juris
1485 4836 1808 4892 administro
1846 4854 2003 4907 quem

435 4943 747 4996 supremum
774 4927 1158 4980 cancellarium
1211 4925 1397 4981 Graeco
1451 4925 1636 4983 Niceta
1670 4938 1805 4983 teste.
1842 4943 2006 4983 vaca-

439 5035 588 5072 mus:
632 5016 692 5071 Ὅ
722 5020 820 5087 μὲν
856 5019 947 5071 τὸν
1003 5019 1226 5081 οἰκεῖον,
1273 5021 1405 5089 ὠςὴ
1457 5019 1704 5074 Λατίνων
1753 5020 2008 5092 βούλεται

440 5109 613 5180 φωνὴ,
644 5109 1063 5178 καγκελλάριον.
1099 5109 1177 5163 lta
1235 5110 1419 5165 scribit
1446 5112 1690 5180 ejusdem
1742 5113 2007 5170 Manuelis

440 5202 479 5255 ι.
516 5216 611 5263 ιιι,
642 5199 714 5261 ὼς
748 5200 791 5252 δ’
816 5200 1075 5269 Ἕλληνες
1103 5202 1311 5253 ειποιεν
1339 5201 1629 5274 λογοθέτην
1659 5198 1747 5275 (ἦν
1766 5205 1822 5258 δὲ
1851 5197 2006 5267 οὗτος

435 5295 463 5346 ὁ
491 5292 809 5361 Μαγέντζης
835 5294 1154 5361 ἐπίσκοπος)
1185 5294 1450 5363 ἔπεμψεν.
1475 5294 1584 5351 Fax
1614 5298 1745 5364 alia,
1770 5314 1874 5369 qua
1903 5315 2002 5354 v0!

437 5382 756 5446 illustretur,
798 5383 930 5436 mihi
991 5382 1263 5453 superﬂua
1298 5399 1408 5458 est,
1435 5388 1818 5444 Animadverte
1849 5392 2010 5445 modo

434 5475 768 5545 logotbetam
802 5477 951 5544 prius
980 5475 1147 5531 fuisse
1184 5481 1275 5548 qui
1308 5482 1509 5548 publici
1559 5482 1737 5535 tmarii
1771 5492 2011 5553 quzestor

436 5575 689 5630 vocatur;
726 5567 792 5621 de
823 5581 932 5636 quo
986 5582 1149 5624 sensu
1205 5585 1305 5625 nos
1361 5571 1522 5636 infra,
1560 5576 1647 5628 ubi
1684 5574 2007 5645 logothetam

434 5658 531 5712 τοῦ
593 5658 811 5727 γενικοῦ
863 5674 1214 5730 exponemus.
1270 5664 1460 5732 Μέγαν
1516 5668 1661 5721 hunc
1721 5668 2012 5739 λογοθέτην

438 5756 565 5801 ante
598 5747 769 5800 Alexii
816 5758 1058 5818 tempora
1089 5752 1178 5803 vix
1231 5753 1477 5808 auditum
1528 5756 1678 5810 scio:
1734 5758 2010 5829 διοικητοῦ

440 5854 629 5896 vocem
648 5839 767 5911 ejus
787 5856 986 5897 munus
1007 5843 1147 5914 apud
1174 5845 1426 5917 antiquos
1449 5847 1783 5919 signiﬁcasse
1812 5850 2009 5919 fateor;

2107 4654 2354 4720 ἀξιοῦται
2370 4654 2856 4726 περιφανέστατος.
2881 4654 3000 4709 Mox
3022 4654 3230 4724 absque
3246 4654 3425 4709 medio
3445 4655 3632 4711 subdit
3658 4671 3675 4709 :

2108 4747 2324 4799 Τούτων
2350 4746 2404 4798 δὲ
2435 4746 2542 4797 τῶν
2578 4745 2905 4811 ἀξιωματων
2942 4748 3037 4815 τὴν
3089 4746 3491 4816 καινοτομίαινὸ
3540 4747 3677 4816 ἐμὸς

2107 4837 2290 4909 πατὴρ
2324 4837 2746 4906 προσεξεύρατο.
2799 4838 2949 4891 Alios
2984 4838 3391 4907 protosebastos
3419 4850 3678 4911 prtitore-

2107 4931 2277 4984 stiarii
2308 4930 2569 5000 dignitate
2607 4931 2900 5000 conjuncta
2931 4928 3146 4986 Nicctas
3168 4974 3184 4999 ,
3212 4931 3501 5003 Gregoras,
3530 4936 3679 4990 Can-

2114 5031 2415 5077 tacuzenus
2442 5034 2746 5077 recensent.
2781 5025 2860 5077 Ad
2892 5024 3140 5079 Alexium
3166 5036 3223 5081 et
3248 5025 3457 5081 Annam
3491 5031 3675 5085 redeo.

2109 5115 2228 5185 Ipsa
2265 5116 2355 5169 ubi
2395 5114 2627 5171 Venetos
2658 5116 2926 5171 bellorum
2958 5117 3139 5173 socios
3168 5118 3329 5176 donis
3385 5130 3437 5174 et
3504 5121 3680 5176 hono-

2111 5225 2232 5263 rum
2253 5212 2490 5265 cumulis
2519 5226 2547 5264 a
2596 5220 2750 5280 patre
2807 5221 3195 5281 compensatos
3245 5225 3450 5279 narrat;
3498 5215 3676 5283 ipsum

2111 5302 2425 5371 reipublicm
2483 5306 2676 5357 ducem
2754 5305 3250 5382 protosebastorum
3312 5304 3575 5376 dignitate
3624 5320 3679 5364 et

2110 5394 2415 5465 stipendiis,
2454 5394 2819 5464 patriarcbam
2850 5411 2980 5450 vero
3007 5398 3401 5465 pervenerandi
3434 5400 3675 5469 appella-

2113 5492 2281 5550 tione,
2309 5487 2509 5543 collato
2540 5503 2647 5543 non
2674 5487 2926 5543 illiberali
2947 5487 3226 5556 donativo,
3261 5491 3677 5549 cohonestatum

2114 5580 2325 5634 scribit.
2360 5579 2531 5633 Verba
2558 5580 2676 5646 ejus
2707 5589 2837 5634 sunt
2871 5599 2887 5636 :
2926 5582 3022 5644 ’ος
3052 5582 3143 5635 διὰ
3183 5582 3395 5638 πολλῶν
3453 5586 3681 5650 τούτους

2112 5670 2485 5740 ἀμειψάμενος
2514 5672 2740 5742 δωρεῶν
2789 5673 2887 5727 καὶ
2920 5673 3085 5744 τιμῆς
3110 5678 3200 5728 καὶ
3217 5675 3382 5729 αὐτὸν
3403 5676 3492 5731 τὸν
3513 5677 3681 5732 IIona

2114 5762 2368 5827 Βενιτίας
2388 5764 2464 5833 τῷ
2491 5763 2598 5816 τῶν
2623 5766 3096 5834 πρωτοσεσὰστων
3121 5767 3392 5847 αξιώματι
3423 5771 3564 5838 μετὰ
3584 5771 3681 5841 τῆς

2118 5855 2283 5924 ῥόγας
2324 5855 2610 5927 ἐτίμησεν,
2658 5855 2961 5928 ὑπὲρτιμον
3000 5856 3057 5911 δὲ
3090 5858 3181 5915 καὶ
3212 5860 3300 5914 τὸν
3333 5860 3682 5934 πατριάρχην
