3936 6638
427 388 538 457 Σο]

1505 402 1589 463 ΙΝ
1662 402 1965 479 LIBRUM
2015 402 2489 465 DE‘OFFILIIS
2528 404 2673 464 CP.’

3600 389 3717 464 ἳῧί

428 520 783 584 nuncupatus
811 512 1035 569 lsaurus
1064 514 1434 571 Artabasdum
1481 517 1609 572 data
1649 519 1701 573 in
1730 519 2092 590 conjugemiA
2119 530 2173 573 et
2204 522 2488 592 πρόκειται
2515 535 2545 574 a
2573 511 2784 574 Zonars
2810 516 3077 574 dicuntur
3107 518 3162 573 in
3186 516 3475 587 TheOphili
3503 517 3657 582 Vita.
3684 536 3715 575 a

428 604 536 660 tilia
567 604 942 676 curopalatem
992 603 1141 671 fecit,
1177 621 1242 661 ex
1285 608 1483 663 eodem
1517 596 1878 677 Theophane,
1921 608 2019 677 qui

427 693 757 750 Mauricium
787 710 897 764 quo
920 710 1010 765 jue
1054 708 1308 766 nepotem
1338 698 1742 754 'Domentiolum
1775 714 1840 754 eo
1885 699 2023 753 titu-

428 788 480 841 lo
507 787 675 842 refert
704 789 948 844 auxisse.
992 787 1147 845 llunc
1176 790 1440 845 honorem
1480 791 1821 846 Domentiolo
1867 787 2021 846 l‘ratri

426 879 659 933 contulit
693 878 932 947 Phocus,
967 890 1029 937 ut
1087 882 1370 938 Cedrenus
1394 884 1445 937 in
1475 884 1594 955 ejus
1620 880 1767 950 Vita,
1800 893 1855 941 et
1876 885 2023 953 pari-

352 974 353 977 “
428 980 510 1026 ter
539 988 804 1044 germano
835 968 1127 1030 Theodoro
1170 975 1475 1041 lleraclius,
1511 988 1566 1030 ut
1596 977 1941 1048 Nicephorus
1966 977 2019 1033 in

425 1063 725 1121 Breviario.
749 1064 981 1122 Michael
1004 1066 1063 1123 S.
1087 1068 1273 1139 lgnatii
1313 1081 1563 1145 patere:
1591 1071 1908 1141 curopalate
1942 1070 2022 1127 la-

424 1164 548 1211 ctus
564 1166 648 1213 est
673 1159 993 1229 imperator.
1009 1160 1215 1216 Bardas
1228 1159 1729 1232 lgnatiojnl'mrsus,
1746 1177 2018 1219 summam

424 1249 674 1305 ambiens
708 1260 1056 1319 potestatem,
1080 1256 1429 1324 curopalates
1462 1258 1727 1325 primum,
1762 1266 1875 1311 tum
1901 1256 2020 1311 Cae-

426 1356 521 1397 sar
549 1352 633 1397 est
661 1346 949 1402 salutatus.
982 1347 1058 1403 De
1107 1348 1229 1416 ejus
1258 1350 1569 1420 insignibus
1613 1359 1668 1406 et
1697 1352 2020 1408 ministeriis

426 1450 530 1490 suo
563 1437 686 1491 loco
708 1454 727 1492 :
751 1438 905 1508 plura
929 1448 983 1494 et
1001 1440 1218 1496 diversa
1246 1444 1490 1512 reperies
1521 1443 1666 1513 apud
1698 1444 2018 1512 Meursium,

426 1524 767 1595 Grctserum,
795 1526 1184 1602 Bulengerum,
1212 1529 1505 1588 Falnotnm
1530 1535 1583 1589 in
1607 1535 1837 1591 Cedreni
1862 1535 2018 1591 Gloss

425 1620 590 1685 sario,
629 1620 1010 1692 Dcmpsterum
1052 1625 1119 1680 de
1153 1630 1335 1697 Antio.
1369 1627 1530 1684 Βοιιι.
1574 1630 1615 1693 l,
1648 1630 1705 1691 4.
1751 1630 2015 1689 Savarum

427 1713 479 1764 in
506 1712 721 1767 Sidonii
759 1716 1092 1785 Apollinaris
1114 1734 1340 1775 carmen
1380 1721 1470 1776 23.
1503 1719 1703 1795 Ceam]

501 1798 561 1857 Ρ.
595 1804 649 1859 9.
695 1801 759 1858 Ὅ
785 1809 1280 1882 παρακοιμὼμενος
1329 1812 1426 1882 τῆς
1471 1815 1786 1884 σφενδόνης.
1815 1813 2014 1870 Junius

2129 612 2312 666 Niceta
2348 613 2402 666 in
2442 604 2654 666 Joanne
2706 610 2987 665 Comneno
3039 610 3255 663 οίκίδιοι
3284 611 3376 663 καὶ
3404 610 3715 679 πρόκνιτοι,

2123 720 2153 759 a
2178 704 2510 772 Theophane
2551 701 2936 758 inlustiniano
2970 702 3408 774 κουὸικου).άριοι
3434 692 3531 757 καὶ
3564 720 3717 756 σπα-

2124 798 2341 869 θὰριοιε
2373 796 2566 851 armati
2624 801 2825 868 quippe
2881 797 3094 866 spathis
3129 795 3717 854 sacrummuhicnlum

2115 888 2512 945 observabant.
2544 887 2674 943 Eam
2712 889 2784 943 ob
2819 902 2932 942 rem
2976 887 3191 941 somnio
3216 925 3231 943 .
3267 889 3411 954 quod
3457 888 3718 940 interitus

2125 984 2225 1036 luit
2260 980 2575 1043 oraculum,
2603 978 2903 1035 exterritus
2931 978 3228 1033 Mauricius
3250 979 3390 1046 apud
3424 976 3718 1045 Theopha-

2121 1093 2245 1131 nem
2282 1066 2626 1140 διυπνισθεις
2673 1075 2901 1127 ἐκάλεσε
2921 1071 3012 1126 τὸν
3059 1068 3567 1142 παρακοιμὼμενον
3613 1069 3714 1122 αὖα

2119 1166 2239 1233 τοῦ,
2276 1177 2336 1221 ut
2354 1167 2446 1238 qui
2474 1166 2763 1221 dormienti
2782 1163 3017 1235 principi
3043 1163 3199 1233 juxta
3224 1174 3423 1216 nomen
3446 1160 3717 1215 excubias

2120 1274 2293 1329 agens
2348 1260 2662 1313 accubaret.
2699 1249 2901 1328 Com]

2192 1350 2276 1405 Ib.
2316 1350 2601 1421 Logotlteta
2635 1351 2817 1415 (erarii
2853 1347 3142 1419 generalis.
3186 1338 3261 1400 lta
3290 1343 3428 1401 verti
3485 1343 3715 1401 Glossae

2119 1445 2268 1501 rium
2286 1443 2771 1500 Gra‘robarharum
2795 1451 3043 1499 secutus.
3072 1438 3290 1505 Junius,
3316 1438 3587 1509 logotlma
3614 1454 3715 1506 pu-

2120 1537 2270 1591 blica:
2318 1539 2414 1590 rei.
2474 1536 2657 1604 Longe
2706 1536 2886 1605 aptius
2942 1550 3104 1603 quam
3165 1522 3433 1601 interpres
3478 1532 3717 1586 laminis

2117 1631 2458 1700 Curopalatte
2509 1630 2780 1693 historici,
2811 1630 2899 1684 eui
2930 1626 3270 1697 Nicephorus
3289 1627 3315 1679 ὁ
3338 1625 3449 1678 ἀπὸ
3477 1619 3715 1693 γενικῶν

2117 1731 2200 1777 est
2236 1722 2560 1790 Nicepltorus
2587 1740 2618 1775 α
2644 1720 2871 1775 Cenicis.
2930 1720 3206 1789 Interpres
3236 1716 3384 1772 Juris
3416 1714 3511 1770 CB
3551 1730 3712 1770 cura-

2120 1826 2283 1869 torem
2321 1814 2491 1893 genici
2550 1813 2824 1884 iudigitat.
2886 1811 3118 1867 Wollins
3176 1812 3339 1864 vertit
3386 1808 3709 1879 generalem.

427 1897 703 1952 accnbitor
732 1901 931 1968 funde.
970 1902 1028 1957 lu
1060 1907 1322 1976 catalogo
1350 1892 1515 1964 'Jnris
1560 1906 2014 1966 Graeco-Romani
2051 1902 2087 1955 9
2118 1910 2387 1973 absolute,
2423 1917 2480 1961 et
2518 1906 2814 1975 generalem
2839 1906 3182 1975 lagotltetam,
3211 1904 3339 1973 quia
3374 1902 3623 1957 Zonaras
3654 1903 3709 1955 in

426 1990 454 2042 ὁ
478 1992 973 2062 παρακτιμὼμενος
995 1996 1093 2065 τῆς
1112 1999 1356 2069 μεγάλης
1381 2002 1673 2072 σφενδόνης
1696 2021 1709 2054 :
1737 2004 2008 2074 interpres

2120 1998 2352 2068 imperio
2383 2000 2567 2053 [renes
2592 2006 2647 2051 et
2668 1995 3016 2051 Constantini
3045 1992 3526 2063 liliiNicephorum
3561 1992 3717 2060 γενιέ

421 2084 703 2136 accubitor
734 2101 940 2156 magna’
973 2090 1139 2158 pulte.
1185 2092 1293 2159 ligo
1344 2094 1595 2149 versione
1631 2113 1744 2149 mea
1778 2112 1892 2149 rem
1932 2099 2011 2166 ip-
2117 2092 2210 2145 κὸν
2237 2091 2529 2162 λογοοέτην
2558 2091 2816 2160 appellat.
2855 2089 3127 2145 Theodori
3191 2086 3494 2143 lletoeliiue
3526 2087 3709 2141 maxi-

423 2188 539 2228 sant
562 2176 833 2246 explicare
853 2180 1207 2242 studui.enm
1228 2184 1361 2237 nihil
1398 2195 1649 2254 suppetat
1683 2189 1829 2257 quod
1857 2187 2010 2244 (ἐι-ω·
2118 2201 2242 2241 inus
2289 2183 2654 2240 encotniastes
2681 2192 2765 2237 est
2810 2180 3154 2251 Nicephorns
3195 2178 3462 2250 Gregoras
3498 2179 3552 2233 in
3605 2196 3705 2231 sua

420 2282 485 2320 ca
527 2279 653 2338 apte
682 2272 971 2340 exprimat.
1027 2272 1159 2328 Non
1212 2279 1712 2347 παρακοιμὼμενος
1759 2280 1859 2334 iste
1890 2292 2009 2336 erat
2117 2276 2360 2338 historia,
2398 2276 2669 2345 praecipue
2719 2272 2757 2328 Ι.
2792 2289 2863 2327 vn
2925 2312 2943 2338 ,
2974 2288 3081 2326 non
3136 2270 3326 2342 procul
3364 2287 3392 2324 a
3421 2271 3549 2325 line.
3607 2270 3707 2326 llic

386 2404 387 2407 η
422 2360 673 2429 sigilliler
720 2378 818 2417 seu
853 2375 1046 2420 custos
1074 2368 1261 2421 annuli
1291 2370 1647 2437 imperatorii,
1681 2387 1791 2437 quo
1820 2373 2014 2427 littera:

420 2453 901 2524 obsignabantur;
926 2460 1020 2528 qui
1042 2461 1281 2513 annulus
1305 2476 1401 2530 per
1424 2470 1632 2531 partem
1655 2477 1833 2529 suam,
1863 2477 2015 2517 nem-

424 2560 492 2614 pe
516 2562 615 2617 per
650 2549 944 2621 σφενδόνην
966 2567 1063 2606 seu
1092 2553 1294 2620 palam,
1317 2554 1686 2625 significatur:
1713 2572 1837 2626 pars
1862 2559 2013 2613 enim

426 2639 544 2694 ba-c
572 2641 743 2695 servit
773 2643 1103 2711 signaturaa,‘
1132 2656 1190 2700 ut
1221 2648 1303 2702 sic
1332 2648 1548 2717 loquar.
1590 2649 1798 2705 ϐαι-πε.

495 2732 766 2804 [Antonios
789 2738 1126 2805 signatorios
1152 2740 1267 2795 sive
1298 2740 1475 2810 sigilla
1499 2742 1552 2796 in
1584 2744 1803 2798 annulis
1834 2742 2015 2801 adhuc

421 2827 720 2895 postremis
776 2829 992 2885 sieculis
1044 2830 1406 2901 imprratores
1468 2844 1713 2905 gestasse
1765 2837 2014 2893 declarat

423 2917 643 2974 Nicctas
676 2927 790 2973 tum
823 2919 877 2975 in
904 2919 1118 2977 Joanne
1150 2925 1432 2979 Cotuueno
1476 2928 1660 2982 statim
1718 2929 1882 3001 186
1910 2932 2013 2987 sub

425 3010 675 3065 historiae
726 3026 841 3067 suae
880 3012 1089 3080 limine,
1120 3030 1230 3086 quo
1255 3018 1370 3087 ipse
1395 3017 1589 3071 εῐσεισι
1639 3020 1730 3073 τὸν
1779 3022 2011 3076 κοιτῶνα

423 3104 515 3158 τὸν
549 3104 846 3175 πατρικὸν,
874 3107 969 3160 καὶ
1003 3108 1329 3179 προσπεσὼν
1390 3111 1466 3172 ὡς
1516 3111 1678 3182 δῆθεν
1729 3112 2012 3185 θρηνήσων

424 3200 737 3271 ὑφαιρεῖται
805 3201 989 3273 λάθρα
1030 3204 1131 3272 τῆς
1166 3205 1379 3260 ἐκείνου
1409 3209 1591 3277 χειρὸς
1647 3208 1741 3261 τὸν
1779 3225 2012 3278 σφραγιι-

427 3294 605 3365 στῆρα
632 3294 953 3350 δακτύλιοντ
986 3304 1102 3350 tum
1136 3296 1188 3351 in
1209 3299 1400 3354 Alexio
1418 3300 1624 3355 laudati
1650 3298 1879 3357 Joannis
1910 3317 2007 3357 ne-

420 3394 554 3454 pote
594 3386 660 3440 ad
699 3386 928 3449 calcem.
957 3387 1048 3443 ubi
1085 3403 1151 3443 eo
1203 3390 1501 3445 crudeliter
1539 3391 1870 3447 obtruncato
1902 3407 2000 3447 au-

426 3477 500 3532 ris
531 3478 775 3533 abseissa
804 3480 999 3534 subula
1056 3480 1387 3551 perforatur,
1433 3483 1772 3555 traiectoque
1828 3483 1919 3540 lilo
1951 3496 2007 3541 et

422 3572 672 3641 apposita
704 3587 829 3626 cera
864 3574 1162 3629 Andronici
1200 3576 1538 3645 tyrannidem
1572 3578 1881 3635 invadentis
1909 3593 2006 3633 an-

423 3666 555 3719 nulo
593 3665 841 3733 signatur
869 3684 883 3721 :
916 3666 1181 3737 Τιτρᾶται
1213 3668 1482 3740 ὀϐελίσκῳ
1509 3670 1570 3723 τὸ
1587 3669 1698 3737 οὓς,
1732 3673 1825 3725 καὶ
1878 3672 2006 3743 κρό-

421 3774 526 3828 κης
554 3757 883 3829 ἐξαφθείσης
925 3760 1094 3831 κηρὸς
1119 3760 1518 3833 περι-πλασθεὶς
1544 3760 1621 3835 τῷ
1661 3766 2002 3837 Ἀνδρονίκου

428 3853 852 3924 σφραγιστηρίῳ
875 3854 1260 3923 ἐνσημαίνεται
1296 3856 1583 3927 δακτυλίῳ.
1616 3859 1867 3917 Annulns
1914 3858 2006 3916 ille

420 3950 477 3995 et
506 3943 738 4012 quodvis
760 3944 903 3997 aliud
928 3944 1164 4013 sigillum
1218 3947 1509 4017 σφενδόνης
1550 3964 1749 4005 nomen
1772 3953 2002 4023 accepit.

420 4036 710 4106 Σφενδόνῃ.
752 4036 931 4107 inquit
955 4038 1173 4105 Suidas,
1213 4040 1246 4111 ἡ
1304 4040 1400 4094 τοῦ
1446 4042 1731 4097 δακτυλίου
1780 4042 2007 4114 περιφί-

423 4147 566 4198 ρεια,
602 4130 695 4183 καὶ
724 4132 756 4201 ἡ
786 4133 865 4194 είς
895 4130 1043 4186 λίθου
1070 4133 1329 4203 ἐπιϐολὴν
1364 4135 1642 4205 ἐπιτηδεία
1676 4137 1895 4205 κρῆσις.
1935 4135 2001 4192 ιι-

421 4221 527 4275 lius
555 4222 742 4276 annuli
779 4232 835 4276 et
871 4223 1159 4290 cujuslibet
1201 4224 1427 4279 alterius
1460 4227 1591 4294 regii
1630 4228 1791 4296 sigilli
1816 4236 2005 4285 custos

420 4312 566 4368 fores
599 4314 718 4382 ejus
751 4314 805 4367 in
834 4330 943 4384 quo
976 4317 1259 4384 reponitur
1308 4318 1411 4372 loci
1463 4317 1737 4381 observat,
1770 4320 1834 4372 ad
1886 4317 2003 4375 illas

420 4407 591 4473 sedet,
628 4416 890 4467 moratur,
924 4407 1132 4476 vigilat,
1176 4419 1230 4464 et
1275 4424 1374 4479 pro
1415 4410 1797 4466 excubitorum
1853 4425 2005 4469 mare

422 4500 588 4555 etiam
616 4514 867 4554 sonmnm
899 4503 1067 4571 capit,
1110 4502 1611 4573 παρακοιμώμενος
1637 4504 1735 4571 τῆς
1785 4505 2005 4573 σφενδό-

2119 2364 2439 2418 Metochites
2466 2364 2630 2417 etiam
2683 2360 2853 2433 hujus
2890 2361 3183 2432 logotheta:
3221 2376 3449 2417 munere
3478 2361 3705 2416 functus

2114 2464 2216 2511 cst.
2251 2453 2461 2512 Gnsrs.

2196 2546 2297 2620 ['0
2319 2551 2651 2619 ,λογοθέτης
2676 2549 2788 2605 τοῦ
2804 2548 3070 2619 γενικοῦ.
3090 2548 3299 2613 Lucem
3321 2550 3423 2605 sibi
3453 2559 3702 2604 mutuam

2115 2642 2427 2697 acoendunt
2460 2642 2542 2696 lae
2590 2657 2774 2697 voces.
2809 2644 3034 2696 Γενικόν
3073 2644 3229 2697 locus
3256 2654 3338 2698 est
3384 2644 3560 2712 Cpnli,
3590 2658 3702 2711 quo

2110 2735 2203 2805 jus
2269 2733 2599 2789 tributorum
2629 2735 2834 2791 subditi
2872 2736 3165 2791 exsolvunt
3218 2744 3273 2790 et
3328 2739 3701 2807 ιισυεοιίαιιπιε

2114 2826 2405 2897 vectigalia
2438 2837 2699 2897 pensant,
2754 2843 2917 2898 quem
2953 2826 3196 2884 Zonaras
3246 2828 3699 2898 periphrastiatii;

2111 2917 2182 2971 τὰ
2214 2919 2413 2988 ἀρχεῖα
2439 2917 2568 2982 τοὺς
2596 2918 2927 2988 φορολόγους
2944 2917 3432 2988 λογοπρακτοῦντα
3477 2920 3653 2989 scrips
3679 2931 3699 2974 t

2115 3009 2170 3065 in
2203 3009 2567 3065 Constantino
2605 3008 2790 3080 Duca;
2821 3012 2890 3067 de
2918 3026 3027 3082 quo
3054 3011 3338 3067 Cedrenus
3373 3013 3425 3066 in
3460 3011 3695 3067 Basilio:

2118 3103 2226 3155 Καὶ
2254 3101 2336 3166 είς
2366 3101 2431 3156 τὸ
2453 3100 2749 3174 λεγόμενον
2770 3104 2991 3160 Γενικδν
3016 3102 3226 3159 κατιὼν
3255 3105 3381 3167 τοὺς
3422 3106 3693 3173 elongat-

2114 3196 2374 3265 τομένους
2400 3197 2802 3268 ἑσκότιειπαρά
2853 3200 2949 3253 τοῦ
2974 3199 3263 3271 δημοσίου,
3326 3202 3404 3270 μή
3454 3200 3558 3253 πού
3607 3200 3696 3261 τις

2110 3289 2316 3354 ἀδίκως
2344 3290 2761 3360 εἰσπράττοιτο,
2795 3289 2896 3344 καὶ
2935 3288 3114 3354 οὕτως
3140 3292 3258 3354 τοῖς
3310 3290 3694 3359 ἀδικουμένοις

2105 3384 2375 3453 ὲπήμυνε.
2402 3381 2473 3437 Et
2501 3383 2814 3439 descendens
2847 3384 2917 3437 ad
2967 3382 3240 3449 Genicunt,
3285 3385 3465 3439 rorarii
3494 3384 3689 3447 sedem,

2100 3488 2192 3528 eos
2224 3474 2316 3544 qui
2347 3474 2414 3528 ab
2439 3475 2622 3530 cererii
2665 3475 2922 3530 ministris
2940 3476 3227 3546 uectigalia
3256 3477 3606 3546 exigerentur,
3630 3490 3693 3527 ne

2103 3566 2227 3637 quis
2254 3567 2381 3637 quid
2403 3568 2600 3639 injuste
2627 3569 2964 3637 persolveret,
2987 3570 3380 3637 speculabatur,
3416 3588 3480 3624 ac
3503 3570 3580 3622 ita
3612 3570 3694 3621 in-

2102 3660 2307 3732 iuriam
2341 3664 2518 3732 passis
2552 3664 2934 3731 opitulabatur.
2970 3664 3197 3726 Γενικός
3231 3664 3427 3718 exinde
3466 3662 3688 3731 portorii

2109 3756 2571 3827 vectigaliumque
2622 3768 2838 3812 exactor
2885 3766 2990 3827 est,
3046 3767 3105 3811 ut
3172 3759 3346 3821 aiunt,
3404 3757 3688 3828 generalis.

2107 3847 2306 3907 Suidas
2339 3866 2391 3906 ν.
2425 3852 2648 3913 Γενικός
2687 3870 2702 3906 :
2737 3852 3094 3915 Ἀναστόισιος
3142 3851 3403 3921 βασιλεὺς
3444 3848 3685 3920 Ῥωμαί-

2106 3963 2185 4001 ων
2214 3945 2545 4015 αἰσθόμενος
2577 3943 2774 4015 στολὴν
2830 3945 3171 4015 Σαρακηνῶν
3231 3942 3490 4014 ἔρχεσθαι
3550 3943 3688 3996 κατᾶ

2109 4040 2213 4108 τῆς
2230 4040 2442 4103 πόλεως
2464 4077 2481 4101 ,
2526 4037 2792 4109 Ἰωάννην
2829 4038 2989 4108 187
3019 4036 3304 4107 ἐφίστησιν
3325 4035 3570 4106 ἡγεμόνα
3592 4032 3687 4088 τοῦ

2108 4132 2377 4202 πολέμου.
2413 4132 2666 4187 διάκονον
2690 4132 2787 4200 τῆς
2851 4131 3092 4202 μεγάλης
3116 4129 3415 4200 ἐκκλησίας
3432 4131 3528 4182 καὶ
3543 4128 3691 4194 λογιρ

2109 4225 2245 4295 «τὴν
2301 4225 2413 4278 τῶν
2440 4225 2651 4292 φόρων,
2704 4224 2762 4277 ὃν
2802 4224 3029 4278 Γενικδν
3085 4224 3364 4277 καλοῦσιν.
3406 4222 3688 4277 Cedrenns

2107 4332 2326 4388 quoque
2363 4314 2729 4384 Nicephorum
2788 4317 3134 4383 exgenicum,
3169 4316 3278 4368 ἀπὸ
3318 4313 3562 4383 γενικοῦ,
3601 4310 3685 4365 τοι

2107 4419 2167 4466 ut
2211 4410 2400 4466 scribit
2460 4410 2814 4479 (Iuropalntes
2866 4411 2975 4463 ἀπὸ
3009 4409 3265 4477 γενικῶν,
3302 4410 3683 4478 imperatorem

2109 4502 2313 4557 factum
2347 4510 2578 4557 testatur
2604 4503 2656 4555 in
2688 4486 2929 4557 historiae
2960 4502 3144 4555 limine
3170 4517 3185 4554 :
3221 4501 3346 4556 hinc
3377 4502 3491 4571 ipse
3520 4501 3684 4555 audi-

422 4610 541 4663 νης.
572 4593 729 4662 regite
751 4593 1046 4663 signatura:
1065 4595 1310 4660 antistes,
1336 4597 1478 4650 sacri
1502 4598 1697 4651 cerarii
1717 4596 2002 4664 exarchus,

2114 4595 2185 4650 vit
2210 4595 2429 4663 γενικδς
2478 4594 2791 4663 λογοθέτης,
2826 4594 3043 4663 qualem
3094 4592 3433 4648 Theodotum
3466 4609 3684 4664 quoque

419 4684 583 4755 garde
610 4683 700 4738 des
723 4699 915 4738 sceaua:
936 4686 998 4738 de
1032 4685 1285 4757 lientpire.
1308 4685 1512 4760 ϐολιιά

489 4774 553 4830 Ρ.
580 4778 633 4832 9.
662 4772 960 4832 Praefectus
984 4792 1078 4832 seu
1101 4777 1387 4833 accubitor
1412 4780 1686 4847 cubiculi;
1714 4780 1879 4851 aliqui
1908 4782 2006 4836 ad-

420 4872 560 4927 dunt
588 4873 748 4936 sacri,
790 4881 976 4942 utpote
1006 4871 1365 4943 imperatorii.
1408 4871 1579 4927 llodie
1629 4873 1683 4927 in
1735 4856 1873 4929 alilis
1907 4889 2005 4927 vo-

419 4975 615 5020 cantur
631 4964 1049 5029 kammerlterrn',
1073 4965 1374 5033 ramerarii,
1402 4965 1584 5021 aureis
1606 4963 1853 5020 clavibus
1875 4980 2006 5021 con-

420 5055 618 5125 Spicui.
647 5055 855 5110 Gas'rs.

491 5145 660 5220 “bid.
681 5146 915 5215 Exponit
942 5146 1336 5201 Constantinus
1355 5144 1638 5203 Manasses
1668 5140 2005 5218 παρακοιτον

420 5240 519 5293 καὶ
550 5239 769 5308 φύλακα
789 5239 889 5308 τῆς
934 5238 1211 5310 βασιλείου
1244 5238 1454 5307 κλίνης,
1495 5240 1598 5296 sub
1624 5239 1783 5311 cujus
1816 5242 1999 5310 dispo-

421 5333 625 5387 sitione
644 5341 804 5385 erant
836 5332 1121 5401 πρόκοιτοι
1168 5332 1262 5383 καὶ
1301 5330 1674 5400 προφύλακες.
1710 5332 1778 5387 de
1804 5332 2003 5402 quibus

421 5422 662 5486 Nicetas,
689 5421 783 5490 qui
820 5432 946 5476 ante
982 5421 1130 5477 {ores
1162 5422 1504 5478 excubabant
1534 5433 1588 5478 et
1618 5426 1999 5494 imperatorem

425 5512 827 5568 custodiebant.
862 5513 925 5566 Ol
960 5515 1060 5581 μὲν
1085 5514 1196 5583 γὰρ
1247 5512 1717 5582 σωματοφύλακες
1764 5514 1862 5566 καὶ
1911 5514 1998 5566 δο-

425 5606 654 5675 ρυφόροι
684 5603 889 5657 ἄποθεν
928 5620 1034 5657 που
1059 5602 1154 5657 τοῦ
1193 5604 1485 5674 βασιλικοῦ
1515 5606 1774 5667 κοιτῶνος
1807 5604 1998 5668 νυκτὸς

422 5696 783 5766 κατηύναζον,
803 5698 881 5752 ait
907 5697 994 5753 ille
1016 5697 1071 5751 in
1094 5699 1426 5754 Andronico.
1452 5697 1490 5752 l.
1516 5714 1573 5753 n.
1595 5698 1736 5767 Ergo
1758 5696 1845 5752 isti
1869 5715 1995 5768 pro-

423 5792 574 5856 pius,
592 5790 658 5844 ad
678 5788 823 5845 fores
844 5789 1100 5844 nimirum
1128 5792 1388 5859 principis
1409 5806 1472 5845 ac
1494 5790 1645 5860 juxta
1664 5788 1998 5857 cubiculum,

424 5880 523 5954 qui
559 5882 663 5941 hac
699 5884 768 5965 die
799 5894 965 5943 causa
1012 5883 1324 5937 κοιτωνίται
1357 5898 1385 5941 a
1424 5882 1601 5942 Leone
1627 5882 1998 5969 Grammatice

2110 4687 2512 4752 iniquissimum
2548 4688 2879 4741 monachum
2920 4687 3161 4755 reperies
3193 4685 3336 4754 apud
3399 4684 3685 4755 Theopha-

2106 4795 2230 4835 nem
2256 4787 2313 4834 et
2340 4778 2646 4835 Cedrenum
2678 4781 2730 4834 in
2753 4778 3063 4835 Justiniano
3088 4780 3409 4848 posteriore.
3428 4778 3545 4834 lam
3574 4796 3684 4850 quo

2104 4880 2322 4928 constet
2353 4872 2684 4942 logothctam
2712 4871 2858 4925 hunc
2888 4888 2915 4924 a
2948 4872 3278 4927 cancellario
3326 4872 3484 4940 longe
3504 4871 3684 4938 diver-

2106 4975 2252 5023 sum,
2293 4975 2394 5016 nec
2428 4961 2545 5029 ejus
2574 4971 2666 5014 aut
2715 4960 2913 5017 similis
2962 4962 3185 5016 alterius
3245 4978 3471 5017 munere
3516 4962 3684 5017 fuisse

2103 5051 2449 5121 implicitum,
2485 5053 2581 5107 sed
2617 5068 2884 5109 summam
2911 5054 3088 5107 aerarii
3138 5053 3514 5123 praefecturam
3558 5067 3682 5123 ges-

2102 5141 2263 5202 sisse,
2282 5142 2534 5206 observo,
2555 5141 2711 5209 λόγον
2732 5152 3059 5209 computum,
3080 5145 3385 5211 ratiocinia,
3404 5146 3679 5207 rationem,

2105 5233 2507 5301 ﬁscumraeque
2531 5249 2594 5288 ac
2642 5235 2747 5287 alia
2785 5235 3026 5301 referre;
3075 5252 3182 5305 qua
3226 5237 3295 5291 de
3331 5252 3498 5292 causa
3547 5238 3683 5292 dixit

2103 5322 2463 5393 Theophanes
2497 5326 2549 5378 in
2580 5323 2958 5395 Copronymo:
2993 5327 3076 5380 Τὰ
3096 5327 3153 5380 δὲ
3182 5325 3454 5397 λεγόμενα
3486 5346 3680 5397 πατρι-

2105 5417 2284 5487 μώνια
2337 5417 2447 5469 τῶν
2502 5419 2561 5470 ἐν
2612 5416 2799 5491 Ῥώμῃ
2858 5420 3003 5472 ναῶν
3025 5418 3134 5471 τῶν
3169 5419 3347 5487 ἁγίων
3388 5421 3483 5473 καὶ
3518 5437 3679 5494 κορυ-

2101 5509 2278 5579 φαίων
2322 5510 2668 5573 ἀποστόλων,
2702 5511 2772 5564 τὰ
2825 5510 3059 5565 ἔκπαλαι
3089 5512 3396 5583 τελούμενα
3443 5514 3681 5567 τάλαντα

2099 5602 2227 5673 τρία
2271 5601 2469 5671 ἥμισυ,
2516 5602 2594 5673 τῷ
2653 5603 2900 5674 δημοσίῳ
2972 5604 3116 5675 λόγῳ
3163 5605 3441 5658 τελεῖσθαι
3482 5607 3680 5675 προσνι-
3754 5596 3769 5611 ’

2099 5694 2284 5761 ταξεν,
2323 5694 2532 5763 publica
2558 5697 2753 5750 aerario
2779 5698 2956 5764 pendi,
3005 5698 3059 5751 in
3116 5697 3307 5766 [iscum
3343 5698 3553 5767 referri.
3579 5714 3677 5767 pu-

2100 5769 2249 5840 blicii
2278 5788 2572 5843 rationibus
2636 5793 2907 5845 accenseri
2956 5792 3143 5861 jussit.
3184 5792 3513 5861 Λογοθέτης,
3567 5790 3677 5846 ἀπὸ

2100 5878 2195 5934 τοῦ
2249 5880 2431 5951 λόγου,
2471 5884 2716 5953 publicas
2756 5884 2997 5942 rationes
3050 5885 3347 5956 componit,
3410 5898 3521 5955 quo
3580 5897 3675 5954 pa-
