3936 6674
305 506 416 573 221

1417 519 1811 581 GRE'I’SERI
1853 519 1960 581 ΕΤ
1984 521 2220 587 σσΑηι
2271 530 2512 593 NOTAE.

3475 539 3587 602 2‘12

307 635 435 678 ctus
464 624 669 689 publici
699 642 908 692 cursus,
946 626 1305 693 Postmeister,
1333 642 1385 685 et
1414 620 1900 703 aputanaydzup

2008 639 2367 714 ταλλαγάτωρ
2410 647 2489 701 sic
2511 663 2570 703 se
2603 650 2840 707 habeant
2865 660 2926 707 ut
2945 652 3045 707 ilic
3062 652 3333 722 praecedat
3361 666 3576 722 agmen.

306 717 583 786 generalis
626 718 824 785 publici
853 736 1063 778 cursus.
1119 724 1443 779 Subscribat
1474 726 1568 792 qui
1607 726 1771 787 volet,
1802 740 1911 795 ego

308 810 464 878 quod
520 811 671 865 edidi
727 814 1047 883 amplector,
1084 831 1209 870 cum
1245 816 1410 871 etiam
1467 815 1808 872 Glossarium
1848 833 1902 872 ν.

309 903 776 973 πρωταλογάτωρ
809 920 839 958 a
872 906 1029 959 nobis
1058 916 1188 971 stet,
1208 917 1494 976 vertatque
1522 906 1801 975 prafectus
1824 922 1910 976 ge-

310 995 518 1049 neralis
549 995 804 1063 equitum.
834 996 950 1062 Quo
975 1007 1171 1064 tamen,
1202 997 1398 1067 inquit,
1421 999 1595 1067 major
1616 1008 1728 1052 erat
1757 1000 1785 1051 ὁ
1808 999 1907 1067 ἄρ-

306 1107 427 1156 χων
477 1091 574 1141 τοῦ
622 1090 869 1157 ἁλογίου.
906 1092 1152 1161 princeps
1189 1093 1426 1159 equitum
1482 1093 1560 1147 uel
1612 1106 1902 1155 equorum:

308 1181 517 1248 ἄλογον
536 1183 686 1237 enim
707 1183 915 1239 Grecis
935 1194 1021 1239 est
1041 1201 1204 1253 equus
1228 1200 1324 1240 seu
1349 1185 1674 1255 jumentum.
1698 1183 1899 1237 (iners.

381 1272 538 1331 Ibid.
574 1272 675 1345 ['0
703 1275 905 1344 ἄρχων
921 1275 1026 1329 τοῦ
1051 1276 1324 1342 ἀλοτιόυ.
1354 1275 1597 1331 Ollicium
1627 1274 1769 1328 haud
1802 1289 1905 1327 ex-

310 1366 527 1435 plicatu
560 1367 803 1431 difﬁcile,
833 1382 900 1422 ex
940 1368 1093 1423 vocis
1138 1369 1499 1423 nihilominus
1536 1366 1759 1435 ἀλογιου
1806 1366 1907 1420 du-

310 1458 525 1513 bietate
544 1468 601 1514 et
617 1458 952 1514 obscuritate
968 1459 1080 1529 jzun
1104 1476 1239 1530 pene
1260 1460 1530 1514 incertum
1558 1469 1611 1512 et
1632 1459 1901 1528 ignotum.

312 1549 537 1619 legunt
567 1551 654 1605 hic
685 1553 906 1621 quidam
944 1552 1186 1620 ἀλόγιον,
1220 1564 1273 1605 at
1306 1552 1554 1620 ἀλόγωςε
1587 1559 1643 1606 et
1677 1567 1741 1606 ex
1771 1565 1907 1606 voce

314 1644 520 1712 ἄλογον
575 1645 681 1699 sibi
723 1656 849 1699 nota
883 1644 1032 1714 (quis
1058 1645 1204 1701 enim
1245 1661 1433 1713 equum
1485 1644 1786 1715 ignoraret)
1811 1643 1905 1695 τὸν

314 1739 566 1807 ἄρχοντα
612 1736 709 1795 τοῦ
772 1738 993 1805 alariae
1028 1738 1442 1793 veredariorum
1499 1746 1552 1792 et
1611 1750 1900 1792 cursorum

313 1830 641 1900 praefectum
671 1840 881 1887 creant.
905 1830 1128 1894 Lexica,
1150 1829 1533 1894 auctoritates,
1569 1830 1902 1897 conjectum

313 1931 690 1990 queruntur:
726 1937 916 1976 verum
948 1921 1123 1984 οὐδεὶς
1143 1920 1321 1988 λόγος.
1362 1919 1563 1974 Sanior
1605 1920 1769 1973 lectio
1810 1918 1899 1972 hic

312 2016 579 2070 restituta
607 2026 818 2070 certum
846 2017 1088 2086 profer-ct
1115 2031 1360 2079 sensum,
1407 2026 1460 2069 et
1490 2014 1741 2067 abdicato
1781 2011 1903 2081 jure

310 2108 531 2165 alieno.
554 2112 839 2178 propriqu
859 2108 1037 2163 oﬂicio
1061 2086 1359 2179 rcparabit.
1380 2107 1695 2178 legendum
1719 2105 1904 2174 itaque

304 2199 607 2268 ἀλλαγιου.
645 2200 791 2270 quod
825 2201 1146 2270 frequenter
1168 2211 1281 2256 tum
1313 2203 1403 2257 hic
1426 2210 1540 2256 tum
1570 2218 1619 2255 c.
1649 2200 1683 2255 5
1702 2214 1905 2270 posite-

308 2304 447 2346 runt
477 2291 649 2363 Regia
682 2309 807 2348 cum
852 2295 1068 2349 duobus
1105 2294 1399 2349 Mazarinis
1419 2308 1551 2348 mss.
1573 2292 1903 2359 exemplari.-

307 2384 423 2438 bus
453 2386 810 2454 postmodum
834 2386 1371 2455 proferendis,‘quod
1395 2394 1714 2440 constanter
1740 2384 1904 2438 habet

305 2476 716 2541 Cantacuzeni,
756 2478 990 2547 Regium
1028 2479 1153 2532 item
1193 2478 1471 2549 exemplar
1527 2477 1699 2541 aliud,
1757 2480 1901 2541 quod

309 2568 551 2623 indubie
612 2571 959 2625 retinendum
1009 2556 1227 2626 censuit
1284 2580 1477 2624 auctor
1531 2568 1799 2624 Glossarii
1842 2562 1893 2621 ν.

309 2661 742 2733 ἁλὶαξιμάριον,
761 2663 1045 2731 suanm.
1083 2664 1459 2727 Errattamen,
1485 2672 1543 2717 ut
1564 2676 1708 2729 saepe
1737 2660 1899 2722 solet,

305 2754 448 2808 dum
480 2756 743 2822 ὰλὶάγιον
763 2765 819 2810 et
843 2756 1089 2827 ἀλλαγήν
1107 2756 1413 2817 confundit,
1445 2771 1509 2809 ac
1534 2770 1601 2808 eo
1624 2754 1768 2824 quod
1800 2754 1899 2805 a1-

306 2841 460 2913 λατὴ
492 2841 633 2906 ζῶον
670 2845 955 2915 δρομικόν,
996 2846 1327 2901 veredarium
1357 2857 1405 2901 et
1436 2862 1628 2915 equum
1666 2853 1902 2898 ntutato-

305 2936 477 3001 rium,
504 2938 735 3003 indicat,
767 2953 832 2994 ex
865 2941 1101 3010 pmpriis
1136 2940 1191 2994 in
1231 2940 1420 2995 eodem
1452 2955 1617 2994 sensu
1645 2938 1709 2991 τὸ
1734 2935 1901 2991 ἀλλά-

307 3044 438 3097 γιον
470 3032 721 3100 exponit.
762 3030 1019 3087 Errorem
1062 3033 1523 3089 animadvertisse
1551 3032 1785 3094 diceres,
1806 3029 1899 3084 ubi

309 3122 650 3193 subjttngit:
689 3123 1011 3181 Scholiasta
1044 3125 1275 3195 Oppiani
1310 3124 1551 3179 Halieut.
1591 3124 1628 3179 ι.
1658 3141 1673 3179 ι
1706 3142 1720 3179 :
1758 3124 1901 3187 Τοὺς

306 3213 515 3285 λόχους
564 3216 953 3286 interpretatur
978 3217 1214 3287 ἀλλάγια
1246 3236 1261 3273 :
1296 3226 1374 3283 at,
1422 3217 1578 3287 quasi
1616 3218 1897 3287 repudiata

2008 729 2096 784 hic
2129 745 2433 803 sequatur;
2477 739 2570 794 ille
2599 742 2805 798 milites
2841 746 3025 807 ducat,
3060 745 3147 797 hic
3192 744 3451 802 ordinet:
3487 744 3583 799 ille

2006 834 2229 891 paratos
2271 828 2333 881 in
2372 830 2541 909 aciem
2579 843 2631 887 et
2666 833 2852 889 hostes
2886 835 3137 905 exemplo
3175 843 3452 905 provocet,
3490 835 3579 887 hic

2008 915 2255 971 militiam
2284 919 2620 985 deserturos,
2660 933 2721 978 ut
2750 925 2815 978 in
2840 926 3032 980 ordine
3062 935 3229 986 stent.
3268 927 3317 978 vi
3346 927 3585 994 compelo

2006 1005 2120 1072 lat;
2149 1008 2239 1063 ille
2270 1023 2424 1066 recta
2470 1013 2649 1069 fronte
2682 1017 2734 1070 in
2786 1018 2972 1071 hostes
3004 1019 3197 1087 pergit,
3232 1019 3318 1073 hic
3356 1035 3385 1071 a
3416 1014 3587 1085 tergo

2008 1098 2284 1169 imperitis
2304 1115 2360 1159 et
2388 1107 2509 1161 sola
2557 1107 2691 1162 faeie
2720 1110 3006 1164 conversis
3042 1110 3355 1171 confestim,
3391 1124 3454 1164 ex
3486 1125 3579 1178 pe-

2005 1191 2294 1262 dissequo,
2322 1195 2518 1251 ductor
2556 1211 2817 1268 apparet;
2855 1201 3000 1255 umle
3046 1217 3111 1254 ex
3162 1201 3371 1254 honore
3417 1217 3577 1271 quem

2006 1293 2137 1338 tunc
2188 1290 2522 1356 assequitur,
2563 1302 2613 1346 ct
2643 1295 2768 1363 quia
2808 1295 2947 1361 μετᾶ
3017 1292 3122 1346 τοῦ
3171 1294 3435 1364 ἄρχοντος
3485 1294 3588 1347 τοῦ

2005 1375 2269 1443 ἀλλαγιου
2320 1379 2641 1447 dignitatem
2684 1393 2738 1437 et
2770 1400 2913 1439 otius
2946 1383 3180 1438 bellandi
3234 1385 3581 1455 docendique

2005 1465 2222 1530 dividit,
2256 1472 2809 1543 πρωταλλαγάτωρος
2856 1476 2903 1527 ei
2950 1490 3147 1528 nomen
3184 1474 3237 1527 in
3274 1475 3580 1529 conditum.

2004 1557 2161 1626 201
2201 1557 2294 1614 Ille
2339 1560 2505 1614 Leoni
2560 1563 2815 1633 λοχαγός.
2862 1565 2950 1619 hic
2980 1564 3216 1635 οὐραγός
3265 1565 3470 1617 dicitur
3516 1565 3572 1617 in

2006 1646 2161 1707 Tuct.
2190 1654 2412 1707 constit.
2438 1654 2505 1708 7:
2543 1656 2886 1726 Στρατιῶται
2910 1656 3276 1727 στρεφόμενοι
3298 1654 3373 1718 ὡς
3397 1655 3587 1707 ἵσταν-

2004 1761 2094 1795 ται
2146 1745 2530 1801 ἁντιῦλέπουσι
2568 1749 2707 1801 κατὰ
2738 1748 2831 1801 τοῦ
2887 1751 3080 1812 νῶτον,
3116 1750 3286 1817 ἤγουν
3312 1747 3371 1800 τὸ
3397 1747 3579 1799 ὀπίσω

2008 1833 2196 1904 μέρος.
2240 1835 2429 1889 οὐκέτι
2460 1837 2553 1890 τοῦ
2581 1837 2818 1908 λοχαγοῦ
2881 1839 3299 1909 εὑρισκομένου,
3337 1835 3475 1889 ἀλλὰ
3518 1836 3589 1886 τὴ

2005 1927 2393 1991 ἑξκαιδεκάτου
2424 1931 2682 2001 οὐραγοῦ.
2728 1931 2933 1986 Milites
2966 1931 3410 2001 quemadmodum
3457 1938 3589 1983 ante

2005 2016 2220 2071 stabant
2242 2022 2502 2085 conversi,
2538 2021 2712 2074 solum
2738 2022 2807 2076 ad
2838 2034 3042 2091 tergum
3073 2034 3376 2075 extremam
3414 2019 3586 2072 aciem

2006 2110 2318 2177 respiciant,
2340 2110 2559 2182 lochago
2582 2114 2689 2165 sive
2715 2114 2952 2181 prwctite
2987 2114 3042 2165 in
3093 2114 3411 2165 anteriorem
3455 2123 3584 2177 par-

2006 2214 2107 2257 tem
2147 2205 2382 2271 minime,
2413 2206 2502 2258 sed
2542 2206 2807 2260 ultimano
2824 2207 2942 2274 jam
2980 2207 3222 2274 infronte
3259 2206 3576 2265 constituto,

2002 2308 2152 2361 quem
2172 2292 2434 2361 οὐραγόν,
2462 2295 2516 2347 id
2543 2305 2617 2349 est
2650 2295 2977 2357 cnudanum,
3024 2298 3339 2349 nominant.
3404 2294 3582 2361 Supe-

2005 2384 2120 2438 rius
2155 2383 2315 2438 dictis
2342 2395 2641 2439 attestatur
2672 2385 2814 2440 idem
2846 2403 2861 2442 :
2889 2387 3007 2456 Χρὴ
3039 2387 3096 2440 δὲ
3136 2387 3265 2447 τοὺς
3297 2385 3576 2454 οὐραγοῦ-ς

2003 2476 2510 2544 παραγγέλλεσθαι,
2546 2477 2641 2529 καὶ
2668 2479 2734 2530 ἐκ
2758 2478 2871 2528 τῶν
2902 2477 3133 2530 δπισΟεν
3157 2475 3436 2544 προωθεῖν
3483 2476 3583 2526 καὶ

2002 2567 2283 2636 ἀπορθοῦν
2307 2568 2477 2629 αὐτὰς
2510 2570 2589 2630 εἰς
2618 2570 2718 2636 τὴν
2768 2570 2979 2638 χρείαν,
3002 2569 3087 2622 ἴνα
3127 2568 3201 2637 μὴ
3260 2566 3583 2635 ἀπομένωσε

2000 2678 2171 2726 τινες,
2204 2662 2279 2723 ὡς
2306 2666 2473 2726 εἱκλρς,
2498 2663 2835 2727 δειλιῶντες.
2874 2662 3410 2733 numnam/az...”
3443 2659 3585 2714 Sen-

2003 2738 2283 2808 naclterim
2336 2756 2523 2809 laudat
2583 2754 3005 2809 Cantacuzenus
3031 2771 3070 2816 ι,
3099 2754 3205 2817 9.6;
3255 2766 3418 2820 quem
3447 2751 3581 2804 dum

2000 2849 2147 2918 equis
2178 2850 2481 2902 cursoribus
2517 2848 2829 2917 prwfectum
2866 2853 3117 2900 autumat
3140 2845 3192 2897 in
3227 2844 3472 2911 margine
3497 2842 3582 2894 in-

2002 2949 2233 3009 terpres,
2265 2943 2315 2991 in
2351 2956 2597 2994 errorem
2625 2955 2769 3009 equo
2823 2938 3007 2992 celoce
3035 2937 3201 2990 citius
3259 2932 3568 2989 contendit.

2072 3036 2132 3090 P.
2164 3037 2251 3089 il.
2285 3034 2376 3107 [Ὁ
2406 3035 2591 3103 μέγας
2614 3031 2943 3099 διοικητὴς,
2976 3032 3226 3084 col/ector
3246 3029 3578 3083 tributorum

2000 3139 2106 3185 est.
2134 3128 2242 3185 Leo
2275 3127 2492 3181 Novella
2524 3128 2585 3180 6|
2620 3144 2635 3180 :
2666 3127 2804 3187 Τοὺς
2850 3124 2943 3176 ὲπὶ
3000 3123 3268 3190 συλλογὴν
3314 3122 3423 3174 τῶν
3472 3122 3581 3190 δη-

2004 3222 2210 3293 μοσίων
2265 3221 2445 3290 φόρων
2483 3220 2917 3287 καθισταμένους
2969 3218 3248 3286 διοικητὰς
3274 3216 3307 3285 ἡ
3343 3216 3582 3285 συνήθης

305 3311 550 3364 veritate
591 3326 756 3380 quam
804 3312 1142 3381 palpat'erat,
1181 3312 1369 3366 exsilit
1421 3310 1709 3367 confestim
1742 3319 1794 3365 et
1828 3311 1895 3363 ad

2007 3316 2185 3385 ὁμιλία
2206 3310 2538 3367 καλεῐνοῖδε.
2564 3314 2850 3368 Cedrenus
2876 3313 2929 3366 in
2963 3311 3147 3365 Leone
3178 3308 3388 3371 Isauro,
3422 3307 3581 3377 Cujus

305 3415 491 3471 equos
536 3402 930 3472 publicumque
975 3418 1203 3458 cursura
1254 3402 1436 3457 nervis
1474 3401 1736 3457 omnibus
1765 3416 1900 3456 conv

308 3494 515 3547 tendit.
545 3494 909 3550 Adhauemus
936 3509 1038 3550 nos
1067 3494 1264 3561 λογίως
1290 3494 1478 3549 sensui
1508 3494 1652 3562 apud
1689 3510 1898 3549 memo-

303 3596 497 3641 ratum
520 3586 883 3641 scholiastem
914 3597 1154 3658 reperto.
1189 3586 1480 3655 Ἀλλάγιον
1506 3588 1689 3655 itaque
1709 3596 1793 3641 est
1814 3587 1900 3640 λό-

304 3697 436 3751 χιος,
461 3697 676 3751 agmen,
722 3691 923 3743 turma,
978 3680 1144 3743 acies,
1165 3687 1220 3734 et
1254 3680 1442 3749 ἄρχων
1490 3679 1585 3732 τοῦ
1616 3679 1895 3748 ἁλλαγίου,

303 3774 406 3841 qui
436 3789 561 3826 eam
593 3774 788 3841 quavis
823 3775 1036 3828 ratione
1059 3772 1212 3827 ducit
1241 3780 1297 3826 et
1322 3772 1397 3826 illi
1421 3772 1673 3841 imperat.
1698 3770 1897 3827 Verum

300 3866 597 3935 quodnam
629 3880 846 3935 agmen,
877 3864 1116 3933 inquies,
1150 3865 1292 3933 regit
1342 3862 1433 3917 hic
1460 3864 1644 3933 ἄρχων
1674 3861 1770 3925 τοῦ
1801 3864 1898 3915 ἁλ-

299 3959 539 4028 ὶαγιου,
561 3968 621 4013 ut
649 3974 772 4014 cum
804 3958 1127 4024 domestico,
1147 3957 1349 4012 comite
1379 3955 1599 4017 stabuli,
1630 3966 1902 4026 strawpe-

302 4051 528 4106 dareha
548 4063 601 4105 et
645 4051 770 4106 aliis
801 4059 1127 4121 potestatem
1167 4058 1420 4104 exerceat
1450 4059 1505 4103 et
1535 4049 1779 4103 obtineat
1817 4050 1901 4104 di-

301 4143 583 4212 gnitatem
613 4143 637 4196 2
684 4134 997 4213 Respondet
1050 4152 1243 4205 auctor
1279 4162 1329 4200 e.
1362 4146 1432 4200 5:
1467 4146 1531 4198 Ὀ
1571 4148 1753 4217 ἄρχων
1804 4148 1899 4201 τοῦ

299 4236 575 4305 ᾀλλαγίου
606 4237 687 4299 εἰς
714 4236 816 4308 τὴν
841 4236 938 4290 τοῦ
978 4236 1245 4307 βασιλέως
1284 4238 1605 4309 εὑρίσκεται
1635 4240 1735 4308 μὲν
1769 4240 1899 4292 σύν-

301 4328 496 4393 ταξιν,
530 4330 626 4382 καὶ
667 4329 776 4381 ὑπὸ
804 4330 981 4399 μέγαν
1010 4329 1069 4380 δὲ
1107 4331 1543 4402 πριμμικήριον·
1605 4331 1900 4400 Prtefectus

300 4422 506 4490 allagii
532 4422 708 4475 locum
739 4420 939 4475 obtinet
971 4422 1024 4474 in
1053 4421 1394 4487 imperatoris
1429 4424 1706 4489 comitatu,
1732 4436 1782 4479 et
1807 4442 1903 4479 suo

306 4513 427 4566 best
450 4529 642 4583 magna
670 4513 992 4582 primicerio.
1025 4512 1265 4569 Observa
1301 4517 1700 4591 pmtermissos
1735 4519 1908 4574 silen-

306 4607 394 4660 tio
416 4621 591 4675 equos
628 4616 683 4661 et
716 4606 972 4681 σ’ἲνταξιν
1007 4617 1392 4663 memoratam.
1436 4611 1507 4663 At
1536 4609 1667 4679 quid
1698 4608 1903 4663 σύντα-

307 4700 399 4765 ξις
419 4713 588 4766 quam
619 4701 926 4763 comitatus,
959 4716 1168 4769 agmen,
1203 4702 1344 4755 acies
1371 4702 1397 4755 ?
1428 4699 1567 4767 Quid
1606 4702 1770 4771 igitur
1797 4703 1903 4774 ἄρ-

308 4808 428 4859 χων
464 4790 560 4844 τοῦ
601 4791 863 4859 ἁλλαγίου
897 4807 1062 4862 quam
1118 4793 1304 4862 ἄρχων
1330 4793 1433 4864 τῆς
1480 4798 1812 4863 συντάξεως.
1848 4809 1903 4854 et
1934 4860 1951 4867 ε

308 4882 676 4954 εὑρίσκεσθαι
704 4883 864 4939 ducis
887 4899 1039 4940 more
1070 4885 1151 4948 sic
1175 4886 1275 4956 τὴν
1294 4885 1586 4957 βασιλικὴν
1607 4890 1903 4956 σύνταξινῖ

312 4976 590 5048 Bascauda
616 4993 745 5033 vero
769 4976 1024 5044 σύνταξις
1055 4978 1441 5047 imperatorius
1490 4980 1573 5034 vel
1612 4997 1769 5036 sacer
1821 4994 1904 5038 est

312 5068 643 5135 comitatus,
672 5070 830 5139 cujus
858 5084 1091 5138 magnus
1121 5070 1473 5139 primicerius
1509 5082 1594 5126 est
1624 5084 1812 5143 caput,
1836 5090 1901 5130 ex

316 5172 551 5218 auctore
598 5176 652 5217 c.
682 5162 714 5217 5
739 5162 953 5231 κεφαλὴ
983 5162 1081 5231 τῆς
1120 5162 1409 5233 βασιλικῆς
1445 5166 1753 5231 συντάξεως
1783 5184 1799 5221 ι
1825 5168 1902 5222 illi

316 5258 649 5329 supponitur
681 5256 711 5308 ὁ
734 5256 919 5325 ἄρχων
937 5255 1035 5309 τοῦ
1071 5256 1353 5327 ἀλλαγξου.
1390 5271 1455 5311 ac
1483 5256 1609 5327 ejus
1642 5261 1787 5312 vices
1814 5275 1907 5328 ge-

318 5351 413 5403 rit.
450 5348 591 5418 Ergo
624 5363 733 5402 non
764 5362 1056 5417 equorum,
1096 5348 1191 5403 sed
1226 5349 1545 5414 comitatus,
1580 5349 1682 5403 sub
1716 5350 1909 5418 primi—

316 5441 471 5497 Cerio
503 5441 701 5496 ductor
724 5440 1000 5506 fatendus,
1034 5441 1125 5509 qui
1167 5443 1447 5497 nonnullis
1469 5444 1793 5511 primipitus.

393 5534 478 5588 Ib.
511 5535 587 5588 Ὅ
607 5534 1099 5603 πρωταλοτάτωρ.
1138 5534 1328 5615 Verius
1354 5550 1418 5590 ac
1444 5539 1818 5603 communitis,
1850 5538 1903 5594 in

315 5626 530 5696 Regiis,
557 5617 699 5693 apud
726 5623 1041 5689 Meursiunt,
1068 5625 1380 5682 Mattlnemn
1410 5629 1739 5690 monachum
1766 5625 1905 5689 infra
1926 5701 1943 5715 ς

316 5719 697 5780 referendum,
750 5727 804 5769 et
833 5715 1281 5772 Cantacuzenum
1317 5718 1593 5788 superiori
1628 5730 1753 5774 nota
1793 5738 1909 5775 me-

314 5821 623 5877 moratum,
659 5811 779 5881 lego
828 5812 1341 5884 πρωταλ).αγάτωρ,
1380 5826 1570 5868 vocem
1606 5812 1673 5867 ab
1712 5815 1901 5882 eadem

281 5949 290 5955 .
317 5904 509 5962 radice
532 5918 639 5973 qua
666 5903 978 5973 praecedens
1001 5903 1316 5969 deductam,
1347 5905 1458 5957 ἀπὸ
1514 5904 1607 5958 τοῦ
1639 5904 1902 5973 ἁλλαγίου

314 5996 612 6083 βίωίιύψ,
633 5998 707 6054 ita
734 6005 914 6062 tamen
944 6007 1003 6055 ut
1031 5998 1214 6072 ἄρχων
1241 5996 1335 6052 τοῦ
1366 5997 1625 6070 ἀλλαγίου
1652 6008 1711 6057 νει
1737 6016 1889 6075 πρω-

2003 3405 2655 3479 prazcessor'l'heodosios
2688 3404 2866 3458 fuerat
2890 3404 3193 3473 διοικητὴς,
3223 3418 3382 3473 quem
3418 3400 3584 3455 modo

2001 3499 2613 3569 procuratorem,vinodo
2658 3488 2968 3568 qua’storem
3024 3495 3205 3549 reddit
3257 3495 3577 3560 interpres:

2003 3592 2426 3663 ﬂposeciﬁapev
2449 3592 2560 3653 τοῖς
2592 3590 2890 3659 διοικηταῖς
2910 3589 3018 3642 τῶν
3041 3589 3295 3657 οεμὰτων
3329 3586 3582 3638 ἀπαιτεῖν

2002 3687 2081 3748 εἰς
2098 3684 2190 3738 τὸν
2220 3685 2439 3745 κανόνα,
2470 3683 2612 3736 κατὰ
2641 3683 2912 3752 νόμισμα,
2969 3681 3305 3751 μιλιαρεσιον
3366 3676 3446 3739 ἓν,
3482 3679 3580 3730 καὶ

2001 3777 2267 3847 ὶαμόάινει
2309 3776 2440 3830 αὐτὸ
2460 3777 2491 3845 ἡ
2512 3774 2782 3845 βασιλεία,
2813 3776 2908 3827 καὶ
2934 3775 3108 3839 κτίζει
3131 3774 3199 3824 τὰ
3225 3773 3404 3841 τείχη.
3433 3771 3583 3822 Κάν-

2000 3870 2192 3922 τεῦθεν
2222 3868 2608 3937 ἁπεκρᾶτησεν
2634 3870 2667 3939 ἡ
2702 3866 2982 3936 συνήθεια,
3030 3867 3291 3936 παρέχειν
3320 3866 3388 3916 τὰ
3437 3860 3584 3915 6mi-

2002 3980 2141 4034 ρατα
2165 3964 2278 4025 τοῖς
2320 3962 2639 4032 διοικηταῖς.
2683 3960 3052 4029 Frequentius
3075 3974 3237 4027 quam
3280 3966 3338 4009 ut
3375 3954 3581 4010 refera-

2006 4066 2093 4109 tur
2123 4054 2320 4125 lcgitur
2344 4055 2485 4119 apud
2505 4051 2813 4107 Cedrenum
2844 4050 3120 4113 eumdem,
3152 4049 3576 4118 Theophanem,

2003 4148 2241 4203 Leonem
2280 4145 2734 4208 Grammaticum,
2780 4143 3028 4198 Nieetam
3065 4151 3118 4196 et
3146 4142 3283 4196 alios
3315 4139 3583 4194 recensio-

2005 4256 2093 4295 res
2130 4239 2372 4295 historiae
2396 4236 2599 4293 Greca:
2655 4237 2972 4305 scriptores.
3020 4234 3292 4303 Graphice
3342 4234 3437 4285 τὸν
3491 4235 3582 4285 ἐπὶ

2002 4336 2113 4388 τῶν
2158 4334 2381 4388 εἰσόδων
2411 4334 2508 4401 τῆς
2544 4331 2751 4391 πόλεως
2779 4329 3021 4400 depingit
3054 4328 3247 4382 ultimo
3310 4342 3582 4379 memora-

2005 4437 2094 4481 tus
2116 4436 2309 4481 auctor
2338 4426 2391 4478 in
2423 4423 2635 4478 Joanne
2658 4422 2963 4487 Comneno,
2997 4418 3583 4491 quispeciatimurbica

2007 4520 2206 4573 tributa
2234 4517 2401 4587 legit;
2423 4516 2509 4570 cui
2546 4515 2689 4569 favet
2720 4516 3006 4571 Cedrenus
3034 4516 3146 4585 jam
3179 4513 3506 4583 productus.
3576 4506 3589 4517 “

2078 4609 2161 4663 Ib.
2190 4600 2289 4680 ['0
2317 4608 2790 4677 ὀρφανοτρόφος.
2820 4606 3036 4661 Clarior
3064 4613 3148 4660 est
3194 4606 3365 4659 tlit‘lio
3417 4619 3583 4673 quam

2008 4711 2065 4757 ut
2098 4719 2218 4756 eam
2245 4702 2494 4756 dicamus
2525 4701 2789 4766 orphanis
2843 4699 3152 4754 nutriendis
3200 4698 3583 4767 praepositum,

2008 4805 2264 4863 tanquam
2294 4802 2532 4848 tutorem
2582 4802 2636 4847 et
2674 4802 2986 4847 curatorem
3010 4794 3305 4855 minorum,
3376 4790 3585 4859 signiti-

2004 4902 2131 4940 carc
2163 4907 2175 4941 :
2214 4885 2583 4941 clarissimum
2614 4900 2834 4953 quoque
2860 4884 3125 4947 oﬂlcium,
3155 4883 3300 4951 quod
3326 4882 3446 4951 jura
3475 4896 3585 4935 non

2006 4978 2172 5032 silent
2218 4977 2271 5030 in
2322 4976 2453 5049 Leg.
2503 4976 2973 5045 Orphanotroplws
3033 4976 3083 5030 in
3133 4974 3405 5049 principio
3459 4977 3584 5028 cod.

2005 5070 2072 5123 de
2101 5071 2375 5140 episcopis
2400 5082 2454 5125 et
2483 5070 2720 5135 clericis,
2753 5084 2808 5124 et
2839 5070 2891 5123 in
2924 5069 3061 5138 lege,
3141 5066 3340 5121 Omnia
3371 5066 3587 5136 privile-

2005 5166 2117 5237 gia.
2151 5164 2368 5219 Primus
2389 5166 2435 5221 ei
2460 5166 2795 5221 insdtuendo
2814 5164 2964 5219 dedit
2982 5178 3171 5218 ansam
3191 5164 3588 5219 Consmntinus

2006 5259 2100 5329 qui
2134 5273 2199 5312 ex
2232 5256 2575 5327 Theophane
2611 5259 2962 5328 σιτομέτριον
2999 5258 3142 5310 κατὰ
3188 5256 3345 5309 πόλιν
3394 5255 3587 5324 ἐχαρί-

2010 5367 2143 5403 σατο
2174 5351 2293 5412 ταῖς
2311 5350 2632 5418 ἐκκλησὶαις
2656 5351 2735 5413 si;
2766 5347 3061 5420 διατροφὴν
3092 5340 3356 5418 διηνεκῶς
3388 5346 3589 5417 χήραις

2009 5448 2105 5497 καὶ
2128 5445 2390 5513 ὀρφανοῖς
2420 5444 2514 5496 καὶ
2539 5442 2714 5509 ξένοις
2758 5440 2956 5510 πένησι
3015 5458 3073 5492 τε
3137 5443 3233 5493 καὶ
3278 5438 3585 5507 κληρικοίς.

2008 5536 2322 5591 Palatinum
2380 5535 2629 5604 insuper,
2664 5551 2776 5589 non
2821 5534 3261 5589 ecclesiasticum
3329 5531 3435 5584 fuit
3486 5530 3590 5583 hoc

2010 5644 2229 5689 llltlllUS.
2290 5635 2346 5680 ut
2393 5628 2686 5682 commode
2718 5626 2949 5695 orphani
3019 5624 3408 5679 educarentur.
3465 5620 3587 5674 Alia

2007 5736 2138 5776 vero
2179 5722 2443 5790 pleraque
2467 5720 2878 5784 misericordiae,
2905 5734 3027 5789 quae
3049 5718 3196 5773 circa
3251 5730 3455 5784 corpus
3485 5729 3587 5768 oc-

2009 5806 2261 5884 cupatur,
2290 5814 2610 5869 exercendae
2650 5813 2835 5867 munia
2892 5810 3264 5867 ecclesiastica
3328 5808 3481 5860 fuere
3533 5816 3587 5859 ct

2008 5906 2249 5975 episcopi
2288 5905 2648 5974 recognitioni
2681 5904 2954 5973 subjecta.
3005 5903 3203 5972 Ecloga
3265 5897 3465 5953 Leonis
3530 5909 3586 5952 et

2002 5998 2354 6065 Constantini
2375 5998 2489 6052 AA.
2517 5998 2600 6056 lit.
2624 5998 2688 6057 8:
2711 5999 2923 6070 Ὠσπερ
2947 5994 3207 6067 κληρικδν
3238 5994 3353 6048 οἷον
3380 5992 3585 6065 δήποτι
