  <div class='ocr_page' id='page_1' title='image "/cluster/home/n/w/nwhite01/storage/ocr_20150623/157/hvd.32044019307677/148.png"; bbox 0 0 3936 6622; ppageno 0'>
   <div class='ocr_carea' id='block_1_1' title="bbox 172 451 250 514">
    <p class='ocr_par' dir='ltr' id='par_1_1' title="bbox 172 451 250 514">
     <span class='ocr_line' id='line_1_1' title="bbox 172 451 250 514; baseline 0.013 -1"><span class='ocrx_word' id='word_1_1' title='bbox 172 451 250 514; x_wconf 73' lang='lat'><strong>229</strong></span> 
     </span>
    </p>
   </div>
   <div class='ocr_carea' id='block_1_2' title="bbox 1174 433 2274 505">
    <p class='ocr_par' dir='ltr' id='par_1_2' title="bbox 1174 433 2274 505">
     <span class='ocr_line' id='line_1_2' title="bbox 1174 433 2274 505; baseline 0 0"><span class='ocrx_word' id='word_1_2' title='bbox 1174 434 1567 505; x_wconf 69' lang='lat' dir='ltr'><strong>GRKTSRBI</strong></span> <span class='ocrx_word' id='word_1_3' title='bbox 1616 433 1712 502; x_wconf 74' lang='lat' dir='ltr'><strong>ET</strong></span> <span class='ocrx_word' id='word_1_4' title='bbox 1768 438 2012 501; x_wconf 77' lang='lat' dir='ltr'><strong>GOARI</strong></span> <span class='ocrx_word' id='word_1_5' title='bbox 2054 438 2274 505; x_wconf 54' lang='lat' dir='ltr'><strong>NOTAE</strong></span> 
     </span>
    </p>
   </div>
   <div class='ocr_carea' id='block_1_3' title="bbox 3256 441 3359 504">
    <p class='ocr_par' dir='ltr' id='par_1_3' title="bbox 3256 441 3359 504">
     <span class='ocr_line' id='line_1_3' title="bbox 3256 441 3359 504; baseline -0.039 1"><span class='ocrx_word' id='word_1_6' title='bbox 3256 441 3359 504; x_wconf 69' lang='lat'><strong>9:30</strong></span> 
     </span>
    </p>
   </div>
   <div class='ocr_carea' id='block_1_4' title="bbox 165 554 3429 631">
    <p class='ocr_par' dir='ltr' id='par_1_4' title="bbox 165 554 3429 631">
     <span class='ocr_line' id='line_1_4' title="bbox 165 554 3429 631; baseline -0.005 -10"><span class='ocrx_word' id='word_1_7' title='bbox 165 569 244 621; x_wconf 82' lang='lat' dir='ltr'><strong>cbo</strong></span> <span class='ocrx_word' id='word_1_8' title='bbox 266 559 460 618; x_wconf 65' lang='lat' dir='ltr'><strong>cauiclei</strong></span> <span class='ocrx_word' id='word_1_9' title='bbox 484 558 636 614; x_wconf 80' lang='lat' dir='ltr'><strong>titulo</strong></span> <span class='ocrx_word' id='word_1_10' title='bbox 672 570 906 631; x_wconf 76' lang='lat' dir='ltr'><strong>praeerat</strong></span> <span class='ocrx_word' id='word_1_11' title='bbox 933 560 1311 625; x_wconf 76' lang='lat' dir='ltr'><strong>Theoctistus,</strong></span> <span class='ocrx_word' id='word_1_12' title='bbox 1360 560 1515 614; x_wconf 78' lang='lat' dir='ltr'><strong>tanta</strong></span> <span class='ocrx_word' id='word_1_13' title='bbox 1548 565 1672 629; x_wconf 51' lang='lat' dir='ltr'><strong>gra;</strong></span> <span class='ocrx_word' id='word_1_14' title='bbox 1704 574 1747 627; x_wconf 68' lang='grc' dir='ltr'><strong>Α</strong></span> <span class='ocrx_word' id='word_1_15' title='bbox 1777 563 1922 610; x_wconf 87' lang='lat' dir='ltr'><strong>tatus</strong></span> <span class='ocrx_word' id='word_1_16' title='bbox 1950 558 2226 625; x_wconf 71' lang='lat' dir='ltr'><strong>[unctione</strong></span> <span class='ocrx_word' id='word_1_17' title='bbox 2254 558 2352 612; x_wconf 85' lang='lat' dir='ltr'><strong>illa</strong></span> <span class='ocrx_word' id='word_1_18' title='bbox 2379 557 2603 612; x_wconf 85' lang='lat' dir='ltr'><strong>abierat.</strong></span> <span class='ocrx_word' id='word_1_19' title='bbox 2627 554 2993 612; x_wconf 80' lang='lat' dir='ltr'><strong>Nihilominus</strong></span> <span class='ocrx_word' id='word_1_20' title='bbox 3018 572 3221 609; x_wconf 72' lang='lat' dir='ltr'><strong>suntme</strong></span> <span class='ocrx_word' id='word_1_21' title='bbox 3246 571 3365 610; x_wconf 85' lang='lat' dir='ltr'><strong>eum</strong></span> <span class='ocrx_word' id='word_1_22' title='bbox 3426 604 3429 605; x_wconf 30' lang='grc' dir='ltr'><em>ν</em></span> 
     </span>
    </p>
   </div>
   <div class='ocr_carea' id='block_1_5' title="bbox 167 653 1677 727">
    <p class='ocr_par' dir='ltr' id='par_1_5' title="bbox 167 653 1677 727">
     <span class='ocr_line' id='line_1_5' title="bbox 167 653 1677 727; baseline -0.003 -15"><span class='ocrx_word' id='word_1_23' title='bbox 167 658 221 712; x_wconf 85' lang='lat' dir='ltr'><strong>tia</strong></span> <span class='ocrx_word' id='word_1_24' title='bbox 246 656 361 727; x_wconf 84' lang='lat' dir='ltr'><strong>apud</strong></span> <span class='ocrx_word' id='word_1_25' title='bbox 420 653 770 724; x_wconf 87' lang='lat' dir='ltr'><strong>Theophilum</strong></span> <span class='ocrx_word' id='word_1_26' title='bbox 830 654 1042 724; x_wconf 83' lang='lat' dir='ltr'><strong>pollens</strong></span> <span class='ocrx_word' id='word_1_27' title='bbox 1090 666 1149 710; x_wconf 91' lang='lat' dir='ltr'><strong>ut</strong></span> <span class='ocrx_word' id='word_1_28' title='bbox 1198 654 1351 724; x_wconf 83' lang='lat' dir='ltr'><strong>quasi</strong></span> <span class='ocrx_word' id='word_1_29' title='bbox 1399 656 1677 709; x_wconf 88' lang='lat' dir='ltr'><strong>secundus</strong></span> 
     </span>
    </p>
   </div>
   <div class='ocr_carea' id='block_1_6' title="bbox 167 728 1771 817">
    <p class='ocr_par' dir='ltr' id='par_1_6' title="bbox 167 728 1771 817">
     <span class='ocr_line' id='line_1_6' title="bbox 167 728 1771 817; baseline -0.004 -15"><span class='ocrx_word' id='word_1_30' title='bbox 167 744 579 817; x_wconf 84' lang='lat' dir='ltr'><strong>imperatoresset,</strong></span> <span class='ocrx_word' id='word_1_31' title='bbox 607 752 748 799; x_wconf 84' lang='lat' dir='ltr'><strong>teste</strong></span> <span class='ocrx_word' id='word_1_32' title='bbox 775 730 992 799; x_wconf 70' lang='lat' dir='ltr'><strong>Zonara</strong></span> <span class='ocrx_word' id='word_1_33' title='bbox 1055 744 1112 799; x_wconf 91' lang='lat' dir='ltr'><strong>in</strong></span> <span class='ocrx_word' id='word_1_34' title='bbox 1176 742 1505 815; x_wconf 83' lang='lat' dir='ltr'><strong>TheOphilo.</strong></span> <span class='ocrx_word' id='word_1_35' title='bbox 1570 741 1680 797; x_wconf 77' lang='lat' dir='ltr'><strong>Ad-</strong></span> <span class='ocrx_word' id='word_1_36' title='bbox 1756 728 1771 743; x_wconf 57' lang='grc'><em>⁸</em></span> 
     </span>
    </p>
   </div>
   <div class='ocr_carea' id='block_1_7' title="bbox 164 830 1676 909">
    <p class='ocr_par' dir='ltr' id='par_1_7' title="bbox 164 830 1676 909">
     <span class='ocr_line' id='line_1_7' title="bbox 164 830 1676 909; baseline -0.002 -18"><span class='ocrx_word' id='word_1_37' title='bbox 164 830 361 909; x_wconf 67' lang='lat' dir='ltr'><strong>junctum</strong></span> <span class='ocrx_word' id='word_1_38' title='bbox 384 845 493 890; x_wconf 84' lang='lat' dir='ltr'><strong>erat</strong></span> <span class='ocrx_word' id='word_1_39' title='bbox 529 837 773 906; x_wconf 71' lang='lat' dir='ltr'><strong>ejusdem</strong></span> <span class='ocrx_word' id='word_1_40' title='bbox 823 838 1068 892; x_wconf 84' lang='lat' dir='ltr'><strong>nominis</strong></span> <span class='ocrx_word' id='word_1_41' title='bbox 1132 840 1560 902; x_wconf 72' lang='lat' dir='ltr'><strong>monasterium,</strong></span> <span class='ocrx_word' id='word_1_42' title='bbox 1622 836 1676 889; x_wconf 90' lang='lat' dir='ltr'><strong>in</strong></span> 
     </span>
    </p>
   </div>
   <div class='ocr_carea' id='block_1_8' title="bbox 166 919 1676 999">
    <p class='ocr_par' dir='ltr' id='par_1_8' title="bbox 166 919 1676 999">
     <span class='ocr_line' id='line_1_8' title="bbox 166 919 1676 999; baseline 0.001 -17"><span class='ocrx_word' id='word_1_43' title='bbox 166 922 277 999; x_wconf 73' lang='lat' dir='ltr'><strong>quod</strong></span> <span class='ocrx_word' id='word_1_44' title='bbox 314 919 628 997; x_wconf 69' lang='lat' dir='ltr'><strong>Nicephorus</strong></span> <span class='ocrx_word' id='word_1_45' title='bbox 682 926 1006 984; x_wconf 85' lang='lat' dir='ltr'><strong>Botoniates</strong></span> <span class='ocrx_word' id='word_1_46' title='bbox 1056 924 1232 984; x_wconf 77' lang='lat' dir='ltr'><strong>Alexii</strong></span> <span class='ocrx_word' id='word_1_47' title='bbox 1294 929 1562 985; x_wconf 88' lang='lat' dir='ltr'><strong>Comneni</strong></span> <span class='ocrx_word' id='word_1_48' title='bbox 1620 930 1676 983; x_wconf 77' lang='lat' dir='ltr'><strong>cl</strong></span> 
     </span>
    </p>
   </div>
   <div class='ocr_carea' id='block_1_9' title="bbox 168 1019 1679 1092">
    <p class='ocr_par' dir='ltr' id='par_1_9' title="bbox 168 1019 1679 1092">
     <span class='ocr_line' id='line_1_9' title="bbox 168 1019 1679 1092; baseline 0.001 -19"><span class='ocrx_word' id='word_1_49' title='bbox 168 1022 345 1075; x_wconf 74' lang='lat' dir='ltr'><strong>alterum</strong></span> <span class='ocrx_word' id='word_1_50' title='bbox 372 1019 779 1089; x_wconf 71' lang='lat' dir='ltr'><strong>coniuratorum</strong></span> <span class='ocrx_word' id='word_1_51' title='bbox 816 1031 1047 1076; x_wconf 84' lang='lat' dir='ltr'><strong>matrem</strong></span> <span class='ocrx_word' id='word_1_52' title='bbox 1085 1032 1137 1077; x_wconf 93' lang='lat' dir='ltr'><strong>et</strong></span> <span class='ocrx_word' id='word_1_53' title='bbox 1173 1021 1438 1092; x_wconf 73' lang='lat' dir='ltr'><strong>coniuges</strong></span> <span class='ocrx_word' id='word_1_54' title='bbox 1488 1038 1679 1077; x_wconf 85' lang='lat' dir='ltr'><strong>aman-</strong></span> 
     </span>
    </p>
   </div>
   <div class='ocr_carea' id='block_1_10' title="bbox 166 1112 1674 1178">
    <p class='ocr_par' dir='ltr' id='par_1_10' title="bbox 166 1112 1674 1178">
     <span class='ocr_line' id='line_1_10' title="bbox 166 1112 1674 1178; baseline 0 -11"><span class='ocrx_word' id='word_1_55' title='bbox 166 1113 288 1177; x_wconf 76' lang='lat' dir='ltr'><strong>davit,</strong></span> <span class='ocrx_word' id='word_1_56' title='bbox 312 1123 359 1164; x_wconf 91' lang='lat' dir='ltr'><strong>ut</strong></span> <span class='ocrx_word' id='word_1_57' title='bbox 394 1113 576 1167; x_wconf 76' lang='lat' dir='ltr'><strong>scribit</strong></span> <span class='ocrx_word' id='word_1_58' title='bbox 608 1112 751 1167; x_wconf 88' lang='lat' dir='ltr'><strong>idem</strong></span> <span class='ocrx_word' id='word_1_59' title='bbox 780 1112 1099 1170; x_wconf 82' lang='lat' dir='ltr'><strong>Zonarasin</strong></span> <span class='ocrx_word' id='word_1_60' title='bbox 1144 1113 1336 1169; x_wconf 81' lang='lat' dir='ltr'><strong>Alexio</strong></span> <span class='ocrx_word' id='word_1_61' title='bbox 1374 1114 1674 1178; x_wconf 76' lang='lat' dir='ltr'><strong>Comneno.</strong></span> 
     </span>
    </p>
   </div>
   <div class='ocr_carea' id='block_1_11' title="bbox 217 1202 1677 1277">
    <p class='ocr_par' dir='ltr' id='par_1_11' title="bbox 217 1202 1677 1277">
     <span class='ocr_line' id='line_1_11' title="bbox 217 1202 1677 1277; baseline 0.005 -21"><span class='ocrx_word' id='word_1_62' title='bbox 217 1202 272 1257; x_wconf 81' lang='lat' dir='ltr'><strong>De</strong></span> <span class='ocrx_word' id='word_1_63' title='bbox 292 1204 507 1258; x_wconf 82' lang='lat' dir='ltr'><strong>cauicleo</strong></span> <span class='ocrx_word' id='word_1_64' title='bbox 532 1217 630 1259; x_wconf 84' lang='lat' dir='ltr'><strong>seu</strong></span> <span class='ocrx_word' id='word_1_65' title='bbox 671 1204 928 1273; x_wconf 68' lang='lat' dir='ltr'><strong>praefecto</strong></span> <span class='ocrx_word' id='word_1_66' title='bbox 957 1206 1187 1262; x_wconf 87' lang='lat' dir='ltr'><strong>cauiclei</strong></span> <span class='ocrx_word' id='word_1_67' title='bbox 1222 1206 1463 1261; x_wconf 89' lang='lat' dir='ltr'><strong>Codiuus</strong></span> <span class='ocrx_word' id='word_1_68' title='bbox 1487 1223 1543 1277; x_wconf 94' lang='lat' dir='ltr'><strong>p.</strong></span> <span class='ocrx_word' id='word_1_69' title='bbox 1610 1209 1677 1264; x_wconf 79' lang='lat' dir='ltr'><strong>l7</strong></span> 
     </span>
    </p>
   </div>
   <div class='ocr_carea' id='block_1_12' title="bbox 169 1293 1680 1368">
    <p class='ocr_par' dir='ltr' id='par_1_12' title="bbox 169 1293 1680 1368">
     <span class='ocr_line' id='line_1_12' title="bbox 169 1293 1680 1368; baseline 0.003 -19"><span class='ocrx_word' id='word_1_70' title='bbox 169 1293 359 1349; x_wconf 71' lang='lat' dir='ltr'><strong>edJun.</strong></span> <span class='ocrx_word' id='word_1_71' title='bbox 397 1314 409 1349; x_wconf 91' lang='lat'><strong>:</strong></span> <span class='ocrx_word' id='word_1_72' title='bbox 452 1295 508 1347; x_wconf 84' lang='grc' dir='ltr'>Ὀ</span> <span class='ocrx_word' id='word_1_73' title='bbox 538 1297 632 1349; x_wconf 68' lang='grc' dir='ltr'><strong>ἐπὶ</strong></span> <span class='ocrx_word' id='word_1_74' title='bbox 676 1295 770 1348; x_wconf 81' lang='grc' dir='ltr'><strong>τοῦ</strong></span> <span class='ocrx_word' id='word_1_75' title='bbox 819 1294 1130 1350; x_wconf 72' lang='grc' dir='ltr'><strong>κανικλείου</strong></span> <span class='ocrx_word' id='word_1_76' title='bbox 1185 1297 1502 1368; x_wconf 76' lang='grc' dir='ltr'><strong>ὀχούμενος,</strong></span> <span class='ocrx_word' id='word_1_77' title='bbox 1536 1313 1680 1368; x_wconf 85' lang='lat' dir='ltr'><strong>equo</strong></span> 
     </span>
    </p>
   </div>
   <div class='ocr_carea' id='block_1_13' title="bbox 168 1386 1677 1457">
    <p class='ocr_par' dir='ltr' id='par_1_13' title="bbox 168 1386 1677 1457">
     <span class='ocr_line' id='line_1_13' title="bbox 168 1386 1677 1457; baseline 0.001 -18"><span class='ocrx_word' id='word_1_78' title='bbox 168 1387 323 1439; x_wconf 75' lang='lat' dir='ltr'><strong>scilicet</strong></span> <span class='ocrx_word' id='word_1_79' title='bbox 357 1386 429 1440; x_wconf 91' lang='lat' dir='ltr'><strong>vel</strong></span> <span class='ocrx_word' id='word_1_80' title='bbox 461 1387 567 1441; x_wconf 85' lang='lat' dir='ltr'><strong>alio</strong></span> <span class='ocrx_word' id='word_1_81' title='bbox 601 1388 853 1442; x_wconf 72' lang='lat' dir='ltr'><strong>vehiculo</strong></span> <span class='ocrx_word' id='word_1_82' title='bbox 887 1387 1025 1442; x_wconf 85' lang='lat' dir='ltr'><strong>intra</strong></span> <span class='ocrx_word' id='word_1_83' title='bbox 1066 1386 1245 1441; x_wconf 84' lang='lat' dir='ltr'><strong>aulam</strong></span> <span class='ocrx_word' id='word_1_84' title='bbox 1298 1388 1677 1457; x_wconf 82' lang='lat' dir='ltr'><strong>Cpolitanam;</strong></span> 
     </span>
    </p>
   </div>
   <div class='ocr_carea' id='block_1_14' title="bbox 171 1470 1677 1551">
    <p class='ocr_par' dir='ltr' id='par_1_14' title="bbox 171 1470 1677 1551">
     <span class='ocr_line' id='line_1_14' title="bbox 171 1470 1677 1551; baseline 0.003 -23"><span class='ocrx_word' id='word_1_85' title='bbox 171 1479 271 1545; x_wconf 84' lang='lat' dir='ltr'><strong>quod</strong></span> <span class='ocrx_word' id='word_1_86' title='bbox 288 1478 400 1533; x_wconf 85' lang='lat' dir='ltr'><strong>nulli</strong></span> <span class='ocrx_word' id='word_1_87' title='bbox 431 1479 583 1533; x_wconf 78' lang='lat' dir='ltr'><strong>alteri</strong></span> <span class='ocrx_word' id='word_1_88' title='bbox 629 1492 977 1535; x_wconf 84' lang='lat' dir='ltr'><strong>concessum.</strong></span> <span class='ocrx_word' id='word_1_89' title='bbox 1010 1470 1207 1551; x_wconf 77' lang='lat' dir='ltr'><strong>Magna</strong></span> <span class='ocrx_word' id='word_1_90' title='bbox 1266 1488 1386 1533; x_wconf 85' lang='lat' dir='ltr'><strong>erat</strong></span> <span class='ocrx_word' id='word_1_91' title='bbox 1417 1470 1677 1548; x_wconf 77' lang='lat' dir='ltr'><strong>dignitas,</strong></span> 
     </span>
    </p>
   </div>
   <div class='ocr_carea' id='block_1_15' title="bbox 171 1562 1678 1639">
    <p class='ocr_par' dir='ltr' id='par_1_15' title="bbox 171 1562 1678 1639">
     <span class='ocr_line' id='line_1_15' title="bbox 171 1562 1678 1639; baseline 0.005 -24"><span class='ocrx_word' id='word_1_92' title='bbox 171 1562 283 1630; x_wconf 76' lang='lat' dir='ltr'><strong>cujus</strong></span> <span class='ocrx_word' id='word_1_93' title='bbox 305 1564 487 1633; x_wconf 88' lang='lat' dir='ltr'><strong>passim</strong></span> <span class='ocrx_word' id='word_1_94' title='bbox 532 1565 593 1620; x_wconf 86' lang='lat' dir='ltr'><strong>lit</strong></span> <span class='ocrx_word' id='word_1_95' title='bbox 631 1568 834 1621; x_wconf 85' lang='lat' dir='ltr'><strong>mentio</strong></span> <span class='ocrx_word' id='word_1_96' title='bbox 891 1569 1030 1639; x_wconf 86' lang='lat' dir='ltr'><strong>apud</strong></span> <span class='ocrx_word' id='word_1_97' title='bbox 1088 1570 1384 1625; x_wconf 87' lang='lat' dir='ltr'><strong>historicos</strong></span> <span class='ocrx_word' id='word_1_98' title='bbox 1433 1568 1678 1624; x_wconf 70' lang='lat' dir='ltr'><strong>Graecos.</strong></span> 
     </span>
    </p>
   </div>
   <div class='ocr_carea' id='block_1_16' title="bbox 173 1652 1680 1725">
    <p class='ocr_par' dir='ltr' id='par_1_16' title="bbox 173 1652 1680 1725">
     <span class='ocr_line' id='line_1_16' title="bbox 173 1652 1680 1725; baseline 0.008 -21"><span class='ocrx_word' id='word_1_99' title='bbox 173 1652 349 1709; x_wconf 73' lang='lat' dir='ltr'><strong>Joannes</strong></span> <span class='ocrx_word' id='word_1_100' title='bbox 368 1656 686 1725; x_wconf 85' lang='lat' dir='ltr'><strong>Curopalata</strong></span> <span class='ocrx_word' id='word_1_101' title='bbox 720 1660 772 1713; x_wconf 89' lang='lat' dir='ltr'><strong>in</strong></span> <span class='ocrx_word' id='word_1_102' title='bbox 821 1658 1084 1715; x_wconf 78' lang='lat' dir='ltr'><strong>Michaele</strong></span> <span class='ocrx_word' id='word_1_103' title='bbox 1132 1660 1430 1716; x_wconf 76' lang='lat' dir='ltr'><strong>Ranrabe:</strong></span> <span class='ocrx_word' id='word_1_104' title='bbox 1474 1657 1680 1716; x_wconf 75' lang='lat' dir='ltr'><strong>Anima:</strong></span> 
     </span>
    </p>
   </div>
   <div class='ocr_carea' id='block_1_17' title="bbox 174 1744 1677 1824">
    <p class='ocr_par' dir='ltr' id='par_1_17' title="bbox 174 1744 1677 1824">
     <span class='ocr_line' id='line_1_17' title="bbox 174 1744 1677 1824; baseline 0.008 -27"><span class='ocrx_word' id='word_1_105' title='bbox 174 1744 365 1809; x_wconf 72' lang='lat' dir='ltr'><strong>quasdam</strong></span> <span class='ocrx_word' id='word_1_106' title='bbox 389 1749 621 1802; x_wconf 76' lang='lat' dir='ltr'><strong>maculas</strong></span> <span class='ocrx_word' id='word_1_107' title='bbox 652 1752 874 1805; x_wconf 85' lang='lat' dir='ltr'><strong>simulat</strong></span> <span class='ocrx_word' id='word_1_108' title='bbox 901 1768 956 1807; x_wconf 81' lang='lat' dir='ltr'><strong>se</strong></span> <span class='ocrx_word' id='word_1_109' title='bbox 986 1754 1199 1807; x_wconf 81' lang='lat' dir='ltr'><strong>cuidam</strong></span> <span class='ocrx_word' id='word_1_110' title='bbox 1240 1755 1482 1824; x_wconf 85' lang='lat' dir='ltr'><strong>religiose</strong></span> <span class='ocrx_word' id='word_1_111' title='bbox 1507 1755 1677 1823; x_wconf 69' lang='lat' dir='ltr'><strong>expli-</strong></span> 
     </span>
    </p>
   </div>
   <div class='ocr_carea' id='block_1_18' title="bbox 175 1830 1678 1916">
    <p class='ocr_par' dir='ltr' id='par_1_18' title="bbox 175 1830 1678 1916">
     <span class='ocr_line' id='line_1_18' title="bbox 175 1830 1678 1916; baseline 0.008 -29"><span class='ocrx_word' id='word_1_112' title='bbox 175 1852 255 1889; x_wconf 76' lang='lat' dir='ltr'><strong>care</strong></span> <span class='ocrx_word' id='word_1_113' title='bbox 273 1834 378 1892; x_wconf 69' lang='lat' dir='ltr'><strong>velle</strong></span> <span class='ocrx_word' id='word_1_114' title='bbox 426 1855 513 1909; x_wconf 86' lang='lat' dir='ltr'><strong>per</strong></span> <span class='ocrx_word' id='word_1_115' title='bbox 566 1830 951 1911; x_wconf 67' lang='lat' dir='ltr'><strong>Tlteoctistum,</strong></span> <span class='ocrx_word' id='word_1_116' title='bbox 1004 1852 1158 1916; x_wconf 77' lang='lat' dir='ltr'><strong>quem</strong></span> <span class='ocrx_word' id='word_1_117' title='bbox 1225 1854 1406 1916; x_wconf 76' lang='lat' dir='ltr'><strong>postea</strong></span> <span class='ocrx_word' id='word_1_118' title='bbox 1454 1846 1678 1900; x_wconf 79' lang='lat' dir='ltr'><strong>cauiclei</strong></span> 
     </span>
    </p>
   </div>
   <div class='ocr_carea' id='block_1_19' title="bbox 1783 649 2796 720">
    <p class='ocr_par' dir='ltr' id='par_1_19' title="bbox 1783 649 2796 720">
     <span class='ocr_line' id='line_1_19' title="bbox 1783 649 2796 720; baseline 0.003 -18"><span class='ocrx_word' id='word_1_119' title='bbox 1783 649 1980 704; x_wconf 78' lang='lat' dir='ltr'><strong>honore</strong></span> <span class='ocrx_word' id='word_1_120' title='bbox 2036 651 2327 720; x_wconf 84' lang='lat' dir='ltr'><strong>imperator</strong></span> <span class='ocrx_word' id='word_1_121' title='bbox 2364 652 2796 719; x_wconf 76' lang='lat' dir='ltr'><strong>prosequebatur.</strong></span> 
     </span>
    </p>
   </div>
   <div class='ocr_carea' id='block_1_20' title="bbox 1855 730 3371 813">
    <p class='ocr_par' dir='ltr' id='par_1_20' title="bbox 1855 730 3371 813">
     <span class='ocr_line' id='line_1_20' title="bbox 1855 730 3371 813; baseline -0.001 -17"><span class='ocrx_word' id='word_1_122' title='bbox 1855 740 1933 796; x_wconf 60' lang='lat' dir='ltr'><strong>Et</strong></span> <span class='ocrx_word' id='word_1_123' title='bbox 2000 741 2101 795; x_wconf 92' lang='lat' dir='ltr'><strong>hoc</strong></span> <span class='ocrx_word' id='word_1_124' title='bbox 2137 752 2194 797; x_wconf 83' lang='lat' dir='ltr'><strong>et</strong></span> <span class='ocrx_word' id='word_1_125' title='bbox 2254 743 2515 811; x_wconf 65' lang='lat' dir='ltr'><strong>praedicto</strong></span> <span class='ocrx_word' id='word_1_126' title='bbox 2598 730 2852 813; x_wconf 61' lang='lat' dir='ltr'><strong>Gregorii:</strong></span> <span class='ocrx_word' id='word_1_127' title='bbox 2922 744 3045 798; x_wconf 90' lang='lat' dir='ltr'><strong>loco</strong></span> <span class='ocrx_word' id='word_1_128' title='bbox 3115 740 3371 812; x_wconf 74' lang='lat' dir='ltr'><strong>intelligis</strong></span> 
     </span>
    </p>
   </div>
   <div class='ocr_carea' id='block_1_21' title="bbox 1781 833 3370 904">
    <p class='ocr_par' dir='ltr' id='par_1_21' title="bbox 1781 833 3370 904">
     <span class='ocr_line' id='line_1_21' title="bbox 1781 833 3370 904; baseline 0 -17"><span class='ocrx_word' id='word_1_129' title='bbox 1781 848 1949 904; x_wconf 87' lang='lat' dir='ltr'><strong>quare</strong></span> <span class='ocrx_word' id='word_1_130' title='bbox 2005 833 2295 903; x_wconf 66' lang='lat' dir='ltr'><strong>praefectus</strong></span> <span class='ocrx_word' id='word_1_131' title='bbox 2371 835 2603 889; x_wconf 90' lang='lat' dir='ltr'><strong>cauiclei</strong></span> <span class='ocrx_word' id='word_1_132' title='bbox 2688 852 2934 890; x_wconf 81' lang='lat' dir='ltr'><strong>consorer</strong></span> <span class='ocrx_word' id='word_1_133' title='bbox 3020 834 3370 904; x_wconf 84' lang='lat' dir='ltr'><strong>imperatoris</strong></span> 
     </span>
    </p>
   </div>
   <div class='ocr_carea' id='block_1_22' title="bbox 1784 926 3373 997">
    <p class='ocr_par' dir='ltr' id='par_1_22' title="bbox 1784 926 3373 997">
     <span class='ocr_line' id='line_1_22' title="bbox 1784 926 3373 997; baseline -0.001 -17"><span class='ocrx_word' id='word_1_134' title='bbox 1784 926 2196 995; x_wconf 77' lang='lat' dir='ltr'><strong>appellaretur;</strong></span> <span class='ocrx_word' id='word_1_135' title='bbox 2258 926 2384 996; x_wconf 79' lang='lat' dir='ltr'><strong>quia</strong></span> <span class='ocrx_word' id='word_1_136' title='bbox 2441 936 2586 981; x_wconf 90' lang='lat' dir='ltr'><strong>tanta</strong></span> <span class='ocrx_word' id='word_1_137' title='bbox 2641 938 2757 982; x_wconf 89' lang='lat' dir='ltr'><strong>erat</strong></span> <span class='ocrx_word' id='word_1_138' title='bbox 2824 928 2940 983; x_wconf 65' lang='lat' dir='ltr'><strong>hinc</strong></span> <span class='ocrx_word' id='word_1_139' title='bbox 2994 926 3253 997; x_wconf 81' lang='lat' dir='ltr'><strong>dignitas,</strong></span> <span class='ocrx_word' id='word_1_140' title='bbox 3311 936 3373 979; x_wconf 91' lang='lat' dir='ltr'><strong>ut</strong></span> 
     </span>
    </p>
   </div>
   <div class='ocr_carea' id='block_1_23' title="bbox 1784 1016 3354 1089">
    <p class='ocr_par' dir='ltr' id='par_1_23' title="bbox 1784 1016 3354 1089">
     <span class='ocr_line' id='line_1_23' title="bbox 1784 1016 3354 1089; baseline -0.001 -19"><span class='ocrx_word' id='word_1_141' title='bbox 1784 1016 2075 1086; x_wconf 64' lang='lat' dir='ltr'><strong>pratfcctus</strong></span> <span class='ocrx_word' id='word_1_142' title='bbox 2108 1017 2336 1071; x_wconf 85' lang='lat' dir='ltr'><strong>cauiclei</strong></span> <span class='ocrx_word' id='word_1_143' title='bbox 2370 1026 2557 1086; x_wconf 85' lang='lat' dir='ltr'><strong>posset</strong></span> <span class='ocrx_word' id='word_1_144' title='bbox 2594 1017 2703 1073; x_wconf 87' lang='lat' dir='ltr'><strong>lilio</strong></span> <span class='ocrx_word' id='word_1_145' title='bbox 2732 1035 2832 1073; x_wconf 88' lang='lat' dir='ltr'><strong>suo</strong></span> <span class='ocrx_word' id='word_1_146' title='bbox 2862 1018 3159 1089; x_wconf 83' lang='lat' dir='ltr'><strong>impetrare</strong></span> <span class='ocrx_word' id='word_1_147' title='bbox 3185 1017 3354 1070; x_wconf 83' lang='lat' dir='ltr'><strong>ﬁliam</strong></span> 
     </span>
    </p>
   </div>
   <div class='ocr_carea' id='block_1_24' title="bbox 1783 1105 3367 1179">
    <p class='ocr_par' dir='ltr' id='par_1_24' title="bbox 1783 1105 3367 1179">
     <span class='ocr_line' id='line_1_24' title="bbox 1783 1105 3367 1179; baseline -0.001 -19"><span class='ocrx_word' id='word_1_148' title='bbox 1783 1107 2129 1177; x_wconf 80' lang='lat' dir='ltr'><strong>imperatoris</strong></span> <span class='ocrx_word' id='word_1_149' title='bbox 2162 1118 2218 1163; x_wconf 86' lang='lat' dir='ltr'><strong>et</strong></span> <span class='ocrx_word' id='word_1_150' title='bbox 2242 1105 2365 1163; x_wconf 74' lang='lat' dir='ltr'><strong>lilia:</strong></span> <span class='ocrx_word' id='word_1_151' title='bbox 2396 1109 2587 1164; x_wconf 84' lang='lat' dir='ltr'><strong>lilium.</strong></span> <span class='ocrx_word' id='word_1_152' title='bbox 2618 1105 2757 1165; x_wconf 86' lang='lat' dir='ltr'><strong>llinc</strong></span> <span class='ocrx_word' id='word_1_153' title='bbox 2779 1110 3154 1179; x_wconf 79' lang='grc' dir='ltr'><strong>συμπένοερος</strong></span> <span class='ocrx_word' id='word_1_154' title='bbox 3187 1125 3202 1171; x_wconf 87' lang='lat'><strong>;</strong></span> <span class='ocrx_word' id='word_1_155' title='bbox 3240 1122 3367 1160; x_wconf 91' lang='lat' dir='ltr'><strong>nam</strong></span> 
     </span>
    </p>
   </div>
   <div class='ocr_carea' id='block_1_25' title="bbox 1786 1198 3371 1271">
    <p class='ocr_par' dir='ltr' id='par_1_25' title="bbox 1786 1198 3371 1271">
     <span class='ocr_line' id='line_1_25' title="bbox 1786 1198 3371 1271; baseline 0.001 -23"><span class='ocrx_word' id='word_1_156' title='bbox 1786 1198 2079 1267; x_wconf 68' lang='lat' dir='ltr'><strong>praefectus</strong></span> <span class='ocrx_word' id='word_1_157' title='bbox 2108 1198 2336 1254; x_wconf 80' lang='lat' dir='ltr'><strong>cauiclei</strong></span> <span class='ocrx_word' id='word_1_158' title='bbox 2365 1215 2393 1255; x_wconf 90' lang='lat' dir='ltr'><strong>a</strong></span> <span class='ocrx_word' id='word_1_159' title='bbox 2430 1201 2537 1255; x_wconf 83' lang='lat' dir='ltr'><strong>lilia</strong></span> <span class='ocrx_word' id='word_1_160' title='bbox 2576 1201 2947 1271; x_wconf 82' lang='lat' dir='ltr'><strong>imperatoris,</strong></span> <span class='ocrx_word' id='word_1_161' title='bbox 2983 1201 3029 1256; x_wconf 88' lang='lat' dir='ltr'><strong>si</strong></span> <span class='ocrx_word' id='word_1_162' title='bbox 3066 1208 3230 1269; x_wconf 83' lang='lat' dir='ltr'><strong>nupta</strong></span> <span class='ocrx_word' id='word_1_163' title='bbox 3260 1199 3371 1252; x_wconf 87' lang='lat' dir='ltr'><strong>lilio</strong></span> 
     </span>
    </p>
   </div>
   <div class='ocr_carea' id='block_1_26' title="bbox 1784 1290 3369 1364">
    <p class='ocr_par' dir='ltr' id='par_1_26' title="bbox 1784 1290 3369 1364">
     <span class='ocr_line' id='line_1_26' title="bbox 1784 1290 3369 1364; baseline -0.002 -19"><span class='ocrx_word' id='word_1_164' title='bbox 1784 1300 1961 1355; x_wconf 88' lang='lat' dir='ltr'><strong>esset,</strong></span> <span class='ocrx_word' id='word_1_165' title='bbox 1994 1293 2300 1348; x_wconf 78' lang='lat' dir='ltr'><strong>vocabatur</strong></span> <span class='ocrx_word' id='word_1_166' title='bbox 2326 1302 2561 1360; x_wconf 85' lang='lat' dir='ltr'><strong>socer,et</strong></span> <span class='ocrx_word' id='word_1_167' title='bbox 2592 1294 2894 1364; x_wconf 86' lang='lat' dir='ltr'><strong>imperator</strong></span> <span class='ocrx_word' id='word_1_168' title='bbox 2929 1310 2959 1347; x_wconf 91' lang='lat' dir='ltr'><strong>a</strong></span> <span class='ocrx_word' id='word_1_169' title='bbox 2992 1292 3098 1347; x_wconf 83' lang='lat' dir='ltr'><strong>lilia</strong></span> <span class='ocrx_word' id='word_1_170' title='bbox 3131 1290 3369 1363; x_wconf 71' lang='lat' dir='ltr'><strong>prtefetti</strong></span> 
     </span>
    </p>
   </div>
   <div class='ocr_carea' id='block_1_27' title="bbox 1783 1382 3369 1457">
    <p class='ocr_par' dir='ltr' id='par_1_27' title="bbox 1783 1382 3369 1457">
     <span class='ocr_line' id='line_1_27' title="bbox 1783 1382 3369 1457; baseline 0.002 -22"><span class='ocrx_word' id='word_1_171' title='bbox 1783 1382 2011 1436; x_wconf 89' lang='lat' dir='ltr'><strong>cauiclei</strong></span> <span class='ocrx_word' id='word_1_172' title='bbox 2052 1399 2229 1438; x_wconf 85' lang='lat' dir='ltr'><strong>socer.</strong></span> <span class='ocrx_word' id='word_1_173' title='bbox 2271 1384 2412 1439; x_wconf 91' lang='lat' dir='ltr'><strong>Idem</strong></span> <span class='ocrx_word' id='word_1_174' title='bbox 2445 1386 2645 1442; x_wconf 76' lang='lat' dir='ltr'><strong>factum</strong></span> <span class='ocrx_word' id='word_1_175' title='bbox 2684 1387 2907 1457; x_wconf 87' lang='lat' dir='ltr'><strong>quando</strong></span> <span class='ocrx_word' id='word_1_176' title='bbox 2957 1384 3101 1439; x_wconf 78' lang='lat' dir='ltr'><strong>illius</strong></span> <span class='ocrx_word' id='word_1_177' title='bbox 3133 1385 3369 1453; x_wconf 85' lang='lat' dir='ltr'><strong>impera-</strong></span> 
     </span>
    </p>
   </div>
   <div class='ocr_carea' id='block_1_28' title="bbox 1782 1472 3372 1549">
    <p class='ocr_par' dir='ltr' id='par_1_28' title="bbox 1782 1472 3372 1549">
     <span class='ocr_line' id='line_1_28' title="bbox 1782 1472 3372 1549; baseline 0.003 -23"><span class='ocrx_word' id='word_1_178' title='bbox 1782 1472 1919 1527; x_wconf 86' lang='lat' dir='ltr'><strong>toris</strong></span> <span class='ocrx_word' id='word_1_179' title='bbox 1954 1475 2006 1529; x_wconf 86' lang='lat' dir='ltr'><strong>in</strong></span> <span class='ocrx_word' id='word_1_180' title='bbox 2042 1476 2395 1533; x_wconf 89' lang='lat' dir='ltr'><strong>matrimonio</strong></span> <span class='ocrx_word' id='word_1_181' title='bbox 2441 1476 2681 1534; x_wconf 81' lang='lat' dir='ltr'><strong>habebat</strong></span> <span class='ocrx_word' id='word_1_182' title='bbox 2717 1475 2883 1534; x_wconf 81' lang='lat' dir='ltr'><strong>ﬁliam</strong></span> <span class='ocrx_word' id='word_1_183' title='bbox 2925 1477 3169 1549; x_wconf 65' lang='lat' dir='ltr'><strong>prtcl‘ecti</strong></span> <span class='ocrx_word' id='word_1_184' title='bbox 3216 1478 3372 1533; x_wconf 90' lang='lat' dir='ltr'><strong>cani-</strong></span> 
     </span>
    </p>
   </div>
   <div class='ocr_carea' id='block_1_29' title="bbox 1783 1568 1925 1622">
    <p class='ocr_par' dir='ltr' id='par_1_29' title="bbox 1783 1568 1925 1622">
     <span class='ocr_line' id='line_1_29' title="bbox 1783 1568 1925 1622; baseline 0 -1"><span class='ocrx_word' id='word_1_185' title='bbox 1783 1568 1925 1622; x_wconf 83' lang='lat' dir='ltr'><strong>cleo.</strong></span> 
     </span>
    </p>
   </div>
   <div class='ocr_carea' id='block_1_30' title="bbox 1852 1658 3442 1736">
    <p class='ocr_par' dir='ltr' id='par_1_30' title="bbox 1852 1658 3442 1736">
     <span class='ocr_line' id='line_1_30' title="bbox 1852 1658 3442 1736; baseline 0.002 -22"><span class='ocrx_word' id='word_1_186' title='bbox 1852 1659 1997 1714; x_wconf 85' lang='lat' dir='ltr'><strong>Idem</strong></span> <span class='ocrx_word' id='word_1_187' title='bbox 2035 1658 2472 1731; x_wconf 80' lang='lat' dir='ltr'><strong>Cantacuzenus,</strong></span> <span class='ocrx_word' id='word_1_188' title='bbox 2500 1682 2574 1729; x_wconf 88' lang='lat' dir='ltr'><strong>tv,</strong></span> <span class='ocrx_word' id='word_1_189' title='bbox 2596 1665 2665 1721; x_wconf 72' lang='grc' dir='ltr'>ιο</span> <span class='ocrx_word' id='word_1_190' title='bbox 2690 1685 2703 1721; x_wconf 88' lang='lat'><strong>:</strong></span> <span class='ocrx_word' id='word_1_191' title='bbox 2731 1660 3065 1736; x_wconf 72' lang='lat' dir='ltr'><strong>Pala&#39;ologus</strong></span> <span class='ocrx_word' id='word_1_192' title='bbox 3094 1666 3371 1733; x_wconf 63' lang='lat' dir='ltr'><strong>praesident</strong></span> <span class='ocrx_word' id='word_1_193' title='bbox 3439 1668 3442 1671; x_wconf 42' lang='grc' dir='ltr'>λ</span> 
     </span>
    </p>
   </div>
   <div class='ocr_carea' id='block_1_31' title="bbox 1780 1746 3371 1827">
    <p class='ocr_par' dir='ltr' id='par_1_31' title="bbox 1780 1746 3371 1827">
     <span class='ocr_line' id='line_1_31' title="bbox 1780 1746 3371 1827; baseline 0.003 -20"><span class='ocrx_word' id='word_1_194' title='bbox 1780 1746 2004 1807; x_wconf 86' lang='lat' dir='ltr'><strong>canielei</strong></span> <span class='ocrx_word' id='word_1_195' title='bbox 2038 1755 2291 1823; x_wconf 69' lang='lat' dir='ltr'><strong>Angelum</strong></span> <span class='ocrx_word' id='word_1_196' title='bbox 2318 1756 2549 1827; x_wconf 82' lang='lat' dir='ltr'><strong>legatum</strong></span> <span class='ocrx_word' id='word_1_197' title='bbox 2579 1760 2762 1814; x_wconf 81' lang='lat' dir='ltr'><strong>mittit.</strong></span> <span class='ocrx_word' id='word_1_198' title='bbox 2821 1758 3040 1815; x_wconf 88' lang='lat' dir='ltr'><strong>Nicetas</strong></span> <span class='ocrx_word' id='word_1_199' title='bbox 3069 1760 3371 1816; x_wconf 77' lang='lat' dir='ltr'><strong>Cltnniates</strong></span> 
     </span>
    </p>
   </div>
   <div class='ocr_carea' id='block_1_32' title="bbox 1783 1839 3373 1922">
    <p class='ocr_par' dir='ltr' id='par_1_32' title="bbox 1783 1839 3373 1922">
     <span class='ocr_line' id='line_1_32' title="bbox 1783 1839 3373 1922; baseline 0.008 -29"><span class='ocrx_word' id='word_1_200' title='bbox 1783 1839 1879 1898; x_wconf 92' lang='lat' dir='ltr'><strong>lib.</strong></span> <span class='ocrx_word' id='word_1_201' title='bbox 1918 1846 1940 1898; x_wconf 86' lang='lat' dir='ltr'><strong>l</strong></span> <span class='ocrx_word' id='word_1_202' title='bbox 1979 1846 2045 1899; x_wconf 90' lang='lat' dir='ltr'><strong>de</strong></span> <span class='ocrx_word' id='word_1_203' title='bbox 2076 1848 2239 1902; x_wconf 82' lang='lat' dir='ltr'><strong>rebus</strong></span> <span class='ocrx_word' id='word_1_204' title='bbox 2269 1850 2445 1919; x_wconf 77' lang='lat' dir='ltr'><strong>gestis</strong></span> <span class='ocrx_word' id='word_1_205' title='bbox 2483 1849 2751 1906; x_wconf 77' lang='lat' dir='ltr'><strong>blanuelis</strong></span> <span class='ocrx_word' id='word_1_206' title='bbox 2788 1852 3077 1916; x_wconf 83' lang='lat' dir='ltr'><strong>Comneni,</strong></span> <span class='ocrx_word' id='word_1_207' title='bbox 3114 1852 3180 1905; x_wconf 89' lang='lat' dir='ltr'><strong>de</strong></span> <span class='ocrx_word' id='word_1_208' title='bbox 3211 1853 3373 1922; x_wconf 80' lang='lat' dir='ltr'><strong>Styp-</strong></span> 
     </span>
    </p>
   </div>
   <div class='ocr_carea' id='block_1_33' title="bbox 173 1918 3371 2022">
    <p class='ocr_par' dir='ltr' id='par_1_33' title="bbox 173 1918 3371 2022">
     <span class='ocr_line' id='line_1_33' title="bbox 173 1918 3371 2022; baseline 0.003 -41"><span class='ocrx_word' id='word_1_209' title='bbox 173 1929 363 2022; x_wconf 59' lang='lat' dir='ltr'><strong>dignitate</strong></span> <span class='ocrx_word' id='word_1_210' title='bbox 404 1932 701 1990; x_wconf 78' lang='lat' dir='ltr'><strong>honoravit.</strong></span> <span class='ocrx_word' id='word_1_211' title='bbox 760 1936 961 1992; x_wconf 82' lang='lat' dir='ltr'><strong>Eadem</strong></span> <span class='ocrx_word' id='word_1_212' title='bbox 1018 1939 1087 1994; x_wconf 88' lang='lat' dir='ltr'><strong>de</strong></span> <span class='ocrx_word' id='word_1_213' title='bbox 1148 1939 1375 1995; x_wconf 87' lang='lat' dir='ltr'><strong>cauiclei</strong></span> <span class='ocrx_word' id='word_1_214' title='bbox 1426 1938 1681 2009; x_wconf 63' lang='lat' dir='ltr'><strong>praefecto</strong></span> <span class='ocrx_word' id='word_1_215' title='bbox 1710 1918 1757 1973; x_wconf 66' lang='grc' dir='ltr'><strong>Β</strong></span> <span class='ocrx_word' id='word_1_216' title='bbox 1786 1934 1931 2003; x_wconf 85' lang='lat' dir='ltr'><strong>piola</strong></span> <span class='ocrx_word' id='word_1_217' title='bbox 1963 1952 2171 2006; x_wconf 82' lang='lat' dir='ltr'><strong>agens:</strong></span> <span class='ocrx_word' id='word_1_218' title='bbox 2212 1918 2445 1992; x_wconf 81' lang='lat' dir='ltr'><strong>Tandem</strong></span> <span class='ocrx_word' id='word_1_219' title='bbox 2473 1937 2545 1992; x_wconf 87' lang='lat' dir='ltr'><strong>ad</strong></span> <span class='ocrx_word' id='word_1_220' title='bbox 2575 1940 2800 1994; x_wconf 81' lang='lat' dir='ltr'><strong>cauiclei</strong></span> <span class='ocrx_word' id='word_1_221' title='bbox 2823 1939 3158 2022; x_wconf 70' lang='lat' dir='ltr'><strong>magnificum</strong></span> <span class='ocrx_word' id='word_1_222' title='bbox 3183 1918 3371 1991; x_wconf 80' lang='lat' dir='ltr'><strong>munus</strong></span> 
     </span>
    </p>
   </div>
   <div class='ocr_carea' id='block_1_34' title="bbox 173 2020 1682 2103">
    <p class='ocr_par' dir='ltr' id='par_1_34' title="bbox 173 2020 1682 2103">
     <span class='ocr_line' id='line_1_34' title="bbox 173 2020 1682 2103; baseline 0.009 -30"><span class='ocrx_word' id='word_1_223' title='bbox 173 2020 420 2079; x_wconf 83' lang='lat' dir='ltr'><strong>Theoctisto</strong></span> <span class='ocrx_word' id='word_1_224' title='bbox 450 2025 773 2103; x_wconf 40' lang='grc' dir='ltr'><strong>ϐεδε-ωηιξη</strong></span> <span class='ocrx_word' id='word_1_225' title='bbox 800 2028 891 2084; x_wconf 91' lang='lat' dir='ltr'><strong>ubi</strong></span> <span class='ocrx_word' id='word_1_226' title='bbox 917 2030 984 2085; x_wconf 92' lang='lat' dir='ltr'><strong>de</strong></span> <span class='ocrx_word' id='word_1_227' title='bbox 1028 2031 1178 2086; x_wconf 73' lang='lat' dir='ltr'><strong>Caede</strong></span> <span class='ocrx_word' id='word_1_228' title='bbox 1238 2030 1436 2086; x_wconf 86' lang='lat' dir='ltr'><strong>Leonis</strong></span> <span class='ocrx_word' id='word_1_229' title='bbox 1454 2032 1682 2087; x_wconf 86' lang='lat' dir='ltr'><strong>Armeni</strong></span> 
     </span>
    </p>
   </div>
   <div class='ocr_carea' id='block_1_35' title="bbox 168 2116 1685 2197">
    <p class='ocr_par' dir='ltr' id='par_1_35' title="bbox 168 2116 1685 2197">
     <span class='ocr_line' id='line_1_35' title="bbox 168 2116 1685 2197; baseline 0.007 -24"><span class='ocrx_word' id='word_1_230' title='bbox 168 2120 262 2189; x_wconf 72' lang='lat' dir='ltr'><strong>agit.</strong></span> <span class='ocrx_word' id='word_1_231' title='bbox 290 2122 409 2177; x_wconf 87' lang='lat' dir='ltr'><strong>Idem</strong></span> <span class='ocrx_word' id='word_1_232' title='bbox 441 2123 728 2181; x_wconf 87' lang='lat' dir='ltr'><strong>Cedrenus</strong></span> <span class='ocrx_word' id='word_1_233' title='bbox 760 2127 952 2183; x_wconf 82' lang='lat' dir='ltr'><strong>scribit</strong></span> <span class='ocrx_word' id='word_1_234' title='bbox 984 2128 1166 2183; x_wconf 89' lang='lat' dir='ltr'><strong>occiso</strong></span> <span class='ocrx_word' id='word_1_235' title='bbox 1206 2128 1464 2197; x_wconf 71' lang='lat' dir='ltr'><strong>praadicto</strong></span> <span class='ocrx_word' id='word_1_236' title='bbox 1506 2116 1685 2183; x_wconf 78' lang='lat' dir='ltr'><strong>Theo-</strong></span> 
     </span>
    </p>
   </div>
   <div class='ocr_carea' id='block_1_36' title="bbox 168 2213 1686 2292">
    <p class='ocr_par' dir='ltr' id='par_1_36' title="bbox 168 2213 1686 2292">
     <span class='ocr_line' id='line_1_36' title="bbox 168 2213 1686 2292; baseline 0.008 -30"><span class='ocrx_word' id='word_1_237' title='bbox 168 2213 287 2266; x_wconf 83' lang='lat' dir='ltr'><strong>rtisto</strong></span> <span class='ocrx_word' id='word_1_238' title='bbox 318 2230 341 2266; x_wconf 86' lang='lat' dir='ltr'><strong>a</strong></span> <span class='ocrx_word' id='word_1_239' title='bbox 372 2216 559 2282; x_wconf 86' lang='lat' dir='ltr'><strong>Barda,</strong></span> <span class='ocrx_word' id='word_1_240' title='bbox 600 2218 832 2276; x_wconf 83' lang='lat' dir='ltr'><strong>Bardam</strong></span> <span class='ocrx_word' id='word_1_241' title='bbox 896 2220 1216 2292; x_wconf 79' lang='lat' dir='ltr'><strong>dignitatem</strong></span> <span class='ocrx_word' id='word_1_242' title='bbox 1257 2219 1492 2282; x_wconf 77' lang='lat' dir='ltr'><strong>cauiclei</strong></span> <span class='ocrx_word' id='word_1_243' title='bbox 1545 2220 1598 2274; x_wconf 90' lang='lat' dir='ltr'><strong>in</strong></span> <span class='ocrx_word' id='word_1_244' title='bbox 1624 2233 1686 2274; x_wconf 86' lang='lat' dir='ltr'><strong>se</strong></span> 
     </span>
    </p>
   </div>
   <div class='ocr_carea' id='block_1_37' title="bbox 169 2306 1687 2383">
    <p class='ocr_par' dir='ltr' id='par_1_37' title="bbox 169 2306 1687 2383">
     <span class='ocr_line' id='line_1_37' title="bbox 169 2306 1687 2383; baseline 0.009 -30"><span class='ocrx_word' id='word_1_245' title='bbox 169 2306 466 2365; x_wconf 49' lang='lat' dir='ltr'><strong>transtuli-sse.</strong></span> <span class='ocrx_word' id='word_1_246' title='bbox 510 2310 848 2383; x_wconf 87' lang='lat' dir='ltr'><strong>Curopalata</strong></span> <span class='ocrx_word' id='word_1_247' title='bbox 914 2312 968 2367; x_wconf 91' lang='lat' dir='ltr'><strong>in</strong></span> <span class='ocrx_word' id='word_1_248' title='bbox 1052 2311 1420 2367; x_wconf 87' lang='lat' dir='ltr'><strong>Constantino</strong></span> <span class='ocrx_word' id='word_1_249' title='bbox 1485 2308 1687 2366; x_wconf 88' lang='lat' dir='ltr'><strong>Leonis</strong></span> 
     </span>
    </p>
   </div>
   <div class='ocr_carea' id='block_1_38' title="bbox 175 2392 1685 2485">
    <p class='ocr_par' dir='ltr' id='par_1_38' title="bbox 175 2392 1685 2485">
     <span class='ocr_line' id='line_1_38' title="bbox 175 2392 1685 2485; baseline 0.009 -39"><span class='ocrx_word' id='word_1_250' title='bbox 175 2392 281 2451; x_wconf 83' lang='lat' dir='ltr'><strong>lilio:</strong></span> <span class='ocrx_word' id='word_1_251' title='bbox 307 2401 460 2455; x_wconf 83' lang='lat' dir='ltr'><strong>Paulo</strong></span> <span class='ocrx_word' id='word_1_252' title='bbox 486 2412 607 2472; x_wconf 84' lang='lat' dir='ltr'><strong>post</strong></span> <span class='ocrx_word' id='word_1_253' title='bbox 636 2404 830 2458; x_wconf 87' lang='lat' dir='ltr'><strong>missus</strong></span> <span class='ocrx_word' id='word_1_254' title='bbox 862 2414 937 2457; x_wconf 88' lang='lat' dir='ltr'><strong>est</strong></span> <span class='ocrx_word' id='word_1_255' title='bbox 998 2406 1063 2456; x_wconf 88' lang='lat' dir='ltr'><strong>ab</strong></span> <span class='ocrx_word' id='word_1_256' title='bbox 1115 2404 1357 2474; x_wconf 83' lang='lat' dir='ltr'><strong>Augusta</strong></span> <span class='ocrx_word' id='word_1_257' title='bbox 1422 2402 1685 2485; x_wconf 37' lang='lat' dir='ltr'><strong>paylricitts</strong></span> 
     </span>
    </p>
   </div>
   <div class='ocr_carea' id='block_1_39' title="bbox 168 2486 1689 2564">
    <p class='ocr_par' dir='ltr' id='par_1_39' title="bbox 168 2486 1689 2564">
     <span class='ocr_line' id='line_1_39' title="bbox 168 2486 1689 2564; baseline 0.003 -21"><span class='ocrx_word' id='word_1_258' title='bbox 168 2486 345 2545; x_wconf 67' lang='lat' dir='ltr'><strong>Basilius</strong></span> <span class='ocrx_word' id='word_1_259' title='bbox 374 2496 593 2548; x_wconf 80' lang='lat' dir='ltr'><strong>cauiclei</strong></span> <span class='ocrx_word' id='word_1_260' title='bbox 616 2496 921 2564; x_wconf 83' lang='lat' dir='ltr'><strong>pra-fectus.</strong></span> <span class='ocrx_word' id='word_1_261' title='bbox 963 2495 1036 2549; x_wconf 88' lang='lat' dir='ltr'><strong>De</strong></span> <span class='ocrx_word' id='word_1_262' title='bbox 1069 2496 1257 2550; x_wconf 89' lang='lat' dir='ltr'><strong>eodem</strong></span> <span class='ocrx_word' id='word_1_263' title='bbox 1296 2494 1524 2549; x_wconf 84' lang='lat' dir='ltr'><strong>cauiclei</strong></span> <span class='ocrx_word' id='word_1_264' title='bbox 1555 2509 1689 2564; x_wconf 75' lang='lat' dir='ltr'><strong>pra:-</strong></span> 
     </span>
    </p>
   </div>
   <div class='ocr_carea' id='block_1_40' title="bbox 171 2576 1684 2659">
    <p class='ocr_par' dir='ltr' id='par_1_40' title="bbox 171 2576 1684 2659">
     <span class='ocr_line' id='line_1_40' title="bbox 171 2576 1684 2659; baseline 0.007 -27"><span class='ocrx_word' id='word_1_265' title='bbox 171 2576 273 2635; x_wconf 82' lang='lat' dir='ltr'><strong>lecto</strong></span> <span class='ocrx_word' id='word_1_266' title='bbox 289 2583 585 2642; x_wconf 76' lang='lat' dir='ltr'><strong>lbeOt-tisto</strong></span> <span class='ocrx_word' id='word_1_267' title='bbox 617 2586 859 2642; x_wconf 82' lang='lat' dir='ltr'><strong>Zonaras</strong></span> <span class='ocrx_word' id='word_1_268' title='bbox 889 2589 943 2642; x_wconf 91' lang='lat' dir='ltr'><strong>in</strong></span> <span class='ocrx_word' id='word_1_269' title='bbox 976 2588 1280 2659; x_wconf 80' lang='lat' dir='ltr'><strong>Theophila</strong></span> <span class='ocrx_word' id='word_1_270' title='bbox 1305 2588 1633 2659; x_wconf 81' lang='lat' dir='ltr'><strong>imperatore</strong></span> <span class='ocrx_word' id='word_1_271' title='bbox 1668 2604 1684 2642; x_wconf 88' lang='lat'><strong>:</strong></span> 
     </span>
    </p>
   </div>
   <div class='ocr_carea' id='block_1_41' title="bbox 169 2668 1686 2761">
    <p class='ocr_par' dir='ltr' id='par_1_41' title="bbox 169 2668 1686 2761">
     <span class='ocr_line' id='line_1_41' title="bbox 169 2668 1686 2761; baseline 0.006 -35"><span class='ocrx_word' id='word_1_272' title='bbox 169 2668 345 2734; x_wconf 70' lang='lat' dir='ltr'><strong>Uxorem</strong></span> <span class='ocrx_word' id='word_1_273' title='bbox 372 2690 415 2730; x_wconf 89' lang='lat' dir='ltr'><strong>et</strong></span> <span class='ocrx_word' id='word_1_274' title='bbox 449 2682 679 2734; x_wconf 70' lang='lat' dir='ltr'><strong>cauiclei</strong></span> <span class='ocrx_word' id='word_1_275' title='bbox 731 2683 1041 2761; x_wconf 61' lang='lat' dir='ltr'><strong>prq’fectum</strong></span> <span class='ocrx_word' id='word_1_276' title='bbox 1090 2684 1323 2759; x_wconf 81' lang='lat' dir='ltr'><strong>multum</strong></span> <span class='ocrx_word' id='word_1_277' title='bbox 1390 2684 1686 2737; x_wconf 90' lang='lat' dir='ltr'><strong>obtestatus</strong></span> 
     </span>
    </p>
   </div>
   <div class='ocr_carea' id='block_1_42' title="bbox 170 2768 1688 2845">
    <p class='ocr_par' dir='ltr' id='par_1_42' title="bbox 170 2768 1688 2845">
     <span class='ocr_line' id='line_1_42' title="bbox 170 2768 1688 2845; baseline 0.007 -28"><span class='ocrx_word' id='word_1_278' title='bbox 170 2768 712 2840; x_wconf 78' lang='lat' dir='ltr'><strong>rst(Ibeopbilus)ne</strong></span> <span class='ocrx_word' id='word_1_279' title='bbox 760 2785 1071 2841; x_wconf 82' lang='lat' dir='ltr'><strong>paterentur</strong></span> <span class='ocrx_word' id='word_1_280' title='bbox 1119 2774 1441 2829; x_wconf 80' lang='lat' dir='ltr'><strong>venerandus</strong></span> <span class='ocrx_word' id='word_1_281' title='bbox 1494 2775 1688 2845; x_wconf 85' lang='lat' dir='ltr'><strong>imagi-</strong></span> 
     </span>
    </p>
   </div>
   <div class='ocr_carea' id='block_1_43' title="bbox 172 2864 1689 2939">
    <p class='ocr_par' dir='ltr' id='par_1_43' title="bbox 172 2864 1689 2939">
     <span class='ocr_line' id='line_1_43' title="bbox 172 2864 1689 2939; baseline 0.007 -28"><span class='ocrx_word' id='word_1_282' title='bbox 172 2874 232 2912; x_wconf 71' lang='grc' dir='ltr'>ια</span> <span class='ocrx_word' id='word_1_283' title='bbox 253 2864 422 2929; x_wconf 73' lang='lat' dir='ltr'><strong>reponi.</strong></span> <span class='ocrx_word' id='word_1_284' title='bbox 447 2866 595 2919; x_wconf 80' lang='lat' dir='ltr'><strong>Idem</strong></span> <span class='ocrx_word' id='word_1_285' title='bbox 619 2865 934 2921; x_wconf 81' lang='lat' dir='ltr'><strong>Zonarasin</strong></span> <span class='ocrx_word' id='word_1_286' title='bbox 953 2869 1141 2922; x_wconf 80' lang='lat' dir='ltr'><strong>Alexio</strong></span> <span class='ocrx_word' id='word_1_287' title='bbox 1174 2868 1493 2924; x_wconf 86' lang='lat' dir='ltr'><strong>Comneno:</strong></span> <span class='ocrx_word' id='word_1_288' title='bbox 1530 2868 1689 2939; x_wconf 62' lang='lat' dir='ltr'><strong>Com-</strong></span> 
     </span>
    </p>
   </div>
   <div class='ocr_carea' id='block_1_44' title="bbox 172 2954 1689 3029">
    <p class='ocr_par' dir='ltr' id='par_1_44' title="bbox 172 2954 1689 3029">
     <span class='ocr_line' id='line_1_44' title="bbox 172 2954 1689 3029; baseline 0.009 -28"><span class='ocrx_word' id='word_1_289' title='bbox 172 2954 253 3004; x_wconf 68' lang='lat' dir='ltr'><strong>ueni</strong></span> <span class='ocrx_word' id='word_1_290' title='bbox 290 2958 422 3009; x_wconf 78' lang='lat' dir='ltr'><strong>rebus</strong></span> <span class='ocrx_word' id='word_1_291' title='bbox 458 2960 573 3012; x_wconf 82' lang='lat' dir='ltr'><strong>suis</strong></span> <span class='ocrx_word' id='word_1_292' title='bbox 599 2960 720 3029; x_wconf 83' lang='lat' dir='ltr'><strong>jam</strong></span> <span class='ocrx_word' id='word_1_293' title='bbox 750 2960 804 3014; x_wconf 79' lang='lat' dir='ltr'><strong>in</strong></span> <span class='ocrx_word' id='word_1_294' title='bbox 838 2969 951 3020; x_wconf 78' lang='lat' dir='ltr'><strong>luto</strong></span> <span class='ocrx_word' id='word_1_295' title='bbox 1001 2962 1296 3027; x_wconf 74' lang='lat' dir='ltr'><strong>collocatis,</strong></span> <span class='ocrx_word' id='word_1_296' title='bbox 1357 2971 1580 3016; x_wconf 78' lang='lat' dir='ltr'><strong>matrem</strong></span> <span class='ocrx_word' id='word_1_297' title='bbox 1640 2972 1689 3016; x_wconf 83' lang='lat' dir='ltr'><strong>et</strong></span> 
     </span>
    </p>
   </div>
   <div class='ocr_carea' id='block_1_45' title="bbox 172 3042 1689 3119">
    <p class='ocr_par' dir='ltr' id='par_1_45' title="bbox 172 3042 1689 3119">
     <span class='ocr_line' id='line_1_45' title="bbox 172 3042 1689 3119; baseline 0.009 -28"><span class='ocrx_word' id='word_1_298' title='bbox 172 3042 364 3114; x_wconf 72' lang='lat' dir='ltr'><strong>conjuge:</strong></span> <span class='ocrx_word' id='word_1_299' title='bbox 391 3049 450 3101; x_wconf 81' lang='grc' dir='ltr'><strong>ὲκ</strong></span> <span class='ocrx_word' id='word_1_300' title='bbox 478 3049 584 3118; x_wconf 80' lang='grc' dir='ltr'><strong>τῆς</strong></span> <span class='ocrx_word' id='word_1_301' title='bbox 607 3050 775 3119; x_wconf 75' lang='grc' dir='ltr'><strong>μονῆς</strong></span> <span class='ocrx_word' id='word_1_302' title='bbox 791 3050 883 3104; x_wconf 84' lang='grc' dir='ltr'><strong>τοῦ</strong></span> <span class='ocrx_word' id='word_1_303' title='bbox 907 3053 1252 3117; x_wconf 77' lang='grc' dir='ltr'><strong>κανακλείου,</strong></span> <span class='ocrx_word' id='word_1_304' title='bbox 1273 3068 1339 3111; x_wconf 79' lang='lat' dir='ltr'><strong>ea:</strong></span> <span class='ocrx_word' id='word_1_305' title='bbox 1367 3052 1689 3108; x_wconf 83' lang='lat' dir='ltr'><strong>monasterio</strong></span> 
     </span>
    </p>
   </div>
   <div class='ocr_carea' id='block_1_46' title="bbox 172 3133 1693 3209">
    <p class='ocr_par' dir='ltr' id='par_1_46' title="bbox 172 3133 1693 3209">
     <span class='ocr_line' id='line_1_46' title="bbox 172 3133 1693 3209; baseline 0.012 -29"><span class='ocrx_word' id='word_1_306' title='bbox 172 3133 359 3199; x_wconf 60' lang='lat' dir='ltr'><strong>cauiclei,</strong></span> <span class='ocrx_word' id='word_1_307' title='bbox 387 3139 453 3190; x_wconf 82' lang='lat' dir='ltr'><strong>ad</strong></span> <span class='ocrx_word' id='word_1_308' title='bbox 478 3140 685 3209; x_wconf 82' lang='lat' dir='ltr'><strong>regiam</strong></span> <span class='ocrx_word' id='word_1_309' title='bbox 716 3142 1119 3198; x_wconf 79' lang='lat' dir='ltr'><strong>accersiverunt.</strong></span> <span class='ocrx_word' id='word_1_310' title='bbox 1188 3143 1292 3201; x_wconf 87' lang='lat' dir='ltr'><strong>Ubi</strong></span> <span class='ocrx_word' id='word_1_311' title='bbox 1329 3141 1565 3199; x_wconf 82' lang='lat' dir='ltr'><strong>Wolﬁus</strong></span> <span class='ocrx_word' id='word_1_312' title='bbox 1608 3143 1693 3198; x_wconf 89' lang='lat' dir='ltr'><strong>iu-</strong></span> 
     </span>
    </p>
   </div>
   <div class='ocr_carea' id='block_1_47' title="bbox 1784 2025 3374 2107">
    <p class='ocr_par' dir='ltr' id='par_1_47' title="bbox 1784 2025 3374 2107">
     <span class='ocr_line' id='line_1_47' title="bbox 1784 2025 3374 2107; baseline 0.002 -27"><span class='ocrx_word' id='word_1_313' title='bbox 1784 2037 1832 2080; x_wconf 91' lang='lat' dir='ltr'><strong>et</strong></span> <span class='ocrx_word' id='word_1_314' title='bbox 1863 2025 2109 2081; x_wconf 85' lang='lat' dir='ltr'><strong>intimam</strong></span> <span class='ocrx_word' id='word_1_315' title='bbox 2152 2029 2313 2083; x_wconf 90' lang='lat' dir='ltr'><strong>etiam</strong></span> <span class='ocrx_word' id='word_1_316' title='bbox 2336 2031 2668 2098; x_wconf 87' lang='lat' dir='ltr'><strong>imperatoris</strong></span> <span class='ocrx_word' id='word_1_317' title='bbox 2701 2026 3126 2101; x_wconf 76' lang='lat' dir='ltr'><strong>familiaritatem</strong></span> <span class='ocrx_word' id='word_1_318' title='bbox 3162 2047 3374 2107; x_wconf 85' lang='lat' dir='ltr'><strong>promo-</strong></span> 
     </span>
    </p>
   </div>
   <div class='ocr_carea' id='block_1_48' title="bbox 1788 2122 3374 2195">
    <p class='ocr_par' dir='ltr' id='par_1_48' title="bbox 1788 2122 3374 2195">
     <span class='ocr_line' id='line_1_48' title="bbox 1788 2122 3374 2195; baseline 0.004 -24"><span class='ocrx_word' id='word_1_319' title='bbox 1788 2126 1896 2172; x_wconf 86' lang='lat' dir='ltr'><strong>tum</strong></span> <span class='ocrx_word' id='word_1_320' title='bbox 1926 2123 2093 2191; x_wconf 88' lang='lat' dir='ltr'><strong>magis</strong></span> <span class='ocrx_word' id='word_1_321' title='bbox 2116 2122 2273 2176; x_wconf 89' lang='lat' dir='ltr'><strong>etiam</strong></span> <span class='ocrx_word' id='word_1_322' title='bbox 2293 2124 2505 2179; x_wconf 74' lang='lat' dir='ltr'><strong>extulit.</strong></span> <span class='ocrx_word' id='word_1_323' title='bbox 2532 2122 2685 2180; x_wconf 80' lang='lat' dir='ltr'><strong>Hanc</strong></span> <span class='ocrx_word' id='word_1_324' title='bbox 2712 2134 2893 2180; x_wconf 86' lang='lat' dir='ltr'><strong>tamen</strong></span> <span class='ocrx_word' id='word_1_325' title='bbox 2926 2133 3132 2195; x_wconf 73' lang='lat' dir='ltr'><strong>tantam</strong></span> <span class='ocrx_word' id='word_1_326' title='bbox 3190 2124 3339 2195; x_wconf 88' lang='lat' dir='ltr'><strong>digni</strong></span> <span class='ocrx_word' id='word_1_327' title='bbox 3357 2151 3374 2164; x_wconf 77' lang='grc' dir='ltr'><strong>ο</strong></span> 
     </span>
    </p>
   </div>
   <div class='ocr_carea' id='block_1_49' title="bbox 1789 2192 3375 2285">
    <p class='ocr_par' dir='ltr' id='par_1_49' title="bbox 1789 2192 3375 2285">
     <span class='ocr_line' id='line_1_49' title="bbox 1789 2192 3375 2285; baseline 0.003 -20"><span class='ocrx_word' id='word_1_328' title='bbox 1789 2220 1954 2268; x_wconf 89' lang='lat' dir='ltr'><strong>tatem</strong></span> <span class='ocrx_word' id='word_1_329' title='bbox 1975 2229 2074 2268; x_wconf 89' lang='lat' dir='ltr'><strong>sua</strong></span> <span class='ocrx_word' id='word_1_330' title='bbox 2127 2216 2436 2285; x_wconf 79' lang='lat' dir='ltr'><strong>granditate</strong></span> <span class='ocrx_word' id='word_1_331' title='bbox 2466 2216 2781 2273; x_wconf 84' lang='lat' dir='ltr'><strong>inferiorem</strong></span> <span class='ocrx_word' id='word_1_332' title='bbox 2808 2217 2962 2272; x_wconf 79' lang='lat' dir='ltr'><strong>duxit</strong></span> <span class='ocrx_word' id='word_1_333' title='bbox 2983 2192 3375 2277; x_wconf 67' lang='lat' dir='ltr'><strong>Constantinus</strong></span> 
     </span>
    </p>
   </div>
   <div class='ocr_carea' id='block_1_50' title="bbox 1789 2297 3377 2375">
    <p class='ocr_par' dir='ltr' id='par_1_50' title="bbox 1789 2297 3377 2375">
     <span class='ocr_line' id='line_1_50' title="bbox 1789 2297 3377 2375; baseline 0.002 -17"><span class='ocrx_word' id='word_1_334' title='bbox 1789 2299 2228 2375; x_wconf 75' lang='lat' dir='ltr'><strong>Mesopotamita,</strong></span> <span class='ocrx_word' id='word_1_335' title='bbox 2301 2318 2360 2363; x_wconf 91' lang='lat' dir='ltr'><strong>ut</strong></span> <span class='ocrx_word' id='word_1_336' title='bbox 2428 2306 2570 2364; x_wconf 88' lang='lat' dir='ltr'><strong>libro</strong></span> <span class='ocrx_word' id='word_1_337' title='bbox 2640 2324 2674 2363; x_wconf 93' lang='lat' dir='ltr'><strong>ll</strong></span> <span class='ocrx_word' id='word_1_338' title='bbox 2731 2309 2798 2364; x_wconf 88' lang='lat' dir='ltr'><strong>de</strong></span> <span class='ocrx_word' id='word_1_339' title='bbox 2846 2297 3049 2363; x_wconf 24' lang='lat' dir='ltr'><strong>‘Alexio</strong></span> <span class='ocrx_word' id='word_1_340' title='bbox 3094 2308 3377 2363; x_wconf 89' lang='lat' dir='ltr'><strong>Comneno</strong></span> 
     </span>
    </p>
   </div>
   <div class='ocr_carea' id='block_1_51' title="bbox 1788 2396 3373 2470">
    <p class='ocr_par' dir='ltr' id='par_1_51' title="bbox 1788 2396 3373 2470">
     <span class='ocr_line' id='line_1_51' title="bbox 1788 2396 3373 2470; baseline 0 -18"><span class='ocrx_word' id='word_1_341' title='bbox 1788 2398 1981 2454; x_wconf 88' lang='lat' dir='ltr'><strong>scribit</strong></span> <span class='ocrx_word' id='word_1_342' title='bbox 2042 2399 2184 2454; x_wconf 85' lang='lat' dir='ltr'><strong>idem</strong></span> <span class='ocrx_word' id='word_1_343' title='bbox 2234 2396 2496 2457; x_wconf 73' lang='lat' dir='ltr'><strong>Nicetes:</strong></span> <span class='ocrx_word' id='word_1_344' title='bbox 2558 2400 2796 2458; x_wconf 81' lang='lat' dir='ltr'><strong>Caniclei</strong></span> <span class='ocrx_word' id='word_1_345' title='bbox 2845 2400 3111 2470; x_wconf 79' lang='lat' dir='ltr'><strong>ofﬁcium,</strong></span> <span class='ocrx_word' id='word_1_346' title='bbox 3173 2400 3373 2467; x_wconf 88' lang='lat' dir='ltr'><strong>inquit,</strong></span> 
     </span>
    </p>
   </div>
   <div class='ocr_carea' id='block_1_52' title="bbox 1788 2489 3377 2564">
    <p class='ocr_par' dir='ltr' id='par_1_52' title="bbox 1788 2489 3377 2564">
     <span class='ocr_line' id='line_1_52' title="bbox 1788 2489 3377 2564; baseline 0 -19"><span class='ocrx_word' id='word_1_347' title='bbox 1788 2491 1927 2561; x_wconf 83' lang='lat' dir='ltr'><strong>quod</strong></span> <span class='ocrx_word' id='word_1_348' title='bbox 1959 2489 2149 2547; x_wconf 85' lang='lat' dir='ltr'><strong>Isaaco</strong></span> <span class='ocrx_word' id='word_1_349' title='bbox 2183 2496 2474 2564; x_wconf 86' lang='lat' dir='ltr'><strong>imperante</strong></span> <span class='ocrx_word' id='word_1_350' title='bbox 2512 2495 2833 2558; x_wconf 82' lang='lat' dir='ltr'><strong>obtinuerat,</strong></span> <span class='ocrx_word' id='word_1_351' title='bbox 2883 2504 2933 2549; x_wconf 91' lang='lat' dir='ltr'><strong>et</strong></span> <span class='ocrx_word' id='word_1_352' title='bbox 2974 2510 3158 2549; x_wconf 80' lang='lat' dir='ltr'><strong>rursus</strong></span> <span class='ocrx_word' id='word_1_353' title='bbox 3192 2492 3377 2561; x_wconf 68' lang='lat' dir='ltr'><strong>oﬁ&#39;ere-</strong></span> 
     </span>
    </p>
   </div>
   <div class='ocr_carea' id='block_1_53' title="bbox 1789 2582 3378 2657">
    <p class='ocr_par' dir='ltr' id='par_1_53' title="bbox 1789 2582 3378 2657">
     <span class='ocr_line' id='line_1_53' title="bbox 1789 2582 3378 2657; baseline -0.003 -19"><span class='ocrx_word' id='word_1_354' title='bbox 1789 2583 1966 2648; x_wconf 85' lang='lat' dir='ltr'><strong>batur,</strong></span> <span class='ocrx_word' id='word_1_355' title='bbox 1994 2592 2051 2636; x_wconf 91' lang='lat' dir='ltr'><strong>ut</strong></span> <span class='ocrx_word' id='word_1_356' title='bbox 2084 2600 2179 2638; x_wconf 89' lang='lat' dir='ltr'><strong>suo</strong></span> <span class='ocrx_word' id='word_1_357' title='bbox 2200 2584 2415 2655; x_wconf 85' lang='lat' dir='ltr'><strong>fastigio</strong></span> <span class='ocrx_word' id='word_1_358' title='bbox 2439 2585 2658 2657; x_wconf 83' lang='lat' dir='ltr'><strong>inferius</strong></span> <span class='ocrx_word' id='word_1_359' title='bbox 2683 2586 2874 2641; x_wconf 90' lang='lat' dir='ltr'><strong>renuit.</strong></span> <span class='ocrx_word' id='word_1_360' title='bbox 2934 2582 3202 2654; x_wconf 71' lang='lat' dir='ltr'><strong>Georgius</strong></span> <span class='ocrx_word' id='word_1_361' title='bbox 3226 2583 3378 2651; x_wconf 85' lang='lat' dir='ltr'><strong>logo—</strong></span> 
     </span>
    </p>
   </div>
   <div class='ocr_carea' id='block_1_54' title="bbox 1792 2676 3377 2751">
    <p class='ocr_par' dir='ltr' id='par_1_54' title="bbox 1792 2676 3377 2751">
     <span class='ocr_line' id='line_1_54' title="bbox 1792 2676 3377 2751; baseline -0.001 -22"><span class='ocrx_word' id='word_1_362' title='bbox 1792 2676 1935 2731; x_wconf 88' lang='lat' dir='ltr'><strong>theta</strong></span> <span class='ocrx_word' id='word_1_363' title='bbox 1972 2677 2286 2746; x_wconf 81' lang='lat' dir='ltr'><strong>Acropolita</strong></span> <span class='ocrx_word' id='word_1_364' title='bbox 2326 2679 2379 2733; x_wconf 92' lang='lat' dir='ltr'><strong>in</strong></span> <span class='ocrx_word' id='word_1_365' title='bbox 2419 2678 2694 2736; x_wconf 89' lang='lat' dir='ltr'><strong>Chronico</strong></span> <span class='ocrx_word' id='word_1_366' title='bbox 2715 2680 3023 2751; x_wconf 85' lang='lat' dir='ltr'><strong>Cpolitano,</strong></span> <span class='ocrx_word' id='word_1_367' title='bbox 3054 2694 3161 2733; x_wconf 91' lang='lat' dir='ltr'><strong>non</strong></span> <span class='ocrx_word' id='word_1_368' title='bbox 3188 2676 3377 2748; x_wconf 82' lang='lat' dir='ltr'><strong>procul</strong></span> 
     </span>
    </p>
   </div>
   <div class='ocr_carea' id='block_1_55' title="bbox 1790 2768 3380 2843">
    <p class='ocr_par' dir='ltr' id='par_1_55' title="bbox 1790 2768 3380 2843">
     <span class='ocr_line' id='line_1_55' title="bbox 1790 2768 3380 2843; baseline 0.002 -22"><span class='ocrx_word' id='word_1_369' title='bbox 1790 2782 1820 2821; x_wconf 86' lang='lat' dir='ltr'><strong>a</strong></span> <span class='ocrx_word' id='word_1_370' title='bbox 1851 2768 1955 2823; x_wconf 85' lang='lat' dir='ltr'><strong>line</strong></span> <span class='ocrx_word' id='word_1_371' title='bbox 1987 2786 2002 2823; x_wconf 90' lang='lat'>:</span> <span class='ocrx_word' id='word_1_372' title='bbox 2041 2768 2188 2824; x_wconf 72' lang='lat' dir='ltr'><strong>Misit</strong></span> <span class='ocrx_word' id='word_1_373' title='bbox 2223 2772 2511 2838; x_wconf 86' lang='lat' dir='ltr'><strong>imperator</strong></span> <span class='ocrx_word' id='word_1_374' title='bbox 2546 2774 2616 2826; x_wconf 85' lang='lat' dir='ltr'><strong>ad</strong></span> <span class='ocrx_word' id='word_1_375' title='bbox 2648 2789 2819 2843; x_wconf 80' lang='lat' dir='ltr'><strong>regem</strong></span> <span class='ocrx_word' id='word_1_376' title='bbox 2869 2772 3072 2828; x_wconf 73' lang='lat' dir='ltr'><strong>Sicilire</strong></span> <span class='ocrx_word' id='word_1_377' title='bbox 3117 2782 3380 2839; x_wconf 76' lang='lat' dir='ltr'><strong>apostolo:</strong></span> 
     </span>
    </p>
   </div>
   <div class='ocr_carea' id='block_1_56' title="bbox 1788 2860 3383 2932">
    <p class='ocr_par' dir='ltr' id='par_1_56' title="bbox 1788 2860 3383 2932">
     <span class='ocr_line' id='line_1_56' title="bbox 1788 2860 3383 2932; baseline 0.002 -19"><span class='ocrx_word' id='word_1_378' title='bbox 1788 2876 2035 2931; x_wconf 86' lang='lat' dir='ltr'><strong>generum</strong></span> <span class='ocrx_word' id='word_1_379' title='bbox 2062 2878 2157 2931; x_wconf 90' lang='lat' dir='ltr'><strong>per</strong></span> <span class='ocrx_word' id='word_1_380' title='bbox 2189 2860 2547 2931; x_wconf 79' lang='lat' dir='ltr'><strong>Nicephorum</strong></span> <span class='ocrx_word' id='word_1_381' title='bbox 2575 2864 2868 2918; x_wconf 85' lang='lat' dir='ltr'><strong>canicleum</strong></span> <span class='ocrx_word' id='word_1_382' title='bbox 2894 2881 2914 2929; x_wconf 77' lang='lat'><strong>,°</strong></span> <span class='ocrx_word' id='word_1_383' title='bbox 2956 2864 3047 2918; x_wconf 90' lang='lat' dir='ltr'><strong>ubi</strong></span> <span class='ocrx_word' id='word_1_384' title='bbox 3120 2864 3235 2932; x_wconf 88' lang='lat' dir='ltr'><strong>ipse</strong></span> <span class='ocrx_word' id='word_1_385' title='bbox 3286 2879 3383 2917; x_wconf 72' lang='grc' dir='ltr'><strong>ω·</strong></span> 
     </span>
    </p>
   </div>
   <div class='ocr_carea' id='block_1_57' title="bbox 1793 2952 3379 3030">
    <p class='ocr_par' dir='ltr' id='par_1_57' title="bbox 1793 2952 3379 3030">
     <span class='ocr_line' id='line_1_57' title="bbox 1793 2952 3379 3030; baseline 0.003 -23"><span class='ocrx_word' id='word_1_386' title='bbox 1793 2952 1968 3007; x_wconf 62' lang='lat' dir='ltr'><strong>nit-leo</strong></span> <span class='ocrx_word' id='word_1_387' title='bbox 1998 2953 2289 3023; x_wconf 77' lang='lat' dir='ltr'><strong>praefectus</strong></span> <span class='ocrx_word' id='word_1_388' title='bbox 2320 2957 2585 3011; x_wconf 85' lang='lat' dir='ltr'><strong>canicleus</strong></span> <span class='ocrx_word' id='word_1_389' title='bbox 2615 2958 2940 3030; x_wconf 85' lang='lat' dir='ltr'><strong>appellatur,</strong></span> <span class='ocrx_word' id='word_1_390' title='bbox 3001 2966 3058 3010; x_wconf 85' lang='lat' dir='ltr'><strong>ut</strong></span> <span class='ocrx_word' id='word_1_391' title='bbox 3094 2958 3228 3011; x_wconf 88' lang='lat' dir='ltr'><strong>etin</strong></span> <span class='ocrx_word' id='word_1_392' title='bbox 3262 2959 3379 3012; x_wconf 82' lang='lat' dir='ltr'><strong>dis-</strong></span> 
     </span>
    </p>
   </div>
   <div class='ocr_carea' id='block_1_58' title="bbox 1793 3046 2778 3119">
    <p class='ocr_par' dir='ltr' id='par_1_58' title="bbox 1793 3046 2778 3119">
     <span class='ocr_line' id='line_1_58' title="bbox 1793 3046 2778 3119; baseline 0.002 -16"><span class='ocrx_word' id='word_1_393' title='bbox 1793 3048 2072 3119; x_wconf 78' lang='lat' dir='ltr'><strong>putatione</strong></span> <span class='ocrx_word' id='word_1_394' title='bbox 2097 3046 2371 3119; x_wconf 83' lang='lat' dir='ltr'><strong>Gregcntii</strong></span> <span class='ocrx_word' id='word_1_395' title='bbox 2427 3050 2778 3105; x_wconf 78' lang='grc' dir='ltr'><strong>κανικλείων.</strong></span> 
     </span>
    </p>
   </div>
   <div class='ocr_carea' id='block_1_59' title="bbox 1870 3140 3378 3213">
    <p class='ocr_par' dir='ltr' id='par_1_59' title="bbox 1870 3140 3378 3213">
     <span class='ocr_line' id='line_1_59' title="bbox 1870 3140 3378 3213; baseline 0.002 -18"><span class='ocrx_word' id='word_1_396' title='bbox 1870 3140 2094 3196; x_wconf 86' lang='lat' dir='ltr'><strong>Duravit</strong></span> <span class='ocrx_word' id='word_1_397' title='bbox 2125 3142 2239 3197; x_wconf 72' lang='lat' dir='ltr'><strong>haec</strong></span> <span class='ocrx_word' id='word_1_398' title='bbox 2267 3143 2504 3213; x_wconf 80' lang='lat' dir='ltr'><strong>dignitas</strong></span> <span class='ocrx_word' id='word_1_399' title='bbox 2532 3143 2598 3197; x_wconf 84' lang='lat' dir='ltr'><strong>ad</strong></span> <span class='ocrx_word' id='word_1_400' title='bbox 2636 3142 2849 3213; x_wconf 90' lang='lat' dir='ltr'><strong>imperii</strong></span> <span class='ocrx_word' id='word_1_401' title='bbox 2879 3142 3153 3213; x_wconf 86' lang='lat' dir='ltr'><strong>Cpolitani</strong></span> <span class='ocrx_word' id='word_1_402' title='bbox 3190 3151 3378 3198; x_wconf 78' lang='lat' dir='ltr'><strong>estre-</strong></span> 
     </span>
    </p>
   </div>
   <div class='ocr_carea' id='block_1_60' title="bbox 172 3224 3368 3311">
    <p class='ocr_par' dir='ltr' id='par_1_60' title="bbox 172 3224 3368 3311">
     <span class='ocr_line' id='line_1_60' title="bbox 172 3224 3368 3311; baseline 0.006 -40"><span class='ocrx_word' id='word_1_403' title='bbox 172 3228 432 3289; x_wconf 79' lang='lat' dir='ltr'><strong>lcrpres,ea:</strong></span> <span class='ocrx_word' id='word_1_404' title='bbox 463 3224 722 3283; x_wconf 84' lang='lat' dir='ltr'><strong>Canicleo</strong></span> <span class='ocrx_word' id='word_1_405' title='bbox 754 3234 1101 3287; x_wconf 82' lang='lat' dir='ltr'><strong>monasterio.</strong></span> <span class='ocrx_word' id='word_1_406' title='bbox 1152 3232 1232 3287; x_wconf 79' lang='lat' dir='ltr'><strong>Ex</strong></span> <span class='ocrx_word' id='word_1_407' title='bbox 1270 3248 1378 3304; x_wconf 88' lang='lat' dir='ltr'><strong>qua</strong></span> <span class='ocrx_word' id='word_1_408' title='bbox 1437 3235 1692 3289; x_wconf 80' lang='lat' dir='ltr'><strong>versione</strong></span> <span class='ocrx_word' id='word_1_409' title='bbox 1717 3250 1762 3311; x_wconf 69' lang='grc' dir='ltr'><em>ε</em></span> <span class='ocrx_word' id='word_1_410' title='bbox 1795 3249 1883 3290; x_wconf 85' lang='lat' dir='ltr'><strong>ma</strong></span> <span class='ocrx_word' id='word_1_411' title='bbox 1918 3250 2094 3304; x_wconf 89' lang='lat' dir='ltr'><strong>usque</strong></span> <span class='ocrx_word' id='word_1_412' title='bbox 2128 3245 2396 3305; x_wconf 87' lang='lat' dir='ltr'><strong>tempora.</strong></span> <span class='ocrx_word' id='word_1_413' title='bbox 2442 3235 2776 3306; x_wconf 70' lang='lat' dir='ltr'><strong>Palaaologus</strong></span> <span class='ocrx_word' id='word_1_414' title='bbox 2828 3235 2974 3305; x_wconf 85' lang='lat' dir='ltr'><strong>apud</strong></span> <span class='ocrx_word' id='word_1_415' title='bbox 3035 3236 3368 3299; x_wconf 81' lang='lat' dir='ltr'><strong>Phranzem,</strong></span> 
     </span>
    </p>
   </div>
   <div class='ocr_carea' id='block_1_61' title="bbox 170 3314 1688 3392">
    <p class='ocr_par' dir='ltr' id='par_1_61' title="bbox 170 3314 1688 3392">
     <span class='ocr_line' id='line_1_61' title="bbox 170 3314 1688 3392; baseline 0.008 -25"><span class='ocrx_word' id='word_1_416' title='bbox 170 3314 382 3381; x_wconf 71' lang='lat' dir='ltr'><strong>suspicari</strong></span> <span class='ocrx_word' id='word_1_417' title='bbox 409 3320 531 3388; x_wconf 86' lang='lat' dir='ltr'><strong>quis</strong></span> <span class='ocrx_word' id='word_1_418' title='bbox 552 3333 743 3390; x_wconf 88' lang='lat' dir='ltr'><strong>posset</strong></span> <span class='ocrx_word' id='word_1_419' title='bbox 762 3322 1064 3380; x_wconf 83' lang='lat' dir='ltr'><strong>cauicleum</strong></span> <span class='ocrx_word' id='word_1_420' title='bbox 1080 3324 1249 3381; x_wconf 74' lang='lat' dir='ltr'><strong>fuisse</strong></span> <span class='ocrx_word' id='word_1_421' title='bbox 1276 3326 1688 3392; x_wconf 83' lang='lat' dir='ltr'><strong>monasterium,</strong></span> 
     </span>
    </p>
   </div>
   <div class='ocr_carea' id='block_1_62' title="bbox 171 3408 1696 3487">
    <p class='ocr_par' dir='ltr' id='par_1_62' title="bbox 171 3408 1696 3487">
     <span class='ocr_line' id='line_1_62' title="bbox 171 3408 1696 3487; baseline 0.013 -33"><span class='ocrx_word' id='word_1_422' title='bbox 171 3408 335 3461; x_wconf 82' lang='lat' dir='ltr'><strong>tametsi</strong></span> <span class='ocrx_word' id='word_1_423' title='bbox 357 3410 617 3487; x_wconf 82' lang='lat' dir='ltr'><strong>adjuncto</strong></span> <span class='ocrx_word' id='word_1_424' title='bbox 656 3415 897 3483; x_wconf 87' lang='lat' dir='ltr'><strong>palatio:</strong></span> <span class='ocrx_word' id='word_1_425' title='bbox 932 3432 1055 3471; x_wconf 89' lang='lat' dir='ltr'><strong>nam</strong></span> <span class='ocrx_word' id='word_1_426' title='bbox 1093 3419 1463 3483; x_wconf 77' lang='lat' dir='ltr'><strong>monasteriis,</strong></span> <span class='ocrx_word' id='word_1_427' title='bbox 1514 3419 1696 3475; x_wconf 89' lang='lat' dir='ltr'><strong>nomi-</strong></span> 
     </span>
    </p>
   </div>
   <div class='ocr_carea' id='block_1_63' title="bbox 170 3497 1695 3581">
    <p class='ocr_par' dir='ltr' id='par_1_63' title="bbox 170 3497 1695 3581">
     <span class='ocr_line' id='line_1_63' title="bbox 170 3497 1695 3581; baseline 0.015 -37"><span class='ocrx_word' id='word_1_428' title='bbox 170 3497 299 3551; x_wconf 81' lang='lat' dir='ltr'><strong>natiut</strong></span> <span class='ocrx_word' id='word_1_429' title='bbox 322 3500 364 3554; x_wconf 85' lang='lat' dir='ltr'><strong>ei</strong></span> <span class='ocrx_word' id='word_1_430' title='bbox 395 3506 538 3573; x_wconf 87' lang='lat' dir='ltr'><strong>quod</strong></span> <span class='ocrx_word' id='word_1_431' title='bbox 579 3504 901 3579; x_wconf 79' lang='lat' dir='ltr'><strong>llodegetria</strong></span> <span class='ocrx_word' id='word_1_432' title='bbox 937 3509 1348 3577; x_wconf 84' lang='lat' dir='ltr'><strong>nominabatur,</strong></span> <span class='ocrx_word' id='word_1_433' title='bbox 1369 3522 1425 3567; x_wconf 88' lang='lat' dir='ltr'><strong>et</strong></span> <span class='ocrx_word' id='word_1_434' title='bbox 1475 3511 1695 3581; x_wconf 88' lang='lat' dir='ltr'><strong>templis</strong></span> 
     </span>
    </p>
   </div>
   <div class='ocr_carea' id='block_1_64' title="bbox 171 3589 1695 3674">
    <p class='ocr_par' dir='ltr' id='par_1_64' title="bbox 171 3589 1695 3674">
     <span class='ocr_line' id='line_1_64' title="bbox 171 3589 1695 3674; baseline 0.01 -33"><span class='ocrx_word' id='word_1_435' title='bbox 171 3589 424 3659; x_wconf 66' lang='lat' dir='ltr'><strong>pracipuis,</strong></span> <span class='ocrx_word' id='word_1_436' title='bbox 469 3608 525 3651; x_wconf 87' lang='lat' dir='ltr'><strong>ut</strong></span> <span class='ocrx_word' id='word_1_437' title='bbox 557 3597 975 3669; x_wconf 84' lang='lat' dir='ltr'><strong>Blacberniano,</strong></span> <span class='ocrx_word' id='word_1_438' title='bbox 1008 3602 1446 3673; x_wconf 84' lang='lat' dir='ltr'><strong>adjungebantur</strong></span> <span class='ocrx_word' id='word_1_439' title='bbox 1471 3605 1695 3674; x_wconf 79' lang='lat' dir='ltr'><strong>palatia,</strong></span> 
     </span>
    </p>
   </div>
   <div class='ocr_carea' id='block_1_65' title="bbox 170 3680 1696 3765">
    <p class='ocr_par' dir='ltr' id='par_1_65' title="bbox 170 3680 1696 3765">
     <span class='ocr_line' id='line_1_65' title="bbox 170 3680 1696 3765; baseline 0.015 -34"><span class='ocrx_word' id='word_1_440' title='bbox 170 3680 208 3731; x_wconf 88' lang='lat' dir='ltr'><strong>in</strong></span> <span class='ocrx_word' id='word_1_441' title='bbox 232 3684 402 3749; x_wconf 90' lang='lat' dir='ltr'><strong>quibus</strong></span> <span class='ocrx_word' id='word_1_442' title='bbox 444 3689 809 3758; x_wconf 83' lang='lat' dir='ltr'><strong>imperatores</strong></span> <span class='ocrx_word' id='word_1_443' title='bbox 839 3695 920 3749; x_wconf 88' lang='lat' dir='ltr'><strong>vel</strong></span> <span class='ocrx_word' id='word_1_444' title='bbox 951 3696 1169 3765; x_wconf 84' lang='lat' dir='ltr'><strong>pietatis</strong></span> <span class='ocrx_word' id='word_1_445' title='bbox 1201 3697 1288 3752; x_wconf 89' lang='lat' dir='ltr'><strong>vel</strong></span> <span class='ocrx_word' id='word_1_446' title='bbox 1340 3698 1696 3754; x_wconf 82' lang='lat' dir='ltr'><strong>recreationis</strong></span> 
     </span>
    </p>
   </div>
   <div class='ocr_carea' id='block_1_66' title="bbox 169 3780 1698 3852">
    <p class='ocr_par' dir='ltr' id='par_1_66' title="bbox 169 3780 1698 3852">
     <span class='ocr_line' id='line_1_66' title="bbox 169 3780 1698 3852; baseline 0.013 -27"><span class='ocrx_word' id='word_1_447' title='bbox 169 3788 293 3832; x_wconf 64' lang='lat' dir='ltr'><strong>causa</strong></span> <span class='ocrx_word' id='word_1_448' title='bbox 315 3780 605 3852; x_wconf 85' lang='lat' dir='ltr'><strong>aliquando</strong></span> <span class='ocrx_word' id='word_1_449' title='bbox 637 3786 1017 3843; x_wconf 81' lang='lat' dir='ltr'><strong>versabantur.</strong></span> <span class='ocrx_word' id='word_1_450' title='bbox 1058 3790 1196 3846; x_wconf 82' lang='lat' dir='ltr'><strong>Hinc</strong></span> <span class='ocrx_word' id='word_1_451' title='bbox 1238 3788 1438 3847; x_wconf 87' lang='lat' dir='ltr'><strong>Junius</strong></span> <span class='ocrx_word' id='word_1_452' title='bbox 1462 3791 1554 3845; x_wconf 75' lang='grc' dir='ltr'><strong>τὸν</strong></span> <span class='ocrx_word' id='word_1_453' title='bbox 1604 3791 1698 3845; x_wconf 74' lang='grc' dir='ltr'>ἐπὶ</span> 
     </span>
    </p>
   </div>
   <div class='ocr_carea' id='block_1_67' title="bbox 168 3870 1696 3947">
    <p class='ocr_par' dir='ltr' id='par_1_67' title="bbox 168 3870 1696 3947">
     <span class='ocr_line' id='line_1_67' title="bbox 168 3870 1696 3947; baseline 0.013 -28"><span class='ocrx_word' id='word_1_454' title='bbox 168 3870 547 3930; x_wconf 72' lang='grc' dir='ltr'><strong>τοῦ,κανιχλείου</strong></span> <span class='ocrx_word' id='word_1_455' title='bbox 580 3884 737 3947; x_wconf 84' lang='lat' dir='ltr'><strong>putat</strong></span> <span class='ocrx_word' id='word_1_456' title='bbox 767 3879 1080 3947; x_wconf 70' lang='lat' dir='ltr'><strong>prmfectum</strong></span> <span class='ocrx_word' id='word_1_457' title='bbox 1108 3881 1278 3937; x_wconf 82' lang='lat' dir='ltr'><strong>fuisse</strong></span> <span class='ocrx_word' id='word_1_458' title='bbox 1298 3882 1444 3937; x_wconf 85' lang='lat' dir='ltr'><strong>arcis</strong></span> <span class='ocrx_word' id='word_1_459' title='bbox 1477 3893 1531 3937; x_wconf 88' lang='lat' dir='ltr'><strong>et</strong></span> <span class='ocrx_word' id='word_1_460' title='bbox 1576 3900 1696 3939; x_wconf 87' lang='lat' dir='ltr'><strong>uto-</strong></span> 
     </span>
    </p>
   </div>
   <div class='ocr_carea' id='block_1_68' title="bbox 170 3966 1699 4043">
    <p class='ocr_par' dir='ltr' id='par_1_68' title="bbox 170 3966 1699 4043">
     <span class='ocr_line' id='line_1_68' title="bbox 170 3966 1699 4043; baseline 0.014 -34"><span class='ocrx_word' id='word_1_461' title='bbox 170 3966 473 4023; x_wconf 78' lang='lat' dir='ltr'><strong>nasteriiboc</strong></span> <span class='ocrx_word' id='word_1_462' title='bbox 496 3971 730 4025; x_wconf 79' lang='lat' dir='ltr'><strong>nomine</strong></span> <span class='ocrx_word' id='word_1_463' title='bbox 786 3972 841 4026; x_wconf 88' lang='lat' dir='ltr'><strong>in</strong></span> <span class='ocrx_word' id='word_1_464' title='bbox 869 3972 1008 4027; x_wconf 84' lang='lat' dir='ltr'><strong>urbe</strong></span> <span class='ocrx_word' id='word_1_465' title='bbox 1067 3972 1374 4043; x_wconf 84' lang='lat' dir='ltr'><strong>Cpolitana.</strong></span> <span class='ocrx_word' id='word_1_466' title='bbox 1412 3973 1544 4041; x_wconf 71' lang='lat' dir='ltr'><strong>Quae</strong></span> <span class='ocrx_word' id='word_1_467' title='bbox 1592 3975 1699 4032; x_wconf 81' lang='lat' dir='ltr'><strong>iuit</strong></span> 
     </span>
    </p>
   </div>
   <div class='ocr_carea' id='block_1_69' title="bbox 169 4053 1699 4124">
    <p class='ocr_par' dir='ltr' id='par_1_69' title="bbox 169 4053 1699 4124">
     <span class='ocr_line' id='line_1_69' title="bbox 169 4053 1699 4124; baseline 0.015 -23"><span class='ocrx_word' id='word_1_468' title='bbox 169 4053 291 4106; x_wconf 81' lang='lat' dir='ltr'><strong>etiam</strong></span> <span class='ocrx_word' id='word_1_469' title='bbox 320 4062 585 4115; x_wconf 86' lang='lat' dir='ltr'><strong>sententia</strong></span> <span class='ocrx_word' id='word_1_470' title='bbox 619 4058 803 4117; x_wconf 82' lang='lat' dir='ltr'><strong>Wolﬁi</strong></span> <span class='ocrx_word' id='word_1_471' title='bbox 836 4065 890 4118; x_wconf 90' lang='lat' dir='ltr'><strong>in</strong></span> <span class='ocrx_word' id='word_1_472' title='bbox 928 4065 1107 4121; x_wconf 89' lang='lat' dir='ltr'><strong>indice</strong></span> <span class='ocrx_word' id='word_1_473' title='bbox 1136 4067 1204 4120; x_wconf 86' lang='lat' dir='ltr'><strong>ad</strong></span> <span class='ocrx_word' id='word_1_474' title='bbox 1235 4065 1526 4123; x_wconf 78' lang='lat' dir='ltr'><strong>Zonaram.</strong></span> <span class='ocrx_word' id='word_1_475' title='bbox 1592 4067 1699 4124; x_wconf 85' lang='lat' dir='ltr'><strong>Ca-</strong></span> 
     </span>
    </p>
   </div>
   <div class='ocr_carea' id='block_1_70' title="bbox 172 4142 1697 4227">
    <p class='ocr_par' dir='ltr' id='par_1_70' title="bbox 172 4142 1697 4227">
     <span class='ocr_line' id='line_1_70' title="bbox 172 4142 1697 4227; baseline 0.018 -37"><span class='ocrx_word' id='word_1_476' title='bbox 172 4142 367 4210; x_wconf 79' lang='lat' dir='ltr'><strong>nicleum,</strong></span> <span class='ocrx_word' id='word_1_477' title='bbox 393 4152 592 4223; x_wconf 85' lang='lat' dir='ltr'><strong>inquit,</strong></span> <span class='ocrx_word' id='word_1_478' title='bbox 637 4155 1021 4208; x_wconf 81' lang='lat' dir='ltr'><strong>monasterium</strong></span> <span class='ocrx_word' id='word_1_479' title='bbox 1067 4157 1229 4227; x_wconf 71' lang='lat'><strong>207</strong></span> <span class='ocrx_word' id='word_1_480' title='bbox 1268 4173 1323 4227; x_wconf 92' lang='lat' dir='ltr'><strong>p.</strong></span> <span class='ocrx_word' id='word_1_481' title='bbox 1350 4158 1451 4213; x_wconf 76' lang='lat' dir='ltr'><strong>l23</strong></span> <span class='ocrx_word' id='word_1_482' title='bbox 1485 4170 1538 4213; x_wconf 85' lang='lat' dir='ltr'><strong>et</strong></span> <span class='ocrx_word' id='word_1_483' title='bbox 1568 4160 1697 4219; x_wconf 72' lang='grc'><strong>224.</strong></span> 
     </span>
    </p>
   </div>
   <div class='ocr_carea' id='block_1_71' title="bbox 170 4234 1700 4323">
    <p class='ocr_par' dir='ltr' id='par_1_71' title="bbox 170 4234 1700 4323">
     <span class='ocr_line' id='line_1_71' title="bbox 170 4234 1700 4323; baseline 0.015 -38"><span class='ocrx_word' id='word_1_484' title='bbox 170 4234 401 4305; x_wconf 67' lang='lat' dir='ltr'><strong>Xylsnder</strong></span> <span class='ocrx_word' id='word_1_485' title='bbox 424 4245 477 4298; x_wconf 90' lang='lat' dir='ltr'><strong>in</strong></span> <span class='ocrx_word' id='word_1_486' title='bbox 520 4246 671 4300; x_wconf 87' lang='lat' dir='ltr'><strong>notis</strong></span> <span class='ocrx_word' id='word_1_487' title='bbox 701 4245 768 4299; x_wconf 86' lang='lat' dir='ltr'><strong>ad</strong></span> <span class='ocrx_word' id='word_1_488' title='bbox 797 4246 1108 4302; x_wconf 79' lang='lat' dir='ltr'><strong>Cedrenum</strong></span> <span class='ocrx_word' id='word_1_489' title='bbox 1145 4265 1298 4307; x_wconf 88' lang='lat' dir='ltr'><strong>num.</strong></span> <span class='ocrx_word' id='word_1_490' title='bbox 1330 4249 1431 4306; x_wconf 81' lang='grc'><strong>196</strong></span> <span class='ocrx_word' id='word_1_491' title='bbox 1463 4251 1700 4323; x_wconf 77' lang='lat' dir='ltr'><strong>ingenue</strong></span> 
     </span>
    </p>
   </div>
   <div class='ocr_carea' id='block_1_72' title="bbox 172 4323 1701 4415">
    <p class='ocr_par' dir='ltr' id='par_1_72' title="bbox 172 4323 1701 4415">
     <span class='ocr_line' id='line_1_72' title="bbox 172 4323 1701 4415; baseline 0.016 -37"><span class='ocrx_word' id='word_1_492' title='bbox 172 4323 333 4386; x_wconf 71' lang='lat' dir='ltr'><strong>inetur</strong></span> <span class='ocrx_word' id='word_1_493' title='bbox 352 4350 407 4390; x_wconf 86' lang='lat' dir='ltr'><strong>se</strong></span> <span class='ocrx_word' id='word_1_494' title='bbox 426 4340 642 4392; x_wconf 81' lang='lat' dir='ltr'><strong>nescire</strong></span> <span class='ocrx_word' id='word_1_495' title='bbox 661 4338 793 4408; x_wconf 89' lang='lat' dir='ltr'><strong>quid</strong></span> <span class='ocrx_word' id='word_1_496' title='bbox 819 4339 888 4392; x_wconf 89' lang='lat' dir='ltr'><strong>sit</strong></span> <span class='ocrx_word' id='word_1_497' title='bbox 908 4340 1130 4394; x_wconf 76' lang='lat' dir='ltr'><strong>cauiclei</strong></span> <span class='ocrx_word' id='word_1_498' title='bbox 1152 4342 1407 4411; x_wconf 79' lang='lat' dir='ltr'><strong>dignitas.</strong></span> <span class='ocrx_word' id='word_1_499' title='bbox 1428 4342 1701 4415; x_wconf 80' lang='lat' dir='ltr'><strong>Nicepho-</strong></span> 
     </span>
    </p>
   </div>
   <div class='ocr_carea' id='block_1_73' title="bbox 172 4424 1703 4510">
    <p class='ocr_par' dir='ltr' id='par_1_73' title="bbox 172 4424 1703 4510">
     <span class='ocr_line' id='line_1_73' title="bbox 172 4424 1703 4510; baseline 0.013 -36"><span class='ocrx_word' id='word_1_500' title='bbox 172 4439 241 4477; x_wconf 84' lang='lat' dir='ltr'><strong>rus</strong></span> <span class='ocrx_word' id='word_1_501' title='bbox 258 4424 533 4499; x_wconf 84' lang='lat' dir='ltr'><strong>Gregoras,</strong></span> <span class='ocrx_word' id='word_1_502' title='bbox 564 4433 663 4487; x_wconf 89' lang='lat' dir='ltr'><strong>lib.</strong></span> <span class='ocrx_word' id='word_1_503' title='bbox 696 4447 770 4486; x_wconf 83' lang='lat' dir='ltr'><strong>vn</strong></span> <span class='ocrx_word' id='word_1_504' title='bbox 808 4449 822 4485; x_wconf 91' lang='lat'><strong>:</strong></span> <span class='ocrx_word' id='word_1_505' title='bbox 856 4432 988 4488; x_wconf 80' lang='lat' dir='ltr'><strong>Erat</strong></span> <span class='ocrx_word' id='word_1_506' title='bbox 1016 4444 1128 4488; x_wconf 86' lang='lat' dir='ltr'><strong>tum</strong></span> <span class='ocrx_word' id='word_1_507' title='bbox 1170 4446 1487 4505; x_wconf 83' lang='lat' dir='ltr'><strong>procurator</strong></span> <span class='ocrx_word' id='word_1_508' title='bbox 1544 4454 1703 4510; x_wconf 85' lang='lat' dir='ltr'><strong>nego-</strong></span> 
     </span>
    </p>
   </div>
   <div class='ocr_carea' id='block_1_74' title="bbox 174 4515 1701 4603">
    <p class='ocr_par' dir='ltr' id='par_1_74' title="bbox 174 4515 1701 4603">
     <span class='ocr_line' id='line_1_74' title="bbox 174 4515 1701 4603; baseline 0.014 -36"><span class='ocrx_word' id='word_1_509' title='bbox 174 4515 326 4573; x_wconf 80' lang='lat' dir='ltr'><strong>tiorum</strong></span> <span class='ocrx_word' id='word_1_510' title='bbox 350 4523 676 4603; x_wconf 48' lang='lat' dir='ltr'><strong>imperiivir</strong></span> <span class='ocrx_word' id='word_1_511' title='bbox 700 4526 931 4591; x_wconf 81' lang='lat' dir='ltr'><strong>prudens</strong></span> <span class='ocrx_word' id='word_1_512' title='bbox 961 4536 1011 4578; x_wconf 92' lang='lat' dir='ltr'><strong>et</strong></span> <span class='ocrx_word' id='word_1_513' title='bbox 1046 4528 1109 4591; x_wconf 76' lang='lat' dir='ltr'><strong>ob</strong></span> <span class='ocrx_word' id='word_1_514' title='bbox 1141 4528 1461 4583; x_wconf 75' lang='lat' dir='ltr'><strong>industriam</strong></span> <span class='ocrx_word' id='word_1_515' title='bbox 1493 4542 1541 4586; x_wconf 84' lang='lat' dir='ltr'><strong>et</strong></span> <span class='ocrx_word' id='word_1_516' title='bbox 1597 4533 1701 4587; x_wconf 87' lang='lat' dir='ltr'><strong>rei—</strong></span> 
     </span>
    </p>
   </div>
   <div class='ocr_carea' id='block_1_75' title="bbox 168 4609 1706 4689">
    <p class='ocr_par' dir='ltr' id='par_1_75' title="bbox 168 4609 1706 4689">
     <span class='ocr_line' id='line_1_75' title="bbox 168 4609 1706 4689; baseline 0.015 -32"><span class='ocrx_word' id='word_1_517' title='bbox 168 4609 350 4673; x_wconf 75' lang='lat' dir='ltr'><strong>psblica:</strong></span> <span class='ocrx_word' id='word_1_518' title='bbox 370 4616 617 4684; x_wconf 80' lang='lat' dir='ltr'><strong>gerenda:</strong></span> <span class='ocrx_word' id='word_1_519' title='bbox 647 4618 920 4671; x_wconf 84' lang='lat' dir='ltr'><strong>scientiam</strong></span> <span class='ocrx_word' id='word_1_520' title='bbox 953 4619 1260 4685; x_wconf 83' lang='lat' dir='ltr'><strong>imperatori</strong></span> <span class='ocrx_word' id='word_1_521' title='bbox 1292 4621 1509 4689; x_wconf 77' lang='lat' dir='ltr'><strong>chorus,</strong></span> <span class='ocrx_word' id='word_1_522' title='bbox 1566 4626 1706 4680; x_wconf 84' lang='lat' dir='ltr'><strong>unde</strong></span> 
     </span>
    </p>
   </div>
   <div class='ocr_carea' id='block_1_76' title="bbox 172 4707 1706 4781">
    <p class='ocr_par' dir='ltr' id='par_1_76' title="bbox 172 4707 1706 4781">
     <span class='ocr_line' id='line_1_76' title="bbox 172 4707 1706 4781; baseline 0.014 -32"><span class='ocrx_word' id='word_1_523' title='bbox 172 4710 204 4750; x_wconf 74' lang='lat' dir='ltr'><strong>et</strong></span> <span class='ocrx_word' id='word_1_524' title='bbox 222 4708 514 4762; x_wconf 76' lang='lat' dir='ltr'><strong>auctoritate</strong></span> <span class='ocrx_word' id='word_1_525' title='bbox 544 4718 598 4762; x_wconf 89' lang='lat' dir='ltr'><strong>et</strong></span> <span class='ocrx_word' id='word_1_526' title='bbox 632 4707 813 4775; x_wconf 88' lang='lat' dir='ltr'><strong>opibus</strong></span> <span class='ocrx_word' id='word_1_527' title='bbox 856 4709 1104 4778; x_wconf 83' lang='lat' dir='ltr'><strong>pollebat,</strong></span> <span class='ocrx_word' id='word_1_528' title='bbox 1142 4709 1472 4781; x_wconf 78' lang='lat' dir='ltr'><strong>Nicephorus</strong></span> <span class='ocrx_word' id='word_1_529' title='bbox 1494 4716 1706 4770; x_wconf 82' lang='lat' dir='ltr'><strong>caniclii</strong></span> 
     </span>
    </p>
   </div>
   <div class='ocr_carea' id='block_1_77' title="bbox 169 4798 1705 4875">
    <p class='ocr_par' dir='ltr' id='par_1_77' title="bbox 169 4798 1705 4875">
     <span class='ocr_line' id='line_1_77' title="bbox 169 4798 1705 4875; baseline 0.01 -28"><span class='ocrx_word' id='word_1_530' title='bbox 169 4799 427 4864; x_wconf 74' lang='lat' dir='ltr'><strong>prefectus.</strong></span> <span class='ocrx_word' id='word_1_531' title='bbox 462 4800 518 4855; x_wconf 90' lang='lat' dir='ltr'><strong>Is</strong></span> <span class='ocrx_word' id='word_1_532' title='bbox 548 4798 760 4854; x_wconf 82' lang='lat' dir='ltr'><strong>blandis</strong></span> <span class='ocrx_word' id='word_1_533' title='bbox 789 4804 1117 4856; x_wconf 84' lang='lat' dir='ltr'><strong>sermonibus</strong></span> <span class='ocrx_word' id='word_1_534' title='bbox 1135 4816 1183 4858; x_wconf 90' lang='lat' dir='ltr'><strong>et</strong></span> <span class='ocrx_word' id='word_1_535' title='bbox 1209 4804 1469 4875; x_wconf 84' lang='lat' dir='ltr'><strong>obsequiis</strong></span> <span class='ocrx_word' id='word_1_536' title='bbox 1486 4807 1705 4863; x_wconf 85' lang='lat' dir='ltr'><strong>lenitate</strong></span> 
     </span>
    </p>
   </div>
   <div class='ocr_carea' id='block_1_78' title="bbox 168 4890 1707 4968">
    <p class='ocr_par' dir='ltr' id='par_1_78' title="bbox 168 4890 1707 4968">
     <span class='ocr_line' id='line_1_78' title="bbox 168 4890 1707 4968; baseline 0.007 -24"><span class='ocrx_word' id='word_1_537' title='bbox 168 4890 465 4955; x_wconf 68' lang='lat' dir='ltr'><strong>imperatoris</strong></span> <span class='ocrx_word' id='word_1_538' title='bbox 488 4894 813 4955; x_wconf 81' lang='lat' dir='ltr'><strong>conciliata.</strong></span> <span class='ocrx_word' id='word_1_539' title='bbox 831 4896 960 4965; x_wconf 87' lang='lat' dir='ltr'><strong>petit</strong></span> <span class='ocrx_word' id='word_1_540' title='bbox 981 4906 1029 4948; x_wconf 88' lang='lat' dir='ltr'><strong>et</strong></span> <span class='ocrx_word' id='word_1_541' title='bbox 1052 4897 1245 4965; x_wconf 87' lang='lat' dir='ltr'><strong>accipit</strong></span> <span class='ocrx_word' id='word_1_542' title='bbox 1272 4913 1520 4966; x_wconf 85' lang='lat' dir='ltr'><strong>generum</strong></span> <span class='ocrx_word' id='word_1_543' title='bbox 1534 4900 1707 4968; x_wconf 73' lang='lat' dir='ltr'><strong>ﬁliuni</strong></span> 
     </span>
    </p>
   </div>
   <div class='ocr_carea' id='block_1_79' title="bbox 168 4980 1712 5061">
    <p class='ocr_par' dir='ltr' id='par_1_79' title="bbox 168 4980 1712 5061">
     <span class='ocr_line' id='line_1_79' title="bbox 168 4980 1712 5061; baseline 0.013 -32"><span class='ocrx_word' id='word_1_544' title='bbox 168 4980 252 5044; x_wconf 77' lang='lat' dir='ltr'><strong>q&#39;ss</strong></span> <span class='ocrx_word' id='word_1_545' title='bbox 275 4982 558 5053; x_wconf 81' lang='lat' dir='ltr'><strong>Joannem,</strong></span> <span class='ocrx_word' id='word_1_546' title='bbox 589 4987 894 5056; x_wconf 85' lang='lat' dir='ltr'><strong>indignante</strong></span> <span class='ocrx_word' id='word_1_547' title='bbox 922 4990 1132 5057; x_wconf 81' lang='lat' dir='ltr'><strong>quidem</strong></span> <span class='ocrx_word' id='word_1_548' title='bbox 1160 5000 1209 5045; x_wconf 90' lang='lat' dir='ltr'><strong>et</strong></span> <span class='ocrx_word' id='word_1_549' title='bbox 1269 4991 1569 5061; x_wconf 81' lang='lat' dir='ltr'><strong>refragante</strong></span> <span class='ocrx_word' id='word_1_550' title='bbox 1611 4995 1712 5049; x_wconf 87' lang='lat' dir='ltr'><strong>im-</strong></span> 
     </span>
    </p>
   </div>
   <div class='ocr_carea' id='block_1_80' title="bbox 168 5077 1709 5153">
    <p class='ocr_par' dir='ltr' id='par_1_80' title="bbox 168 5077 1709 5153">
     <span class='ocr_line' id='line_1_80' title="bbox 168 5077 1709 5153; baseline 0.011 -30"><span class='ocrx_word' id='word_1_551' title='bbox 168 5078 404 5139; x_wconf 73' lang='lat' dir='ltr'><strong>peratrice,</strong></span> <span class='ocrx_word' id='word_1_552' title='bbox 438 5077 534 5131; x_wconf 84' lang='lat' dir='ltr'><strong>sed</strong></span> <span class='ocrx_word' id='word_1_553' title='bbox 564 5079 988 5147; x_wconf 75' lang='lat' dir='ltr'><strong>tamen-accipit.</strong></span> <span class='ocrx_word' id='word_1_554' title='bbox 1049 5078 1124 5134; x_wconf 85' lang='lat' dir='ltr'><strong>De</strong></span> <span class='ocrx_word' id='word_1_555' title='bbox 1178 5082 1367 5136; x_wconf 87' lang='lat' dir='ltr'><strong>eodem</strong></span> <span class='ocrx_word' id='word_1_556' title='bbox 1399 5082 1709 5153; x_wconf 80' lang='lat' dir='ltr'><strong>Nicepltoro</strong></span> 
     </span>
    </p>
   </div>
   <div class='ocr_carea' id='block_1_81' title="bbox 167 5167 1710 5238">
    <p class='ocr_par' dir='ltr' id='par_1_81' title="bbox 167 5167 1710 5238">
     <span class='ocr_line' id='line_1_81' title="bbox 167 5167 1710 5238; baseline 0.008 -22"><span class='ocrx_word' id='word_1_557' title='bbox 167 5167 353 5223; x_wconf 81' lang='lat' dir='ltr'><strong>cauiclei</strong></span> <span class='ocrx_word' id='word_1_558' title='bbox 382 5169 647 5238; x_wconf 64' lang='lat' dir='ltr'><strong>praefecto</strong></span> <span class='ocrx_word' id='word_1_559' title='bbox 682 5168 1119 5236; x_wconf 79' lang='lat' dir='ltr'><strong>Cantacuzenus,</strong></span> <span class='ocrx_word' id='word_1_560' title='bbox 1156 5187 1200 5236; x_wconf 85' lang='grc' dir='ltr'>ι,</span> <span class='ocrx_word' id='word_1_561' title='bbox 1225 5172 1292 5227; x_wconf 72' lang='grc' dir='ltr'>Η</span> <span class='ocrx_word' id='word_1_562' title='bbox 1322 5188 1337 5227; x_wconf 88' lang='lat'><strong>:</strong></span> <span class='ocrx_word' id='word_1_563' title='bbox 1392 5172 1471 5229; x_wconf 86' lang='lat' dir='ltr'><strong>De</strong></span> <span class='ocrx_word' id='word_1_564' title='bbox 1520 5188 1710 5230; x_wconf 87' lang='lat' dir='ltr'><strong>senatu</strong></span> 
     </span>
    </p>
   </div>
   <div class='ocr_carea' id='block_1_82' title="bbox 166 5262 1712 5335">
    <p class='ocr_par' dir='ltr' id='par_1_82' title="bbox 166 5262 1712 5335">
     <span class='ocr_line' id='line_1_82' title="bbox 166 5262 1712 5335; baseline 0.008 -23"><span class='ocrx_word' id='word_1_565' title='bbox 166 5262 362 5323; x_wconf 76' lang='lat' dir='ltr'><strong>palatino</strong></span> <span class='ocrx_word' id='word_1_566' title='bbox 399 5272 694 5330; x_wconf 65' lang='lat' dir='ltr'><strong>praesentes</strong></span> <span class='ocrx_word' id='word_1_567' title='bbox 727 5266 946 5320; x_wconf 87' lang='lat' dir='ltr'><strong>aderant</strong></span> <span class='ocrx_word' id='word_1_568' title='bbox 984 5281 1208 5335; x_wconf 88' lang='lat' dir='ltr'><strong>magnus</strong></span> <span class='ocrx_word' id='word_1_569' title='bbox 1242 5266 1510 5335; x_wconf 75' lang='lat' dir='ltr'><strong>logotlteta</strong></span> <span class='ocrx_word' id='word_1_570' title='bbox 1540 5268 1712 5324; x_wconf 74' lang='lat' dir='ltr'><strong>Meto-</strong></span> 
     </span>
    </p>
   </div>
   <div class='ocr_carea' id='block_1_83' title="bbox 163 5352 1713 5428">
    <p class='ocr_par' dir='ltr' id='par_1_83' title="bbox 163 5352 1713 5428">
     <span class='ocr_line' id='line_1_83' title="bbox 163 5352 1713 5428; baseline 0.008 -25"><span class='ocrx_word' id='word_1_571' title='bbox 163 5352 315 5417; x_wconf 76' lang='lat' dir='ltr'><strong>cliites,</strong></span> <span class='ocrx_word' id='word_1_572' title='bbox 342 5358 495 5427; x_wconf 82' lang='lat' dir='ltr'><strong>cujus</strong></span> <span class='ocrx_word' id='word_1_573' title='bbox 539 5368 700 5411; x_wconf 82' lang='lat' dir='ltr'><strong>antea</strong></span> <span class='ocrx_word' id='word_1_574' title='bbox 735 5358 1085 5423; x_wconf 85' lang='lat' dir='ltr'><strong>meminimus,</strong></span> <span class='ocrx_word' id='word_1_575' title='bbox 1137 5369 1189 5412; x_wconf 90' lang='lat' dir='ltr'><strong>et</strong></span> <span class='ocrx_word' id='word_1_576' title='bbox 1223 5356 1557 5427; x_wconf 83' lang='lat' dir='ltr'><strong>Nicepltorus</strong></span> <span class='ocrx_word' id='word_1_577' title='bbox 1623 5365 1713 5428; x_wconf 86' lang='lat' dir='ltr'><strong>qui</strong></span> 
     </span>
    </p>
   </div>
   <div class='ocr_carea' id='block_1_84' title="bbox 165 5449 1711 5522">
    <p class='ocr_par' dir='ltr' id='par_1_84' title="bbox 165 5449 1711 5522">
     <span class='ocr_line' id='line_1_84' title="bbox 165 5449 1711 5522; baseline 0.006 -25"><span class='ocrx_word' id='word_1_578' title='bbox 165 5450 359 5504; x_wconf 76' lang='lat' dir='ltr'><strong>eauicleo</strong></span> <span class='ocrx_word' id='word_1_579' title='bbox 385 5460 619 5517; x_wconf 67' lang='lat' dir='ltr'><strong>praeerat</strong></span> <span class='ocrx_word' id='word_1_580' title='bbox 648 5460 700 5504; x_wconf 91' lang='lat' dir='ltr'><strong>et</strong></span> <span class='ocrx_word' id='word_1_581' title='bbox 732 5451 843 5504; x_wconf 71' lang='lat' dir='ltr'><strong>aelii</strong></span> <span class='ocrx_word' id='word_1_582' title='bbox 869 5449 1097 5512; x_wconf 74' lang='lat' dir='ltr'><strong>solebat,</strong></span> <span class='ocrx_word' id='word_1_583' title='bbox 1160 5450 1470 5504; x_wconf 85' lang='lat' dir='ltr'><strong>admirabili</strong></span> <span class='ocrx_word' id='word_1_584' title='bbox 1499 5454 1711 5522; x_wconf 78' lang='lat' dir='ltr'><strong>sapien-</strong></span> 
     </span>
    </p>
   </div>
   <div class='ocr_carea' id='block_1_85' title="bbox 162 5543 1712 5615">
    <p class='ocr_par' dir='ltr' id='par_1_85' title="bbox 162 5543 1712 5615">
     <span class='ocr_line' id='line_1_85' title="bbox 162 5543 1712 5615; baseline 0.006 -25"><span class='ocrx_word' id='word_1_585' title='bbox 162 5543 219 5593; x_wconf 87' lang='lat' dir='ltr'><strong>tia</strong></span> <span class='ocrx_word' id='word_1_586' title='bbox 232 5546 549 5615; x_wconf 82' lang='lat' dir='ltr'><strong>consilioque</strong></span> <span class='ocrx_word' id='word_1_587' title='bbox 566 5546 843 5613; x_wconf 64' lang='lat' dir='ltr'><strong>proditus,</strong></span> <span class='ocrx_word' id='word_1_588' title='bbox 867 5543 1005 5597; x_wconf 87' lang='lat' dir='ltr'><strong>etab</strong></span> <span class='ocrx_word' id='word_1_589' title='bbox 1047 5544 1365 5612; x_wconf 83' lang='lat' dir='ltr'><strong>imperatore</strong></span> <span class='ocrx_word' id='word_1_590' title='bbox 1403 5545 1712 5599; x_wconf 80' lang='lat' dir='ltr'><strong>benevolen-</strong></span> 
     </span>
    </p>
   </div>
   <div class='ocr_carea' id='block_1_86' title="bbox 162 5636 1713 5708">
    <p class='ocr_par' dir='ltr' id='par_1_86' title="bbox 162 5636 1713 5708">
     <span class='ocr_line' id='line_1_86' title="bbox 162 5636 1713 5708; baseline 0.003 -21"><span class='ocrx_word' id='word_1_591' title='bbox 162 5636 223 5687; x_wconf 72' lang='lat' dir='ltr'><strong>tia</strong></span> <span class='ocrx_word' id='word_1_592' title='bbox 248 5637 535 5708; x_wconf 75' lang='lat' dir='ltr'><strong>honoreque</strong></span> <span class='ocrx_word' id='word_1_593' title='bbox 562 5638 824 5708; x_wconf 83' lang='lat' dir='ltr'><strong>singulari</strong></span> <span class='ocrx_word' id='word_1_594' title='bbox 854 5636 1124 5707; x_wconf 87' lang='lat' dir='ltr'><strong>dignatus,</strong></span> <span class='ocrx_word' id='word_1_595' title='bbox 1169 5637 1244 5690; x_wconf 88' lang='lat' dir='ltr'><strong>ita</strong></span> <span class='ocrx_word' id='word_1_596' title='bbox 1282 5647 1341 5690; x_wconf 86' lang='lat' dir='ltr'><strong>ut</strong></span> <span class='ocrx_word' id='word_1_597' title='bbox 1388 5639 1551 5692; x_wconf 88' lang='lat' dir='ltr'><strong>etiam</strong></span> <span class='ocrx_word' id='word_1_598' title='bbox 1599 5637 1713 5692; x_wconf 89' lang='lat' dir='ltr'><strong>Ire-</strong></span> 
     </span>
    </p>
   </div>
   <div class='ocr_carea' id='block_1_87' title="bbox 158 5726 1711 5796">
    <p class='ocr_par' dir='ltr' id='par_1_87' title="bbox 158 5726 1711 5796">
     <span class='ocr_line' id='line_1_87' title="bbox 158 5726 1711 5796; baseline 0.004 -21"><span class='ocrx_word' id='word_1_599' title='bbox 158 5740 252 5777; x_wconf 74' lang='lat' dir='ltr'><strong>nent</strong></span> <span class='ocrx_word' id='word_1_600' title='bbox 282 5727 593 5795; x_wconf 77' lang='lat' dir='ltr'><strong>ﬁliamejns</strong></span> <span class='ocrx_word' id='word_1_601' title='bbox 657 5726 859 5781; x_wconf 87' lang='lat' dir='ltr'><strong>Jaanni</strong></span> <span class='ocrx_word' id='word_1_602' title='bbox 921 5729 1154 5796; x_wconf 65' lang='lat' dir='ltr'><strong>despotic</strong></span> <span class='ocrx_word' id='word_1_603' title='bbox 1201 5727 1313 5795; x_wconf 76' lang='lat' dir='ltr'><strong>filio</strong></span> <span class='ocrx_word' id='word_1_604' title='bbox 1362 5744 1458 5781; x_wconf 88' lang='lat' dir='ltr'><strong>suo</strong></span> <span class='ocrx_word' id='word_1_605' title='bbox 1518 5729 1711 5795; x_wconf 82' lang='lat' dir='ltr'><strong>nuptiis</strong></span> 
     </span>
    </p>
   </div>
   <div class='ocr_carea' id='block_1_88' title="bbox 159 5818 1714 5889">
    <p class='ocr_par' dir='ltr' id='par_1_88' title="bbox 159 5818 1714 5889">
     <span class='ocr_line' id='line_1_88' title="bbox 159 5818 1714 5889; baseline 0.006 -25"><span class='ocrx_word' id='word_1_606' title='bbox 159 5819 490 5887; x_wconf 74' lang='lat' dir='ltr'><strong>teujungeret.</strong></span> <span class='ocrx_word' id='word_1_607' title='bbox 530 5819 630 5873; x_wconf 81' lang='lat' dir='ltr'><strong>llic</strong></span> <span class='ocrx_word' id='word_1_608' title='bbox 666 5818 997 5889; x_wconf 67' lang='lat' dir='ltr'><strong>Nil-ephorus</strong></span> <span class='ocrx_word' id='word_1_609' title='bbox 1018 5820 1190 5888; x_wconf 81' lang='lat' dir='ltr'><strong>prius-</strong></span> <span class='ocrx_word' id='word_1_610' title='bbox 1218 5821 1553 5888; x_wconf 81' lang='lat' dir='ltr'><strong>imperatoris</strong></span> <span class='ocrx_word' id='word_1_611' title='bbox 1619 5822 1714 5874; x_wconf 89' lang='lat' dir='ltr'><strong>do—</strong></span> 
     </span>
    </p>
   </div>
   <div class='ocr_carea' id='block_1_89' title="bbox 156 5896 1702 5976">
    <p class='ocr_par' dir='ltr' id='par_1_89' title="bbox 156 5896 1702 5976">
     <span class='ocr_line' id='line_1_89' title="bbox 156 5896 1702 5976; baseline 0.003 -11"><span class='ocrx_word' id='word_1_612' title='bbox 156 5915 342 5968; x_wconf 54' lang='lat' dir='ltr'><strong>maticu</strong></span> <span class='ocrx_word' id='word_1_613' title='bbox 369 5914 786 5969; x_wconf 79' lang='lat' dir='ltr'><strong>administrabat</strong></span> <span class='ocrx_word' id='word_1_614' title='bbox 813 5930 831 5967; x_wconf 89' lang='lat'><strong><em>:</em></strong></span> <span class='ocrx_word' id='word_1_615' title='bbox 864 5926 976 5969; x_wconf 84' lang='lat' dir='ltr'><strong>tum</strong></span> <span class='ocrx_word' id='word_1_616' title='bbox 1008 5896 1187 5968; x_wconf 66' lang='lat' dir='ltr'><strong>autem</strong></span> <span class='ocrx_word' id='word_1_617' title='bbox 1223 5916 1458 5976; x_wconf 81' lang='lat' dir='ltr'><strong>podagra</strong></span> <span class='ocrx_word' id='word_1_618' title='bbox 1481 5914 1702 5969; x_wconf 77' lang='lat' dir='ltr'><strong>conﬂic-</strong></span> 
     </span>
    </p>
   </div>
   <div class='ocr_carea' id='block_1_90' title="bbox 1798 3326 3383 3399">
    <p class='ocr_par' dir='ltr' id='par_1_90' title="bbox 1798 3326 3383 3399">
     <span class='ocr_line' id='line_1_90' title="bbox 1798 3326 3383 3399; baseline -0.001 -17"><span class='ocrx_word' id='word_1_619' title='bbox 1798 3327 2001 3390; x_wconf 68' lang='lat'><strong>&quot;.17:</strong></span> <span class='ocrx_word' id='word_1_620' title='bbox 2057 3327 2202 3382; x_wconf 70' lang='lat' dir='ltr'><strong>Duxi</strong></span> <span class='ocrx_word' id='word_1_621' title='bbox 2238 3344 2334 3399; x_wconf 88' lang='lat' dir='ltr'><strong>ego</strong></span> <span class='ocrx_word' id='word_1_622' title='bbox 2383 3344 2602 3382; x_wconf 78' lang='lat' dir='ltr'><strong>uxorem</strong></span> <span class='ocrx_word' id='word_1_623' title='bbox 2662 3326 2922 3383; x_wconf 80' lang='lat' dir='ltr'><strong>Helenam</strong></span> <span class='ocrx_word' id='word_1_624' title='bbox 2991 3328 3160 3398; x_wconf 79' lang='lat' dir='ltr'><strong>ﬁliam</strong></span> <span class='ocrx_word' id='word_1_625' title='bbox 3206 3328 3383 3383; x_wconf 69' lang='lat' dir='ltr'><strong>Alexii</strong></span> 
     </span>
    </p>
   </div>
   <div class='ocr_carea' id='block_1_91' title="bbox 1797 3418 3381 3491">
    <p class='ocr_par' dir='ltr' id='par_1_91' title="bbox 1797 3418 3381 3491">
     <span class='ocr_line' id='line_1_91' title="bbox 1797 3418 3381 3491; baseline 0.001 -18"><span class='ocrx_word' id='word_1_626' title='bbox 1797 3418 2089 3491; x_wconf 80' lang='lat' dir='ltr'><strong>Palteologi</strong></span> <span class='ocrx_word' id='word_1_627' title='bbox 2139 3418 2569 3489; x_wconf 74' lang='lat' dir='ltr'><strong>Exemplaconis,</strong></span> <span class='ocrx_word' id='word_1_628' title='bbox 2601 3421 2691 3490; x_wconf 89' lang='lat' dir='ltr'><strong>qui</strong></span> <span class='ocrx_word' id='word_1_629' title='bbox 2747 3420 2983 3476; x_wconf 71' lang='lat' dir='ltr'><strong>catticleo</strong></span> <span class='ocrx_word' id='word_1_630' title='bbox 3028 3432 3274 3487; x_wconf 67' lang='lat' dir='ltr'><strong>praerat.</strong></span> <span class='ocrx_word' id='word_1_631' title='bbox 3325 3421 3381 3477; x_wconf 89' lang='lat' dir='ltr'><strong>lu</strong></span> 
     </span>
    </p>
   </div>
   <div class='ocr_carea' id='block_1_92' title="bbox 1795 3508 3383 3581">
    <p class='ocr_par' dir='ltr' id='par_1_92' title="bbox 1795 3508 3383 3581">
     <span class='ocr_line' id='line_1_92' title="bbox 1795 3508 3383 3581; baseline 0.003 -17"><span class='ocrx_word' id='word_1_632' title='bbox 1795 3510 2165 3579; x_wconf 84' lang='lat' dir='ltr'><strong>disputatione</strong></span> <span class='ocrx_word' id='word_1_633' title='bbox 2182 3508 2459 3581; x_wconf 88' lang='lat' dir='ltr'><strong>Grcgentii</strong></span> <span class='ocrx_word' id='word_1_634' title='bbox 2483 3512 2777 3581; x_wconf 79' lang='lat' dir='ltr'><strong>imperator</strong></span> <span class='ocrx_word' id='word_1_635' title='bbox 2796 3528 2812 3565; x_wconf 87' lang='lat'><strong><em>:</em></strong></span> <span class='ocrx_word' id='word_1_636' title='bbox 2836 3510 2993 3565; x_wconf 82' lang='lat' dir='ltr'><strong>Erbte</strong></span> <span class='ocrx_word' id='word_1_637' title='bbox 3014 3526 3110 3567; x_wconf 85' lang='lat' dir='ltr'><strong>seu</strong></span> <span class='ocrx_word' id='word_1_638' title='bbox 3131 3510 3383 3568; x_wconf 82' lang='lat' dir='ltr'><strong>ilerbano</strong></span> 
     </span>
    </p>
   </div>
   <div class='ocr_carea' id='block_1_93' title="bbox 1794 3603 3387 3675">
    <p class='ocr_par' dir='ltr' id='par_1_93' title="bbox 1794 3603 3387 3675">
     <span class='ocr_line' id='line_1_93' title="bbox 1794 3603 3387 3675; baseline 0.004 -20"><span class='ocrx_word' id='word_1_639' title='bbox 1794 3603 2030 3671; x_wconf 87' lang='lat' dir='ltr'><strong>patrinus</strong></span> <span class='ocrx_word' id='word_1_640' title='bbox 2064 3618 2156 3656; x_wconf 87' lang='lat' dir='ltr'><strong>seu</strong></span> <span class='ocrx_word' id='word_1_641' title='bbox 2180 3612 2451 3674; x_wconf 87' lang='lat' dir='ltr'><strong>susceptor</strong></span> <span class='ocrx_word' id='word_1_642' title='bbox 2479 3604 2532 3658; x_wconf 89' lang='lat' dir='ltr'><strong>in</strong></span> <span class='ocrx_word' id='word_1_643' title='bbox 2558 3604 2817 3673; x_wconf 87' lang='lat' dir='ltr'><strong>baptismo</strong></span> <span class='ocrx_word' id='word_1_644' title='bbox 2843 3605 3018 3675; x_wconf 81' lang='lat' dir='ltr'><strong>factus</strong></span> <span class='ocrx_word' id='word_1_645' title='bbox 3077 3605 3267 3660; x_wconf 86' lang='lat' dir='ltr'><strong>Leonis</strong></span> <span class='ocrx_word' id='word_1_646' title='bbox 3290 3623 3387 3661; x_wconf 81' lang='lat' dir='ltr'><strong>no-</strong></span> 
     </span>
    </p>
   </div>
   <div class='ocr_carea' id='block_1_94' title="bbox 1797 3697 3385 3770">
    <p class='ocr_par' dir='ltr' id='par_1_94' title="bbox 1797 3697 3385 3770">
     <span class='ocr_line' id='line_1_94' title="bbox 1797 3697 3385 3770; baseline 0.001 -19"><span class='ocrx_word' id='word_1_647' title='bbox 1797 3712 1914 3751; x_wconf 86' lang='lat' dir='ltr'><strong>men</strong></span> <span class='ocrx_word' id='word_1_648' title='bbox 1976 3697 2251 3766; x_wconf 84' lang='lat' dir='ltr'><strong>imposuit,</strong></span> <span class='ocrx_word' id='word_1_649' title='bbox 2306 3706 2357 3750; x_wconf 87' lang='lat' dir='ltr'><strong>et</strong></span> <span class='ocrx_word' id='word_1_650' title='bbox 2410 3698 2855 3768; x_wconf 79' lang='lat' dir='ltr'><strong>ltypecelesionem</strong></span> <span class='ocrx_word' id='word_1_651' title='bbox 2931 3698 3385 3770; x_wconf 69' lang='grc' dir='ltr'><strong>(ὑπεκκὶησευνα)</strong></span> 
     </span>
    </p>
   </div>
   <div class='ocr_carea' id='block_1_95' title="bbox 1796 3787 3383 3860">
    <p class='ocr_par' dir='ltr' id='par_1_95' title="bbox 1796 3787 3383 3860">
     <span class='ocr_line' id='line_1_95' title="bbox 1796 3787 3383 3860; baseline 0.001 -17"><span class='ocrx_word' id='word_1_652' title='bbox 1796 3803 1915 3843; x_wconf 86' lang='lat' dir='ltr'><strong>eum</strong></span> <span class='ocrx_word' id='word_1_653' title='bbox 1943 3788 2089 3856; x_wconf 81' lang='lat' dir='ltr'><strong>fecit,</strong></span> <span class='ocrx_word' id='word_1_654' title='bbox 2119 3788 2270 3860; x_wconf 80' lang='lat' dir='ltr'><strong>quem</strong></span> <span class='ocrx_word' id='word_1_655' title='bbox 2296 3787 2525 3843; x_wconf 82' lang='lat' dir='ltr'><strong>Romani</strong></span> <span class='ocrx_word' id='word_1_656' title='bbox 2565 3791 2854 3857; x_wconf 86' lang='lat' dir='ltr'><strong>patricium</strong></span> <span class='ocrx_word' id='word_1_657' title='bbox 2926 3801 2977 3845; x_wconf 91' lang='lat' dir='ltr'><strong>et</strong></span> <span class='ocrx_word' id='word_1_658' title='bbox 3034 3792 3383 3847; x_wconf 81' lang='lat' dir='ltr'><strong>caniclionem</strong></span> 
     </span>
    </p>
   </div>
   <div class='ocr_carea' id='block_1_96' title="bbox 1800 3881 3381 3952">
    <p class='ocr_par' dir='ltr' id='par_1_96' title="bbox 1800 3881 3381 3952">
     <span class='ocr_line' id='line_1_96' title="bbox 1800 3881 3381 3952; baseline 0.003 -17"><span class='ocrx_word' id='word_1_659' title='bbox 1800 3881 2088 3951; x_wconf 87' lang='lat' dir='ltr'><strong>appellant.</strong></span> <span class='ocrx_word' id='word_1_660' title='bbox 2163 3881 2355 3936; x_wconf 77' lang='lat' dir='ltr'><strong>Exstat</strong></span> <span class='ocrx_word' id='word_1_661' title='bbox 2417 3882 2529 3936; x_wconf 61' lang='lat' dir='ltr'><strong>haec</strong></span> <span class='ocrx_word' id='word_1_662' title='bbox 2576 3882 2874 3952; x_wconf 79' lang='lat' dir='ltr'><strong>disputatlo</strong></span> <span class='ocrx_word' id='word_1_663' title='bbox 2927 3891 2967 3937; x_wconf 88' lang='lat' dir='ltr'><strong>t.</strong></span> <span class='ocrx_word' id='word_1_664' title='bbox 2999 3883 3061 3937; x_wconf 84' lang='lat' dir='ltr'><strong>IV</strong></span> <span class='ocrx_word' id='word_1_665' title='bbox 3118 3884 3381 3939; x_wconf 79' lang='lat' dir='ltr'><strong>Biblioth.</strong></span> 
     </span>
    </p>
   </div>
   <div class='ocr_carea' id='block_1_97' title="bbox 1798 3971 3386 4044">
    <p class='ocr_par' dir='ltr' id='par_1_97' title="bbox 1798 3971 3386 4044">
     <span class='ocr_line' id='line_1_97' title="bbox 1798 3971 3386 4044; baseline -0.002 -15"><span class='ocrx_word' id='word_1_666' title='bbox 1798 3972 2050 4039; x_wconf 90' lang='lat' dir='ltr'><strong>Patrum,</strong></span> <span class='ocrx_word' id='word_1_667' title='bbox 2084 3971 2242 4043; x_wconf 85' lang='lat' dir='ltr'><strong>cujus</strong></span> <span class='ocrx_word' id='word_1_668' title='bbox 2271 3973 2564 4029; x_wconf 82' lang='lat' dir='ltr'><strong>occasione</strong></span> <span class='ocrx_word' id='word_1_669' title='bbox 2618 3973 2889 4029; x_wconf 85' lang='lat' dir='ltr'><strong>Meursius</strong></span> <span class='ocrx_word' id='word_1_670' title='bbox 2947 3975 3098 4028; x_wconf 83' lang='lat' dir='ltr'><strong>varia</strong></span> <span class='ocrx_word' id='word_1_671' title='bbox 3153 3976 3386 4044; x_wconf 76' lang='lat' dir='ltr'><strong>philoso-</strong></span> 
     </span>
    </p>
   </div>
   <div class='ocr_carea' id='block_1_98' title="bbox 1800 4063 3381 4136">
    <p class='ocr_par' dir='ltr' id='par_1_98' title="bbox 1800 4063 3381 4136">
     <span class='ocr_line' id='line_1_98' title="bbox 1800 4063 3381 4136; baseline 0 -15"><span class='ocrx_word' id='word_1_672' title='bbox 1800 4066 2002 4136; x_wconf 86' lang='lat' dir='ltr'><strong>phatur</strong></span> <span class='ocrx_word' id='word_1_673' title='bbox 2024 4067 2076 4122; x_wconf 91' lang='lat' dir='ltr'><strong>in</strong></span> <span class='ocrx_word' id='word_1_674' title='bbox 2106 4080 2209 4121; x_wconf 88' lang='lat' dir='ltr'><strong>suo</strong></span> <span class='ocrx_word' id='word_1_675' title='bbox 2241 4065 2463 4130; x_wconf 82' lang='lat' dir='ltr'><strong>Lexico,</strong></span> <span class='ocrx_word' id='word_1_676' title='bbox 2498 4081 2550 4121; x_wconf 78' lang='grc' dir='ltr'><strong>ν.</strong></span> <span class='ocrx_word' id='word_1_677' title='bbox 2586 4065 2909 4135; x_wconf 53' lang='lat' dir='ltr'><strong>Duplum;</strong></span> <span class='ocrx_word' id='word_1_678' title='bbox 2971 4063 3219 4120; x_wconf 81' lang='lat' dir='ltr'><strong>Observa</strong></span> <span class='ocrx_word' id='word_1_679' title='bbox 3274 4082 3381 4121; x_wconf 85' lang='lat' dir='ltr'><strong>non</strong></span> 
     </span>
    </p>
   </div>
   <div class='ocr_carea' id='block_1_99' title="bbox 1801 4159 3385 4228">
    <p class='ocr_par' dir='ltr' id='par_1_99' title="bbox 1801 4159 3385 4228">
     <span class='ocr_line' id='line_1_99' title="bbox 1801 4159 3385 4228; baseline -0.001 -15"><span class='ocrx_word' id='word_1_680' title='bbox 1801 4174 2017 4227; x_wconf 77' lang='lat' dir='ltr'><strong>omnem</strong></span> <span class='ocrx_word' id='word_1_681' title='bbox 2052 4159 2343 4228; x_wconf 85' lang='lat' dir='ltr'><strong>patricium</strong></span> <span class='ocrx_word' id='word_1_682' title='bbox 2391 4159 2565 4214; x_wconf 85' lang='lat' dir='ltr'><strong>fuisse</strong></span> <span class='ocrx_word' id='word_1_683' title='bbox 2619 4160 3011 4223; x_wconf 84' lang='lat' dir='ltr'><strong>caniclionem,</strong></span> <span class='ocrx_word' id='word_1_684' title='bbox 3077 4159 3221 4213; x_wconf 65' lang='grc' dir='ltr'><strong>εἰναι</strong></span> <span class='ocrx_word' id='word_1_685' title='bbox 3274 4163 3385 4212; x_wconf 75' lang='lat' dir='ltr'><strong>lure</strong></span> 
     </span>
    </p>
   </div>
   <div class='ocr_carea' id='block_1_100' title="bbox 1803 4252 3386 4323">
    <p class='ocr_par' dir='ltr' id='par_1_100' title="bbox 1803 4252 3386 4323">
     <span class='ocr_line' id='line_1_100' title="bbox 1803 4252 3386 4323; baseline -0.001 -16"><span class='ocrx_word' id='word_1_686' title='bbox 1803 4253 2101 4323; x_wconf 88' lang='lat' dir='ltr'><strong>disputatio</strong></span> <span class='ocrx_word' id='word_1_687' title='bbox 2122 4252 2400 4323; x_wconf 84' lang='lat' dir='ltr'><strong>Gregentii</strong></span> <span class='ocrx_word' id='word_1_688' title='bbox 2451 4252 2722 4308; x_wconf 78' lang='lat' dir='ltr'><strong>allirmare</strong></span> <span class='ocrx_word' id='word_1_689' title='bbox 2775 4252 3011 4316; x_wconf 76' lang='lat' dir='ltr'><strong>videtur,</strong></span> <span class='ocrx_word' id='word_1_690' title='bbox 3067 4253 3196 4321; x_wconf 86' lang='lat' dir='ltr'><strong>quia</strong></span> <span class='ocrx_word' id='word_1_691' title='bbox 3244 4269 3386 4306; x_wconf 89' lang='lat' dir='ltr'><strong>unus</strong></span> 
     </span>
    </p>
   </div>
   <div class='ocr_carea' id='block_1_101' title="bbox 1803 4345 3384 4416">
    <p class='ocr_par' dir='ltr' id='par_1_101' title="bbox 1803 4345 3384 4416">
     <span class='ocr_line' id='line_1_101' title="bbox 1803 4345 3384 4416; baseline -0.001 -17"><span class='ocrx_word' id='word_1_692' title='bbox 1803 4346 2050 4402; x_wconf 85' lang='lat' dir='ltr'><strong>cauicleo</strong></span> <span class='ocrx_word' id='word_1_693' title='bbox 2075 4345 2367 4416; x_wconf 69' lang='lat' dir='ltr'><strong>pratlectus</strong></span> <span class='ocrx_word' id='word_1_694' title='bbox 2388 4354 2528 4412; x_wconf 82' lang='lat' dir='ltr'><strong>erat,</strong></span> <span class='ocrx_word' id='word_1_695' title='bbox 2555 4345 2712 4400; x_wconf 89' lang='lat' dir='ltr'><strong>multi</strong></span> <span class='ocrx_word' id='word_1_696' title='bbox 2740 4357 2919 4400; x_wconf 90' lang='lat' dir='ltr'><strong>autem</strong></span> <span class='ocrx_word' id='word_1_697' title='bbox 2953 4346 3119 4415; x_wconf 70' lang='lat'><strong>208</strong></span> <span class='ocrx_word' id='word_1_698' title='bbox 3150 4347 3384 4413; x_wconf 76' lang='lat' dir='ltr'><strong>patricii.</strong></span> 
     </span>
    </p>
   </div>
   <div class='ocr_carea' id='block_1_102' title="bbox 1805 4436 3382 4508">
    <p class='ocr_par' dir='ltr' id='par_1_102' title="bbox 1805 4436 3382 4508">
     <span class='ocr_line' id='line_1_102' title="bbox 1805 4436 3382 4508; baseline 0 -16"><span class='ocrx_word' id='word_1_699' title='bbox 1805 4436 2132 4507; x_wconf 82' lang='lat' dir='ltr'><strong>Contingere</strong></span> <span class='ocrx_word' id='word_1_700' title='bbox 2186 4438 2405 4506; x_wconf 87' lang='lat' dir='ltr'><strong>quidem</strong></span> <span class='ocrx_word' id='word_1_701' title='bbox 2460 4448 2674 4508; x_wconf 84' lang='lat' dir='ltr'><strong>poterat</strong></span> <span class='ocrx_word' id='word_1_702' title='bbox 2734 4448 2790 4492; x_wconf 90' lang='lat' dir='ltr'><strong>nt</strong></span> <span class='ocrx_word' id='word_1_703' title='bbox 2862 4439 3106 4493; x_wconf 77' lang='lat' dir='ltr'><strong>cauicleo</strong></span> <span class='ocrx_word' id='word_1_704' title='bbox 3162 4439 3382 4507; x_wconf 71' lang='lat' dir='ltr'><strong>pra-tec-</strong></span> 
     </span>
    </p>
   </div>
   <div class='ocr_carea' id='block_1_103' title="bbox 1735 4528 3389 4607">
    <p class='ocr_par' dir='ltr' id='par_1_103' title="bbox 1735 4528 3389 4607">
     <span class='ocr_line' id='line_1_103' title="bbox 1735 4528 3389 4607; baseline -0.001 -23"><span class='ocrx_word' id='word_1_705' title='bbox 1735 4537 1896 4607; x_wconf 76' lang='lat' dir='ltr'><strong>Dtus</strong></span> <span class='ocrx_word' id='word_1_706' title='bbox 1966 4528 2235 4598; x_wconf 84' lang='lat' dir='ltr'><strong>patricius</strong></span> <span class='ocrx_word' id='word_1_707' title='bbox 2287 4538 2457 4599; x_wconf 84' lang='lat' dir='ltr'><strong>esset,</strong></span> <span class='ocrx_word' id='word_1_708' title='bbox 2510 4530 2607 4585; x_wconf 86' lang='lat' dir='ltr'><strong>sed</strong></span> <span class='ocrx_word' id='word_1_709' title='bbox 2666 4530 2718 4584; x_wconf 90' lang='lat' dir='ltr'><strong>id</strong></span> <span class='ocrx_word' id='word_1_710' title='bbox 2795 4545 2903 4585; x_wconf 89' lang='lat' dir='ltr'><strong>non</strong></span> <span class='ocrx_word' id='word_1_711' title='bbox 2969 4537 3088 4584; x_wconf 87' lang='lat' dir='ltr'><strong>erat</strong></span> <span class='ocrx_word' id='word_1_712' title='bbox 3138 4546 3389 4586; x_wconf 69' lang='lat' dir='ltr'><strong>IICCCSSJ-</strong></span> 
     </span>
    </p>
   </div>
   <div class='ocr_carea' id='block_1_104' title="bbox 1805 4635 1974 4675">
    <p class='ocr_par' dir='ltr' id='par_1_104' title="bbox 1805 4635 1974 4675">
     <span class='ocr_line' id='line_1_104' title="bbox 1805 4635 1974 4675; baseline 0 0"><span class='ocrx_word' id='word_1_713' title='bbox 1805 4635 1974 4675; x_wconf 73' lang='lat' dir='ltr'><strong>rium.</strong></span> 
     </span>
    </p>
   </div>
   <div class='ocr_carea' id='block_1_105' title="bbox 1879 4714 3389 4786">
    <p class='ocr_par' dir='ltr' id='par_1_105' title="bbox 1879 4714 3389 4786">
     <span class='ocr_line' id='line_1_105' title="bbox 1879 4714 3389 4786; baseline -0.002 -16"><span class='ocrx_word' id='word_1_714' title='bbox 1879 4714 2123 4771; x_wconf 78' lang='lat' dir='ltr'><strong>Observa</strong></span> <span class='ocrx_word' id='word_1_715' title='bbox 2189 4716 2443 4771; x_wconf 84' lang='lat' dir='ltr'><strong>secundo</strong></span> <span class='ocrx_word' id='word_1_716' title='bbox 2499 4715 2696 4770; x_wconf 79' lang='lat' dir='ltr'><strong>falsum</strong></span> <span class='ocrx_word' id='word_1_717' title='bbox 2756 4730 2881 4773; x_wconf 86' lang='lat' dir='ltr'><strong>esse</strong></span> <span class='ocrx_word' id='word_1_718' title='bbox 2929 4718 3076 4786; x_wconf 86' lang='lat' dir='ltr'><strong>quod</strong></span> <span class='ocrx_word' id='word_1_719' title='bbox 3120 4715 3389 4771; x_wconf 74' lang='lat' dir='ltr'><strong>Meursius</strong></span> 
     </span>
    </p>
   </div>
   <div class='ocr_carea' id='block_1_106' title="bbox 1808 4808 3387 4877">
    <p class='ocr_par' dir='ltr' id='par_1_106' title="bbox 1808 4808 3387 4877">
     <span class='ocr_line' id='line_1_106' title="bbox 1808 4808 3387 4877; baseline -0.003 -12"><span class='ocrx_word' id='word_1_720' title='bbox 1808 4810 2030 4865; x_wconf 84' lang='lat' dir='ltr'><strong>scribit:</strong></span> <span class='ocrx_word' id='word_1_721' title='bbox 2064 4809 2434 4877; x_wconf 83' lang='lat' dir='ltr'><strong>imperatorem</strong></span> <span class='ocrx_word' id='word_1_722' title='bbox 2460 4808 2692 4863; x_wconf 82' lang='lat' dir='ltr'><strong>ecclesia:</strong></span> <span class='ocrx_word' id='word_1_723' title='bbox 2719 4817 2770 4862; x_wconf 87' lang='lat' dir='ltr'><strong>et</strong></span> <span class='ocrx_word' id='word_1_724' title='bbox 2823 4808 2972 4862; x_wconf 85' lang='lat' dir='ltr'><strong>rebus</strong></span> <span class='ocrx_word' id='word_1_725' title='bbox 3017 4810 3387 4862; x_wconf 76' lang='lat' dir='ltr'><strong>ecclesiasticis</strong></span> 
     </span>
    </p>
   </div>
   <div class='ocr_carea' id='block_1_107' title="bbox 1806 4900 3389 4974">
    <p class='ocr_par' dir='ltr' id='par_1_107' title="bbox 1806 4900 3389 4974">
     <span class='ocr_line' id='line_1_107' title="bbox 1806 4900 3389 4974; baseline -0.003 -17"><span class='ocrx_word' id='word_1_726' title='bbox 1806 4903 2087 4974; x_wconf 72' lang='lat' dir='ltr'><strong>prafuisse</strong></span> <span class='ocrx_word' id='word_1_727' title='bbox 2122 4903 2282 4956; x_wconf 84' lang='lat' dir='ltr'><strong>veluti</strong></span> <span class='ocrx_word' id='word_1_728' title='bbox 2308 4918 2607 4972; x_wconf 87' lang='lat' dir='ltr'><strong>supremum</strong></span> <span class='ocrx_word' id='word_1_729' title='bbox 2632 4911 2813 4968; x_wconf 89' lang='lat' dir='ltr'><strong>caput.</strong></span> <span class='ocrx_word' id='word_1_730' title='bbox 2840 4900 3034 4955; x_wconf 77' lang='lat' dir='ltr'><strong>Nullus</strong></span> <span class='ocrx_word' id='word_1_731' title='bbox 3091 4903 3389 4969; x_wconf 78' lang='lat' dir='ltr'><strong>imperator</strong></span> 
     </span>
    </p>
   </div>
   <div class='ocr_carea' id='block_1_108' title="bbox 1809 4990 3383 5061">
    <p class='ocr_par' dir='ltr' id='par_1_108' title="bbox 1809 4990 3383 5061">
     <span class='ocr_line' id='line_1_108' title="bbox 1809 4990 3383 5061; baseline -0.001 -14"><span class='ocrx_word' id='word_1_732' title='bbox 1809 4993 2153 5047; x_wconf 74' lang='lat' dir='ltr'><strong>ortbodoxus</strong></span> <span class='ocrx_word' id='word_1_733' title='bbox 2179 4992 2323 5047; x_wconf 86' lang='lat' dir='ltr'><strong>hunc</strong></span> <span class='ocrx_word' id='word_1_734' title='bbox 2347 4990 2565 5047; x_wconf 86' lang='lat' dir='ltr'><strong>titulum</strong></span> <span class='ocrx_word' id='word_1_735' title='bbox 2602 4991 2705 5045; x_wconf 90' lang='lat' dir='ltr'><strong>sibi</strong></span> <span class='ocrx_word' id='word_1_736' title='bbox 2745 4991 3063 5061; x_wconf 84' lang='lat' dir='ltr'><strong>arrogavit:</strong></span> <span class='ocrx_word' id='word_1_737' title='bbox 3113 4991 3383 5046; x_wconf 80' lang='lat' dir='ltr'><strong>schisma-</strong></span> 
     </span>
    </p>
   </div>
   <div class='ocr_carea' id='block_1_109' title="bbox 1811 5081 3389 5151">
    <p class='ocr_par' dir='ltr' id='par_1_109' title="bbox 1811 5081 3389 5151">
     <span class='ocr_line' id='line_1_109' title="bbox 1811 5081 3389 5151; baseline -0.002 -14"><span class='ocrx_word' id='word_1_738' title='bbox 1811 5085 2046 5137; x_wconf 88' lang='lat' dir='ltr'><strong>ticorum</strong></span> <span class='ocrx_word' id='word_1_739' title='bbox 2096 5090 2152 5136; x_wconf 91' lang='lat' dir='ltr'><strong>ct</strong></span> <span class='ocrx_word' id='word_1_740' title='bbox 2190 5081 2567 5136; x_wconf 63' lang='lat' dir='ltr'><strong>haereticorum</strong></span> <span class='ocrx_word' id='word_1_741' title='bbox 2605 5082 2706 5136; x_wconf 89' lang='lat' dir='ltr'><strong>hoc</strong></span> <span class='ocrx_word' id='word_1_742' title='bbox 2741 5082 3019 5151; x_wconf 84' lang='lat' dir='ltr'><strong>proprium</strong></span> <span class='ocrx_word' id='word_1_743' title='bbox 3049 5096 3153 5136; x_wconf 80' lang='lat' dir='ltr'><strong>est.</strong></span> <span class='ocrx_word' id='word_1_744' title='bbox 3183 5084 3389 5136; x_wconf 67' lang='grc' dir='ltr'><strong>Οτι..οο</strong></span> 
     </span>
    </p>
   </div>
   <div class='ocr_carea' id='block_1_110' title="bbox 1810 5162 3506 5244">
    <p class='ocr_par' dir='ltr' id='par_1_110' title="bbox 1810 5162 3506 5244">
     <span class='ocr_line' id='line_1_110' title="bbox 1810 5162 3506 5244; baseline 0.001 -14"><span class='ocrx_word' id='word_1_745' title='bbox 1810 5176 1936 5230; x_wconf 74' lang='lat' dir='ltr'><strong>doxi</strong></span> <span class='ocrx_word' id='word_1_746' title='bbox 1960 5175 2318 5244; x_wconf 79' lang='lat' dir='ltr'><strong>imperatores</strong></span> <span class='ocrx_word' id='word_1_747' title='bbox 2343 5184 2546 5229; x_wconf 88' lang='lat' dir='ltr'><strong>norunt</strong></span> <span class='ocrx_word' id='word_1_748' title='bbox 2567 5192 2627 5229; x_wconf 88' lang='lat' dir='ltr'><strong>se</strong></span> <span class='ocrx_word' id='word_1_749' title='bbox 2661 5191 2783 5231; x_wconf 79' lang='lat' dir='ltr'><strong>esse</strong></span> <span class='ocrx_word' id='word_1_750' title='bbox 2811 5191 2942 5228; x_wconf 80' lang='lat' dir='ltr'><strong>oves</strong></span> <span class='ocrx_word' id='word_1_751' title='bbox 2974 5174 3252 5240; x_wconf 66' lang='lat' dir='ltr'><strong>Ecclesiae,</strong></span> <span class='ocrx_word' id='word_1_752' title='bbox 3280 5193 3386 5231; x_wconf 87' lang='lat' dir='ltr'><strong>non</strong></span> <span class='ocrx_word' id='word_1_753' title='bbox 3486 5162 3506 5177; x_wconf 51' lang='grc'><strong>“</strong></span> 
     </span>
    </p>
   </div>
   <div class='ocr_carea' id='block_1_111' title="bbox 1814 5266 3385 5336">
    <p class='ocr_par' dir='ltr' id='par_1_111' title="bbox 1814 5266 3385 5336">
     <span class='ocr_line' id='line_1_111' title="bbox 1814 5266 3385 5336; baseline 0 -16"><span class='ocrx_word' id='word_1_754' title='bbox 1814 5275 2081 5336; x_wconf 88' lang='lat' dir='ltr'><strong>pastores,</strong></span> <span class='ocrx_word' id='word_1_755' title='bbox 2109 5267 2381 5333; x_wconf 89' lang='lat' dir='ltr'><strong>subditos,</strong></span> <span class='ocrx_word' id='word_1_756' title='bbox 2415 5282 2521 5320; x_wconf 87' lang='lat' dir='ltr'><strong>non</strong></span> <span class='ocrx_word' id='word_1_757' title='bbox 2546 5269 2749 5335; x_wconf 84' lang='lat' dir='ltr'><strong>capita.</strong></span> <span class='ocrx_word' id='word_1_758' title='bbox 2814 5266 3138 5322; x_wconf 77' lang='lat' dir='ltr'><strong>Defensores</strong></span> <span class='ocrx_word' id='word_1_759' title='bbox 3199 5268 3385 5323; x_wconf 89' lang='lat' dir='ltr'><strong>itidem</strong></span> 
     </span>
    </p>
   </div>
   <div class='ocr_carea' id='block_1_112' title="bbox 1812 5359 3387 5429">
    <p class='ocr_par' dir='ltr' id='par_1_112' title="bbox 1812 5359 3387 5429">
     <span class='ocr_line' id='line_1_112' title="bbox 1812 5359 3387 5429; baseline 0 -15"><span class='ocrx_word' id='word_1_760' title='bbox 1812 5359 2056 5414; x_wconf 62' lang='lat' dir='ltr'><strong>ecclesiae</strong></span> <span class='ocrx_word' id='word_1_761' title='bbox 2103 5369 2280 5412; x_wconf 86' lang='lat' dir='ltr'><strong>sunt:</strong></span> <span class='ocrx_word' id='word_1_762' title='bbox 2334 5360 2529 5427; x_wconf 79' lang='lat' dir='ltr'><strong>capitis</strong></span> <span class='ocrx_word' id='word_1_763' title='bbox 2592 5374 2788 5412; x_wconf 84' lang='lat' dir='ltr'><strong>nomen</strong></span> <span class='ocrx_word' id='word_1_764' title='bbox 2843 5374 3062 5414; x_wconf 85' lang='lat' dir='ltr'><strong>summo</strong></span> <span class='ocrx_word' id='word_1_765' title='bbox 3122 5363 3387 5429; x_wconf 67' lang='lat' dir='ltr'><strong>poutilirzi.</strong></span> 
     </span>
    </p>
   </div>
   <div class='ocr_carea' id='block_1_113' title="bbox 1813 5450 3390 5519">
    <p class='ocr_par' dir='ltr' id='par_1_113' title="bbox 1813 5450 3390 5519">
     <span class='ocr_line' id='line_1_113' title="bbox 1813 5450 3390 5519; baseline 0.001 -15"><span class='ocrx_word' id='word_1_766' title='bbox 1813 5451 2013 5504; x_wconf 71' lang='lat' dir='ltr'><strong>Lbristi</strong></span> <span class='ocrx_word' id='word_1_767' title='bbox 2047 5452 2253 5504; x_wconf 87' lang='lat' dir='ltr'><strong>vicario</strong></span> <span class='ocrx_word' id='word_1_768' title='bbox 2275 5451 2535 5519; x_wconf 82' lang='lat' dir='ltr'><strong>Petrique</strong></span> <span class='ocrx_word' id='word_1_769' title='bbox 2560 5452 2862 5505; x_wconf 85' lang='lat' dir='ltr'><strong>successori</strong></span> <span class='ocrx_word' id='word_1_770' title='bbox 2896 5466 3004 5505; x_wconf 92' lang='lat' dir='ltr'><strong>non</strong></span> <span class='ocrx_word' id='word_1_771' title='bbox 3037 5450 3193 5505; x_wconf 80' lang='lat' dir='ltr'><strong>inviti</strong></span> <span class='ocrx_word' id='word_1_772' title='bbox 3228 5455 3390 5508; x_wconf 76' lang='lat' dir='ltr'><strong>relin-</strong></span> 
     </span>
    </p>
   </div>
   <div class='ocr_carea' id='block_1_114' title="bbox 1813 5542 3391 5614">
    <p class='ocr_par' dir='ltr' id='par_1_114' title="bbox 1813 5542 3391 5614">
     <span class='ocr_line' id='line_1_114' title="bbox 1813 5542 3391 5614; baseline 0.004 -21"><span class='ocrx_word' id='word_1_773' title='bbox 1813 5553 2007 5613; x_wconf 88' lang='lat' dir='ltr'><strong>quunt.</strong></span> <span class='ocrx_word' id='word_1_774' title='bbox 2067 5542 2144 5597; x_wconf 89' lang='lat' dir='ltr'><strong>Ne</strong></span> <span class='ocrx_word' id='word_1_775' title='bbox 2198 5543 2514 5598; x_wconf 68' lang='lat' dir='ltr'><strong>Calvinista:</strong></span> <span class='ocrx_word' id='word_1_776' title='bbox 2573 5543 2794 5613; x_wconf 86' lang='lat' dir='ltr'><strong>quidem</strong></span> <span class='ocrx_word' id='word_1_777' title='bbox 2874 5543 3119 5598; x_wconf 88' lang='lat' dir='ltr'><strong>Puritani</strong></span> <span class='ocrx_word' id='word_1_778' title='bbox 3192 5546 3391 5614; x_wconf 81' lang='lat' dir='ltr'><strong>capitis</strong></span> 
     </span>
    </p>
   </div>
   <div class='ocr_carea' id='block_1_115' title="bbox 1813 5636 3389 5705">
    <p class='ocr_par' dir='ltr' id='par_1_115' title="bbox 1813 5636 3389 5705">
     <span class='ocr_line' id='line_1_115' title="bbox 1813 5636 3389 5705; baseline -0.001 -15"><span class='ocrx_word' id='word_1_779' title='bbox 1813 5636 2173 5691; x_wconf 77' lang='lat' dir='ltr'><strong>ecclesiastici</strong></span> <span class='ocrx_word' id='word_1_780' title='bbox 2205 5651 2409 5690; x_wconf 90' lang='lat' dir='ltr'><strong>nomen</strong></span> <span class='ocrx_word' id='word_1_781' title='bbox 2443 5638 2663 5705; x_wconf 84' lang='lat' dir='ltr'><strong>regibus</strong></span> <span class='ocrx_word' id='word_1_782' title='bbox 2734 5637 2895 5691; x_wconf 88' lang='lat' dir='ltr'><strong>tribui</strong></span> <span class='ocrx_word' id='word_1_783' title='bbox 2931 5636 3132 5691; x_wconf 80' lang='lat' dir='ltr'><strong>ierunt.</strong></span> <span class='ocrx_word' id='word_1_784' title='bbox 3191 5636 3389 5691; x_wconf 81' lang='lat' dir='ltr'><strong>Notum</strong></span> 
     </span>
    </p>
   </div>
   <div class='ocr_carea' id='block_1_116' title="bbox 1812 5729 3390 5801">
    <p class='ocr_par' dir='ltr' id='par_1_116' title="bbox 1812 5729 3390 5801">
     <span class='ocr_line' id='line_1_116' title="bbox 1812 5729 3390 5801; baseline -0.003 -17"><span class='ocrx_word' id='word_1_785' title='bbox 1812 5740 2086 5799; x_wconf 77' lang='lat' dir='ltr'><strong>estquam</strong></span> <span class='ocrx_word' id='word_1_786' title='bbox 2122 5730 2265 5784; x_wconf 89' lang='lat' dir='ltr'><strong>limis</strong></span> <span class='ocrx_word' id='word_1_787' title='bbox 2287 5729 2465 5784; x_wconf 77' lang='lat' dir='ltr'><strong>oculis</strong></span> <span class='ocrx_word' id='word_1_788' title='bbox 2518 5730 2774 5785; x_wconf 84' lang='lat' dir='ltr'><strong>Calvinus</strong></span> <span class='ocrx_word' id='word_1_789' title='bbox 2829 5744 3007 5801; x_wconf 82' lang='lat' dir='ltr'><strong>regem</strong></span> <span class='ocrx_word' id='word_1_790' title='bbox 3060 5730 3269 5801; x_wconf 56' lang='lat' dir='ltr'><strong>Anglia</strong></span> <span class='ocrx_word' id='word_1_791' title='bbox 3319 5730 3390 5781; x_wconf 90' lang='lat' dir='ltr'><strong>ob</strong></span> 
     </span>
    </p>
   </div>
   <div class='ocr_carea' id='block_1_117' title="bbox 1816 5820 3389 5893">
    <p class='ocr_par' dir='ltr' id='par_1_117' title="bbox 1816 5820 3389 5893">
     <span class='ocr_line' id='line_1_117' title="bbox 1816 5820 3389 5893; baseline -0.001 -17"><span class='ocrx_word' id='word_1_792' title='bbox 1816 5822 2193 5876; x_wconf 87' lang='lat' dir='ltr'><strong>bunctitulum</strong></span> <span class='ocrx_word' id='word_1_793' title='bbox 2230 5833 2574 5893; x_wconf 85' lang='lat' dir='ltr'><strong>assumptum</strong></span> <span class='ocrx_word' id='word_1_794' title='bbox 2633 5825 2928 5892; x_wconf 75' lang='lat' dir='ltr'><strong>aspexerit.</strong></span> <span class='ocrx_word' id='word_1_795' title='bbox 2990 5830 3044 5877; x_wconf 89' lang='lat' dir='ltr'><strong>et</strong></span> <span class='ocrx_word' id='word_1_796' title='bbox 3094 5823 3148 5876; x_wconf 90' lang='lat' dir='ltr'><strong>in</strong></span> <span class='ocrx_word' id='word_1_797' title='bbox 3205 5820 3389 5887; x_wconf 69' lang='lat' dir='ltr'><strong>Belgio</strong></span> 
     </span>
    </p>
   </div>
   <div class='ocr_carea' id='block_1_118' title="bbox 1808 5911 3387 5976">
    <p class='ocr_par' dir='ltr' id='par_1_118' title="bbox 1808 5911 3387 5976">
     <span class='ocr_line' id='line_1_118' title="bbox 1808 5911 3387 5976; baseline -0.001 -9"><span class='ocrx_word' id='word_1_798' title='bbox 1808 5929 1974 5976; x_wconf 80' lang='lat' dir='ltr'><strong>quum</strong></span> <span class='ocrx_word' id='word_1_799' title='bbox 2011 5913 2368 5970; x_wconf 77' lang='lat' dir='ltr'><strong>ferventiores</strong></span> <span class='ocrx_word' id='word_1_800' title='bbox 2401 5913 2711 5969; x_wconf 77' lang='lat' dir='ltr'><strong>CulVittisla:</strong></span> <span class='ocrx_word' id='word_1_801' title='bbox 2733 5914 3003 5970; x_wconf 83' lang='lat' dir='ltr'><strong>obsistant</strong></span> <span class='ocrx_word' id='word_1_802' title='bbox 3042 5929 3106 5967; x_wconf 84' lang='lat' dir='ltr'><strong>ne</strong></span> <span class='ocrx_word' id='word_1_803' title='bbox 3140 5911 3387 5967; x_wconf 65' lang='lat' dir='ltr'><strong>helerati</strong></span> 
     </span>
    </p>
   </div>
  </div>
