3936 6596
210 402 298 466 233

1243 393 1632 456 GRETSERI
1665 396 1762 456 ET
1791 395 2033 458 GOARI
2076 399 2319 464 ΝΟΤᾸΞ.

3294 393 3398 456 234

212 512 327 584 μετὰ
377 509 530 580 λίθων
580 507 875 578 λαμπρῶν.
912 505 1052 563 llinc
1081 507 1126 563 si
1163 509 1256 562 τοῦ
1291 510 1383 562 ἐπὶ
1416 511 1728 564 κανικλεῐου

1844 509 2027 564 iisdem
2045 511 2397 567 librariorum
2423 509 2553 564 vitio
2570 517 2623 564 et
2649 507 2905 563 alliuitate
2925 520 3120 560 vocum
3141 505 3396 560 mendum

206 605 448 673 ὸφφέκιον,
479 613 535 654 ut
566 600 730 654 habet
767 601 990 654 Nicetas
1021 602 1074 654 in
1104 600 1320 666 Alexio,
1347 617 1432 665 Ill,
1464 602 1519 664 3.
1553 618 1732 657 came-

208 699 313 751 rarit
340 709 455 748 cum
508 692 788 748 Gunthero
839 692 920 746 vel
949 692 1258 747 cancellarii
1301 709 1426 747 cum
1460 692 1734 749 Radevico

207 785 450 856 proprium
476 783 666 837 debeat
687 797 960 846 asserere,
981 799 1171 851 aequus
1194 785 1365 838 lector
1383 784 1728 853 iudicaverit.

210 879 318 934 Illud
339 878 474 930 circa
503 873 705 929 Leonis
723 875 962 929 Armenii
987 885 1230 944 tempora
1263 876 1437 943 primo
1454 877 1732 932 inventum

208 973 274 1026 ret
307 969 539 1024 auditum
583 983 648 1021 ex
673 967 1006 1036 Theophane
1034 978 1089 1022 et
1115 966 1441 1023 Cedreno'in
1467 969 1583 1038 ejus
1614 969 1732 1022 Vita

207 1061 429 1129 coniicio.
460 1059 658 1114 Eunus
711 1059 875 1113 etiam
929 1060 1177 1127 ejusdem
1220 1058 1322 1113 fuit
1345 1059 1731 1127 imperatorum

209 1149 661 1220 subscriptiouibus
690 1150 962 1204 attestari.
998 1147 1089 1204 Sic
1118 1165 1242 1204 cum
1268 1148 1735 1215 subscripsissent

208 1248 377 1293 octavae
398 1235 586 1307 synodi
613 1236 812 1290 actioni
838 1235 1066 1290 decima:
1100 1237 1457 1305 imperatores
1477 1235 1734 1303 Basilius,

208 1331 554 1386 Constantinus
577 1338 633 1382 et
666 1327 798 1390 Leo,
819 1329 1060 1382 exaratis
1091 1329 1348 1382 nimirum
1378 1337 1504 1384 ante
1536 1328 1734 1397 scripta

210 1422 392 1476 nomina
423 1421 702 1485 crucibus,
737 1422 798 1473 τὸ
825 1421 924 1492 τῆς
943 1438 974 1488 γ
986 1421 1165 1491 ραφῆς
1194 1421 1498 1499 ῥπόλοιπον
1526 1422 1734 1491 γέγρα-

210 1535 260 1582 φε
277 1513 632 1585 Χριστοφόρος
682 1515 1164 1584 πρωτασηκρήτης
1226 1515 1322 1567 καὶ
1348 1515 1440 1566 ἐπὶ
1460 1513 1557 1567 τοῦ
1585 1530 1738 1568 κανι-

209 1608 374 1662 κλεῖον.
403 1605 512 1658 Hoc
542 1614 628 1658 est
679 1604 977 1672 unicuique
1023 1603 1230 1658 nomini
1266 1604 1474 1671 scripto
1498 1605 1612 1674 ipse
1637 1620 1735 1660 sua

211 1715 339 1753 manu
383 1697 656 1766 adiunxit,
699 1698 760 1749 ὲν
794 1697 1026 1767 Χριστῷ
1075 1695 1196 1766 Θεῷ
1232 1696 1424 1759 πιστὸς
1459 1698 1732 1766 βασιλεύς.

1833 600 2119 671 irrepsisse
2145 603 2494 672 conjieimns.
2527 600 2720 672 Cosmi
3007 655 3016 663 ,

1904 691 1968 748 P.
2002 693 2086 748 I3.
2124 693 2347 762 Magnus
2388 692 2625 762 bajnlus.
2681 691 3011 762 Pzedagogus
3050 691 3134 744 vel
3165 691 3406 760 impera-

1834 783 1991 848 toris,
2021 799 2145 838 cum
2189 783 2380 852 junior
2421 792 2587 845 esset,
2628 783 2712 835 vel
2761 782 2995 834 liliorum
3028 781 3400 850 imperatoris.

1835 871 2259 943 Moschopulus:
2298 873 2648 940 Παιδαγωγὸς
2675 875 2768 925 καὶ
2796 873 3169 942 παιδοτρίϐης,
3193 874 3220 924 6
3248 873 3401 940 λεγό-

1837 982 1998 1034 μενος
2042 965 2307 1034 βαϊουλος.
2374 967 2698 1021 Cedrenus:
2753 963 3030 1024 Θεοδόσιος
3073 964 3100 1015 6
3147 963 3406 1032 βασιλεὺς

1845 1057 2121 1126 Ἀντίοχον
2153 1057 2512 1126 πραιπόσιτον
2547 1056 2640 1110 καὶ
2674 1055 2983 1125 πατρίκιον.
3015 1055 3106 1107 τὸν
3152 1054 3408 1122 βαῖουλον

1835 1147 2002 1200 αὐτοῦ
2027 1151 2216 1202 παπᾶν
2245 1150 2491 1218 ἐποίησε.
2529 1149 2701 1204 Etiam
2729 1149 2903 1203 Latini
2945 1149 3046 1204 hoc
3077 1147 3398 1202 vocabulum

1835 1235 1940 1290 hac
1982 1237 2204 1290 notione
2233 1245 2588 1306 usurparunt.
2626 1235 2812 1304 Lupus
2843 1233 3208 1288 Ferrariensis
3233 1233 3400 1302 epist.

1835 1328 1904 1382 54
1941 1346 1954 1380 :
1991 1327 2112 1381 Non
2145 1345 2266 1398 ergo
2297 1329 2645 1382 admittentur
2673 1346 2703 1380 a
2737 1327 2880 1381 nobis
2929 1326 3240 1387 monitores,
3273 1339 3404 1392 quos

1837 1419 2046 1489 bajulos
2077 1405 2260 1489 vulgus
2325 1420 2578 1489 appellat,
2616 1436 2677 1474 ne
2720 1420 2949 1489 gloriam
2997 1408 3230 1474 vestram
3268 1416 3408 1468 inter

1835 1528 1890 1563 se
1921 1513 2022 1579 ipsi
2055 1513 2386 1579 partiuntur.
2436 1511 2790 1576 llincmarus,
2824 1511 2991 1580 epist.
3028 1512 3086 1573 2,
3140 1510 3205 1564 ad
3235 1509 3408 1564 Caro—

1837 1603 1948 1656 Ium
1984 1602 2244 1658 Crassum
2291 1603 2426 1673 imp.
2456 1620 2506 1660 c.
2540 1603 2615 1659 2:
2653 1603 2780 1657 Istis
2809 1603 3118 1670 juvenibus,
3159 1603 3407 1671 ﬁdelibus

1837 1695 1968 1762 ﬁliis
1999 1695 2204 1757 vestris.
2261 1696 2471 1765 regibus
2504 1699 2725 1760 nostris,
2757 1708 3000 1749 maturos
3031 1679 3093 1748 ac
3127 1695 3409 1764 prudentes

210 1791 336 1843 Addit
382 1791 492 1844 haec
551 1788 907 1858 Bullengerus
953 1789 1198 1844 auctoris
1252 1789 1419 1844 tacito
1474 1791 1729 1844 nomine:
1766 1803 1811 1861 Β
1839 1794 1997 1854 atque
2027 1786 2227 1839 sobrios
2255 1787 2460 1855 bajulos
2489 1789 2713 1856 singulis
2774 1789 3102 1851 constituite,
3127 1788 3285 1856 211
3323 1787 3412 1854 qui

209 1881 424 1948 Μανσυὴλ
472 1877 588 1948 εἶχε
622 1881 685 1934 τὸ
715 1879 946 1948 σύνηθες
973 1879 1310 1948 κανίκὶωμα
1339 1880 1431 1932 καὶ
1461 1878 1554 1932 τοῦ
1579 1878 1733 1949 βασι-

209 1973 315 2034 λέως
334 1970 659 2041 ὑπογραφὴν
709 1969 934 2040 ταύτην,
973 1971 1238 2042 Μανουὴλ
1273 1973 1331 2024 έν
1360 1973 1586 2042 Χριστῷ
1613 1957 1733 2042 Θέῷ

210 2063 362 2127 πιστὸς
383 2062 661 2132 βασιλεὺς,
680 2063 782 2116 κατ
804 2062 1047 2117 κάτωθεν
1073 2064 1305 2135 ἀπῃωρη
1316 2064 1484 2134 μένην
1507 2063 1655 2131 βοῦλ)
1669 2081 1735 2116 αν

209 2153 377 2222 χρυσῆν
429 2153 516 2205 διὰ
554 2153 801 2222 μετάξης
854 2152 1056 2219 ὀξείας,
1089 2155 1182 2207 καὶ
1219 2153 1416 2220 ἔξωθεν
1445 2155 1505 2207 τδ
1531 2155 1618 2208 διὰ
1639 2153 1734 2206 τοῦ

208 2247 278 2298 ἐπὶ
302 2245 598 2299 κανικλείου
659 2245 754 2298 καὶ
787 2245 1122 2300 δικαιοδότου
1150 2245 1452 2316 Θεοδώρου.
1489 2245 1644 2312 Quod
1682 2247 1734 2300 in

212 2337 644 2394 Christianissima
700 2339 851 2393 curia
901 2348 1280 2408 exsequuntur
1312 2338 1612 2403 secretarii,
1647 2337 1735 2391 ubi

211 2428 426 2498 principis
443 2430 848 2502 subscriptione
874 2431 1106 2485 inferius
1119 2432 1202 2485 vel
1220 2447 1248 2484 a
1277 2440 1429 2501 tergo
1455 2430 1735 2500 pr0prium

211 2533 370 2574 nomen
409 2531 712 2590 apponunt.
771 2521 844 2574 Ex
889 2521 972 2577 his
1023 2522 1091 2576 de
1147 2522 1381 2582 canicleo
1413 2535 1465 2577 et
1487 2523 1736 2578 canicula

211 2611 411 2666 collectis
433 2627 461 2666 a
493 2612 755 2668 Gretsero
782 2612 1021 2683 cupiosis
1057 2614 1388 2669 testimoniis
1427 2614 1738 2671 desiderata

211 2702 281 2756 lux
309 2705 547 2759 accessit.

265 2835 316 2890 P.
347 2837 425 2890 ιε.
457 2833 927 2910 [Συμπένθεξρος.
965 2838 1063 2906 Qui
1102 2839 1269 2894 lilium
1300 2840 1383 2894 vel
1417 2842 1578 2895 tiliam
1610 2841 1742 2897 alte-

215 2926 304 2980 rius
332 2929 433 2982 lilio
460 2930 545 2984 vel
575 2929 702 2984 ﬁliae
728 2930 780 2982 in
809 2930 1214 2984 matrimonium
1249 2930 1413 2996 locat,
1443 2932 1500 2986 lit
1523 2931 1572 2988 ei
1603 2950 1740 3002 συμο

213 3017 456 3087 πένθιμος.
513 3020 794 3078 Innumeri
844 3037 978 3077 vero
1033 3025 1400 3080 aconsoceris
1427 3023 1739 3095 huiusmodi

211 3108 412 3164 distincti
443 3113 762 3182 dignitatem
793 3114 1022 3170 canlciei
1054 3114 1425 3170 obtinuerunt.

267 3239 366 3292 Ibid
413 3241 1108 3315 ['Ozouperoc.Corrupta
1149 3245 1312 3301 lectio
1354 3247 1670 3319 corrigitur,
1699 3251 1745 3304 si

211 3330 431 3400 légatur6
457 3334 735 3403 Χοῦμνος.
799 3333 920 3391 Istae
968 3351 1100 3392 vero
1154 3337 1550 3408 emendationis
1587 3341 1747 3396 insti-

212 3422 388 3475 tuenda:
443 3431 576 3476 sunt
637 3425 901 3480 rationes.
953 3426 1158 3490 Prima,
1204 3429 1347 3496 quod
1383 3429 1642 3486 inusitata
1673 3433 1745 3486 sit

212 3507 363 3565 Greca
412 3514 634 3580 phrasis
663 3515 729 3569 ad
762 3515 972 3586 adeptae
1017 3517 1296 3587 dignitatis
1359 3520 1618 3575 indicium
1650 3525 1746 3576 ἐπὶ

212 3601 284 3653 τοῦ
315 3604 618 3659 κανικλείου
648 3606 916 3674 ὀχεῖσθαι.
942 3605 1193 3664 Secunda
1230 3611 1396 3680 quod,
1424 3627 1545 3666 cum
1577 3612 1745 3666 inter-

215 3705 311 3757 pres
333 3695 626 3752 reddiderit
651 3698 739 3752 hic
763 3699 832 3752 ad
861 3700 1177 3770 dignitatem
1202 3702 1367 3765 evehi.
1393 3701 1443 3755 in
1466 3719 1746 3759 commcn-

212 3785 552 3856 tsriisabsque
613 3798 836 3844 auctore
893 3793 1498 3860 esposuitcanicleum,
1533 3805 1591 3848 ut
1616 3813 1745 3867 equo

211 3876 458 3944 niteretur,
500 3880 556 3932 in
603 3879 806 3946 palatio
866 3881 961 3950 jus
1022 3882 1304 3939 habuisse.
1365 3883 1568 3950 Tertia,
1621 3903 1744 3942 cum

129 4029 132 4032 ,
213 3969 424 4028 ιιι-τεθηιί
456 3969 565 4023 hoc
605 3969 785 4037 capite
817 3977 1036 4025 constet
1093 3981 1372 4028 auctorem
1428 3975 1591 4044 paulo
1625 3985 1748 4046 post

213 4054 539 4114 Andronicum
609 4061 905 4125 seniorem,
937 4063 1004 4116 de
1051 4077 1163 4132 quo
1197 4065 1438 4133 scripsit,
1473 4050 1742 4129 ﬂoruisse.

213 4161 294 4201 non
313 4149 665 4220 incongruum
683 4159 766 4205 est
792 4167 918 4205 eum
938 4153 1008 4206 de
1030 4163 1309 4209 coartaneo
1330 4155 1435 4210 sibi
1472 4158 1740 4223 canicleo,

211 4238 281 4304 qui
309 4254 566 4296 consocer
600 4241 958 4308 imperatoris
1013 4243 1204 4310 fuerit,
1233 4245 1496 4302 habuisse
1527 4263 1740 4302 sermo-

211 4339 337 4382 nem:
373 4330 421 4386 is
462 4341 651 4386 autem
698 4331 800 4386 fuit
827 4333 1145 4404 Νικηφόρος
1180 4337 1210 4390 6
1245 4337 1519 4406 Χοῦμνος,
1577 4355 1736 4409 quem

211 4412 546 4486 Gregoras'in
592 4422 909 4477 Andronico
958 4425 996 4478 l.
1053 4439 1146 4490 vn,
1204 4441 1254 4494 p.
1299 4426 1400 4482 168
1441 4437 1549 4482 vet.
1581 4429 1735 4489 edit..

210 4505 484 4580 Νικηφόρον
541 4513 636 4564 τὸν
697 4513 791 4565 ἐπὶ
844 4513 938 4567 τοῦ
1000 4516 1315 4569 κανικλείου
1377 4519 1644 4584 nominat,
1672 4520 1738 4573 de

149 4612 166 4637 ι
209 4605 296 4656 quo
343 4595 773 4662 Cantacuzenus,
809 4614 845 4662 t,
902 4601 998 4654 16:
1045 4601 1104 4655 Ὀ
1142 4603 1236 4656 ἐπὶ
1274 4603 1368 4658 τοῦ
1432 4607 1740 4660 κανικλείου

210 4677 482 4755 Νικηφόρος
515 4687 545 4739 6
588 4687 838 4756 Χοῦμνος
871 4689 1033 4757 σοφὸς
1058 4691 1198 4760 ἀνὴρ
1235 4692 1332 4744 καὶ
1362 4691 1662 4758 θαυμάσιος
1683 4697 1742 4747 ὲν

210 4774 452 4843 φρονήσει,
519 4777 725 4847 πολλῆς
750 4794 808 4831 τε
840 4778 1136 4832 ἀπολαύων
1185 4783 1322 4852 πρὸς
1357 4781 1623 4852 βασιλέως
1651 4787 1738 4836 e6-

210 4861 325 4921 vola;
351 4880 407 4916 τε
436 4867 534 4918 καὶ
586 4869 773 4937 τιμῆς,
801 4869 868 4921 δι’
907 4869 974 4936 ῆν
1002 4872 1098 4923 καὶ
1127 4871 1225 4941 τὴν
1252 4873 1416 4927 αὑτοῦ
1461 4874 1738 4946 Θυγατέρα

210 4949 407 5022 εἰρήνην
424 4957 501 5027 τῷ
535 4957 638 5027 υἱῷ
661 4959 825 5012 αὑτοῦ
843 4960 1084 5034 δεσπότῃ
1123 4962 1346 5036 Ἰωάννῃ
1381 4967 1519 5035 πρὸς
1555 4969 1736 5036 γάμου

211 5049 456 5100 κοινωνίαν
487 5049 698 5119 ἤγαγεν
721 5051 750 5102 6
784 5049 1062 5118 βασιλεύς.
1096 5052 1163 5106 Et
1188 5054 1439 5121 quamvis
1464 5055 1736 5109 Pontanus

210 5132 444 5207 interpres
477 5141 609 5194 olim
647 5142 842 5209 legerit
870 5141 1166 5213 ὀχούμενος
1199 5158 1261 5196 ac
1290 5145 1590 5201 reddiderit
1619 5150 1732 5202 vehi

209 5229 400 5294 solebat,
453 5234 664 5286 nullum
697 5243 880 5288 tamen
946 5233 1068 5303 ejus
1094 5234 1360 5288 sententia
1379 5238 1736 5306 consequitur

207 5330 417 5385 sensum,
448 5323 498 5376 Ν
506 5324 784 5393 icephortts
814 5325 904 5396 qui
927 5325 1161 5379 canicleo
1181 5338 1405 5394 pra'erat
1431 5337 1479 5380 et
1511 5329 1622 5381 vehi
1651 5344 1736 5381 so-

207 5408 336 5466 lebat.
373 5414 498 5470 Eam
523 5420 593 5471 ob
607 5431 719 5470 rem
751 5433 926 5472 novus
951 5419 1272 5473 scholiastes
1308 5419 1563 5490 aserlpsit
1590 5436 1732 5475 mar-

207 5501 332 5570 gini:
377 5509 643 5580 interpres
693 5511 820 5581 legit
868 5511 1186 5582 ὀχούμενος,
1244 5513 1429 5577 male;
1501 5531 1624 5569 nam
1653 5525 1734 5572 est

205 5597 497 5670 ὁΧοῦμνος.
537 5603 768 5682 Ultima,
792 5619 914 5674 qua:
944 5604 1095 5662 litem
1138 5619 1354 5658 omnem
1401 5606 1634 5674 dirimit,
1662 5623 1729 5662 ex

209 5685 360 5755 Regiis
405 5694 804 5761 exemplaribus
851 5695 1078 5764 petitur,
1105 5695 1157 5748 in
1194 5697 1391 5766 quibus
1430 5713 1537 5751 non
1573 5698 1726 5769 6on-

207 5793 355 5845 μινος,
402 5786 492 5838 sed
532 5789 559 5839 6
603 5784 850 5854 Χοῦμνος
897 5785 1182 5840 manifeste
1252 5789 1482 5857 legitur;
1537 5803 1589 5844 ct
1648 5806 1714 5846 ex

417 5883 422 5889 '
511 5878 768 5936 I’ATML.
817 5878 934 5936 Gn.
981 5877 1213 5938 CLVII.

1843 1877 2047 1930 oderint
2095 1880 2377 1932 avaritiam
2424 1889 2471 1932 et
2503 1895 2589 1932 eos
2622 1880 2772 1932 verba
2795 1888 2841 1932 et
2882 1879 3117 1945 exemplo
3145 1879 3412 1945 iustitiam

1841 1969 2059 2036 diligere
2100 1971 2343 2032 doceant,
2404 1972 2688 2024 secundum
2734 1971 3064 2040 Scripturam
3115 1975 3444 2024 dicentem:

1845 2061 2055 2132 Diligite
2108 2063 2404 2130 justitiam,
2484 2065 2577 2134 qui
2623 2065 2889 2133 judicatis
2939 2075 3159 2118 terram.
3205 2063 3406 2118 Eadem

1843 2155 2004 2220 epist.
2038 2168 2087 2208 c.
2122 2153 2154 2207 6
2185 2171 2199 2207 :
2238 2153 2351 2223 Ipsi
2387 2138 2560 2210 autem
2601 2155 2782 2225 bajuli'
2799 2173 3112 2225 magnopere
3135 2159 3408 2222 prouidere

1843 2253 2026 2306 debent
2053 2270 2116 2307 ne
2151 2270 2306 2318 super
2336 2255 2506 2309 socios
2534 2270 2656 2307 suos
2679 2271 2732 2308 se
2760 2253 3040 2320 extollant,
3074 2253 3166 2306 sed
3196 2251 3403 2324 [agant]

1846 2340 1997 2404 iuxta
2027 2339 2362 2412 Scripturam
2405 2343 2714 2397 dicentem:
2753 2343 3001 2409 «Quanto
3055 2359 3278 2410 magnus
3331 2359 3406 2406 es,

1846 2432 2068 2485 humilia
2115 2441 2165 2486 te
2192 2435 2242 2486 in
2278 2435 2540 2498 omnibus,
2576 2446 2623 2488 et
2678 2449 2856 2487 coram
2888 2433 2992 2486 Deo
3041 2432 3268 2486 invenies
3286 2449 3412 2502 gra-

1847 2523 2030 2575 tiam.»
2051 2521 2199 2577 Idem
2229 2523 2392 2592 epist.
2410 2524 2464 2586 3,
2483 2522 2562 2577 c.i
2595 2521 2872 2592 :Legimus
2901 2524 3159 2592 quomodo
3179 2524 3413 2579 Alexan-

1847 2614 1940 2664 der
1957 2613 2009 2664 in
2039 2614 2264 2679 pueritia
2291 2630 2386 2666 sua
2407 2613 2587 2666 habuit
2611 2613 2848 2680 bajulum
2883 2614 3088 2666 nomine
3108 2612 3410 2679 Leonidem,

1849 2706 2026 2760 citatis
2087 2705 2318 2760 moribus
2365 2717 2411 2760 et
2454 2707 2799 2772 incomposito
2865 2707 3068 2761 incessu
3107 2707 3412 2770 notabilem,

1848 2813 1965 2866 qut?
1995 2812 2124 2866 puer
2148 2799 2303 2866 quasi
2343 2799 2426 2852 lac
2466 2799 2826 2852 adulterinum
2861 2815 3046 2868 sugens
3080 2800 3145 2853 ab
3172 2817 3233 2854 eo
3263 2817 3411 2854 sum-

1847 2887 1971 2954 psit.
2036 2886 2183 2940 Unde
2227 2888 2279 2940 in
2319 2887 2503 2946 adulta
2539 2893 2691 2942 relate
2737 2889 2947 2958 sapiens
2974 2898 3021 2944 et
3046 2905 3138 2943 rea:
3178 2891 3328 2958 [ortis
3359 2907 3413 2944 se

1849 2979 2016 3046 ipsum
2050 2980 2455 3048 reprehendebat
2477 2991 2524 3034 et
2556 2982 2722 3034 vitare
2757 2981 2976 3044 colebat,
3006 2983 3098 3035 sed
3121 2993 3176 3035 ut
3201 2983 3412 3052 legitur,

1851 3085 1966 3121 cum
2005 3069 2182 3123 omnia
2227 3087 2386 3140 regna
2427 3071 2630 3136 vicerit,
2661 3073 2715 3124 in
2755 3070 2852 3124 ltoc
2906 3088 2959 3124 se
3015 3073 3180 3137 ipsum
3215 3074 3416 3128 vincere

1773 3149 1816 3207 (ἶ
1850 3176 1948 3212 non
1986 3162 2177 3227 potuit.
2218 3161 2414 3215 Gula-rs.

1914 3251 2216 3324 [Βαῒουλο;,
2267 3257 2358 3324 qui
2431 3254 2663 3322 βάγυλος
2717 3269 2936 3326 quoque
2977 3254 3309 3326 Theophani
3357 3257 3409 3310 in

1845 3341 2027 3397 Leone
2072 3342 2407 3414 Copronymi
2444 3343 2506 3397 F.
2556 3346 2841 3410 scribitur,
2901 3347 3198 3418 ἐπίτροπος
3232 3347 3416 3402 καλεῖ-

1843 3447 1956 3492 ται,
1985 3432 2063 3487 ait
2103 3432 2394 3503 Gregoras,
2424 3451 2499 3498 tv,
2532 3437 2586 3490 9.
2621 3436 3004 3506 Moschopulns
3060 3439 3415 3507 παιδαγωγὸν

1846 3523 1939 3573 καὶ
1973 3523 2326 3595 παιδοτρίϐην
2349 3525 2438 3578 τὸν
2471 3526 2719 3595 βαῖου).ον
2742 3529 2961 3583 asserit.
3003 3528 3078 3584 De
3107 3528 3414 3585 Theodosio

1844 3614 2138 3671 Theodosii
2155 3615 2398 3674 iunioris
2438 3619 2622 3692 bajulo
2642 3619 3000 3691 Theophanes
3025 3631 3080 3678 et
3107 3623 3411 3690 Cedrenus,

1845 3705 1898 3759 in
1924 3721 2084 3773 quem
2133 3721 2234 3762 nos
2279 3709 2404 3775 alia,
2441 3711 2705 3782 pluraque
2741 3712 2823 3766 vir
2871 3713 3273 3770 eruditissimus
3307 3713 3412 3768 Fa-

1847 3796 2036 3850 hrotus
2088 3799 2330 3869 collegit,
2364 3815 2429 3856 ac
2463 3815 2492 3854 a
2535 3803 2774 3858 Meursio
2835 3803 3073 3860 diversa.
3107 3805 3229 3861 llaec
3255 3806 3414 3862 nobis

1847 3887 1936 3954 qui
1970 3902 2171 3955 pueros
2212 3903 2330 3959 non
2361 3891 2604 3960 regimus
2643 3891 2711 3946 de
2756 3893 2944 3962 bajnlo
2969 3895 3125 3960 satis,
3175 3911 3241 3949 ne
3273 3895 3414 3950 forte

1845 3975 2022 4030 aliena
2074 3977 2217 4032 dicta
2278 3979 2384 4034 huc
2409 3991 2772 4050 congerentes
2833 3983 3063 4042 infames
3119 3985 3280 4055 bajnli
3317 3987 3414 4040 lia-

1849 4081 1992 4121 mus.
2016 4065 2190 4124 ϐοοκ.

1848 4179 2364 4251 (pannosus
2417 4182 2724 4242 Aucnon
2765 4187 3061 4242 CONNEO
3133 4191 3214 4244 AC
3284 4192 3412 4250 nu-

1980 4249 2164 4309 TATO
2201 4252 2532 4309 nonnum.
2564 4254 2820 4312 ORDINE
2854 4258 3278 4330 prsensnus,
3354 4249 3363 4250 ί
3401 4263 3420 4288 ~-

1915 4379 1978 4418 ex
2011 4375 2137 4420 octo
2158 4367 2380 4423 circiter
2410 4370 2594 4439 Regiis
2773 4372 2837 4425 ad
2871 4371 3096 4430 invicem
3130 4343 3343 4432 collatis

2458 4450 2795 4508 exscriptus.

1916 4532 1984 4579 α’.
2017 4527 2046 4578 6
2071 4527 2358 4598 δεσπότης.
2419 4529 2483 4597 β’.
2515 4531 2544 4582 6
2572 4531 3047 4604 σεδαστοκράτωρ.
3114 4534 3183 4603 γ’.
3230 4539 3258 4590 6
3287 4541 3411 4592 καῖ-

1846 4631 1970 4686 σαρ.
1994 4618 2058 4672 δ’.
2087 4618 2116 4669 6
2156 4621 2695 4688 πανυπερσέόαστος.
2732 4622 2794 4678 ε’.
2822 4627 2852 4676 6
2893 4629 3409 4699 πρωτοὸεστιάριος.

1845 4712 1922 4769 ς’.
1955 4707 1985 4758 6
2019 4707 2194 4775 μέγας
2217 4708 2364 4774 δούξ.
2389 4709 2452 4772 ζ’.
2473 4710 2502 4761 6
2534 4713 2704 4778 μέγας
2735 4713 3070 4781 δομέστικος.
3106 4723 3174 4784 η’.
3202 4721 3231 4771 6
3265 4737 3408 4789 πρω-

1841 4797 2178 4867 τοστρὰτωρ.
2207 4797 2272 4852 θ’.
2307 4801 2334 4850 6
2370 4800 2547 4868 μέγας
2581 4800 2891 4872 λογοθέτης.
2928 4811 2976 4860 ι’.
2997 4807 3024 4858 6
3050 4807 3221 4876 μέγας
3247 4825 3412 4878 στρα·

1840 4887 2197 4959 τοπεδάρχης.
2232 4890 2320 4944 ια’.
2343 4893 2372 4944 6
2410 4892 2580 4958 μέγας
2604 4895 3023 4963 πριμμικήριος.
3055 4897 3141 4964 ιβ’.
3177 4897 3204 4949 6
3235 4898 3412 4966 μέγας

1842 4979 2219 5043 κονοσταῦλος.
2243 4987 2332 5049 ιγ’.
2366 4982 2394 5034 6
2420 4983 2512 5035 ἐπὶ
2540 4981 2635 5035 τοῦ
2669 4984 2996 5040 κανικλειου.
3050 4985 3132 5042 ιδ’.
3179 4989 3208 5041 6
3260 5007 3409 5059 πρω·

1839 5067 2182 5128 τοσέὸαστος.
2219 5075 2301 5122 ιε’.
2325 5071 2352 5122 ὁ
2383 5071 2475 5123 ἐπὶ
2500 5072 2722 5142 κέρνης.
2757 5079 2853 5136 ις’.
2909 5075 2937 5126 6
2977 5078 3410 5150 παρακοιμώμε-

1839 5175 1926 5219 νος
1946 5157 2044 5226 τῆς
2081 5158 2324 5229 μεγάλης
2367 5161 2676 5231 σφενδόνης.
2732 5164 2818 5227 ιζ’.
2847 5167 2875 5217 6
2908 5170 3408 5241 παρακοιμὼμενος

1836 5247 1931 5301 τοῦ
1962 5249 2243 5312 κοιτῶνος.
2285 5249 2376 5318 ιη’.
2405 5254 2434 5304 6
2467 5253 2641 5321 μέγας
2674 5253 2940 5334 βαῒουλος.
3013 5257 3104 5312 ιϐ’.
3157 5263 3186 5314 6
3221 5280 3409 5334 κουρο-

1838 5337 2106 5407 παλάτης.
2140 5347 2211 5393 κ’.
2242 5340 2270 5391 6
2309 5341 2866 5414 πρωτοϐεστιαρίτης.
2895 5343 3000 5401 κα⁹.
3043 5351 3072 5402 6
3091 5348 3408 5419 δομέστικος

1835 5429 1934 5496 τῆς
1965 5427 2251 5498 βασιλικῆς
2278 5430 2576 5502 τραπέζης.
2607 5421 2714 5502 κβί.
2738 5435 2766 5487 6
2794 5435 2886 5488 ἐπὶ
2913 5436 3210 5509 τραπέζης.
3239 5448 3342 5508 κγ’.
3377 5445 3406 5495 6

1833 5520 2126 5589 λογοθέτης
2157 5520 2249 5572 τοῦ
2278 5521 2522 5577 Γενικοῦ.
2553 5521 2655 5576 κδ’.
2701 5526 2729 5578 6
2762 5526 2935 5595 μέγας
2969 5529 3198 5591 παπίας.
3253 5529 3351 5584 κε’.
3375 5533 3407 5584 6

1791 5645 1796 5650 ε
1834 5609 2095 5680 ἔπαρχος.
2162 5608 2276 5673 κς’.
2307 5611 2336 5663 6
2387 5612 2556 5682 μέγας
2583 5613 2966 5698 δρουγγᾷριοις
2996 5621 3403 5690 τῆςιβασιλικῆς

1837 5701 2046 5770 βὶγλης.
2076 5701 2179 5765 κζ’.
2203 5703 2231 5754 6
2259 5705 2424 5770 μέγας
2458 5705 2868 5779 ἑταιρειάρχης.
2928 5707 3034 5779 κη’..
3058 5713 3086 5764 6
3114 5711 3404 5784 λογοθέτης

1829 5791 1918 5846 τοῦ
1959 5791 2182 5864 δρόμου.
2248 5795 2350 5850 κο’.
2407 5797 2431 5848 6
2476 5795 2681 5860 ὕπατος
2731 5799 2836 5851 τῶν
2885 5800 3206 5868 φιλοσόφων.
3268 5799 3335 5856 λ’.
3370 5804 3400 5854 6

2887 5893 2926 5952 8
