3936 6588
419 460 520 520 Elii

1516 465 1592 525 ΙΝ
1635 465 1931 525 LIBRUM
1969 468 2066 526 DE
2103 472 2426 532 l.‘l“FlCIlS
2464 476 2570 535 (ΣΡ.

3554 473 3653 535 2M

415 570 661 639 patriciis
692 569 852 638 pii-na
877 569 1005 624 sint.
1046 577 1098 622 et
1154 569 1512 639 πατρικιάτης
1542 588 1636 626 seu
1684 576 1996 642 patriciatus
2022 585 2069 640 Α
2102 585 2159 629 ιιι
2188 580 2258 631 ita
2328 580 2542 650 loquar,
2575 583 2914 652 capitaueatu
2977 582 3204 638 (socium
3269 583 3650 638 attribuerunt.

420 659 560 728 apud
591 657 1186 716 JustinianumNovell.
1214 661 1303 725 58,
1327 665 1536 732 etapud
1567 664 1988 721 Constantinum

421 749 721 806 Manasscm
755 750 807 804 in
839 750 1112 807 Chronico
1145 760 1338 810 notnen
1378 770 1482 808 non
1534 764 1741 810 tantum
1796 759 1988 812 nobili-

421 843 571 908 tatis,
603 851 662 895 ut
691 844 832 912 apud
871 851 1084 896 veteres
1116 843 1388 900 Romanos
1420 856 1474 900 et
1499 846 1660 901 hodie
1745 848 1798 903 in
1844 866 1993 918 _non-

419 934 585 988 nullis
616 934 826 1003 imperii
861 933 1109 998 urbibus,
1130 935 1329 1005 ubiqui
1354 951 1416 990 ex
1445 939 1732 1008 praecipuis
1774 942 1994 996 l'amiliis

419 1038 596 1086 genus
666 1024 873 1077 ducunt
926 1025 1089 1092 vulgo
1144 1027 1362 1095 patricii
1417 1027 1673 1093 audiunt,
1703 1033 1795 1086 sed
1827 1033 1994 1087 etiam

418 1112 699 1181 dignitatis
743 1115 909 1172 oll'tcii
937 1124 991 1169 et
1043 1117 1402 1184 praefectura.
1457 1118 1748 1184 Dignitatis
1805 1138 1995 1177 exem-

422 1204 506 1272 pla
540 1203 716 1258 adfert
743 1204 1010 1262 Meursius
1033 1209 1083 1262 in
1109 1207 1392 1264 Glossario
1413 1226 1476 1266 ex
1503 1211 1694 1279 Suida,
1730 1213 1994 1283 Procopio

418 1304 473 1348 ιιι
508 1295 718 1351 Malclto
749 1298 801 1351 in
833 1297 1162 1370 Byzanticis.
1192 1301 1308 1368 Qua
1346 1304 1568 1359 notione
1600 1307 1760 1360 etiam
1783 1307 1996 1372 patricii

421 1402 620 1442 nomen
649 1388 902 1459 accipies,
933 1392 1152 1460 quando
1185 1394 1341 1452 audis
1363 1395 1612 1466 l’ipinum
1646 1407 1699 1452 et
1739 1398 1994 1454 Carolum

423 1477 676 1549 Magnum
739 1483 1181 1554 fuissepalri‘cios
1249 1487 1645 1544 Romanorum.
1705 1490 1884 1546 Oﬁ'tcii
1945 1503 2001 1547 et

423 1571 762 1636 praefecturae
843 1577 1155 1646 exemplum
1245 1587 1331 1633 est
1402 1579 1660 1636 Salomon
1749 1587 2000 1654 magister

422 1661 628 1718 militia,-
661 1675 710 1717 et
740 1668 996 1731 patricius
1037 1670 1233 1739 Africae
1265 1672 1409 1741 apud
1467 1671 1739 1730 Victorem
1773 1674 1999 1730 Tunnu-

422 1770 642 1809 nensem
683 1758 736 1811 in
763 1759 1132 1825 Chronico,et
1155 1764 1380 1820 Amalus
1412 1767 1672 1834 patricius
1718 1769 2002 1837 provinciae

424 1841 567 1908 apud
599 1842 825 1926 Paulum
851 1847 1146 1906 Diaconum
1180 1851 1216 1908 l.
1244 1867 1336 1916 ιιι,
1364 1868 1412 1908 c.
1438 1853 1568 1908 3-Dc
1591 1856 1759 1924 gestis
1789 1856 2002 1927 Longo-

2094 668 2294 725 (Iners.

2712 785 2938 843 CAPUT
2971 785 3058 842 IV.

2121 907 2468 976 Explicantur
2498 904 2718 958 obscura
2746 903 2985 973 quaedam
3014 900 3263 954 vocabula
3285 915 3347 954 ex
3374 902 3543 968 capite
3571 902 3623 954 ’5.
3689 969 3698 976 _

2169 1038 2650 1104 P.15._,2Xtd5t0‘l.
2689 1036 2832 1106 quod
2879 1045 2933 1094 et
2972 1035 3176 1098 σκιάδι⁹
3209 1037 3274 1088 ad
3311 1036 3530 1089 verbum
3575 1042 3656 1088 est

2100 1133 2326 1188 umbella
2359 1148 2452 1187 seu
2484 1128 2872 1192 umbraculum,
2902 1137 3135 1196 tegumen
3171 1127 3383 1195 capitis,
3418 1125 3652 1192 breviter

2097 1225 2286 1293 pileus,
2314 1239 2423 1292 quo
2453 1221 2672 1276 nomine
2697 1220 2752 1274 in
2776 1217 3025 1274 versione
3056 1219 3325 1288 praecipue
3357 1230 3489 1270 usus
3511 1229 3656 1268 sum.

2098 1316 2306 1371 Csars.

2168 1408 2311 1463 Ibid.
2353 1405 2636 1478 [Granium
2668 1402 2846 1462 solum
2872 1410 3103 1460 coronat
3133 1410 3186 1458 et
3210 1401 3399 1457 leviter
3468 1400 3662 1454 adum-

2099 1498 2219 1552 brat
2247 1497 2308 1548 τὸ
2341 1495 2677 1565 καλούμενον
2711 1493 2974 1556 σκιάδιον,
3037 1505 3144 1560 qua
3192 1490 3260 1544 de
3321 1489 3506 1544 causa
3554 1505 3661 1544 non

2099 1588 2406 1650 umbellam,
2445 1602 2542 1641 ceu
2572 1601 2764 1641 carens
2789 1584 3064 1654 protensis
3126 1583 3181 1640 in
3234 1581 3468 1637 frontem
3525 1583 3659 1645 oris,

2101 1680 2194 1736 sed
2217 1680 2466 1748 piteolum
2501 1693 2566 1732 ex
2599 1692 2756 1747 atquo
2791 1677 2858 1746 (si
2907 1675 3147 1732 medium
3218 1684 3398 1731 tamen
3440 1689 3662 1737 conum,

2105 1771 2230 1824 licet
2292 1769 2593 1836 modicum,
2651 1767 2990 1838 appinxeris)
3089 1773 3256 1834 caput
3308 1765 3660 1827 ambientem,

2105 1864 2236 1917 mihi
2270 1863 2465 1932 potiori
2497 1863 2622 1931 jure
2649 1871 2829 1924 sonat;
2862 1875 3134 1929 quemque
3159 1857 3544 1926 ὁλομάργαρον
3573 1855 3663 1911 hic

427 1917 747 1990 bardoruin.
781 1934 932 1993 Talis
959 1939 1144 1994 itidem
1173 1942 1440 2007 patricius
1468 1943 1551 1998 vel
1578 1953 1700 1998 erat
1733 1946 1816 2001 vel
1875 1961 1994 2001 esse

2105 1917 2292 2009 aucto;-
2327 1917 2515 2017 vocat:
2539 1952 2907 2022 Theophanes
2962 1952 3117 2020 prius
3150 1948 3527 2018 καμηλαύκιον
3549 1947 3665 2000 διὰ-

426 2022 640 2077 volebat
671 2023 758 2080 ille
788 2040 948 2095 quem
989 2027 1093 2082 sibi
1129 2027 1358 2083 Romani
1411 2032 1707 2098 elegerant,
1769 2033 1838 2088 de
1885 2048 1994 2103 quo

426 2112 568 2168 Otho
597 2114 1022 2188 Frisingensisl.
1055 2135 1128 2174 vtt
1177 2121 1439 2176 Chronici
1462 2124 1608 2180 c.5l.
1639 2123 1909 2199 Meursius
1939 2129 1992 2182 in

430 2203 714 2260 Glossario
729 2211 983 2274 patricios
1006 2213 1168 2268 nimis
1199 2215 1452 2283 extollit;
1477 2230 1601 2272 nam
1630 2217 1994 2273 Occidentali-

429 2298 527 2354 bus
542 2300 799 2368 patricios
818 2300 1170 2358 Romanorum
1192 2306 1480 2380 luisse,qui
1500 2309 1663 2382 220
1676 2327 1823 2367 nunc
1840 2327 1993 2382 reges

421 2391 784 2457 appellantur.
821 2393 954 2460 Quis
981 2407 1139 2468 neget
1171 2400 1274 2453 hoc
1310 2416 1339 2452 ιι
1370 2415 1498 2454 vero
1538 2402 1702 2457 nimis
1725 2413 1993 2459 remotum

421 2481 569 2536 esse?
600 2483 811 2539 Primus
848 2487 992 2541 enim
1025 2486 1255 2546 Carolus
1301 2491 1526 2558 Magnus
1552 2503 1606 2547 et
1627 2493 1719 2552 alii
1747 2496 1996 2550 nomina-

427 2575 625 2630 bantur
645 2579 856 2645 patricii
875 2578 1267 2636 Romanorum.
1291 2585 1372 2637 An
1402 2585 1522 2639 ideo
1545 2601 1697 2656 reges
1724 2587 1997 2644 Romano-

426 2680 546 2718 rum
569 2667 651 2720 vel
678 2676 831 2722 erant
863 2671 944 2724 vel
990 2671 1348 2728 habebantur?
1387 2677 1457 2730 At
1494 2675 1727 2735 Carolus
1770 2682 1995 2743 Magnus

424 2769 708 2827 postquam
735 2759 1101 2818 Romanomm
1155 2755 1447 2834 imperator
1474 2781 1692 2824 creatus
1718 2781 1772 2828 et
1821 2775 1994 2841 palam

423 2848 802 2916 promulgatus
838 2853 1119 2914 est,desiit
1152 2858 1414 2926 appellari
1473 2863 1735 2930 patricius
1793 2865 1998 2922 Roma-

367 2985 372 2988 .
425 2952 640 2992 norum.
667 2937 807 3004 Quid
835 2945 978 2997 tum?
999 2960 1067 3002 an
1124 2948 1268 3015 ideo,
1328 2965 1452 3005 cum
1517 2965 1662 3008 esset
1708 2957 1993 3024 patricius,

427 3046 518 3084 rex
576 3030 949 3088 Romanorum
988 3038 1155 3091 erat?
1213 3039 1268 3096 Si
1319 3043 1442 3110 quis
1498 3057 1698 3098 exterre
1755 3049 1994 3104 nationis

424 3124 688 3192 patricius
717 3125 954 3180 Venetus
976 3140 1258 3187 crearetur
1313 3133 1421 3188 dux
1470 3133 1732 3203 Venetus,
1779 3142 1991 3210 patricii

427 3229 624 3268 nomen
658 3215 843 3285 utique
877 3219 1169 3274 omitteret.
1214 3221 1297 3278 An
1333 3221 1640 3281 ideo'antea
1690 3244 1781 3282 rex
1820 3230 1996 3284 Vene-

427 3315 606 3356 torum
642 3303 860 3360 fuisset?
892 3308 1140 3364 Alicnius
1174 3326 1203 3364 a
1235 3328 1364 3369 vero
1393 3325 1500 3380 est,
1541 3317 1686 3386 quod
1735 3319 1813 3373 ait
1848 3321 1986 3374 idem

426 3397 689 3450 Glossarii
729 3399 1007 3465 collector,
1046 3402 1414 3471 imperatorem
1431 3408 1582 3464 rebus
1619 3395 1992 3466 ecclesiasticis

427 3495 681 3557 tanquam
711 3505 1011 3557 supremum
1046 3505 1206 3561 caput
1237 3497 1535 3566 pur/uisse.
1568 3510 1616 3554 et
1644 3501 1818 3555 hacin
1873 3505 1994 3572 [un-

429 3579 603 3632 ctione
633 3582 914 3648 patricium
945 3584 1078 3638 vices
1113 3586 1227 3654 ejus
1257 3589 1444 3656 egisse.
1483 3589 1645 3661 quue
1707 3595 1899 3664 prohat
1931 3611 1995 3650 ex

424 3671 794 3739 disputatione
843 3673 1142 3746 Gregentii,
1174 3677 1262 3731 ubi
1295 3680 1428 3736 dicit
1497 3681 1675 3738 Erban
1729 3685 1982 3741 Judaautn

432 3762 685 3829 baptismi
727 3765 1014 3834 undisjam
1044 3768 1312 3835 ablutum,
1369 3783 1609 3828 creatum
1642 3793 1763 3832 esse
1801 3794 1829 3832 a
1868 3795 1992 3849 rege

430 3851 832 3909 liomeritarum
863 3857 1288 3928 ὐπεκκλησῑονα,
1302 3863 1390 3930 qui
1408 3863 1638 3920 Meursio
1669 3877 1751 3922 est
1766 3871 1993 3924 vicarius

433 3945 600 4014 regis,
634 3954 891 4015 tanquam
972 3952 1214 4018 supremi
1279 3953 1333 4007 in
1391 3957 1553 4012 rebus
1603 3960 1996 4017 ecclesiasticis

428 4032 644 4101 capitis.
673 4032 778 4089 Sed
819 4035 1092 4092 Meursius
1121 4039 1208 4096 hic
1269 4041 1436 4097 nimis
1494 4056 1680 4114 aperte
1729 4049 1990 4118 anglizat:

428 4132 488 4176 ut
511 4123 653 4177 enim
688 4125 846 4196 Angli
881 4143 1060 4196 regem
1087 4144 1247 4189 suum
1279 4132 1442 4186 veluti
1466 4149 1781 4204 supremum
1811 4139 1995 4196 Eccle-

430 4213 526 4267 siae
546 4223 712 4283 caput
737 4228 1091 4279 venerantur.
1109 4221 1180 4274 ita
1205 4231 1263 4276 et
1290 4222 1474 4278 Batavi
1493 4240 1652 4280 suum
1702 4231 1989 4297 magistra~

431 4317 544 4358 tum
575 4309 642 4360 ad
665 4307 810 4362 idem
835 4309 1050 4364 culmen
1066 4311 1300 4390 evehere
1324 4313 1612 4382 incipiunt.
1654 4327 1714 4372 ut
1767 4320 1988 4388 planum

431 4398 488 4449 tit
527 4411 654 4451 cum
679 4413 745 4452 ex
770 4399 894 4454 aliis
926 4402 1304 4469 novatoribus,
1330 4411 1442 4458 tum
1474 4421 1537 4460 ex
1559 4406 1784 4478 Hugone
1801 4410 1991 4470 Grotio

431 4490 484 4540 in
527 4488 730 4541 Pietate
776 4487 1036 4545 Ordinum
1091 4490 1396 4549 Hollandite
1426 4497 1525 4551 :in
1581 4514 1690 4567 quo
1757 4511 1989 4558 tamena

2096 2047 2242 2100 λιθον
2274 2047 2430 2107 dixit,
2459 2045 2758 2113 Totila-que
2811 2042 3113 2097 Gothorum
3138 2042 3249 2110 regi
3302 2040 3604 2096 detractum
3632 2055 3660 2092 a

2095 2138 2321 2192 Narsete
2339 2136 2549 2206 Cpolim
2570 2136 2636 2189 ad
2652 2127 3020 2190 Justinianum
3040 2132 3196 2201 221
3229 2130 3458 2186 missum
3477 2131 3530 2182 in
3545 2127 3664 2196 ejus

2097 2227 2217 2280 Vita
2245 2226 2511 2281 narravit.
2541 2225 2870 2294 anue,qua
2895 2223 3181 2290 descripsi,
3215 2221 3385 2289 ﬁgura
3421 2218 3661 2273 σκιάδιον

2095 2317 2473 2387 ὁλομάργαρον
2499 2316 2751 2384 Gregoras
2769 2323 2822 2366 et
2845 2309 3202 2380 Clmlcondyli
3246 2307 3490 2362 nonnulli
3534 2306 3664 2360 editi

2096 2406 2312 2459 cozlices
2329 2403 2707 2457 demonstrant
2725 2417 2738 2454 :
2757 2398 3126 2468 eademque,si
3147 2411 3480 2472 gemmarum
3503 2409 3667 2462 gran-

2096 2497 2220 2551 dine
2236 2493 3002 2564 conspergerenturntsitatum
3022 2489 3124 2545 sibi
3143 2487 3515 2557 καμηλαύκιον
3529 2485 3670 2540 ϐιαιο

2097 2588 2145 2641 ci
2169 2585 2502 2640 recentiores
2527 2588 3005 2651 repraesentarent.
3031 2589 3082 2633 et
3100 2593 3222 2636 cum
3243 2577 3408 2631 Sniila
3430 2575 3666 2630 σκιάδιον

2097 2678 2231 2746 ὅπερ
2262 2677 2417 2746 ἡμεῖς
2448 2671 2821 2742 καμηλαύκιον
2853 2670 3084 2738 λέγομεν
3111 2661 3488 2723 indubitanter
3519 2682 3667 2721 assc-

2097 2774 2372 2821 verarent.
2413 2765 2619 2820 Forsan
2669 2764 2857 2833 igitur,
2912 2770 2971 2814 ut
3025 2759 3212 2814 Totilte
3281 2758 3666 2830 καμηλαύκιον

2097 2857 2335 2913 διάλιθον
2377 2856 2429 2908 in
2467 2863 2629 2923 caput
2665 2853 2874 2924 recepit
2928 2851 3299 2916 Justinianus,
3344 2851 3419 2905 ita
3474 2852 3542 2905 ab
3597 2865 3665 2904 eo

2099 2949 2380 3020 proprium
2413 2946 2516 3001 sibi
2545 2946 2720 3000 iecere
2766 2945 2968 3016 posteri
3023 2944 3334 3002 Grmcnrum
3395 2944 3666 3015 principes

2101 3041 2348 3094 σκιάδιον
2367 3039 2776 3108 ὁλομάργαρον,
2810 3052 2920 3106 quo
2950 3037 3303 3106 imperatores
3333 3036 3480 3104 ipsos
3531 3053 3670 3090 non-

2098 3146 2374 3202 nunquam
2415 3116 2700 3183 redimitos
2727 3129 2778 3181 in
2844 3128 3076 3200 picturis
3133 3135 3186 3180 et
3242 3127 3667 3182 numismatibus

2099 3223 2430 3292 conspicias.
2460 3221 2526 3274 Et
2555 3220 2804 3273 diadema
2834 3235 2940 3273 non
2967 3219 3217 3274 ahsimile
3245 3235 3274 3272 a
3308 3219 3668 3274 Constantino

2104 3316 2386 3370 inventum
2424 3313 2477 3366 in
2517 3311 2599 3365 his
2619 3309 2852 3365 Cedreni
2880 3311 3056 3365 verbis
3081 3309 3368 3365 adnotabis
3397 3329 3411 3364 :
3446 3311 3582 3364 Φασὶ
3611 3309 3666 3362 δὲ

2105 3407 2266 3460 αὑτὸν
2302 3404 2516 3475 πρῶτον
2547 3404 2764 3458 πάντων
2793 3401 2898 3454 τῶν
2933 3401 3197 3470 βασιλέων
3221 3400 3504 3469 διαδήματι
3534 3401 3671 3469 χρή-

2079 3547 2081 3549 ,
2107 3497 2301 3549 σασοαι
2323 3496 2421 3547 καὶ
2445 3494 2806 3563 μαργαρίταις
2839 3493 2935 3545 καὶ
2963 3491 3140 3554 ἄλλοις
3169 3492 3337 3554 λίθοις
3383 3479 3676 3565 περιξργόέ

2102 3603 2260 3648 τερον
2291 3585 2644 3655 κοσμηθῆναι.
2697 3584 2844 3638 Gesn

2177 3677 2281 3730 Aer
2309 3679 2497 3730 sciadii
2523 3692 2615 3730 seu
2641 3677 2763 3745 pilei
2795 3685 2878 3728 est
2913 3673 3094 3737 umbo,
3149 3675 3240 3727 der
3259 3660 3447 3728 sturm.
3474 3674 3672 3730 Junius

2106 3771 2309 3840 ubique
2338 3768 2736 3838 vertitrcplum.
2764 3767 2939 3821 Aliam
2965 3767 3188 3834 insuper
3210 3767 3481 3820 notionem
3505 3767 3673 3822 habet

2103 3863 2132 3914 ὁ
2164 3861 2294 3931 ἀήρ,
2331 3860 2603 3929 signiﬁcat
2636 3859 2780 3914 enim
2804 3857 2980 3912 velum
3014 3871 3107 3911 seu
3137 3868 3528 3924 tegumentum.
3561 3875 3673 3928 quo

2103 3961 2288 4006 sancta
2323 3959 2601 4019 teguntur.
2650 3947 2891 4017 Lilurgia
2941 3945 2999 4000 S.
3047 3945 3424 4014 Chrysostomi
3462 3965 3474 4001 :
3519 3947 3580 4001 Ὀ
3612 3948 3671 4000 δὲ

2103 4043 2286 4110 ἱερεὺς
2315 4042 2454 4110 ἄρας
2485 4041 2576 4092 τὸν
2605 4036 3054 4108 ἀέραεὲπιτίθησι
3085 4035 3165 4105 τῷ
3209 4037 3482 4106 ἀριστερῷ
3535 4036 3672 4109 ὤμῳ

2105 4133 2196 4187 τοῦ
2229 4133 2497 4186 διακόνου.
2533 4128 2663 4185 Εἶτα
2694 4130 2987 4200 ἀποτξοησι
3021 4130 3089 4182 τὰ
3152 4127 3488 4199 καλύμματα
3519 4131 3546 4181 ὁ
3595 4131 3672 4181 εε-

2107 4224 2235 4294 ρεὺς
2259 4223 2364 4276 ἀπὸ
2397 4221 2491 4276 τοῦ
2523 4220 2681 4289 ἁγίου
2705 4221 2890 4273 δίσκου
2913 4220 3004 4272 καὶ
3032 4217 3125 4270 τοῦ
3151 4217 3307 4284 ἁγίου
3378 4222 3672 4289 ποτηρίου,

2107 4316 2199 4369 τὸν
2237 4315 2295 4369 δὲ
2327 4316 2466 4385 ἀέρα
2493 4312 2672 4366 λαϐὼν
2700 4313 2809 4364 ἀπὸ
2824 4311 2932 4363 τῶν
2958 4310 3126 4380 ὤμων
3163 4311 3258 4361 τοῦ
3297 4311 3548 4363 διακόνου
3579 4314 3676 4366 καὶ

2107 4405 2384 4475 θυμιάσας
2445 4405 2606 4459 αὐτὸν
2656 4402 3017 4466 ὲπισκεπάζει
3057 4401 3126 4454 δι’
3167 4399 3334 4453 αὑτοῦ
3384 4404 3453 4453 τὰ
3517 4402 3671 4470 ἅγια.

2102 4496 2306 4552 (iners.

430 4592 571 4645 puro
591 4577 922 4636 Calvinismo
985 4591 1041 4638 et
1065 4583 1431 4640 Puritanismo
1470 4587 1706 4644 immane
1729 4604 1992 4660 quantum

2169 4586 2312 4641 Ibid.
2346 4585 2561 4656 [Aerem
2593 4584 2684 4640 hic
2731 4583 3021 4640 verberant
3063 4593 3118 4638 et
3147 4592 3338 4638 ventos
3365 4596 3676 4653 sequuntur

431 4670 714 4735 recedunt,
745 4672 836 4740 qui
881 4672 1192 4742 hujusmodi
1231 4675 1424 4744 capitis
1489 4677 1996 4746 impatientissimus

433 4771 534 4826 est,
566 4776 738 4828 neque
771 4761 1012 4834 unquam
1045 4765 1166 4832 ejus
1204 4765 1407 4836 absque
1433 4770 1583 4838 gravi
1637 4771 1997 4829 detestatione

436 4856 706 4914 meminit.
737 4853 847 4912 Nec
867 4856 1193 4926 Gregentius
1229 4861 1524 4930 quidquam
1567 4862 1634 4918 de
1667 4863 1770 4918 hoc
1801 4866 1999 4920 vicera-

433 4947 541 5014 pite
576 4946 773 5012 innuit,
793 4947 905 5001 imo
928 4945 1139 5002 [utilem
1164 4948 1303 5004 hanc
1324 4951 1733 5020 persuasionem
1761 4952 1998 5012 Meursio

433 5025 670 5091 eximere
699 5046 930 5106 poterat,
962 5037 1007 5090 si
1062 5039 1306 5093 animum
1369 5043 1448 5098 vel
1475 5043 1750 5112 paululum
1803 5049 2000 5099 adver-

434 5127 609 5183 tisset.
634 5125 770 5180 Nam
807 5129 1213 5194 ὺπεκκλησίονα
1236 5131 1312 5185 ait
1334 5147 1456 5196 eum
1493 5147 1613 5190 esse
1641 5135 1736 5203 qui
1797 5135 1997 5195 Roma—

437 5221 520 5274 nis
571 5227 795 5271 vocetur
863 5220 1118 5284 putricius
1189 5223 1556 5278 etcanicleon.
1621 5225 1754 5290 Quis
1811 5232 1994 5280 autem

437 5321 676 5374 unquam
708 5306 916 5361 audivit
949 5307 1262 5377 praefectum
1293 5311 1516 5368 caniclei
1553 5323 1648 5366 aut
1707 5315 1994 5383 patricium

435 5399 605 5452 luisse
635 5397 897 5458 vicarium
935 5402 1176 5467 supremi
1204 5401 1394 5470 capitis
1418 5401 1474 5456 in
1507 5403 1671 5458 rebus
1737 5403 2001 5468 ecclesia-

434 5490 609 5554 sticis,
637 5490 741 5544 hoc
764 5499 847 5546 est
868 5491 1250 5559 imperatoris?
1272 5491 1424 5548 Licet
1450 5494 1594 5547 enim
1627 5493 1796 5548 Graeci
1818 5503 2002 5564 poste.

435 5583 606 5636 riores
642 5588 700 5636 et
756 5582 1059 5649 aequiores,
1123 5592 1406 5650 postquam
1463 5597 1492 5636 a
1547 5582 1750 5639 visibili
1820 5599 1998 5655 eoque

437 5689 565 5728 vero
595 5675 776 5743 capite
812 5672 1068 5728 Ecclesiae
1119 5672 1488 5741 desciverunt,
1554 5676 1868 5747 imperatori
1899 5694 2002 5734 suo

437 5765 698 5820 honorem
721 5766 956 5834 supremi
987 5765 1177 5836 capitis
1199 5767 1511 5834 detulerint,
1530 5782 1804 5838 nunquam
1826 5778 2004 5824 tamen

399 5856 721 5930 patricium
750 5865 843 5912 aut
881 5859 1102 5916 caniclei
1131 5860 1413 5929 praesidem
1437 5859 1750 5935 imperatori
1778 5862 1832 5917 in
1873 5863 1995 5929 hoc,

2100 4691 2224 4732 cum
2253 4675 2511 4738 Meursio,
2543 4678 2633 4742 qui
2669 4676 2806 4744 ἀέρα
2851 4675 3125 4728 sudarium
3175 4675 3494 4743 liturgicum,
3535 4676 3675 4742 pilei

2105 4769 2379 4823 umbonem
2417 4767 2502 4822 vel
2537 4769 2735 4836 replum
2763 4767 3214 4833 interpretantur.
3247 4765 3484 4819 Sensum
3523 4782 3678 4821 asse-

2104 4873 2302 4932 quctur
2342 4863 2431 4932 qui
2461 4860 2765 4916 doctissimi
2793 4860 2977 4913 Allatii
3011 4867 3248 4912 mentem
3309 4869 3596 4928 sequetur,
3623 4871 3679 4915 et

2100 4969 2166 5008 ex
2194 4969 2280 5017 eo,
2329 4952 2462 5006 mihi
2524 4951 2778 5006 rescribit
2824 4950 2934 5013 ille,
2985 4948 3129 5018 quod
3193 4949 3430 5017 despone
3475 4964 3675 5004 nomen

2102 5051 2384 5096 exaratum
2423 5043 2584 5112 gerit,
2637 5041 2774 5111 ἀέρα
2833 5039 3074 5092 σκιαδίου
3134 5040 3422 5109 cingulum,
3477 5055 3670 5092 zonam

2105 5148 2200 5187 seu
2226 5134 2408 5187 uittam
2466 5131 2694 5185 frontem
2758 5130 3003 5198 proxime
3052 5129 3401 5192 ambientem,
3471 5130 3678 5184 referre

2105 5227 2378 5294 conjiciet.
2409 5225 2717 5286 Rationem,
2755 5221 2799 5276 si
2819 5221 3059 5275 arrisura
3093 5221 3165 5275 sit
3227 5222 3493 5278 incertus.
3550 5238 3680 5291 pro—

2103 5316 2295 5369 feram.
2329 5316 2434 5369 Aer
2459 5314 2766 5383 Iiturgicns,
2817 5315 2861 5365 si
2918 5311 3248 5365 Germanum
3307 5313 3675 5380 patriai-chain
3733 5383 3752 5385 Α

2104 5408 2386 5462 docentem
2418 5387 2630 5465 audias.
2667 5404 2845 5457 velum
2870 5403 3046 5471 majus
3080 5411 3164 5458 est
3183 5403 3356 5458 sacris
3403 5403 3564 5457 donis
3621 5405 3676 5458 in

2104 5498 2261 5550 altari
2297 5495 2695 5565 superpositus,
2733 5496 2966 5563 ejusque
3003 5495 3106 5548 alis
3167 5504 3220 5548 et
3279 5495 3516 5558 ambitu,
3570 5511 3676 5549 ceu

2106 5601 2231 5641 aere
2257 5587 2338 5640 vel
2361 5587 2562 5642 aethere
2611 5586 2761 5640 orbis
2815 5584 3063 5650 inferior,
3111 5586 3204 5641 illa
3247 5588 3677 5656 circumquaque

2103 5687 2395 5745 teguntur;
2434 5679 2660 5748 parique
2691 5678 2901 5733 ratione
2933 5676 3060 5746 pilci
3109 5693 3201 5730 aer
3255 5676 3533 5747 cingulum
3593 5686 3676 5732 est

2101 5769 2149 5826 ci
2170 5771 2637 5839 circumpositum,
2661 5769 2921 5840 gestantis
2941 5777 3106 5837 caput
3125 5777 3506 5822 coronatur-um
3529 5769 3676 5837 ejus-

2106 5877 2212 5931 que
2241 5877 2435 5918 nomen
2467 5877 2564 5932 per
2595 5861 2831 5918 universi
2866 5861 2999 5917 lines
3042 5861 3465 5930 circumquaque
3516 5851 3696 5930 spar-‘
