3936 6594
192 490 272 553 915

1265 498 1654 562 GRETSERI
1691 505 1788 565 ET
1830 507 2067 570 GOAHI
2109 510 2350 574 ΝΟΤᾹΞ.

3310 513 3416 575 216

194 618 382 670 surum;
421 605 670 674 quamvis
701 605 893 661 eadem
929 619 1062 662 voce
1095 607 1296 679 replum
1328 611 1460 666 illud
1508 612 1561 668 in
1634 615 1728 670 de-
1760 621 1804 676 Α
1835 618 2069 673 nondum
2093 621 2249 677 molis
2283 633 2486 688 lusum,
2527 623 2832 696 exindeque
2881 625 3059 681 serico
3100 624 3187 678 lilo
3211 640 3408 694 super-

198 705 336 766 spotc
394 698 530 766 pileo
594 699 843 753 anterius
897 699 1234 768 prominens,
1291 713 1450 771 prout
1475 704 1725 762 iconibus

189 788 683 844 «oiiciliib‘loretitini
725 799 844 845 acta
878 792 1136 846 nonnulla
1202 797 1723 862 repraesentantibus

189 894 237 931 ac
261 893 340 946 per
361 880 520 933 hocce
545 895 686 949 Opus
716 883 828 953 (ed.
857 881 1087 952 Lupar.)
1123 886 1328 954 sparsis
1366 901 1430 942 ex
1483 887 1724 957 antiquis

186 971 542 1038 exemplaribus
564 973 826 1044 pingitur,
845 974 1158 1030 addubitem
1184 977 1718 1049 signiﬁcari.Gosn.]

231 1079 366 1136 P.13
389 1083 984 1154 Χρυσοκλαόαρικόν.
1014 1083 1212 1142 Junius
1245 1096 1298 1141 et
1354 1087 1442 1143 hic
1495 1100 1546 1143 et
1598 1089 1726 1144 alibi

187 1173 348 1240 sapius
406 1173 516 1228 edit
589 1176 1090 1247 χρυσοκλαδάρικα,
1131 1187 1185 1232 et
1240 1195 1430 1233 aureas
1494 1180 1726 1251 virgulas

188 1265 684 1333 iuterpretatur.Sed
742 1268 905 1323 lectio
972 1277 1155 1326 nostra
1214 1279 1356 1323 recta
1411 1279 1529 1335 est;
1601 1286 1723 1325 nam

188 1355 673 1425 cbrysoclaoaricum
709 1358 852 1414 idem
885 1369 969 1416 est
999 1366 1142 1432 quod
1199 1363 1565 1433 chrysoclavus
1629 1381 1724 1420 seu

187 1448 580 1517 chrysoclavaue,
603 1464 704 1504 vox
730 1451 1023 1508 Anastasio
1061 1454 1484 1510 Bililiotbecario
1515 1456 1568 1510 in
1592 1473 1728 1525 pon-

189 1539 384 1594 tiﬁcibus
415 1542 575 1598 toties
610 1553 912 1612 usurpata;
949 1545 1033 1599 vel
1072 1546 1116 1600 si
1155 1561 1304 1601 mere
1333 1547 1582 1603 Latinam
1617 1550 1734 1604 dic-

190 1632 351 1685 tionem
404 1633 556 1696 velis,
619 1636 922 1691 auriclavus
985 1654 1085 1694 seu
1116 1629 1502 1696 auriclaualus.
1556 1641 1729 1699 Erant

189 1721 443 1777 rlariaurei
471 1725 526 1779 in
563 1727 804 1782 vestibus
833 1743 1112 1798 segmenta
1145 1733 1390 1802 quaedam
1414 1734 1470 1788 in
1500 1734 1731 1791 formant

189 1812 415 1870 clavorum
460 1815 657 1884 eﬂicta,
701 1831 930 1876 ornatus
972 1821 1143 1892 gratia
1201 1825 1447 1882 vestibus
1500 1826 1729 1897 adjecta.

187 1905 350 1963 Gtsrs.

237 1995 352 2052 Ibid.
383 1998 484 2072 [Sit
512 2001 654 2057 idem
693 2002 820 2059 licet
869 2007 1374 2078 χρυσοκλαϐαρικόν
1400 2011 1546 2080 quod
1573 2012 1726 2083 chry-

185 2094 384 2144 soclarus
406 2093 484 2146 vel
508 2093 969 2163 chrysoclavalus,
1001 2115 1105 2154 vox
1157 2100 1453 2157 Anastasio
1515 2102 1722 2161 Biblio-

185 2181 380 2238 thecario
403 2183 452 2237 in
487 2186 840 2254 pontiﬁcibus
899 2190 1178 2246 multoties
1237 2203 1540 2264 usurpata:
1597 2213 1720 2252 cum

185 2271 260 2324 alia
278 2281 433 2328 tamen
453 2290 603 2331 mere
627 2275 820 2332 Latina
850 2279 1090 2337 dictione
1115 2285 1421 2340 auriclavus
1439 2303 1532 2341 seu
1568 2291 1720 2342 auri-

183 2366 392 2429 clm-atus.
417 2383 551 2422 sono
584 2371 836 2439 quamvis
890 2374 1088 2439 vicina,
1153 2377 1354 2432 nullam
1407 2379 1461 2433 in
1524 2397 1720 2436 sensus

183 2454 461 2522 proprietate
492 2459 816 2514 societatem
853 2459 974 2517 init.
1018 2461 1351 2519 Erantenim
1393 2466 1532 2520 claui
1569 2469 1719 2522 aurei

182 2542 222 2595 in
251 2546 464 2599 vestibus
502 2559 784 2618 segmenta
803 2551 1054 2622 quaedam
1103 2552 1154 2607 in
1183 2552 1410 2610 formam
1438 2558 1716 2611 clavorum

179 2636 330 2706 edicta,
368 2653 591 2699 ornatus
624 2644 800 2713 gratia
836 2640 1080 2701 vestibus
1109 2649 1322 2718 adjecta
1350 2667 1364 2704 :
1395 2653 1715 2720 χρυσοκλα-

181 2726 361 2798 σιρεκάν
397 2748 523 2788 vero
551 2749 659 2788 non
692 2736 959 2790 clauatum
1011 2738 1170 2793 modo
1229 2743 1322 2795 sed
1374 2743 1611 2806 varium,
1662 2753 1718 2796 et

182 2822 490 2894 quodcunque
543 2842 684 2897 Opus
738 2837 821 2884 est
887 2829 988 2884 lilis
1023 2832 1204 2888 aureis
1236 2833 1554 2905 phrygionis
1599 2847 1716 2892 arte

183 2913 222 2967 in
272 2916 502 2987 subjecto
561 2923 740 2976 serico
790 2925 874 2977 vel
935 2938 1113 2992 panno
1177 2925 1357 2982 ductis
1403 2928 1712 2998 depictum;

181 3005 289 3060 unde
312 3009 655 3080 phrygionem
674 3014 1241 3086 χρυσοκλαϐαριστὴν,
1271 3019 1352 3073 vel
1372 3035 1496 3074 cum
1527 3020 1714 3075 Theo-

183 3098 320 3162 phane
387 3104 860 3174 χρυσοκλαὸἀριον
908 3107 1171 3179 (ἀνήφθη.
1197 3109 1392 3180 inquit,
1422 3112 1586 3180 μέρος
1617 3113 1710 3166 τοῦ

180 3189 434 3256 ipyrﬁoaiou
463 3195 574 3248 τῶν
600 3196 1111 3266 χρυσοκλαϐαρίων,
1148 3205 1500 3271 phrygionum
1541 3204 1712 3274 ofﬁci-

180 3297 239 3334 iue
263 3301 369 3350 pars
400 3287 671 3341 combusta
692 3290 790 3356 est)
819 3288 1095 3343 neoterica
1120 3288 1327 3346 Graecia
1359 3304 1538 3348 vocat.
1567 3293 1704 3348 Cor-
1731 3311 1776 3367 ο

181 3374 341 3428 rectius
363 3385 532 3432 tamen
560 3393 682 3432 cum
715 3377 899 3447 Regiis
926 3379 1088 3450 222
1139 3383 1374 3452 aliisque
1425 3385 1701 3440 nonnullis

179 3470 527 3537 exemplaribus
572 3474 1123 3545 χρυσοκλαδαριστήν
1170 3477 1396 3542 diceret,
1459 3476 1529 3532 ob
1574 3494 1705 3547 xpu-

181 3553 424 3623 aoxiitiou;
467 3563 582 3618 sive
611 3565 1142 3635 χρύσοχλαδαρικάς,
1177 3566 1378 3636 quibus
1406 3582 1542 3622 auro
1563 3567 1703 3623 ludit

179 3650 358 3716 ﬁguras,
378 3667 490 3721 qua:
519 3655 723 3722 ἱματίῳ
747 3667 974 3724 recepta:
996 3657 1219 3726 φύλλοις
1242 3658 1335 3711 καὶ
1360 3657 1574 3721 κλάδοις
1601 3675 1704 3712 πε-

143 3767 148 3771 -
180 3738 505 3807 ποικιλμένον.
543 3741 688 3807 foliis
720 3751 769 3797 et
805 3745 1135 3800 ramunculis
1166 3747 1370 3800 varium
1416 3742 1706 3803 redduntet

181 3825 459 3885 distinctum.
499 3830 691 3896 Ῥίξας
713 3833 785 3886 ob
820 3834 1053 3903 implexa
1083 3851 1148 3890 ac
1177 3851 1278 3890 acu
1302 3837 1520 3893 ludente
1544 3839 1709 3894 variis

181 3920 447 3975 tramitibus
467 3921 630 3978 ducta
660 3924 891 3979 ramalia
924 3927 1126 3981 scribet
1169 3943 1432 3984 numerus
1469 3943 1708 4000 sequens

182 4008 353 4063 tertius.
395 4008 529 4077 Quot
544 4013 692 4067 enim
715 4015 877 4067 ramis
895 4015 1092 4076 aureis,
1113 4031 1218 4086 qua
1242 4017 1406 4072 rectis
1457 4033 1562 4086 qua
1582 4033 1712 4074 con-

183 4099 416 4165 tortis,bic
433 4104 826 4161 discriminatis
853 4119 907 4160 et
937 4107 1145 4173 divisis,
1166 4107 1238 4162 ibi
1261 4108 1425 4164 simul
1446 4110 1711 4178 collectis,

184 4207 299 4246 nunc
325 4196 716 4264 enascentibus,
751 4195 882 4251 alibi
933 4199 1196 4254 truncatis
1230 4201 1313 4254 vel
1337 4200 1581 4272 jucunde
1623 4203 1715 4255 de-

185 4282 459 4351 sinentibus,
490 4289 667 4358 pingit
696 4305 758 4344 ac
795 4289 968 4344 variat
1025 4290 1350 4344 materiam?
1379 4289 1478 4346 Hic
1531 4302 1714 4346 autem

189 4388 272 4428 non
298 4378 472 4445 clavos,
506 4382 600 4434 sed
635 4381 980 4436 characteres
1002 4396 1218 4446 aureos,
1251 4382 1490 4452 gerentis
1516 4397 1714 4436 nomen

186 4471 522 4534 exprimentes.
559 4473 611 4526 itt
669 4474 776 4526 ima
803 4474 924 4542 pilci
965 4490 1082 4540 ora,
1115 4475 1161 4530 si
1221 4475 1387 4538 lubet,
1435 4473 1720 4545 adnotabis

189 4573 412 4620 exaratos.
453 4565 650 4638 Go.\n.]

1831 710 2137 767 inductum.
2178 714 2553 784 Συρματέῖνον
2585 715 2770 785 itaque
2816 732 2955 787 opus
3014 725 3100 771 est
3157 731 3292 771 auro
3355 715 3410 770 in

1831 801 1919 856 llla
1951 803 2122 858 solida
2161 805 2323 860 ducto
2375 807 2746 878 compositum
2803 809 2886 864 vel
2959 809 3185 874 pictum,
3249 810 3412 880 quale

1827 893 2062 962 (Ιοιεροιω
2083 910 2277 951 nomen
2333 898 2386 951 in
2407 898 2522 966 ejus
2546 899 2688 968 pileo
2721 900 3072 971 phrygionica
3097 916 3256 956 manu
3281 903 3416 956 deli-

1827 993 2037 1040 neatnr.
2063 985 2264 1060 Gustu]
2786 1001 2800 1012 ‘

1902 1074 2040 1132 Ibid.
2065 1079 2296 1134 Τασεῖα.
2319 1080 2394 1134 lla
2415 1079 2538 1150 legit
2558 1079 2775 1146 Junius,
2798 1092 2849 1135 et
2869 1083 3063 1148 apicem
3091 1080 3417 1150 interpreta-

1831 1177 1942 1233 tur,
1979 1185 2089 1239 quo
2119 1173 2338 1226 nomine
2364 1172 2618 1244 intelligit
2641 1176 2961 1242 superiorem
2983 1174 3156 1228 sciadi
3177 1182 3410 1242 partem,

1831 1260 1886 1313 in
1951 1277 2140 1336 conum
2191 1277 2550 1332 assurgentem
2636 1266 3023 1336 fastigialam:
3086 1265 3416 1334 dedttcitque
3453 1265 3476 1284 ‘

1832 1334 2081 1407 voculaut
2121 1357 2329 1421 caesia,
2367 1357 2517 1424 παρὰ
2551 1357 2612 1409 τὸ
2631 1358 2845 1422 τείνειν,
2876 1375 2906 1410 a
2930 1356 3209 1410 tendendo.
3247 1355 3304 1409 In
3337 1356 3416 1408 al-

1832 1453 1947 1500 tero
1971 1446 2160 1501 codice
2202 1447 2462 1502 Bavarico
2489 1448 3020 1518 legitiirtlisjnnetim
3055 1449 3122 1500 τὰ
3149 1449 3290 1511 asia,
3358 1445 3412 1499 iu

1835 1545 2028 1589 neutro
2057 1552 2254 1606 genere
2283 1554 2296 1592 :
2322 1539 2461 1593 etita
2495 1539 2782 1610 legendum
2814 1549 2943 1608 puto
2967 1541 3017 1594 l.
3047 1538 3173 1608 quia
3217 1537 3413 1593 subdi-

1833 1637 1922 1682 tur
1945 1629 1996 1683 in
2031 1641 2225 1685 neutro
2253 1646 2450 1700 genere
2479 1634 2543 1686 tit
2569 1635 2686 1686 asia.
2716 1627 2802 1686 eia
2831 1634 2923 1685 καὶ
2947 1632 3010 1684 tit
3037 1631 3292 1702 βασιλικά
3321 1645 3334 1683 :
3359 1636 3415 1684 et

1836 1720 1975 1776 infra
2005 1739 2020 1780 :
2060 1723 2120 1776 '0
2157 1723 2266 1792 ἀὴρ
2289 1725 2382 1777 καὶ
2410 1726 2477 1777 τὰ
2518 1727 2656 1790 asia,
2690 1720 2778 1779 eia
2807 1725 2902 1777 καὶ
2925 1725 2993 1777 τὰ
3014 1724 3109 1777 τοῦ
3124 1721 3409 1777 δεσπότου.

1836 1814 2066 1884 Signum
2107 1831 2237 1885 ergo
2269 1826 2351 1872 est
2399 1826 2452 1870 et
2487 1817 2536 1871 id
2580 1818 2724 1888 quod
2777 1816 3072 1882 antecedit,
3124 1828 3320 1884 nempe
3347 1813 3414 1866 τὰ

1837 1910 1976 1970 σεῖα.
2009 1907 2259 1962 neutrius
2300 1909 2515 1979 generis
2541 1923 2683 1964 esse.
2730 1910 2784 1963 2.
2819 1907 2957 1974 Quia
2982 1907 3051 1960 τὰ
3094 1909 3214 1960 asia
3261 1903 3424 1959 Junii

1831 2014 1858 2052 a
1891 1998 2053 2052 τείνω
2086 2015 2184 2068 pro
2239 2001 2561 2056 extensione
2613 2016 2814 2072 genere
2874 1998 3140 2054 letninino
3188 2012 3414 2070 prorsus

1826 2091 2011 2160 ignota
2042 2099 2096 2145 et
2131 2091 2390 2147 inusitata
2420 2101 2522 2148 est.
2555 2092 2694 2158 Quid
2727 2093 2798 2149 sit
2833 2093 3014 2158 τάσις,
3071 2104 3264 2146 omnes
3311 2106 3408 2145 no-

1827 2193 1955 2235 runt
1992 2181 2156 2252 :quld
2178 2185 2388 2246 τασεῐα,
2419 2199 2514 2253 per
2547 2182 2772 2238 Junium
2799 2198 2958 2238 nemo
2980 2184 3166 2251 novit;
3189 2182 3409 2237 tametsi

1823 2271 2056 2339 ingenue
2088 2270 2263 2326 fateor
2299 2287 2385 2327 me
2439 2284 2782 2342 compertum
2843 2288 2950 2327 non
3013 2273 3216 2328 habere
3273 2272 3420 2342 quid

1821 2363 1891 2416 τὰ
1917 2364 2038 2415 asia
2059 2363 2382 2431 signillcent.
2421 2363 2694 2429 Quocirca
2753 2364 2806 2417 in
2857 2365 3112 2418 versione
3165 2362 3408 2418 Graecam

1819 2454 2118 2508 dictionem
2147 2455 2374 2521 retinui,”
2402 2455 2576 2512 donec
2609 2456 2710 2510 viri
2767 2455 2915 2511 docti
2975 2456 3059 2510 vel
3089 2471 3273 2510 veram
3333 2456 3411 2509 si-

1818 2544 2186 2615 gniﬂcantiam
2218 2555 2417 2602 eruant
2474 2547 2556 2604 vel
2595 2547 2808 2603 Coditto
2883 2562 3066 2602 veram
3111 2547 3406 2602 lectionem

1819 2633 2134 2688 restituant.
2169 2633 2375 2690 (ἴητε.

1893 2722 2038 2779 Ibid.
2071 2724 2458 2796 [Promerebor
2489 2728 2621 2784 mihi
2650 2729 2968 2790 Gretserum
2991 2735 3172 2792 Allatii
3201 2751 3420 2800 comes,
3477 2733 3492 2750 "

1823 2824 1878 2870 et
1908 2831 2094 2875 veram
2127 2817 2235 2870 τῶν
2301 2817 2462 2873 σείων
2519 2821 2946 2891 signilicantiam
3002 2842 3213 2883 eruam.
3275 2829 3408 2892 2:13

1816 2919 1945 2964 sunt
1973 2909 2120 2980 longi
2159 2911 2322 2968 unius
2363 2911 2476 2969 fere
2507 2916 2673 2985 palmi
2707 2923 3130 2991 margaritarum
3163 2929 3401 2987 tractus,

1813 3001 1962 3056 circa
1995 3002 2236 3072 despotte
2267 3018 2427 3061 aures
2464 3021 2494 3060 e
2522 3007 2666 3077 pileo
2739 3012 2983 3079 penduli.
3041 3013 3134 3068 Sic
3200 3013 3314 3068 lora
3375 3029 3406 3067 e

1815 3091 2138 3161 pontificum
2198 3095 2398 3160 mitris,
2438 3095 2598 3154 funes
2655 3101 2926 3157 reticulati
2963 3119 2994 3158 e
3038 3103 3402 3158 cardinalium

1814 3185 1995 3254 pileis,
2055 3186 2282 3243 inaures
2305 3189 2438 3258 ipsa;
2493 3205 2559 3245 ex
2614 3192 2840 3247 auribus
2898 3195 3194 3262 pendentes
3257 3196 3402 3256 σεῖα.

1811 3285 1964 3341 sunt,
1998 3277 2240 3344 mobilia,
2273 3281 2500 3336 tremula
2535 3282 2867 3354 pendulaque
2917 3295 3247 3351 ornamenta,
3295 3285 3402 3338 ἀπὸ
3449 3315 3454 3318 -

1808 3368 1904 3422 τοῦ
1937 3369 2125 3426 σείειν.
2157 3370 2355 3426 Eadem
2389 3373 2441 3426 in
2470 3374 2797 3442 patriarcha:
2849 3375 2992 3445 pileo
3023 3375 3401 3445 Turcograscia

1813 3471 2094 3530 nuncupat
2133 3463 2620 3534 καμηλαυκύλαόα,
2649 3466 2772 3534 pilei
2797 3467 3074 3520 manubria
3111 3471 3187 3520 vel
3217 3483 3396 3520 ansas.
3459 3517 3465 3524 .

1809 3552 2010 3626 Cosa]

1879 3646 1965 3700 Ib.
2001 3645 2218 3717 Κόμόος
2267 3659 2352 3703 est.
2407 3651 2596 3706 nodus.
2645 3650 3018 3722 Composittnn
3074 3651 3400 3722 ἑπικόμόια,

1810 3738 1879 3794 de
1909 3755 2015 3808 quo
2053 3739 2212 3805 intra,
2267 3752 2399 3798 sunt
2435 3752 2713 3814 segmenta
2746 3745 2932 3815 panni,
2959 3745 3160 3815 quibus
3198 3746 3402 3801 involvi

1810 3827 1987 3883 solent
2012 3831 2219 3882 nummi
2243 3831 2860 3902 aurei,argentei,a'rei,
2885 3851 3006 3905 qua:
3027 3835 3188 3889 etiam
3207 3827 3368 3904 isne.
3385 3855 3403 3889 ι

1811 3919 2179 3988 appellantur.
2207 3919 2724 3992 ΙΙῙΙιοκομσολΰτης,
2760 3923 3202 3996 βαλαντιοτὸμος.
3233 3926 3404 3980 Usur“

1814 4020 1975 4082 patur
2029 4028 2248 4084 quoque
2265 4013 2483 4081 κόμπος
2511 4028 2606 4083 pro
2639 4015 2865 4084 κὸμὸος.
2890 4017 3150 4081 Quamvis
3189 4018 3402 4086 κόμπος

1816 4100 2092 4157 interdum
2117 4103 2259 4157 idem
2284 4113 2364 4158 est
2397 4105 2544 4176 quod
2567 4107 2892 4160 commodus.
2928 4106 3228 4162 Mauricius
3258 4107 3400 4175 apud

1817 4195 2107 4265 Rigaltiutn
2136 4213 2150 4250 :
2174 4194 2356 4248 Καλὸν
2372 4197 2427 4249 δέ
2446 4197 2562 4250 ἐστι
2577 4197 2738 4268 223
2757 4199 2947 4263 τέντας
2967 4198 3110 4253 κατὰ
3133 4201 3193 4252 τὸ
3214 4201 3412 4269 σχῆμα.

1815 4287 1926 4340 τῶν
1969 4284 2222 4357 Ἀϐάρων
2256 4287 2289 4358 ἢ
2323 4285 2588 4359 Τούρκων
2644 4289 2928 4358 γενέσθαι,
2985 4291 3069 4345 ὅτι
3125 4291 3217 4346 καὶ
3262 4309 3400 4360 κομ-

1821 4379 1918 4444 eral.
1983 4379 2079 4430 καὶ
2130 4377 2412 4448 χρειώδεις
2449 4379 2610 4435 εἰσίν.
2648 4379 2855 4438 GnETs.

1896 4467 2198 4541 Ιὺὶιι.[Τοῦ
2253 4471 2498 4538 κόμόου.
2536 4471 2656 4531 Non
2720 4474 3020 4542 quemlibet
3074 4477 3289 4540 nodum,
3322 4475 3402 4530 vel

1824 4573 1944 4615 eum
1974 4561 2176 4626 solum,
2214 4577 2314 4615 vox
2353 4562 2559 4632 κόμσος
2592 4568 2760 4619 menti
2796 4567 3008 4635 objicit.
3032 4565 3134 4620 Hic
3157 4583 3284 4621 vero
3310 4583 3403 4622 so-

241 4653 359 4707 lbid.
407 4641 784 4728 ὲυρματέῖνον
831 4657 1184 4724 ﬁmbriarum,
1231 4674 1261 4713 a
1293 4667 1573 4730 syrmate;
1609 4673 1720 4728 quo
1750 4651 1930 4716 [)lius
1995 4655 2362 4722 imperatoriae
2429 4671 2645 4712 corona:
2700 4674 3009 4728 gemmeum
3061 4661 3264 4730 apicem
3314 4662 3417 4716 vel

190 4747 364 4799 nomine
389 4750 622 4819 intelligo
682 4751 936 4820 utrinque
998 4749 1356 4819 dependentia
1391 4766 1456 4804 ex
1503 4750 1710 4806 sciadio

191 4847 259 4886 seu
284 4837 403 4904 pileo
433 4840 591 4907 quasi
629 4840 856 4894 reticulo
920 4856 1014 4896 seu
1078 4840 1387 4908 funiculus;
1441 4856 1602 4910 quos,
1665 4842 1740 4897 si-

192 4924 322 4992 hibet,
341 4932 505 4986 oculis
536 4932 812 5002 inspicere
847 4933 1124 5002 poterisin
1159 4934 1336 4988 tribus
1385 4933 1714 5002 imaginibus

192 5015 554 5084 imprralorutn,
587 5038 710 5092 qua:
742 5021 992 5076 visuntur
1023 5024 1178 5077 initio
1235 5021 1529 5092 Nicephori
1577 5021 1708 5078 Grc.

193 5122 302 5175 gone
330 5128 386 5166 ex
426 5116 663 5168 editione
689 5113 987 5169 B.isileettsi
1044 5114 1202 5169 1562.
1260 5113 1376 5169 Non
1444 5114 1717 5170 absimilis

192 5209 254 5252 est
279 5202 478 5274 eﬂigies,
511 5223 677 5277 quam
699 5206 856 5260 nobis
882 5205 1308 5261 Turco-Grtecia
1339 5213 1712 5276 repraesentat.

192 5291 682 5368 Χρυποκλαϐςιρικόν,
716 5298 1102 5368 συρματέῖνον,
1136 5307 1195 5352 ut
1236 5313 1346 5352 non
1403 5297 1717 5354 referantur

193 5399 288 5437 eum
313 5386 463 5444 Juniu
491 5392 555 5444 ad
583 5389 835 5445 voculam
864 5389 1131 5460 ὀνόματα,
1151 5390 1243 5444 sed
1274 5391 1340 5445 ad
1361 5390 1538 5460 ipsum
1574 5390 1719 5446 scia-

191 5476 308 5532 dion.
357 5481 551 5538 (iners.

247 5566 362 5624 Ibid.
396 5566 608 5646 [Sdppa
636 5573 713 5630 nil
755 5571 944 5628 minus.
967 5586 1131 5642 quam
1185 5572 1314 5643 pilai
1351 5571 1575 5626 reticulo
1624 5587 1720 5628 seu

197 5654 411 5717 (uniculas
463 5663 652 5728 refert,
684 5673 743 5717 ut
802 5663 870 5716 ab
913 5677 979 5717 eo
1038 5663 1214 5732 pileus
1279 5662 1395 5732 ipse
1460 5671 1722 5719 noscatur

195 5745 443 5808 ﬁmbriatus
477 5771 496 5809 :
551 5757 761 5809 rectius
781 5769 906 5808 cum
933 5753 1142 5810 Graecia
1166 5754 1430 5808 hodierna
1452 5755 1724 5823 interpre-

197 5843 356 5897 laberis
371 5863 552 5901 aurum
584 5845 806 5910 ductile,
838 5860 1048 5908 aurum,
1077 5844 1326 5914 inquam,
1347 5845 1402 5898 in
1434 5845 1524 5910 ﬁla
1551 5843 1724 5898 solida

196 5935 404 6004 tractum,
432 5953 491 5990 or
534 5938 683 6001 trait,
731 5936 792 6006 ﬁl
828 5936 960 5989 d’or.
1016 5935 1259 5990 Solidum
1315 5933 1422 5992 dixi
1452 5974 1464 6000 ,
1498 5935 1597 5993 hoc
1647 5944 1727 5992 cst

1813 4745 2146 4801 eminentem
2174 4745 2227 4799 in
2283 4761 2346 4800 ea
2400 4746 2698 4817 globulum,
2750 4765 2862 4818 quo
2933 4751 3174 4820 despota:
3227 4752 3403 4823 pileus

1813 4853 1923 4892 non
1961 4837 2274 4906 insignitur,
2314 4837 2499 4893 refert.
2526 4838 2725 4910 Gustu]

1887 4927 2029 4982 Ibid.
2057 4927 2188 4984 Illud
2222 4930 2362 4998 πλὴν
2393 4931 2501 4983 τῶν
2531 4934 2792 4999 φοινίκων
2814 4947 2912 4987 seu
2936 4932 3220 5001 φοινικῐων
3241 4933 3402 4988 vertit

1815 5017 2013 5073 Junius
2036 5020 2267 5089 exceptis
2299 5021 2495 5082 ueniit.
2521 5031 2575 5075 et
2607 5021 2658 5074 in
2680 5020 2906 5077 scholiis
2933 5023 3218 5092 explicans
3247 5023 3398 5092 quid

1817 5110 1928 5165 sint
1949 5109 2143 5172 tmniee,
2175 5111 2251 5164 ait
2277 5125 2401 5166 eSSe
2432 5113 2591 5165 vittas
2628 5111 2897 5183 oblongas,
2939 5114 3126 5184 quibus
3146 5123 3402 5182 tanquam

1819 5205 1945 5258 loris
1969 5216 2146 5273 partes
2171 5204 2336 5272 apicis
2376 5207 2674 5259 commissa:
2703 5216 2752 5259 et
2783 5219 2986 5261 suturis
3013 5209 3228 5260 oblecta:
3249 5217 3399 5263 sunt.

1819 5293 1930 5362 Ego
1951 5303 2003 5348 et
2041 5295 2129 5348 hic
2163 5305 2216 5348 et
2250 5293 2390 5348 infra
2422 5297 2567 5351 malo
2595 5297 2878 5365 palmulis.
2927 5298 3080 5366 Apud
3143 5295 3401 5368 Capitoli-

1820 5402 1949 5440 num
1981 5386 2035 5439 in
2070 5383 2360 5440 Gordianis
2384 5397 2468 5442 cst
2494 5387 2732 5453 palmata
2768 5389 2952 5442 tunica
2976 5398 3024 5443 et
3063 5400 3185 5458 toga
3236 5390 3400 5459 picta.

1820 5477 2022 5533 (iners.

1897 5566 2038 5623 Ibid.
2072 5566 2355 5639 [Fructus,
2388 5585 2492 5622 non
2519 5569 2643 5626 folia
2667 5569 2985 5637 palmarum,
3006 5571 3059 5625 in
3088 5570 3186 5625 hac
3208 5569 3393 5624 dictio-

1827 5674 1897 5714 ne
1929 5660 2169 5729 legendi.
2215 5660 2473 5732 Dactylos
2531 5661 2794 5716 hodierna
2834 5661 3041 5718 Graecia
3065 5669 3221 5715 vocat
3284 5676 3398 5728 φοι-

1826 5751 2005 5805 leta:
2030 5753 2104 5808 illi
2132 5768 2262 5808 vero
2296 5754 2351 5808 in
2377 5769 2492 5808 uvae
2520 5769 2748 5821 morem,
2770 5755 2956 5824 granis
2981 5764 3159 5808 tamen
3181 5752 3402 5822 longius

1827 5841 2045 5897 dissitis
2071 5859 2132 5897 ac
2165 5859 2320 5913 mage
2373 5842 2650 5912 pendulis,
2684 5859 2714 5899 e
2776 5845 2954 5898 trunci
3024 5841 3252 5907 vertice,
3293 5857 3406 5910 qua

1830 5934 1967 5991 rami
1999 5945 2320 6002 nascuntur,
2361 5935 2613 6001 pendent.
2637 5936 2718 5992 Ab
2753 5935 2966 5992 arboris
2994 5933 3060 5989 ad
3107 5933 3397 6002 imperatae
