3936 6592
506 449 613 514 217

1576 456 1658 516 ΙΝ
1701 457 2013 522 LIBRUM
2064 464 2162 523 DE
2226 463 2558 549 OFFlCllS
2591 467 2706 532 (ΣΡ.
2787 413 2804 431 ³

3638 471 3737 537 248

514 574 588 625 ris
616 569 872 622 verticem
933 565 1213 622 translatis
1269 567 1444 623 oculis
1466 579 1672 624 sertum
1737 586 2072 643 gemmeum,

2183 593 2268 640 to;
2316 577 2633 647 περιείλησε
2664 577 2754 632 τὸν
2780 578 2962 647 λύγον.
2990 577 3160 650 Cujus
3179 580 3283 636 alia
3313 581 3477 638 lectio
3504 583 3639 640 inter
3662 605 3739 642 va-

506 658 706 716 cassidi
732 657 813 712 vel
837 655 958 726 ejus
986 657 1261 712 stemmati
1289 657 1557 724 eminens,
1589 660 1668 716 vel
1721 663 1787 716 ad
1829 665 2074 720 dextram

506 766 692 805 aurem
716 749 994 803 volitantis
1018 749 1189 803 instar
1247 751 1450 820 pluma:
1507 751 1764 818 allixum,
1825 755 2079 821 φοίνικας

503 842 585 897 vel
620 842 864 911 φοινίκια
892 842 1175 906 vocitabis,
1199 845 1354 912 quasi
1404 859 1681 910 gemmeos
1739 846 1935 914 capitis
1980 848 2076 908 vel

499 949 718 989 coronae
771 935 980 990 botros.
1040 932 1138 994 Ita.
1169 935 1362 990 scribit
1400 934 1670 1004 Georgius
1693 933 1952 990 Coresius
1984 937 2074 991 :id

502 1035 774 1080 testantur
807 1027 1033 1095 antiqua
1080 1024 1396 1080 Graecorum
1433 1026 1826 1096 imperatorum
1859 1027 2074 1082 numis-

505 1127 668 1170 inata.
697 1115 896 1188 Ceam]

445 1243 468 1261 .-
571 1209 711 1264 Ibid.
745 1206 971 1281 ἰὀὖχον
992 1210 1084 1264 τοῦ
1110 1211 1370 1266 δεσπότου
1404 1211 1519 1264 sive
1545 1208 1765 1280 ρουχίον
1787 1219 1872 1265 est
1899 1210 2070 1280 ipsis-

499 1302 637 1355 sima
670 1303 1066 1358 Germanorum
1102 1305 1294 1358 vocula
1334 1302 1476 1358 rock.
1527 1299 1743 1357 Nicetas
1777 1302 1831 1356 in
1853 1304 2069 1357 Andro-

498 1410 620 1448 n.co
648 1394 689 1449 l.
725 1410 800 1450 ll:
831 1395 1110 1465 Φοροῦντα
1143 1397 1339 1466 ροῠχον
1371 1399 1592 1466 σχιστὸν
1643 1394 1807 1464 μέχρι
1837 1395 1931 1448 καὶ
1959 1395 2068 1448 τῶν

495 1487 760 1554 γονάτων.
789 1487 1082 1558 llelgaldus
1106 1487 1159 1540 in
1186 1487 1292 1540 vita
1322 1487 1464 1554 regis
1497 1485 1744 1555 Roberti:
1773 1483 1985 1539 Exuens
2013 1499 2069 1539 se

495 1583 797 1636 vestimento
853 1597 1135 1648 purpureo,
1193 1579 1330 1649 quod
1391 1580 1568 1648 lingua
1613 1577 1814 1632 rustica
1870 1577 2066 1631 dicitur

2187 666 2298 722 rias
2333 667 2528 726 scribit
2551 667 2630 738 τῷ
2657 669 2758 737 μὲν
2783 671 3086 741 ταμπαρίῳ
3131 671 3228 725 τοῦ
3257 678 3511 742 σώματος
3548 680 3739 746 «spui-

2182 755 2315 818 λησε
2339 758 2431 812 τὸν
2449 758 2636 827 λύγον.
2661 760 2729 816 Ut
2752 772 3031 830 gereretur
3049 763 3131 816 vel
3155 778 3352 833 corpus
3375 765 3740 830 ambiret,bze
3773 773 3778 778 ’

2180 847 2283 901 alia
2305 849 2590 918 scriptoris
2619 849 2864 917 ejusdem
2895 851 3056 906 verba
3085 853 3364 907 declarant
3387 855 3423 908 l.
3460 870 3519 908 ιιι
3545 873 3559 910 :
3597 856 3736 909 Κλα-

2183 937 2326 1005 μύδα
2351 939 2666 1010 ᾐσθημένος
2695 941 3056 1011 ἀστειοτὲραν
3115 942 3246 1010 περὶ
3274 942 3365 996 τδν
3392 943 3569 1010 δεξιὸν
3586 939 3731 1015 ὦμον

2179 1031 2734 1101 περονουμένην,καὶ
2771 1034 3034 1099 ἀφιεῖσαν
3091 1033 3392 1104 ἐλευθέραν
3439 1037 3536 1102 τὴν
3585 1041 3738 1108 χεῖρα

2177 1117 2318 1169 κατὰ
2341 1117 2402 1170 τὸ
2429 1119 2720 1190 πόρπημα.
2749 1120 2848 1176 Ubi
2883 1137 3014 1177 vero
3035 1124 3348 1194 ταμπαριου
3382 1124 3500 1179 vice
3527 1129 3738 1180 ταππά-

2175 1225 2291 1277 ριον
2314 1209 2396 1263 vel
2425 1212 2725 1282 ταὸϐἀριον
2749 1213 3038 1284 legendum
3069 1223 3230 1284 putat
3275 1213 3541 1272 Meursius
3595 1219 3739 1274 nullo

2175 1308 2422 1363 auctore,
2463 1310 2716 1371 nugatur.
2744 1301 2943 1375 Gesn]

2241 1389 2437 1445 Junius
2499 1380 2551 1446 in
2612 1394 2823 1450 Codino
2887 1395 3176 1454 confundit
3225 1403 3545 1470 margaritas
3617 1417 3736 1458 eum

2171 1483 2459 1552 margellis,
2497 1493 2551 1539 et
2576 1485 2626 1539 id
2660 1489 2803 1556 quod
2831 1504 2899 1543 ex
2947 1491 3222 1561 margellis
3242 1501 3477 1556 constat,
3505 1508 3628 1548 cum
3653 1495 3738 1548 illo

2168 1572 2310 1642 quod
2331 1586 2546 1630 constat
2570 1591 2632 1631 ex
2656 1579 2987 1646 margaritis,
3013 1595 3137 1636 cum
3168 1589 3350 1636 tamen
3378 1583 3519 1637 haud
3541 1587 3732 1652 exiguo

496 1689 668 1728 rocus.
705 1673 844 1737 Hinc
870 1680 1032 1729 etiam
1068 1674 1337 1727 rochetum
1374 1687 1476 1725 vox
1512 1676 1716 1740 saepius
1768 1671 1932 1726 obvia
2006 1670 2062 1725 in
2168 1663 2482 1721 discriminc
2515 1667 2738 1722 distent.
2779 1669 2914 1724 Nam
2944 1673 3201 1742 margella
3243 1673 3515 1742 signiﬁcat
3573 1675 3623 1741 l)
3646 1692 3733 1728 co-

496 1765 651 1820 libris
685 1765 1000 1830 ritualibus,
1053 1765 1358 1831 praesertim
1396 1763 1681 1817 Romanis.
1732 1761 1862 1815 Inde
1895 1761 2063 1816 etiam
2167 1757 2381 1810 ralliutn
2412 1757 2743 1829 lapidem,2)
2769 1762 2956 1816 ﬂorem
2988 1778 3083 1817 seu
3115 1763 3334 1818 herbam
3355 1765 3732 1833 auagallidem-

495 1858 817 1925 ῥουχαρεῖον
846 1857 1176 1921 vulturium,
1209 1871 1309 1909 νοχ
1345 1864 1533 1910 nostro
1587 1868 1808 1924 quoque
1853 1853 2064 1908 codino
2166 1862 2285 1914 qua:
2313 1848 2506 1904 rubore
2528 1851 2809 1906 corallium
2843 1855 3123 1917 mentitur,
3170 1853 3377 1909 Gallice
3442 1855 3739 1926 moi-gellius

497 1958 776 2018 usurpata.
808 1947 1012 2003 Gners.

575 2040 719 2094 Ibid.
751 2040 1022 2113 [Despotaa
1079 2041 1274 2112 ροῦχον
1313 2039 1628 2112 bnjusmodi
1666 2039 1783 2095 sive
1819 2040 2064 2106 ἱμάτιον,

496 2135 540 2188 si
573 2134 926 2203 imperatorio
951 2151 1056 2188 non
1081 2135 1347 2190 absimilis
1375 2146 1459 2189 est
1497 2133 1706 2198 formae,
1743 2132 1948 2196 σάκκος
2010 2133 2065 2186 in

496 2229 766 2284 secuturis
793 2225 1028 2293 dicetur,
1069 2228 1247 2280 tunica
1274 2228 1531 2281 nimirum
1564 2241 1595 2280 e
1647 2226 1836 2280 villoso
1892 2225 2069 2280 serico

497 2315 659 2369 nullis
677 2315 834 2384 plicis
861 2315 1179 2384 conspicua,
1217 2315 1310 2370 sed
1340 2318 1490 2372 circa
1516 2324 1708 2385 pectus
1736 2323 1791 2369 et
1852 2313 2070 2369 lumbos

495 2406 762 2472 strictior,
797 2407 963 2476 paulo
1002 2407 1161 2462 latior
1192 2408 1335 2462 circa
1391 2407 1576 2478 pedes,
1641 2414 1811 2462 totum
1872 2421 2072 2475 corpus

496 2497 761 2552 ambiens.
784 2497 852 2553 Ut
873 2499 1040 2562 illam,
1061 2499 1216 2554 clade
1249 2500 1300 2553 in
1329 2499 1468 2554 bello
1493 2507 1738 2567 accepta,
1769 2497 1944 2552 tristis
1966 2514 1993 2550 a
2013 2511 2073 2552 se

495 2587 754 2656 ahjecerit
770 2587 1010 2644 Joannes
1037 2590 1260 2658 despota
1282 2589 1558 2644 Michaelis
1572 2588 1856 2658 Palaeologi
1884 2588 2071 2654 frater,

495 2689 680 2732 narrat
719 2679 992 2748 Gregoras
1023 2696 1052 2733 v
1087 2683 1183 2737 ult.
1214 2681 1414 2752 Cosm]

568 2770 655 2825 Ib.
703 2770 888 2836 Ῥίςας
910 2781 967 2827 et
987 2775 1435 2843 στρατηλατίκια,
1466 2774 1852 2840 interpretatur
1879 2772 2077 2828 Junius

500 2864 721 2938 lacinias
746 2873 804 2918 et
827 2865 1108 2928 lemniscos
1135 2865 1411 2920 militares.
1439 2865 1640 2920 Gens.

575 2951 718 3008 Ibid.
740 2953 988 3026 [Regiam
1016 2957 1430 3029 Sandionysiaci
1449 2959 1718 3013 abbatiam
1735 2974 1802 3014 eo
1825 2961 1936 3032 line
1954 2972 2078 3028 pro-

498 3043 674 3114 fectus
705 3055 764 3100 ut
792 3045 1057 3102 Manueli's
1085 3049 1436 3116 imperatoris
1469 3048 1698 3104 llelenes
1759 3051 2075 3119 imperatrio

499 3137 603 3196 cis.
632 3134 866 3193 Joannis
921 3139 1135 3208 imperii
1194 3141 1434 3208 collegae,
1495 3139 1764 3195 Theodori
1813 3141 2073 3210 despotze,

498 3229 795 3284 Andronici
826 3229 1257 3284 αὐθεντοπούλου
1292 3230 1717 3303 Palzeologorum
1753 3246 1820 3288 eo
1883 3247 1964 3286 ms
2013 3231 2074 3286 S.

499 3318 740 3390 Dionysii
776 3337 1026 3391 operum,
1052 3309 1195 3392 quod
1233 3323 1448 3378 Manuel
1477 3325 1772 3394 praedictus
1796 3331 2072 3378 coaetaneo

502 3411 606 3464 sibi
631 3411 1109 3468 Christianissimo
1154 3413 1489 3470 Francorum
1553 3415 1663 3484 regi
1712 3415 1952 3474 donavit.
1984 3429 2078 3468 ex-

501 3515 718 3569 pressas
746 3502 812 3556 ad
838 3503 1017 3556 vivum
1045 3502 1256 3574 efﬁgies
1285 3543 1301 3568 ,
1339 3507 1526 3560 vultus
1554 3545 1569 3569 ,
1597 3514 1912 3567 stemmata,
1979 3518 2077 3572 ge-

504 3604 626 3648 stus
652 3630 668 3655 ,
696 3605 874 3647 vestes
903 3631 921 3657 ,
950 3596 1183 3650 vestium
1224 3597 1457 3661 colores,
1483 3595 2078 3660 lormam,ornameuta

503 3683 886 3752 conspicerem
943 3686 1206 3742 attentius
1254 3696 1310 3740 et
1361 3687 1734 3751 observarem,
1798 3697 2076 3755 perspecta

503 3777 729 3830 coccina
753 3775 994 3846 despoue
1022 3779 1204 3832 tunica
1237 3778 1508 3849 ligataque
1523 3777 1590 3832 ad
1613 3776 1812 3833 collum
1836 3775 2076 3844 ejusdem

504 3869 705 3922 coloris
727 3870 1012 3940 chlamyde
1043 3908 1058 3932 ,
1092 3869 1277 3939 cujus,
1309 3870 1501 3924 dextra
1553 3883 1679 3938 pars
1731 3869 1784 3921 in
1829 3869 2077 3922 dextrum

508 3963 798 4017 humerum
828 3962 1126 4017 revolvitur
1161 4002 1178 4028 ,
1211 3965 1263 4018 in
1311 3962 1492 4018 tunica
1533 3962 1618 4032 (ea
1647 3963 1835 4017 talaris
1884 3971 1966 4016 est
2013 3961 2080 4016 ad

505 4053 648 4108 sacci
675 4053 919 4124 modum)
955 4069 1136 4109 ramos
1172 4068 1368 4108 aureos
1409 4053 1768 4108 animadverti
1814 4054 2081 4122 depictos,

507 4139 954 4212 chlamydemque
979 4142 1214 4212 Phrygio
1243 4157 1522 4212 aureoque
1553 4157 1717 4212 Opere
1769 4157 2078 4211 respersam

510 4240 680 4287 totam
709 4272 728 4298 ,
750 4249 844 4302 per
871 4235 1043 4302 spatia
1065 4235 1312 4300 quaedam
1341 4233 1394 4286 in
1438 4235 1628 4288 orbem
1669 4233 1858 4288 relicta
1889 4233 2083 4304 bicipi~

510 4319 659 4374 tibus
697 4309 900 4387 aquilis
945 4335 1081 4374 auro
1108 4322 1312 4388 pariter
1333 4323 1611 4390 expressis
1635 4323 1687 4376 in
1723 4337 1788 4376 ea
1823 4307 2084 4392 fulgenti-

513 4413 638 4466 bus.
670 4412 750 4464 An
782 4424 947 4464 aurea
1003 4411 1226 4464 ramalia
1261 4414 1496 4466 radicum
1533 4413 1707 4468 instar
1737 4431 1832 4484 per
1857 4423 2084 4481 vestem,

514 4502 680 4556 nullis
705 4510 884 4556 tamen
909 4502 1106 4572 aquilis
1128 4495 1400 4568 ornatam,
1434 4507 1704 4575 serpentia
1726 4507 1903 4576 ῥίζας,
1929 4509 2083 4578 aqui-

2105 1948 2144 2001 Β
2173 1953 2268 1993 seu
2304 1942 2634 2011 morgellina,
2667 1945 2821 2010 quasi
2863 1961 3080 2002 morsus
3112 1947 3346 2016 gallinte.
3373 1946 3624 2017 Egineta
3653 1964 3740 2000 κο-

2172 2030 2399 2100 ραλλιαν
2423 2035 2677 2102 appellat.
2708 2037 2764 2104 3)
2793 2037 2846 2090 ld
2881 2040 3024 2107 quod
3065 2039 3250 2094 liorem
3274 2049 3330 2095 et
3386 2039 3617 2110 lapidem
3646 2055 3738 2094 co-

2170 2122 2382 2188 rallium
2406 2123 2667 2181 imitatur.
2695 2126 2750 2200 4)
2767 2127 2959 2184 Omnis
2989 2130 3202 2199 generis
3233 2130 3468 2198 pretiosa
3486 2140 3539 2184 et
3562 2131 3739 2186 disco-

2170 2212 2305 2268 loria
2338 2227 2652 2272 assumenta
2685 2220 2926 2274 vestibus
2955 2221 3248 2291 superaddi
3277 2221 3455 2275 solita.
3485 2221 3740 2291 Μαργέλ-

2175 2305 2286 2359 λιον
2312 2321 2453 2376 saepe
2489 2309 2630 2364 idem
2665 2311 2934 2380 signiﬁcat
2955 2315 3100 2381 quod
3133 2313 3407 2382 margella.
3433 2313 3740 2382 Aliquando

2172 2399 2506 2464 tnargellium
2540 2409 2624 2455 est
2653 2401 2865 2456 limbria
2893 2418 2988 2457 seu
3025 2396 3224 2478 limbus
3251 2420 3314 2458 ex
3354 2405 3610 2474 margella
3636 2419 3735 2458 seu

2172 2490 2420 2546 corallio.
2457 2489 2868 2561 Moschopulus:
2903 2494 3078 2564 Λῶμα
3132 2495 3192 2546 τὸ
3223 2495 3319 2548 ἀπ’
3368 2496 3538 2566 ἄκρου
3591 2497 3745 2558 τινος

2173 2579 2538 2647 ἐκτεταμένον
2563 2582 2658 2632 καὶ
2688 2583 2854 2635 οἱονεὶ
2921 2583 3104 2653 ὁρίζον
3133 2585 3288 2652 αὐτὸ,
3343 2585 3414 2648 ὡς
3438 2586 3496 2638 τὺ
3549 2588 3746 2650 κοινῶς

2173 2667 2464 2735 λεγόμενον
2500 2670 3154 2742 μαργέλλιον.λωμάτιον,
3214 2677 3434 2744 parvula
3499 2677 3742 2744 ﬁmbria,

2174 2775 2367 2828 parvus
2398 2761 2590 2816 limbus
2625 2779 2713 2816 seu
2737 2763 3012 2818 limbulus.
3037 2764 3205 2820 Porro
3235 2781 3265 2820 a
3291 2765 3456 2836 λῶμα
3478 2767 3540 2819 τὸ
3560 2768 3748 2836 λωμάο

2174 2867 2285 2903 τιον
2302 2860 2486 2906 natum
2518 2853 2732 2907 videtur
2761 2854 3144 2910 Germanicum
3160 2873 3296 2922 som,
3316 2874 3486 2922 suum,
3507 2858 3748 2925 fimbria,

2175 2941 2205 2993 λ
2231 2943 2282 2994 1η
2303 2940 2342 2996 S
2366 2953 2590 2999 mutato.
2611 2945 2897 3001 Balsamon
2934 2948 2999 3000 ad
3019 2947 3087 3001 ‘27
3110 2964 3370 3002 canonem
3393 2947 3739 3002 Trullanum:

2191 3033 2355 3087 Ἀλλὰ
2395 3035 2463 3088 τὰ
2503 3035 2773 3106 πολυτελῆ
2837 3038 3228 3106 χρυσοΰφαντα
3283 3038 3627 3108 ἐπιϐλήματα
3681 3043 3751 3091 τὰ

2177 3123 2490 3190 δημοτικῶς
2523 3124 2794 3195 λεγόμενα
2841 3127 3171 3196 μαργέλλια,
3197 3129 3501 3196 γράμματα
3531 3131 3625 3182 καὶ
3660 3130 3751 3182 ἁν-

2181 3214 2408 3279 τίπανα,
2443 3217 2538 3268 καὶ
2570 3218 2638 3268 τὰ
2681 3217 2747 3269 ὲκ
2781 3217 3049 3287 κογχύλης
3089 3216 3494 3289 ὸτορφυρίζοντα
3533 3220 3747 3289 ἱμάτια.

2177 3304 2483 3361 Crammata
2503 3318 2551 3361 et
2580 3309 2854 3376 antipana,
2879 3310 3034 3379 quasi
3069 3311 3230 3379 panni
3259 3311 3453 3379 pannis
3485 3313 3747 3380 oppositi,

2178 3409 2229 3453 et
2248 3417 2511 3468 purpurea
2533 3403 2862 3456 vestimenta.
2891 3404 3033 3456 Puto
3053 3402 3339 3471 legendum
3361 3405 3622 3473 γάμματα
3654 3417 3749 3472 pro

2178 3491 2485 3560 γράμματα
2515 3509 2531 3546 :
2558 3507 2679 3545 nam
2713 3503 2879 3547 vestes
2907 3483 3190 3563 gemmata:
3235 3505 3375 3548 notae
3415 3505 3542 3548 sunt
3600 3495 3747 3563 apud

2177 3581 2414 3647 Graecos,
2449 3593 2500 3638 ct
2528 3582 2580 3635 in
2618 3581 2954 3638 Balsamonis
2982 3587 3172 3640 meleta
3219 3586 3286 3640 de
3315 3586 3745 3652 patriarcharum

2182 3673 2474 3745 privilegiis
2505 3675 2671 3730 habes
2731 3676 3015 3746 στιχάριον
3065 3677 3153 3731 διὰ
3204 3678 3538 3747 γαμμάτων.
3596 3673 3744 3730 Idem

2179 3763 2465 3819 Balsamon
2499 3766 2568 3820 ad
2601 3782 2867 3822 canonem
2905 3768 2971 3822 l6
3003 3768 3231 3822 concilii
3290 3769 3535 3837 septimi,
3595 3769 3744 3836 quod

2179 3869 2260 3914 est
2287 3861 2587 3914 secundum
2634 3858 2934 3925 Nicmnum,
2987 3860 3112 3914 οὔτε
3142 3862 3266 3914 τινὰ
3293 3860 3589 3930 ἑτερόχροα
3617 3860 3748 3911 ἐπι-

2182 3950 2438 4020 ϐλήματα
2461 3952 2862 4020 προσετίθεσαν
2889 3955 2949 4006 ὲν
2978 3956 3090 4016 τοῖς
3114 3953 3313 4024 ἄκροις
3370 3953 3482 4005 τῶν
3512 3952 3750 4022 ἱματίων

2182 4042 2354 4109 ἡγουν
2389 4042 2720 4113 μαργέλλια.
2749 4043 2852 4098 Ubi
2884 4044 3241 4099 doctissimus
3289 4046 3372 4098 vir
3437 4042 3750 4098 Gentianus
3781 4084 3788 4090 .

2183 4132 2452 4188 Hei-vetus
2482 4135 2547 4187 ad
2573 4135 2870 4205 marginem
2908 4145 3098 4191 notat:
3150 4136 3434 4204 Μαργέλια
3462 4135 3565 4204 (sic
3601 4137 3750 4190 enim

2185 4222 2397 4294 scribit)
2435 4237 2560 4291 puto
2590 4224 2786 4278 dictum
2820 4241 2932 4280 esse
2965 4242 2997 4278 a
3043 4225 3265 4287 Grecis.
3326 4235 3579 4294 corrupta
3632 4227 3752 4278 dic-

2188 4319 2344 4382 tione,
2377 4319 2536 4388 quasi
2568 4320 2906 4389 marginalia.
2939 4320 3042 4375 Cui
3089 4322 3426 4390 conjectum
3455 4320 3586 4390 quid
3609 4319 3755 4373 veri-

2185 4409 2596 4464 similitudinem
2623 4412 2899 4478 conciliet,
2938 4413 3072 4466 nihil
3109 4413 3266 4468 video
3299 4421 3496 4482 prater
3565 4411 3752 4465 nomi-

2189 4515 2318 4554 num
2351 4495 2640 4570 quamdam
2674 4502 3084 4558 similitudinem
3116 4521 3131 4569 ;
3175 4513 3228 4558 et
3261 4503 3389 4572 quis
3437 4502 3491 4557 in
3526 4502 3760 4574 margel-

512 4595 593 4649 hs
617 4609 744 4648 vero
763 4595 1016 4663 primaeva
1032 4593 1398 4650 Romanorum
1416 4597 1564 4666 signa
1592 4597 1846 4652 militaria
1864 4616 2090 4671 στρατη.
2117 4603 2169 4664 ι)
2197 4590 2263 4644 lis
2287 4601 2342 4645 et
2381 4592 2675 4662 margelliis
2706 4608 3010 4658 versamur,
3045 4593 3276 4649 Cedreni
3308 4595 3494 4648 locum
3526 4594 3580 4646 in
3648 4592 3754 4648 Hi-

513 4684 736 4738 λατίκια
771 4699 1047 4751 vocarem,
1075 4685 1279 4741 dubius
1311 4687 1542 4755 primum
1561 4688 1712 4743 haesi.
1739 4687 1913 4745 Sensu
1935 4706 2089 4745 men-

516 4778 693 4846 tisque
709 4776 985 4832 dubietate
1004 4791 1159 4848 teque
1193 4777 1354 4833 docto
1395 4793 1461 4834 ac
1505 4779 1635 4832 mihi
1668 4781 1932 4836 benevolo
1985 4781 2090 4852 Cy~

517 4871 639 4926 rillo
669 4871 956 4950 Campana:
980 4870 1197 4926 Chiensi
1221 4871 1452 4937 detecta,
1485 4871 1712 4926 dubium
1739 4871 1829 4924 ille
1863 4873 2091 4941 probato

514 4979 680 5020 sensu
719 4964 948 5032 depulit.
989 4961 1094 5029 Tu,
1133 4964 1326 5029 lector,
1358 4964 1556 5018 eruditi
1605 4963 1768 5035 224
1808 4963 2092 5033 Graecique

515 5053 616 5106 viri
672 5053 997 5107 auctoritate
1054 5052 1295 5115 laudata,
1345 5050 1571 5106 lacinias
1690 5050 2090 5118 lemniscosque

516 5141 780 5195 militares
813 5142 1053 5210 antiquis
1082 5139 1342 5195 Romanis
1376 5141 1672 5210 relinques,
1707 5150 1760 5195 et
1811 5141 1863 5192 in
1899 5154 2090 5193 recen-

515 5232 650 5287 tiore
681 5232 992 5312 Graecarum
1021 5232 1252 5286 vestium
1287 5247 1386 5287 usu
1421 5247 1529 5286 non
1559 5233 1662 5286 nisi
1714 5232 1859 5299 quod
1894 5231 2088 5285 oculus

513 5319 693 5378 cernit
723 5332 776 5376 et
805 5324 945 5376 ratio
984 5323 1178 5377 suadet
1206 5322 1514 5378 adnotabis.
1563 5320 1762 5392 Com]

586 5411 732 5467 Ibid.
782 5414 1112 5483 Ταμπάριον
1163 5427 1264 5481 pro
1292 5413 1611 5483 ταππάριον
1635 5414 1749 5467 sive
1769 5411 2084 5483 ταὸὃάριον,

513 5510 578 5558 ιιι
606 5505 948 5573 μαμπάριον,
990 5503 1329 5573 μαππάριον,
1355 5504 1631 5572 ὀμφίκιον,
1663 5502 1938 5572 ὀφςρίκιον,
1984 5504 2088 5558 Ita-

515 5593 678 5650 licum
726 5595 961 5656 tabarro,
993 5598 1210 5664 penula,
1246 5595 1504 5662 chlamys.
1537 5593 1742 5649 Gners.
1775 5656 1789 5668 υ

570 5681 960 5756 [Ταμπάριοη
1000 5685 1234 5755 chlamys
1283 5683 1624 5753 imperatoria
1667 5683 1735 5738 ad
1787 5683 1951 5752 pedes
1985 5684 2083 5739 de-

515 5774 712 5838 ﬂuens,
736 5775 985 5831 militaris
1019 5791 1408 5845 nonnunquam
1427 5785 1480 5831 et
1501 5775 1738 5829 brevior.
1787 5773 2004 5830 Nicetas
2029 5775 2082 5830 in

521 5866 767 5924 Mauuclc
801 5866 1101 5936 Comneno,
1135 5868 1374 5939 1.ιν;’1’ῇ
1405 5868 1502 5939 μὲν
1528 5865 1872 5938 χλαμύδιτοῢ
1903 5865 2088 5935 σώμα-

2196 4683 2386 4738 chaele
2444 4682 2764 4742 Stratiotico
2863 4686 3194 4755 imperatore
3277 4685 3622 4740 ascribamus
3703 4693 3762 4738 et

2196 4775 2556 4844 explicemus.
2591 4777 2664 4830 Τό
2699 4794 2755 4831 τε
2781 4779 2890 4851 γὰρ
2918 4779 3212 4850 λεγόμενον
3246 4780 3582 4850 στρατήγιον
3617 4778 3762 4830 ἁνα-

2195 4867 2562 4938 καθαιρεσθαι
2590 4870 2875 4936 ἐκέλευσε,
2901 4873 2994 4925 καὶ
3023 4871 3123 4935 τὰς
3157 4872 3267 4924 τῶν
3305 4871 3544 4923 πολιτῶν
3583 4884 3762 4937 κεφα-

2194 4957 2294 5020 λὰς
2323 4961 2650 5023 σκιπεσθαι,
2682 4961 2758 5032 μὴ
2789 4961 2880 5014 διὰ
2932 4961 3282 5031 γραμμάτων
3313 4960 3390 5022 ὡς
3442 4961 3558 5024 νῦν,
3619 4959 3767 5012 ἀλλὰ

2191 5049 2278 5100 διὰ
2307 5049 2866 5121 μαργελ).ογράμμων
2889 5052 3117 5105 ὀθονίων
3157 5053 3222 5104 ix
3279 5051 3485 5122 βύσσου
3546 5067 3766 5120 πορφυ-

2195 5141 2295 5209 ρᾶς
2321 5139 2738 5210 ἑξυφασμὲνων.
2760 5141 2935 5198 Iussit
2970 5143 3135 5215 (idem
3173 5142 3540 5211 Stratioticus)
3565 5158 3766 5211 expur-

2190 5233 2307 5302 gari
2337 5234 2669 5302 strategium,
2698 5243 2830 5313 etc.,
2855 5246 2902 5289 et
2925 5239 3100 5302 capita
3119 5237 3309 5302 ciuium
3341 5235 3441 5305 tegi
3469 5233 3630 5304 225
3653 5251 3765 5290 non

2193 5318 2440 5374 litteratis
2473 5321 2644 5389 pileis,
2679 5330 2736 5374 ut
2776 5338 2912 5374 nunc
2965 5323 3130 5376 moris
3194 5331 3294 5388 est,
3354 5323 3445 5376 sed
3507 5324 3764 5390 margella

2190 5408 2472 5476 ﬁmbriatis
2507 5410 2680 5463 linteis
2715 5425 2780 5464 ex
2818 5410 2991 5478 bysso'
3029 5427 3293 5480 purpurea
3358 5413 3534 5466 textis.
3580 5411 3760 5478 Quem

2189 5502 2371 5556 locum
2431 5502 2698 5572 interpres
2746 5502 2976 5558 Cedreni
3003 5519 3063 5559 se
3111 5520 3221 5558 non
3271 5518 3466 5574 capere
3521 5505 3764 5573 ingenue

2191 5592 2509 5659 conﬁtetur,
2532 5601 2587 5648 et
2625 5608 2758 5649 sane
2779 5593 3020 5650 diﬂicilis
3078 5604 3162 5651 est
3204 5611 3408 5665 ;quem
3457 5595 3762 5665 planiorem

2192 5683 2370 5738 reddit
2406 5683 2495 5737 illa
2527 5682 2750 5740 Meursii
2788 5685 3125 5754 emendatio,
3187 5685 3756 5758 μαργελλογράμμων

2189 5791 2286 5847 pro
2319 5776 2819 5846 μεγαλογράμμων.
2846 5777 2958 5848 Ego
2985 5780 3216 5834 libenter
3249 5794 3346 5848 pro
3373 5781 3461 5832 διὰ
3484 5782 3763 5850 γραμμά-

2192 5883 2302 5923 των
2334 5865 2568 5934 legerem
2601 5865 2689 5920 διὰ
2726 5867 3034 5934 γαμμάτων
3094 5886 3109 5923 :
3158 5883 3283 5925 nam
3307 5876 3363 5924 ut
3411 5877 3589 5927 vestes
3624 5870 3756 5927 olim
