3936 6602
413 444 515 507 ἳ51

1525 459 1606 521 ΙΝ
1651 461 1946 524 LIBRUM
1987 465 2083 525 DE
2121 467 2588 534 OFFICIIS'CP.

3569 475 3670 535 232

424 559 616 652 Latine
643 562 896 618 reddidit.
923 563 1112 620 Latine
1137 567 1314 637 magis
1341 569 1508 624 simul
1531 587 1594 627 ac
1625 573 1810 629 Graece
1837 576 2007 632 dixis-
2034 589 2078 643 Α
2107 579 2298 648 concta
2329 590 2386 636 et
2407 583 2648 652 τουφεων
2679 583 2774 640 hoc
2823 567 2936 640 loco
2991 589 3263 642 restituere
3321 599 3522 644 tentant
3575 593 3672 644 citi

421 661 506 704 set
526 650 906 719 ephippiarium
940 657 1260 726 stragulum.

498 742 638 798 Ibid.
665 743 938 816 [£deat.
979 750 1198 828 [inultus
1235 767 1264 806 a
1315 752 1550 810 Meursio
1592 757 1739 812 vocis
1794 761 1997 824 σκάλας

426 829 626 888 rotatis
659 840 936 908 sensibus,
961 843 1127 896 scala:
1177 845 1434 899 nimirum
1473 860 1526 900 et
1559 851 1783 912 naualis,
1805 856 1999 908 tertius

423 928 658 994 stapedis
687 939 796 1006 tum
833 947 896 986 es
933 937 1186 1002 praesenti
1219 947 1332 990 tum
1357 955 1422 993 ex
1457 942 1566 993 alio
1603 943 1766 1012 227
1795 943 1997 1000 Le0nis

433 1015 783 1074 Grammatici
819 1023 938 1076 loco
975 1027 1258 1082 addendos
1305 1047 1318 1082 :
1354 1031 1462 1083 Τοῦ
1491 1033 1650 1097 ποδὸς
1689 1037 1993 1106 κρατηθένο

423 1123 514 1169 τος
547 1109 603 1160 ὲν
633 1115 698 1182 τῇ
735 1115 909 1186 axitia
933 1118 1186 1188 θροηθεὶς
1221 1122 1247 1172 ὁ
1285 1123 1472 1186 ἵππος.
1509 1123 1709 1196 Cosa]

502 1198 646 1256 Ibid.
719 1204 1042 1279 Κεφαλαρέα
1098 1213 1212 1268 sive
1265 1217 1574 1286 κεφάλαρον
1650 1218 1783 1272 freni
1851 1235 1996 1289 pars,

427 1305 552 1356 quae
595 1295 822 1350 auribus
879 1301 1273 1370 circumdatur,
1327 1323 1449 1376 quae
1501 1325 1664 1364 aurea
1716 1311 1999 1366 diCt'ilallll'

427 1383 700 1439 veteribus
729 1385 957 1457 Latinis,
1003 1405 1138 1449 teste
1163 1393 1342 1458 Festo.
1376 1402 1443 1455 ab
1473 1417 1604 1456 aure
1631 1403 1840 1471 utique,
1891 1420 1998 1458 non

429 1475 496 1524 ab
525 1489 682 1540 auro,
709 1479 854 1535 sicut
913 1499 1039 1552 pars
1087 1487 1314 1541 inferior
1351 1489 1482 1546 ire-ni
1514 1493 1714 1547 dicitur
1769 1511 1892 1548 om
1931 1496 1998 1550 ab

428 1581 546 1619 ore.
565 1568 770 1630 Gae'rs.

503 1657 645 1716 Ibid.
677 1661 1006 1734 [Meursiusz
1042 1667 1207 1726 Frcni
1231 1689 1354 1741 pars
1385 1691 1503 1745 qua:
1535 1680 1753 1733 auribus
1779 1677 2000 1735 circum-

427 1755 607 1810 datur.
627 1757 836 1816 Clarius
854 1776 954 1828 ego
973 1779 990 1820 t
1009 1763 1239 1832 frontale
1259 1769 1338 1820 vel
1365 1769 1671 1837 capistrum.
1692 1770 1814 1826 Pari
1838 1776 1999 1828 verbo

427 1849 648 1917 scripsit
677 1851 828 1919 prius
850 1852 1072 1910 Nicetes
1101 1857 1153 1910 lu
1179 1859 1448 1926 Manuele,
1485 1862 1520 1914 1.
1551 1877 1602 1925 v,
1643 1865 2000 1934 Προμετωπί-

2101 671 2262 737 docti,
2297 674 2350 727 id
2403 683 2488 728 est
2544 675 2842 744 ltigaltins;
2901 681 2952 731 in
2987 693 3098 749 quo
3142 679 3350 751 judicio
3409 680 3670 736 Glossarii

2101 761 2333 818 libenter
2359 765 2674 835 acquiesco.
2699 766 2901 824 Guers.

2171 852 2256 907 Ib.
2293 853 2506 924 [Τοῦφα
2536 857 2639 911 alia
2665 857 3051 937 hOminisralia
3076 862 3220 924 equi.
3256 863 3346 916 illa
3387 865 3527 917 tiara
3589 875 3672 918 est

2100 953 2150 999 et
2182 947 2376 1014 capitis
2407 949 2674 1016 velamen,
2713 951 2826 1006 haec
2845 965 2996 1021 apex.
3029 955 3194 1008 serica
3215 957 3486 1023 peniculo,
3505 958 3670 1010 crista

2099 1037 2394 1106 plumatiiis
2430 1041 2508 1094 net
2537 1058 2787 1110 gemmea.
2843 1043 2914 1098 De
2939 1046 3113 1114 prima
3137 1045 3380 1100 Zonaras
3409 1050 3462 1104 in
3519 1047 3672 1102 Basi-

2101 1132 2174 1186 lio
2205 1132 2711 1214 Porphyrogenito:
2773 1138 2950 1209 Τιάρᾳ
2999 1139 3306 1200 ταινιωθεὶς
3362 1139 3542 1210 ὀρθίᾳ,
3603 1143 3668 1212 ἣν

2097 1225 2304 1292 τοῦφαν
2372 1226 2534 1280 καλεῖ
2589 1229 2618 1281 ὁ
2673 1217 2930 1298 δημώδης
2975 1232 3071 1284 καὶ
3133 1231 3300 1294 πολὺς
3359 1231 3668 1300 ἄνθρωπος,

2099 1313 2287 1382 τῦφον.
2323 1313 2495 1386 οἶμαι,
2556 1317 2956 1390 ὠνομασμένην
3015 1321 3180 1391 228
3203 1321 3280 1384 ὥς
3327 1322 3669 1388 τετυφῶσθαι

2101 1405 2356 1458 ποιοῦσαν
2384 1408 2504 1470 τοὺς
2537 1409 2738 1477 ταύτην
2790 1410 3200 1478 ἀναδουμένους.
3235 1409 3344 1464 Leo
3383 1409 3672 1464 Gramma-

2100 1497 2246 1553 ticus
2271 1515 2285 1552 :
2326 1497 2558 1553 Ἔπεσεν
2589 1501 2620 1569 ἡ
2655 1501 2828 1570 χρυσῆ
2859 1501 3032 1569 τοῦφα
3058 1501 3433 1554 ἰουστινιανοῦ
3455 1501 3550 1554 τοῦ
3579 1502 3666 1554 λε-

2099 1589 2330 1656 γομένου
2356 1590 2726 1658 Δύγουστξως.
2761 1591 2834 1646 De
2863 1595 3100 1647 secunda
3159 1593 3432 1662 Rigaltitts
3461 1609 3477 1648 :
3529 1593 3672 1644 Του-

2101 1680 2222 1748 φὶον
2245 1681 2423 1748 λόφος.
2451 1681 2642 1736 Simon
2667 1684 2882 1740 Portius
2909 1685 3140 1755 ε’Δθήλη
3157 1683 3670 1756 κολοφὼν,’φοῢντα,

2099 1763 2403 1839 panniculo,
2433 1789 2585 1842 apex.
2614 1775 2754 1829 Idem
2788 1792 2914 1831 vero
2933 1792 3094 1831 sensu
3117 1785 3293 1842 tenes,
3327 1778 3440 1831 sive
3463 1775 3671 1844 τοῦφαν

2101 1862 2219 1916 sive
2283 1861 2518 1930 φοῠνταν
2559 1865 2640 1919 vel
2679 1866 2882 1935 φοῦταν
2915 1866 3108 1933 dicas;
3139 1869 3298 1938 cujus
3333 1875 3498 1922 testes
3539 1874 3671 1921 Sunt

425 1941 558 1994 διον.
591 1939 812 2014 Anna»
846 1945 1005 2014 ὁρᾷν,
1049 1947 1231 2017 inquit
1271 1952 1392 2018 me,
1441 1953 1549 2007 τῶν
1605 1927 1788 2009 tneo}
1819 1957 1995 2012 αὐτῶν

2107 1953 2270 2006 variae
2331 1955 2605 2020 lectiones,
2638 1965 2748 2010 tum
2793 1969 2994 2012 nostra:
3023 1971 3091 2012 eo
3145 1971 3307 2026 quem
3366 1963 3671 2010 tractamus

425 2031 736 2102 διαδήματα
771 2039 1224 2108 μασχαλιστῆρας
1269 2047 1700 2113 προφαινόντων,
1743 2049 1836 2102 καὶ
1867 2065 2000 2118 προ-

425 2123 692 2191 κειμένων
743 2131 1154 2200 προμετωπίδια
1177 2135 1270 2186 καὶ
1321 2137 1706 2207 προστερνίδια
1731 2138 1840 2192 τῶν
1875 2139 2000 2210 βλησ-

427 2215 615 2271 μάτων
639 2219 913 2289 ἐρύματα.
973 2223 1088 2276 Alia
1121 2224 1224 2279 loci
1255 2226 1500 2295 ejusdem
1531 2229 1767 2299 vulgaris
1817 2230 1994 2285 lectio:

423 2306 507 2358 Τὰ
538 2307 712 2376 ἄλογα
759 2311 943 2362 αὐτῶν
992 2313 1374 2385 ἁρματωμένα
1447 2318 1583 2387 μετὰ
1639 2321 1997 2389 κεφαλαρὲων

421 2401 514 2452 καὶ
548 2403 908 2472 σαγισμάτων
939 2405 1304 2476 ὶωρικαινῶν.
1369 2408 1422 2464 In
1454 2412 1700 2465 eamdem
1761 2421 1994 2467 mentem

423 2504 779 2560 usurpaverat
831 2491 1129 2553 Simoealta
1165 2501 1476 2571 κεφάλαρον
1507 2519 1520 2556 :
1552 2504 1848 2571 Κοσμεῐται
1896 2505 1997 2576 μὲν

421 2581 588 2644 intra;
629 2585 957 2654 κιφαλάροις
983 2604 1040 2640 τε
1070 2591 1165 2642 καὶ
1188 2589 1412 2659 Θώρηξι.
1449 2591 1644 2665 Ceam]

492 2670 577 2726 Ib.
615 2671 975 2746 ’Δπῃὼρηται
1013 2682 1307 2748 φοροῦντα.
1341 2679 1594 2735 Mendum
1625 2681 1991 2739 manifestum.

423 2765 530 2819 Sed
563 2768 840 2835 quomodo
873 2771 1301 2825 emendandum?
1321 2771 1460 2824 Num
1479 2772 1768 2842 legendum
1793 2775 1994 2842 φοῦταῖ

423 2859 494 2912 ita
563 2859 856 2928 aliquando
911 2864 1255 2931 suspicabar,
1309 2866 1606 2934 praesertim
1663 2881 1784 2920 cum
1832 2867 1992 2933 infra,

425 2951 514 3004 ubi
551 2951 618 3006 de
651 2953 792 3021 pileo
821 2963 872 3007 et
908 2955 1216 3026 insignibus
1241 2957 1420 3022 magni
1451 2957 1764 3024 interpretis
1791 2958 1992 3026 agitur,

419 3042 618 3098 Junius
685 3044 917 3098 ediderit
973 3048 1177 3113 φοῦταν
1235 3045 1520 3116 ὲρυθράνε
1575 3047 1657 3101 In-
1693 3049 1993 3102 summitate

417 3137 574 3190 habet
596 3137 834 3204 exiguam
879 3151 1071 3208 pupapt
1117 3139 1348 3194 rubrum.
1417 3140 1468 3193 lu
1500 3140 1678 3194 iudice
1732 3141 1992 3209 interpre.

421 3237 568 3282 tatur
605 3227 802 3282 Junius
826 3229 1076 3294 puellam.
1111 3229 1241 3295 Quae
1275 3232 1430 3285 lectio
1454 3233 1618 3285 etiam
1673 3231 1990 3303 applicanda

418 3319 632 3374 videtur
682 3319 754 3373 illi
810 3319 930 3374 loco
972 3335 1025 3374 ε.
1055 3321 1126 3374 5:
1186 3321 1342 3374 Μετὰ
1369 3322 1476 3373 τῶν
1511 3322 1841 3390 φορούντων.
1897 3321 1993 3374 Ju-

421 3412 542 3465 nius
570 3429 686 3466 cum
713 3413 863 3480 equis
892 3413 1268 3482 agmindlibns,
1305 3425 1357 3469 et
1383 3415 1437 3468 in
1471 3415 1648 3470 indice
1673 3416 1742 3468 τὰ
1768 3415 1996 3486 φοροῦν-
2023 3488 2033 3498 ι

415 3525 486 3560 τα
514 3508 637 3578 equi
655 3509 969 3578 agminum.
1001 3509 1067 3561 At
1094 3506 1220 3577 quid
1250 3508 1293 3560 si
1316 3516 1369 3561 et
1408 3509 1497 3568 hic
1541 3509 1806 3578 φουτῶνῗ
1861 3509 1994 3563 Cum

419 3601 746 3656 ornamentis
782 3611 830 3654 et
861 3600 1090 3670 phaleris
1116 3599 1384 3655 ?Accedit
1411 3599 1748 3654 Glossarium
1779 3598 1994 3663 lsidori,

420 3695 508 3748 cui
544 3705 868 3749 ornamenta
902 3697 1236 3748 camelorum
1269 3704 1322 3748 et
1354 3693 1586 3762 phalera:
1653 3702 1782 3747 sunt
1831 3694 1994 3754 buda,

415 3786 617 3857 exiguo
638 3802 770 3841 sane
799 3801 826 3840 a
863 3786 1128 3841 vocabulo
1155 3785 1318 3855 phata
1365 3786 1700 3844 discrimine.
1775 3787 1880 3841 Sed
1923 3787 1998 3842 le-

417 3879 650 3940 gendum
683 3861 737 3932 et
762 3879 850 3933 ltic
898 3887 951 3932 et
984 3877 1110 3932 alibi
1153 3877 1328 3945 τοῦφα
1351 3877 1520 3942 (idem
1563 3879 1630 3931 τὰ
1665 3877 1863 3947 eodem
1899 3897 1997 3936 seu

413 3971 658 4040 τουφία).
719 3969 818 4026 Est
877 3981 1058 4025 autem
1095 3970 1267 4037 τοῦφα
1305 3969 1586 4038 parvulum
1633 3969 1992 4040 ﬂammulam.

416 4063 710 4118 Mattriclus
745 4063 1045 4132 Strategdt,
1076 4064 1112 4116 2
1141 4078 1156 4117 :
1190 4063 1469 4125 Κασσὶδας
1531 4063 1764 4133 ἐχούσας
1799 4065 1997 4134 campie.

419 4154 609 4224 μικρά.
644 4153 806 4208 idem:
839 4154 1029 4224 Μικρὰ
1079 4155 1280 4220 τουφια
1305 4154 1446 4206 κατὰ
1485 4154 1596 4206 τῶν
1643 4153 1998 4207 ὀπισθε).ίνων

416 4247 509 4300 καὶ
538 4248 832 4299 ἁντελίνων
886 4246 996 4299 τῶν
1031 4246 1233 4299 ἵππων.
1301 4247 1480 4300 Idem:
1518 4245 1729 4314 Τουφῐα
1763 4247 1842 4309 ei;
1895 4247 1997 4311 τὰς

413 4338 761 4400 ὀπιπϐελὶνας
793 4340 1061 4409 τέσσαρα.
1092 4337 1290 4392 Eadem
1334 4337 1504 4391 ferme.
1555 4337 1666 4391 Leo
1697 4340 1997 4407 imperator

413 4413 712 4482 Constitui.
760 4445 831 4494 vt,
860 4429 950 4483 ubi
984 4439 1242 4499 praeterea
1269 4430 1498 4498 requirit
1523 4429 1838 4501 κορυφάδην
1897 4431 1992 4484 τοῦ

415 4521 588 4574 ἵππου
615 4519 805 4588 τουφίν
858 4521 958 4589 (sic
1009 4521 1152 4576 enim
1217 4521 1500 4594 legendum
1570 4537 1692 4576 esse
1724 4533 1871 4593 patet
1927 4539 1992 4578 ex

411 4703 532 4774 equi
561 4705 919 4773 ﬂammulam,
973 4706 1198 4760 alteram
1245 4707 1585 4774 ὑπογένειον,
1663 4708 1758 4762 sub
1789 4717 1982 4765 mento.

411 4795 490 4850 Es
520 4798 603 4852 his
655 4795 814 4851 facile
841 4797 945 4852 erit
969 4807 1176 4853 vertere
1206 4809 1258 4853 et
1283 4799 1554 4868 explicare
1577 4798 1693 4854 loca
1749 4797 1941 4852 Codini
1970 4816 1985 4854 :

413 4907 538 4944 nam
573 4891 617 4944 is
645 4907 806 4958 quem
846 4907 957 4962 prte
1013 4892 1266 4946 manibus
1293 4891 1580 4956 habemus,
1610 4893 1688 4947 sic
1719 4891 1870 4947 reddi
1897 4893 1991 4948 de-

413 4983 520 5043 bet.
554 4982 618 5035 In
648 4983 823 5051 fronte
863 4983 931 5038 ad
979 4999 1198 5037 auream
1264 4985 1403 5054 freni
1435 4984 1620 5052 pendet
1687 4985 1849 5054 tttpha
1899 5001 1990 5038 seu

411 5077 708 5144 ﬂammula.
759 5075 826 5131 Et
857 5077 944 5130 ille
979 5078 1135 5140 alter,
1174 5091 1270 5146 pro
1297 5079 1642 5148 φορούντων,
1695 5078 1838 5145 μετὰ
1880 5077 1990 5129 τῶν

413 5165 654 5236 τουφῶν,
697 5181 813 5219 cum
840 5166 1127 5236 ﬂammulis
1159 5179 1206 5219 et
1236 5167 1357 5222 aliis
1394 5168 1715 5222 ornamentis
1744 5167 1993 5238 equestri-

415 5257 532 5310 bus.
565 5254 754 5310 Valeat
811 5256 1010 5310 Junius
1063 5271 1188 5310 cum
1245 5259 1360 5310 suis
1407 5259 1551 5328 equis
1611 5257 1990 5328 agminalibus.

413 5347 604 5404 Tertio
629 5349 752 5402 loco
786 5349 1037 5402 similiter
1065 5347 1392 5402 medicinam
1451 5349 1637 5414 facies,
1692 5349 1738 5402 si
1787 5348 1992 5402 substi-

417 5451 540 5495 tuas
568 5441 771 5510 μικρὰν
795 5439 1001 5509 τοῢφαν
1031 5440 1291 5510 ἐρυθρὰν,
1339 5441 1586 5509 exiguam
1640 5439 1856 5507 tupham
1897 5453 1990 5494 seu

413 5531 688 5602 parvulam
719 5531 1048 5599 ﬂammulam
1105 5549 1444 5602 purpuream.
1485 5531 1822 5603 Juniumque
1869 5545 1994 5587 cum

414 5639 514 5679 sua
548 5639 711 5694 parva
743 5639 882 5692 pupa
920 5634 973 5680 et
1005 5623 1179 5692 puella
1207 5625 1472 5680 facessere
1497 5623 1714 5692 jnbeas.

487 5717 764 5770 Sollicitat
827 5715 1094 5782 Rigaltius
1165 5717 1332 5769 alium
1411 5715 1592 5770 locum
1655 5713 1997 5784 Curopalatte

419 5809 616 5873 nostri,
646 5823 698 5862 c.
721 5809 809 5874 l7,
849 5809 940 5863 ubi
961 5810 1042 5863 his
1065 5809 1257 5861 τούδια
1281 5807 1463 5862 editur
1485 5817 1545 5862 et.
1574 5807 1784 5876 legitur.
1819 5807 2000 5862 Mallet

419 5905 536 5972 ipse
557 5901 774 5972 τούφια.
817 5901 1098 5957 lleclamat
1127 5899 1499 5967 Glossarium,
1537 5898 1696 5966 Male,
1722 5900 1995 5970 inquiens,

2109 2042 2250 2109 loco,
2287 2055 2396 2098 tum
2439 2045 2686 2100 Jnniame
2739 2063 2767 2100 a
2824 2047 3082 2104 Gretsero
3127 2049 3326 2102 citatte.
3389 2043 3598 2118 Gostt.]

2179 2137 2316 2191 Ibid.
2371 2138 2530 2212 Μετὰ
2563 2140 2873 2207 φοινίκων,
2901 2155 3020 2192 cunt
3071 2139 3232 2192 ramis
3251 2137 3462 2208 palmae,
3493 2134 3678 2205 inquit

2103 2226 2320 2292 Junius,
2353 2229 2457 2284 ltoc
2485 2239 2590 2296 est,
2615 2241 2895 2300 segmenta
2925 2231 3171 2300 inspersa
3225 2227 3460 2283 habebat
3505 2226 3676 2282 eilor-

2105 2331 2248 2376 mata
2285 2323 2459 2376 instar
2489 2335 2768 2376 ramorum
2805 2323 3021 2390 palmae.
3056 2321 3264 2375 Gens.

2173 2413 2259 2469 Ib.
2297 2413 2653 2486 [Κόμπωσιν
2683 2414 2880 2466 nodum
2923 2429 3208 2482 gemmeum
3245 2411 3494 2482 concipe,
3517 2427 3676 2482 gem-

2103 2521 2246 2560 mam
2301 2519 2500 2574 nempe
2551 2504 2989 2570 luculentiorem,
3041 2519 3148 2574 qua
3202 2504 3350 2556 velut
3407 2513 3673 2564 etruneo,

2102 2597 2400 2666 panniculo:
2449 2598 2726 2665 φοινικεων
2775 2597 2922 2651 rami-
2953 2597 3242 2665 prodeunt.
3285 2595 3501 2666 Κόμὸος
3553 2593 3674 2648 sive

2101 2687 2310 2757 κόμπος
2370 2687 2565 2739 nodum
2625 2687 2706 2740 vel
2737 2686 3006 2754 gtobulum
3038 2697 3218 2748 sonat,
3259 2683 3514 2754 κομπόνω
3559 2681 3676 2750 glo-

2101 2779 2249 2832 bulos
2295 2779 2562 2832 committo
2608 2779 2757 2832 velut
2811 2779 2864 2832 in
2913 2779 3122 2832 llbulas.
3181 2776 3495 2846 Κομπολόγι
3550 2775 3672 2844 glo-

2101 2873 2346 2925 bulorum
2393 2871 2558 2924 series
2595 2879 2698 2934 est,
2737 2869 2970 2934 precaria
2995 2884 3208 2924 corona.
3235 2867 3531 2938 Κόμπωσις
3557 2864 3672 2934 glo-

2087 2961 2210 3016 ἰηιΙὶ
2249 2963 2614 3034 conmissum.
2643 2962 2792 3017 Goan
2817 2959 2838 3032 ]

2171 3053 2256 3107 Ib.
2301 3051 2486 3106 Τέντα
2515 3067 2610 3107 seu
2650 3053 2808 3106 τένδει
2845 3069 2872 3106 a
2907 3051 3106 3108 Latino
3163 3056 3446 3107 tentorium
3479 3061 3586 3118 est,
3616 3061 3672 3107 et

2100 3145 2202 3199 hoc
2241 3159 2268 3197 a
2303 3145 2478 3197 tendo.
2521 3141 2632 3195 Vox
2688 3145 2740 3196 in
2806 3142 3044 3198 Tacticis
3119 3143 3312 3199 Leonis
3379 3143 3666 3213 frequens.

2099 3235 2210 3290 E'si
2253 3243 2434 3288 autem
2469 3245 2678 3288 certum
2716 3243 2800 3288 est
2823 3234 3011 3287 τένταν
3053 3247 3176 3288 esse
3241 3233 3444 3288 alicubi
3498 3243 3673 3287 tento-

2095 3329 2256 3388 riunt,
2313 3341 2380 3381 an
2433 3336 2612 3380 tamen
2637 3325 2726 3380 hic
2757 3325 2849 3390 sit,
2913 3340 3112 3394 anceps
3141 3325 3424 3380 sententia:
3461 3325 3664 3380 hazreo.

2093 3419 2232 3486 Quid
2263 3418 2408 3473 enim
2447 3417 2553 3472 hoc
2581 3418 2700 3472 loco
2733 3416 3034 3480 tentorium,
3053 3416 3143 3470 ubi
3165 3417 3231 3471 de
3259 3417 3438 3486 pileis,
3471 3416 3669 3470 resuta

2095 3523 2148 3565 cl.
2173 3523 2370 3566 ornatu
2396 3511 2635 3580 equestri
2670 3510 2980 3566 oﬂicialimn
3011 3511 3375 3580 palatinorum
3427 3511 3664 3580 agitur?

2102 3603 2214 3672 Ego
2237 3605 2529 3658 admodum
2568 3604 2772 3658 inclino
2829 3613 2886 3658 ut
2941 3619 3037 3674 per
3085 3604 3274 3656 τένταν
3317 3617 3415 3659 seu
3476 3602 3670 3656 τένδαν

2095 3697 2427 3767 intelligatur
2457 3697 2506 3750 id
2538 3697 2679 3766 quod
2716 3694 2973 3751 Germani
2999 3701 3192 3748 vocant
3220 3695 3318 3747 den
3343 3692 3667 3761 sattetboge'n

2097 3805 2124 3842 α
2167 3787 2438 3852 tenendo;
2477 3787 2602 3855 quia
2629 3801 2794 3854 eques
2827 3794 3032 3856 partem
3058 3785 3205 3839 illam
3267 3781 3668 3852 prominentia-

2099 3897 2208 3934 rcm
2245 3879 2484 3948 ephippii
2520 3879 2773 3933 manibus
2805 3889 2987 3932 tenere
3017 3877 3177 3930 solet.
3213 3874 3268 3928 Si
3297 3876 3422 3943 quis
3458 3881 3664 3928 tamen

2097 3973 2150 4026 in
2192 3971 2426 4026 tentorio
2475 3971 2771 4040 persistere
2828 3970 2977 4032 velit,
3019 3983 3146 4022 cum
3183 3983 3250 4024 eo
3277 3967 3419 4023 absit
3445 3977 3503 4020 ut
3563 3981 3666 4037 pu-

2098 4082 2276 4136 gnem.
2311 4064 2505 4119 Junius
2549 4065 2713 4117 vertit
2740 4062 2960 4116 tholum.
3001 4061 3205 4116 Gners.
3243 4095 3246 4098 -

2169 4155 2379 4228 [Τέντα
2403 4159 2680 4211 tentorium
2709 4165 2794 4210 est
2833 4155 3052 4209 indubie
3081 4171 3095 4220 ;
3141 4168 3238 4209 nec
3291 4153 3451 4208 modo
3483 4161 3667 4209 vestes

2097 4250 2401 4317 etpiicum,
2433 4248 2605 4303 sedet
2632 4256 2830 4301 cuncta
2885 4247 3126 4316 despotte
3153 4245 3393 4314 insignia
3453 4260 3666 4300 conne-

2099 4355 2274 4405 xaquc
2313 4339 2566 4410 dignitati
2597 4339 2844 4409 symbola
2875 4347 3055 4392 textus
3085 4347 3326 4392 enarrat.
3357 4335 3576 4391 Nicetas
3610 4339 3664 4391 in

2099 4432 2364 4494 Mttnttele,
2403 4432 2438 4486 Ι.
2465 4445 2562 4485 Vill
2593 4445 2612 4482 τ
2639 4429 2852 4499 Σκηνὴν
2882 4429 3185 4498 ἑγκαρσῑως
3217 4428 3513 4496 διατέμνει.
3552 4429 3666 4482 Alia
3733 4439 3750 4448 "

2099 4525 2280 4586 lectio,
2318 4522 2489 4590 σχξζει
2517 4521 2616 4591 τὴν
2643 4520 3180 4590 τὲντανὲγκαρσὶως.
3204 4521 3348 4574 idem
3379 4522 3432 4572 in
3457 4519 3672 4573 Joanne

305 4679 308 4682 _
413 4611 676 4666 Mauricio
744 4613 886 4680 apud
963 4611 1259 4684 Rigaltiutu
1317 4625 1368 4668 v.
1447 4614 1671 4683 τούφια)
1729 4617 1785 4669 in
1813 4617 1995 4671 vertice

2107 4614 2416 4666 Comneno:
2451 4611 2561 4673 Τὰς
2595 4611 2788 4674 τέντας
2827 4610 3006 4663 αὐτῶν
3034 4611 3152 4662 ἐκεῖ
3181 4611 3436 4679 ἔστησαν.
3471 4609 3552 4663 Ab
3583 4611 3696 4664 ltis-

2089 4707 2300 4762 divcrva
2331 4703 2617 4774 Rigaltius.
2649 4701 2850 4773 Cum]

2163 4797 2300 4850 Ibid.
2321 4797 2696 4862 Ἀετόπουλα,
2715 4795 2766 4848 id
2781 4802 2862 4848 est
2884 4795 3047 4847 ἀετοί.
3069 4788 3370 4849 ϐτὲεεοηιηι
3417 4796 3672 4848 recentio-

2091 4907 2211 4945 rum
2241 4873 2320 4943 ἐπι
2349 4888 2652 4942 terminatio
2681 4889 2874 4950 πουλος
2894 4895 2947 4942 et
2977 4887 3170 4940 πουλον
3203 4897 3258 4941 et
3285 4886 3481 4950 πωλος,
3533 4887 3673 4940 nihil

2091 4991 2344 5052 preterea
2376 4981 2705 5051 signiﬁcans.
2739 4979 2918 5049 inquit
2940 4977 3137 5034 Junius
3171 4995 3186 5035 :
3233 4981 3310 5032 sic
3371 4993 3434 5032 es
3462 4979 3673 5032 nomine

2093 5075 2277 5146 ἄρχων
2301 5075 2360 5143 ﬁt
2389 5073 2836 5142 ἀρχοντὸπουλος,
2869 5087 2936 5126 ex
2968 5073 3180 5126 nomine
3212 5073 3341 5130 παῖς
3371 5069 3676 5122 natust-ou-

2092 5164 2201 5232 λος,
2233 5179 2300 5218 cx
2328 5163 2588 5228 αὐθέντης
2615 5161 3062 5224 αὑθεντᾶπου).ος,
3105 5177 3170 5214 ea:
3203 5161 3442 5229 Τοῢρκος
3497 5161 3671 5232 Τουρ-

2093 5231 2374 5316 uinculo;
2405 5271 2469 5308 ex
2497 5251 2743 5308 Francus
2805 5252 3199 5320 Francopnlus,
3259 5263 3365 5306 etc.
3405 5251 3516 5307 Etsi
3569 5267 3670 5306 au-

2099 5356 2203 5400 tem
2237 5361 2428 5400 verum
2483 5346 2554 5400 sit
2619 5345 3063 5399 terminationem
3131 5345 3287 5397 istam
3345 5343 3670 5412 plerumque

2099 5438 2232 5492 nihil
2261 5438 2648 5507 significationi
2675 5436 2900 5499 addere,
2932 5437 3208 5490 interdum
3243 5445 3423 5489 tamen
3451 5433 3674 5488 videtur

2101 5533 2301 5602 nabere
2332 5532 2436 5583 vim
2467 5528 2767 5591 minuendi,
2801 5537 2860 5580 ιιι
2887 5527 2938 5579 in
2971 5527 3418 5597 ἀρχοντὸπουλον,
3447 5526 3671 5594 quando

1997 5667 2004 5676 .
2099 5637 2328 5694 puerum
2359 5635 2451 5678 seu
2480 5621 2748 5690 ephebum
2795 5617 3151 5673 honorarium
3201 5617 3508 5687 significat;
3559 5631 3670 5686 qua

2103 5717 2324 5783 actione
2365 5727 2506 5783 saepe
2536 5712 2778 5766 occurrit
2829 5711 2970 5780 apud
3017 5709 3283 5764 Codiuum
3314 5709 3384 5774 (c.
3415 5707 3470 5778 6)
3505 5721 3522 5760 :
3563 5721 3672 5762 non

2101 5781 2246 5862 enini
2269 5814 2400 5860 tunc
2421 5805 2686 5874 significat
2710 5806 2992 5874 principem
3027 5817 3122 5857 seu
3141 5801 3312 5854 virum
3330 5801 3668 5869 primarium,

2105 5907 2160 5950 ut
2181 5895 2406 5966 εἰη-νιος
2429 5893 2749 5949 vocabulum
2769 5893 2972 5965 ἄρχων,
2993 5891 3084 5947 sed
3109 5905 3356 5962 puerum,
3376 5898 3428 5944 et
3451 5889 3672 5961 quidem
