3936 6594
156 491 241 552 253

1209 473 1597 537 GliETSERl
1630 473 1723 531 ET
1761 467 1998 529 GOARI
2042 466 2281 528 ΝΟΤιΕ.

3239 451 3348 513 ΞΜ

145 603 348 668 derisui),
381 596 470 667 qui
501 597 625 651 sine
656 595 770 649 ullo
799 595 942 666 pileo
976 594 1058 648 vel
1107 593 1303 660 capitis
1365 597 1680 660 legumento

1804 600 1978 654 nuper,
2007 581 2310 652 χαλινάρια.
2347 576 2538 632 Pauca:
2572 583 2701 628 sunt
2733 571 2794 626 cx
2847 571 3137 630 immenso,
3189 579 3352 633 quem

142 695 183 746 in
229 690 412 759 palatio
467 695 741 743 versatur.
783 686 940 746 Apud
996 681 1284 739 nonnull’os
1361 681 1668 734 Germanos

143 789 270 841 Peter
316 783 544 852 (Petrus)
600 791 686 836 est
728 781 1083 844 Peter-mann;
1136 777 1228 831 ubi
1285 775 1521 845 adiectio
1579 774 1668 828 illa

1775 685 1944 732 tumet
1975 688 2282 734 recenseas,
2315 664 2788 736 numero.Goari.l

1847 767 1930 822 Ib.
1957 764 2308 823 Kaf6ti6wr.
2341 760 2616 816 Scribitur
2640 759 2804 811 etiam
2833 752 3127 822 καῦσάδης.
3156 748 3364 802 καϐϐα-

141 840 270 929 manu
298 840 421 928 nihil
453 840 677 939 penitus
701 870 770 924 ad
804 840 1256 938 signiﬁcationem
1305 840 1514 934 adjicit,
1538 863 1668 931 quia
1770 860 1962 922 δικεον,
1995 856 2282 910 κιὸὁάδιν.
2313 853 2511 909 Junius
2565 852 2958 918 interpretatur
2992 845 3226 896 tunicam
3263 840 3359 893 ho-

143 971 256 1022 idem
285 980 503 1032 prursus
530 975 617 1017 est
640 962 788 1031 quod
819 959 995 1016 Peter.
1031 958 1195 1014 Forte
1253 933 1432 1010 autem
1487 957 1672 1025 Iegeu-
1775 961 2016 1006 not-tuam
2052 959 2100 1004 et
2121 965 2334 1016 puram.
2366 945 2471 1000 Sed
2499 944 2748 997 Graecum
2789 938 3142 992 retineamus.
3198 933 3364 985 Glos-

143 1060 242 1111 dum
262 1054 590 1109 ἁετοποὺλων
619 1055 865 1123 γέμουσι
889 1042 1157 1121 ἐβυθρῶν.
1189 1049 1388 1103 Gntt't's.

195 1146 309 1200 Ibid.
335 1143 520 1216 [Vocis
553 1143 732 1206 πῶλος
763 1141 1100 1197 adminiculo
1126 1139 1405 1196 nonnullis
1435 1135 1678 1191 ιιὶιιιίιιιιά

145 1238 241 1290 tivis
279 1235 573 1289 formandis
653 1243 882 1289 utuntur
935 1232 1206 1296 hodierni,
1271 1231 1325 1284 in
1387 1231 1558 1282 locum
1628 1243 1674 1279 ω

145 1329 393 1383 substituta
424 1343 488 1379 ου
527 1326 890 1396 diphthongo,
919 1335 978 1379 ut
1009 1340 1184 1393 nuper
1206 1322 1280 1377 .in
1300 1335 1430 1375 voce
1459 1334 1676 1386 πτερνι-

148 1420 380 1484 ετόὶουρον
401 1418 522 1472 vice
587 1416 1055 1486 πτερνιστὸλωρον
1103 1412 1543 1468 animadvertere
1593 1406 1676 1486 fagi

150 1510 234 1561 luit.
285 1469 369 1561 sic
411 1469 829 1585 κομητόῃοῖδλον
874 1469 1177 1569 Cedrenus,
1237 1469 1676 1573 ὡρολογόπουλοθ

150 1597 442 1652 doctissimus
488 1599 754 1663 Allatius,
812 1595 1241 1666 ἀρχοντόπουλον
1285 1594 1338 1648 in
1391 1590 1677 1660 sequenti-

154 1690 221 1742 bus
247 1687 472 1744 Codinus
504 1688 801 1758 scripsere,
832 1698 889 1740 ut
918 1687 1062 1756 ﬁlios
1099 1686 1325 1749 comitia,
1352 1685 1598 1751 exiguum
1627 1689 1679 1735 et

153 1779 523 1846 compendiosum
582 1778 856 1842 diurnale,
889 1793 1108 1845 puerum
1148 1775 1374 1830 nobilem
1406 1772 1680 1844 exprime-

154 1880 255 1925 rent.

200 1961 311 2014 Ibid.
339 1961 464 2014 Ἐπὶ
492 1959 778 2029 κεφαλῆς
812 1959 895 2014 ἔτι
946 1958 1085 2025 νέος
1121 1959 1228 2013 ὧν.
1290 1957 1426 2014 Vide
1479 1955 1678 2026 capitis
1710 1943 1752 1998 Β

151 2058 379 2126 sequentis
408 2065 602 2111 notam
636 2055 891 2125 primam.
927 2052 1126 2125 Gutta]

201 2147 339 2218 229
367 2148 506 2203 Ibid.
545 2146 960 2219 Κασαλλικεύῃ,
987 2161 1088 2200 vox
1133 2160 1165 2199 a
1215 2143 1418 2199 L'ttino
1445 2140 1686 2196 caballus

154 2241 260 2306 ticta,
282 2242 524 2308 frequens
552 2239 612 2294 in
639 2242 740 2296 hoc
768 2252 956 2308 opere.
993 2237 1220 2292 Additur
1239 2234 1551 2304 explicatio.
1575 2234 1688 2301 ἠως

155 2336 333 2407 ἱππεύῃ,
359 2335 552 2404 quales
572 2334 932 2387 barbararum
953 2329 1256 2384 dictionum
1295 2325 1691 2396 explicationes

154 2430 294 2483 multa:
333 2425 991 2489 occurruntintlodino;
1033 2430 1091 2476 ut
1116 2421 1277 2490 paulo
1323 2428 1448 2473 ante
1473 2420 1691 2486 κάμπος

151 2523 235 2590 te;
270 2520 459 2574 πεδίον.
485 2518 606 2574 Nec
637 2518 756 2573 scio
797 2533 926 2571 num
960 2517 1072 2571 sint
1108 2515 1177 2568 ab
1213 2522 1442 2567 auctore
1471 2526 1538 2566 an
1571 2524 1600 2563 a
1623 2507 1694 2563 li-

152 2612 327 2666 brariis.
367 2612 516 2675 Ἥως
545 2608 878 2666 recentioris
905 2604 1129 2662 Graecia
1159 2604 1418 2660 ﬂosculus
1446 2609 1553 2664 est,
1595 2614 1696 2670 pro

153 2709 190 2772 ἡ.
206 2705 376 2762 Primis
399 2706 587 2760 verbis
611 2703 773 2772 hujus
793 2701 1004 2758 numeri
1047 2699 1186 2754 forte
1207 2699 1386 2767 aptior
1424 2695 1696 2763 scriptura

155 2809 262 2852 esset
289 2817 302 2852 :
327 2796 556 2862 Πεζιύει
589 2799 621 2849 ὁ
655 2796 942 2872 δεσπότης,
975 2795 1033 2847 ιν
1060 2785 1104 2861 ᾧ
1137 2792 1373 2862 εἰν-τόπῳ
1403 2787 1698 2861 προστάξει

152 2888 274 2939 miro
297 2891 324 2940 ὁ
356 2887 636 2954 βασιλεὺς.
669 2884 880 2940 Gnsrs.

204 2976 273 3034 ιι.
291 2978 692 3047 Σκσράνικον.
716 2976 914 3030 Junius
928 2975 1128 3046 pallam
1158 2974 1319 3029 vertit
1341 2975 1424 3029 vel
1445 2974 1625 3028 laxam
1651 2982 1698 3027 et

153 3071 352 3137 ﬂuctum
398 3081 620 3140 togam;
647 3069 877 3139 ejusque
905 3067 1156 3121 vocabuli
1192 3067 1390 3121 natalia
1437 3065 1506 3120 ab
1533 3064 1699 3134 Assy-

156 3160 225 3213 riis
250 3163 450 3228 repetit.
518 3158 637 3228 Ego
668 3172 864 3212 nomen
907 3157 1164 3210 Graecum
1195 3154 1537 3210 retinendum
1568 3169 1700 3208 cen-

1775 1043 2002 1106 sarium,
2027 1058 2092 1095 .v.
2126 1039 2335 1109 κάμόα,
2358 1034 2792 1092 άίοἰικαῦὅὰδιον
2823 1043 2946 1084 esse
2976 1024 3364 1080 diminutivum

1783 1151 1812 1188 a
1849 1134 2037 1201 κάμσα
2083 1133 2164 1186 vel
2199 1132 2416 1186 κάὅὸαε
2452 1137 2748 1194 utrumque
2777 1124 2924 1176 enim
2970 1117 3177 1173 Graecis
3205 1127 3368 1168 usur-

1779 1227 1917 1298 pari,
1946 1227 2089 1281 sicut
2129 1224 2466 1295 μαμπάριον;
2501 1231 2556 1273 et
2579 1217 2922 1288 μαππάριον,
2953 1210 3283 1278 ταμπὰριην,
3313 1215 3371 1260 et

1776 1320 2109 1388 ταππάριον.
2137 1315 2298 1370 Forte
2324 1315 2537 1368 tandem
2579 1310 2800 1362 exsistet
2831 1306 2924 1375 qui
2953 1317 2982 1356 a
3007 1298 3251 1356 Cubbade
3281 1309 3370 1348 re-

1781 1427 1846 1479 ge
1882 1410 2172 1465 Persarum
2206 1408 2474 1476 originem
2527 1401 2624 1455 τοῦ
2689 1396 2984 1452 καϐϐαδίου
3039 1401 3208 1462 petat,
3245 1397 3370 1442 cum

1783 1477 2112 1552 scarauicuiu
2142 1497 2455 1550 cabbadinm
2491 1503 2544 1548 et
2571 1489 2896 1561 pltaceolium
2936 1485 3005 1566 ab
3033 1481 3278 1551 Assyriis
3306 1492 3335 1530 a
3358 1477 3371 1528 l

1781 1589 2004 1644 Graecos
2029 1590 2301 1651 venerint,
2331 1597 2383 1641 ut
2417 1587 2556 1639 infra
2587 1599 2652 1638 ex
2678 1581 2891 1637 Codino
2919 1579 3200 1632 discemus
3223 1585 3276 1626 c.
3302 1569 3336 1624 6
3359 1584 3374 1631 ;

1782 1681 2070 1753 probabile
2101 1691 2185 1738 est
2236 1678 2460 1732 formari
2515 1674 2809 1729 καεδέιδιον
2863 1687 2893 1724 a
2949 1668 3144 1723 Latino
3182 1676 3372 1729 cappa.

1783 1751 1929 1825 lnl‘ra
1962 1769 2092 1838 quid
2118 1769 2190 1824 sit
2215 1766 2510 1821 καΰϐἀδιον
2545 1764 2857 1833 explicatur
2886 1757 3074 1812 addita
3106 1754 3209 1806 bac
3247 1765 3364 1802 exeo
3447 1751 3465 1763 '

1785 1863 1896 1932 gesi
1919 1861 2214 1917 κιϐὄάδιον
2232 1863 2346 1930 ἠως
2369 1863 2426 1912 τὸ
2451 1860 2634 1911 ἐπάνω
2656 1855 2773 1907 ἐνδυ
2785 1870 2856 1922 μα
2890 1852 3133 1904 πάντων.
3163 1844 3379 1897 Csars.

1866 1953 2156 2027 [Occurret
2179 1967 2574 2019 nonnunquam
2601 1964 2712 2002 uno
2737 1947 2766 2016 β
2791 1935 3378 2002 ιιιίιιωυω,κα6ἁδιον.

1789 2025 1884 2101 vel
1903 2047 2066 2101 etiam
2093 2055 2338 2100 extrema
2387 2041 2590 2113 syllaba
2656 2054 2755 2107 pro
2787 2039 3054 2100 corrupto
3114 2025 3379 2106 loquendi

1792 2157 1895 2193 usu
1930 2147 2268 2200 truncatum,
2297 2134 2513 2189 καὸἀδι.
2543 2130 2684 2199 Quid
2719 2130 2790 2185 sit
2822 2124 3046 2196 exponit
3079 2119 3296 2176 Portius
3321 2118 3376 2170 in

1791 2231 1992 2286 Lexico
2019 2248 2034 2284 :
2060 2229 2256 2284 καὸάδι
2279 2226 2534 2297 τήὸεννα,
2565 2222 2845 2292 τήϐεννος,
2874 2218 3062 2281 σάγος.
3094 2211 3378 2280 Duplicetn

1793 2322 1846 2375 in
1884 2322 2138 2376 familiari
2168 2333 2422 2382 sermone
2445 2315 2733 2370 observavi
2760 2313 3026 2370 tunicam,
3054 2305 3377 2360 interiorem

1791 2431 1842 2474 et
1871 2428 2174 2474 externam.
2205 2412 2369 2484 23o
2391 2411 2483 2463 lllu
2511 2408 2728 2463 brevior
2764 2414 2850 2457 est
2895 2410 2949 2454 et
2976 2414 3133 2454 suras
3164 2393 3376 2454 lambit,

1801 2509 2012 2564 sinibus
2043 2513 2195 2558 caret
2235 2513 2290 2557 et
2317 2503 2501 2568 plicis,
2533 2498 2708 2569 globis
2755 2511 2852 2549 sua
2889 2491 3034 2547 mole
3066 2485 3384 2554 conspiruis

1796 2601 2086 2668 colligatur
2115 2598 2185 2650 ad
2223 2597 2392 2650 imum
2432 2607 2608 2661 usque
2645 2597 2861 2659 pectus,
2914 2599 3113 2654 corpus
3181 2578 3389 2635 astrin-

1797 2693 1895 2762 git,
1935 2702 1988 2745 et
2017 2703 2152 2743 zona
2205 2685 2580 2757 praecingitur,
2632 2681 2736 2737 sub
2773 2694 2881 2749 qua
2927 2689 3151 2729 crurum
3205 2678 3387 2724 motus

1801 2784 1998 2838 limbos
2020 2782 2132 2837 oris
2161 2778 2517 2835 interioribus
2557 2783 2777 2830 assutos
2805 2782 2860 2826 et
2887 2768 3190 2825 subductos
3214 2762 3390 2816 mani-

1800 2878 1980 2932 festat.
2015 2873 2140 2928 [hec
2169 2871 2327 2943 (quze
2354 2871 2680 2938 σκιράνικον
2723 2866 2846 2928 est)
2894 2861 3109 2928 longior
3139 2856 3206 2910 ad
3251 2853 3390 2907 talos

1801 2969 2006 3028 deﬂuit.
2044 2975 2232 3035 aperta
2286 2964 2493 3032 geritur
2537 2969 2590 3014 et
2649 2958 2868 3026 cingulo
2917 2954 3111 3009 libera,
3164 2949 3390 3002 sinuosa

1803 3077 1914 3117 non
1941 3068 2046 3126 est,
2076 3060 2256 3129 priore
2287 3053 2683 3123 Iicetamplior;
2719 3051 2865 3105 unde
2891 3057 2947 3103 et
2985 3045 3275 3102 latioribus
3305 3057 3394 3094 re.

1804 3156 2014 3222 ctisque
2047 3150 2302 3216 manicis,
2335 3148 2381 3202 si
2411 3146 2772 3216 expaud‘atur,
2817 3143 3001 3196 crucis
3033 3140 3261 3193 formam
3293 3150 3392 3187 ex-

154 3265 241 3314 seo,
268 3260 365 3304 tam
395 3250 488 3304 hic
524 3263 695 3317 quam
754 3247 908 3311 alibi,
944 3255 1052 3300 tam
1091 3247 1149 3300 in.
1199 3246 1282 3301 bis
1311 3261 1473 3314 quam
1502 3246 1554 3300 in
1580 3243 1701 3298 aliis
1729 3274 1772 3332 ο
1807 3249 1993 3302 bibet:
2025 3262 2132 3314 qua
2160 3245 2230 3299 de
2265 3257 2427 3297 causa
2464 3237 2814 3294 sacerdotum
2849 3233 3112 3296 tunicam,
3163 3246 3258 3282 seu
3303 3241 3392 3280 se-

155 3339 194 3392 id
217 3356 366 3408 genus
397 3339 711 3402 vocabulis,
748 3337 970 3407 quando
1018 3337 1228 3392 nullum
1284 3337 1535 3408 Latinum
1569 3351 1700 3406 sup-

152 3437 255 3501 prlii
284 3433 417 3500 quod
457 3433 573 3486 vim
633 3431 768 3486 satis
809 3431 1099 3500 exprimat.
1153 3430 1310 3484 F0rte
1362 3430 1695 3484 scaranicttm

153 3533 216 3576 cst
236 3539 262 3577 a
287 3522 467 3590 Sarra,
492 3524 604 3578 hoc
628 3534 713 3577 est
743 3521 905 3586 Tyro.
943 3519 1220 3588 Sidonius,-
1254 3521 1460 3582 vm,6:
1501 3519 1699 3576 Sarra-

153 3614 358 3668 in'teltria
380 3615 545 3683 fucis.
581 3611 684 3668 Ubi
710 3612 918 3666 Savaro
942 3630 956 3666 :
984 3613 1263 3679 Sarranis,
1296 3614 1352 3666 id
1380 3612 1692 3682 est'l‘yriis:

153 3700 295 3770 Tyrus
335 3706 480 3760 enim
537 3706 718 3759 insula
774 3705 929 3773 prius
959 3704 1128 3759 Sarra
1159 3705 1322 3759 dicta.
1380 3703 1601 3758 Servius
1644 3717 1698 3759 et

153 3794 269 3850 Festi
296 3797 690 3864 Epitomastes.
715 3795 868 3850 Unde
891 3795 1190 3850 Sarranum
1212 3807 1411 3849 ostrum
1447 3793 1691 3863 Virgilio.

155 3889 237 3942 Sed
263 3905 325 3944 en
353 3891 568 3944 fulmen
599 3904 632 3944 a
664 3887 947 3944 Glossario
973 3888 1223 3944 (πωροι).
1256 3889 1408 3954 Apud
1436 3886 1697 3940 Cadmum

154 3981 262 4036 male
304 3998 506 4051 semper
560 3982 892 4052 ηαράνικον
939 3982 1134 4050 legitur
1165 3995 1184 4033 :
1241 3981 1457 4033 restitue
1510 3979 1698 4048 ubique

155 4074 537 4140 σκαράμειγκον.
582 4071 1049 4140 Obtemperarem,
1081 4071 1184 4126 nisi
1217 4085 1521 4126 consensus
1561 4085 1697 4127 mss.

153 4162 360 4218 codicum
391 4179 483 4218 me
509 4164 853 4218 retraheret:
891 4177 1015 4215 nam
1049 4177 1222 4230 neque
1265 4160 1461 4216 Junius
1499 4161 1552 4214 in
1582 4162 1702 4216 suis

153 4269 294 4324 neque
321 4270 420 4326 ego
453 4256 510 4310 in
545 4254 826 4310 Bararicis
855 4262 906 4307 et
933 4250 1302 4307 Lautberiano
1351 4254 1455 4309 hoc
1493 4254 1700 4322 σκαράο

154 4364 330 4414 μιγκον
357 4349 693 4416 reperimus.
724 4345 966 4414 Uterque
990 4345 1286 4418 Bavarieus
1325 4347 1544 4415 prafert
1581 4347 1702 4416 qui-

151 4440 246 4492 deut
276 4443 590 4507 σκαράνιον,
627 4438 770 4494 facili
816 4439 966 4507 lapsu
1017 4438 1229 4494 librarii
1264 4455 1297 4491 κ
1345 4439 1650 4496 omittentis
1681 4447 1726 4494 ε’

152 4529 223 4583 sed
255 4532 375 4598 quid
409 4533 714 4600 σκαράνιον
745 4531 812 4584 ad
844 4529 1282 4599 σκαράμαγκονῖ
1310 4530 1516 4589 Csars.

1807 3342 2076 3398 natoriatn
2127 3347 2184 3392 ct
2236 3351 2524 3407 procorum
2573 3329 2879 3403 pmpriam,
2939 3326 3120 3380 laudat
3170 3323 3392 3374 Simeon

1803 3429 2208 3487 Thessalonica
2239 3427 2528 3494 episcopus
2553 3421 2647 3475 lib.
2679 3418 2752 3472 De
2771 3417 3018 3471 Sacram.
3041 3408 3316 3477 εΣταυροῦ
3337 3407 3395 3460 δὲ

1801 3525 1973 3579 τύπον
1991 3524 2176 3591 ἐπέχει
2197 3519 2274 3588 τῷ
2299 3519 2463 3587 μήκει
2487 3515 2580 3568 καὶ
2599 3515 2709 3569 τοῖς
2741 3508 3036 3580 pratulo“.
3096 3501 3278 3556 Ταῦτα
3303 3497 3396 3551 οὖν

1749 3616 1754 3620 ’
1802 3618 1868 3669 τὰ
1903 3616 2094 3683 ἱμάτια
2127 3611 2280 3668 κοινὰ
2311 3611 2464 3671 πᾶσι,
2509 3608 2624 3670 καλ,
2660 3604 2734 3666 ὡς
2772 3600 2959 3670 φασὶν,
2992 3601 3056 3650 ὲκ
3107 3590 3395 3665 βασιλικῆς

1800 3710 2032 3779 δωρεᾶς,
2065 3709 2144 3768 εἰς
2173 3705 2340 3773 τιμὴν
2375 3699 2704 3770 ἱερωσύνης,
2759 3697 2842 3748 ὅτι
2890 3692 2986 3746 καὶ
3033 3682 3395 3756 συγκλητικοὶ

1801 3776 1974 3855 eadem
2003 3797 2296 3852 ἐνδύονται.
2331 3794 2567 3846 Primam
2601 3805 2721 3858 quae
2769 3788 2971 3842 milites
3003 3782 3160 3838 decet
3211 3776 3399 3832 laudnt

1804 3892 2028 3946 Tzetzes
2056 3887 2292 3941 libiliad.
2327 3886 2398 3937 τὶς
2433 3883 2605 3950 Ἕσθη
2620 3899 2694 3948 μα
2729 3879 3000 3934 ἐνυάλιον,
3046 3868 3400 3940 στρατιωτῶν

1803 3978 2212 4051 τὸεῖμα,”οπερ
2240 3976 2480 4046 καὸῥιδης
2497 3973 2716 4039 λέγεται
2743 3970 2849 4022 ἀπὸ
2870 3966 3122 4021 Καὸάδου
3154 3962 3399 4028 Πέρσου.

1805 4077 2008 4131 Verum
2039 4074 2095 4128 in
2137 4073 2401 4126 cabadenr
2429 4068 2573 4121 hunc
2593 4065 2905 4118 Romanum
2948 4069 3138 4125 sagum
3165 4053 3398 4119 degene-

1805 4185 1957 4224 rasse
1985 4151 2235 4222 autumo.
2270 4163 2350 4216 Ab
2383 4158 2622 4230 Assyriis
2654 4155 2718 4209 ad
2767 4153 2976 4208 curiam
3039 4145 3150 4201 (ΣΡ.
3187 4142 3403 4196 transi-

1807 4263 1914 4316 isse
1953 4258 2156 4314 scribet
2190 4262 2380 4309 auctor
2419 4249 2650 4304 inferius
2685 4261 2734 4299 (ι.
2773 4244 2806 4297 6
2857 4243 2923 4296 ad
2971 4239 3210 4301 calcem;
3253 4231 3396 4301 quod

1805 4353 1873 4406 de
1910 4359 2157 4415 externo,
2193 4361 2292 4401 ceu
2328 4359 2357 4398 a
2390 4340 2653 4396 Romanis
2697 4337 2890 4392 usibus
2931 4333 3133 4394 alieno,
3188 4326 3394 4380 dictum
3431 4374 3435 4378 .

1807 4445 2001 4498 lubens
2032 4439 2375 4509 amplector:
2413 4451 2442 4488 a
2481 4448 2649 4500 cappa
2688 4443 2818 4482 vero
2847 4425 3014 4496 (quod
3046 4421 3137 4476 alii
3169 4416 3406 4472 commi-

1806 4531 2139 4598 niscuntur),
2176 4530 2406 4584 barbara
2449 4526 2770 4580 Latinorum
2805 4533 2939 4572 voce
2987 4519 3388 4581 nuncupatum,

205 4621 620 4693 [Σκαμάνικον-
658 4625 794 4676 Cum
829 4624 897 4676 de
948 4622 1042 4675 illo
1084 4621 1423 4692 frequentior
1454 4634 1708 4679 occurret
1739 4627 1782 4682 ι)
1811 4645 1840 4683 a
1871 4629 2043 4683 forma
2077 4623 2348 4694 siquidem
2377 4620 2658 4681 abhorret,
2681 4629 2751 4668 ne
2784 4613 2955 4666 risum
3007 4614 3240 4665 moveat,
3263 4601 3402 4656 ‘nul—

152 4729 318 4778 serum,
359 4717 717 4771 commodius
746 4716 889 4768 infra
935 4706 1328 4770 declarabitur.
1377 4715 1523 4776 Vide,
1561 4717 1705 4772 inte-

152 4807 229 4860 rim
257 4808 504 4875 quartam
559 4809 629 4862 ab
683 4809 784 4861 bac
814 4815 1022 4868 notam.
1049 4810 1137 4861 cui
1170 4808 1360 4861 titulus
1392 4807 1705 4864 καὸὅάδιον.

205 4897 324 4951 Ibid.
352 4898 822 4971 [Χρυσοχοὺιόν.
842 4899 1078 4954 Sensum
1107 4899 1357 4968 percipe:
1379 4914 1480 4953 nec
1513 4900 1728 4956 illitum.

154 4995 301 5054 modo,
342 4993 445 5048 sed
487 5002 546 5048 et
583 5005 722 5047 auro
749 4990 923 5046 solido
951 4991 1204 5045 conﬂatis
1231 4991 1530 5047 monilibus
1559 5006 1713 5046 asse-

154 5098 220 5136 res
244 5087 640 5141 circumfusum
665 5095 720 5140 et
743 5086 1066 5142 distinctum
1087 5085 1330 5152 despotae
1353 5087 1708 5154 σκαράνικονς

152 5175 338 5246 nupta
371 5195 632 5246 namque.
668 5179 764 5248 qui
797 5195 905 5233 non
939 5179 1193 5244 uniones,
1234 5179 1330 5234 sed
1363 5179 1531 5248 lapilli
1583 5186 1711 5232 sunt

153 5272 366 5336 pretiosi,
391 5271 620 5327 nonnisi
642 5286 810 5341 opere
831 5273 1006 5326 solide
1025 5283 1306 5337 concreto,
1331 5273 1490 5337 cujus
1514 5250 1713 5341 ᾆρυσο-

152 5367 250 5428 κῶς
292 5376 378 5442 est
451 5373 671 5430 auctor,
728 5363 932 5418 includi
983 5376 1211 5434 possunt
1247 5373 1300 5419 et
1347 5365 1600 5430 detineri,
1646 5378 1712 5416 ac

152 5453 340 5510 demum
368 5467 620 5512 externae
670 5457 836 5520 vesti,
871 5456 1049 5524 qualis
1083 5456 1416 5526 σκαράνικον
1464 5467 1569 5516 est.
1617 5472 1713 5526 per

153 5546 278 5598 varia
309 5549 488 5616 spatia
513 5548 756 5617 respergi
780 5559 837 5602 et
867 5548 1082 5603 consui.
1114 5546 1584 5618 Santlionysiacus
1612 5563 1711 5602 co-

156 5634 241 5688 dex
269 5640 563 5705 palmarum
602 5638 828 5693 limbum
857 5640 1089 5709 gemmis
1118 5648 1175 5693 et
1206 5637 1428 5707 lapillis,
1456 5654 1516 5692 ut
1547 5654 1711 5708 appa-

160 5735 242 5789 ret,
261 5730 464 5783 varium
494 5730 613 5798 ejus
640 5729 778 5784 vesti
804 5731 1073 5801 appingit.

213 5815 335 5874 Ibid.
371 5821 665 5893 [Λιθάρια.
696 5820 831 5876 Vide
875 5824 1270 5889 degenerantes
1314 5820 1369 5876 in
1402 5822 1710 5878 barbariem

156 5922 296 5966 totes
328 5913 449 5981 bas,
505 5914 742 5986 itth'tpt-a,
803 5915 1238 5986 μαργαριτάρια,
1274 5925 1350 5980 et,
1395 5915 1460 5971 de
1508 5917 1710 5987 quibus

1809 4723 1897 4776 lus
1929 4719 2178 4773 aliirmet.
2203 4711 2403 4784 Ceam]

1881 4811 2190 4866 Καὸὁάδιον
2225 4808 2466 4876 despotic
2493 4812 2578 4858 est
2605 4801 2720 4864 ὀξύ.
2755 4797 2823 4854 Ut
2846 4793 3118 4862 intelligas
3148 4787 3279 4858 quid
3328 4785 3403 4840 sit

1812 4903 1964 4958 color
1995 4901 2142 4964 ὀξὺς.
2171 4899 2294 4952 audi
2329 4896 2458 4966 quid
2486 4893 2845 4949 Casaubonus
2875 4901 2940 4942 ex
2977 4881 3233 4936 Turnebo
3267 4876 3404 4931 scri-

1811 4993 1902 5048 bat
1943 4993 2009 5047 nd
2061 4991 2192 5046 illud
2253 4986 2505 5043 Trebellii
2561 4980 2875 5039 Pollionis:
2911 4971 3232 5042 Cltlatmyder
3285 4967 3396 5022 veri

1813 5086 2025 5140 luminis
2058 5083 2311 5137 limbataa
2347 5081 2505 5134 duas.
2540 5077 2748 5132 Lumen
2777 5088 2886 5126 non
2921 5079 3008 5126 est
3051 5063 3256 5121 coloris
3307 5077 3406 5116 no-

1814 5196 1961 5242 men,
1990 5178 2082 5231 sed
2109 5176 2360 5236 allectus,
2395 5175 2488 5240 qui
2516 5168 2768 5239 sequitur
2797 5166 3012 5219 colores
3045 5158 3401 5214 intensiores.

1815 5269 2125 5337 Purpuram
2158 5266 2271 5319 veri
2303 5264 2528 5317 luminis
2549 5259 2783 5330 appellat
2817 5256 3023 5310 clarum
3048 5245 3404 5319 Lampridius

1814 5362 1869 5415 in
1907 5353 2265 5424 Diad'unieno,
2303 5357 2355 5409 in
2411 5354 2724 5408 Alexandro
2779 5349 2986 5404 Severo
3015 5343 3397 5398 clarissimam.

1815 5451 2087 5522 Vopiscus
2150 5452 2204 5504 in
2245 5449 2450 5503 Carino
2487 5448 2670 5501 lumen
2727 5457 2985 5512 purpurae
3015 5434 3253 5507 eleganti
3287 5447 3406 5487 ver-

1815 5549 1883 5598 bo
1917 5543 2210 5613 expressit,
2251 5547 2372 5595 cum
2428 5540 2596 5592 lineas
2636 5537 2888 5589 micantes
2941 5545 3182 5599 purpura
3233 5525 3397 5580 dixit.

1813 5634 1988 5690 Graeci
2025 5635 2119 5705 qui
2162 5635 2356 5705 purius
2389 5619 2551 5685 locuti
2576 5636 2724 5691 sum,
2779 5625 2892 5678 veri
2935 5619 3160 5676 luminis
3187 5617 3404 5672 colores

1818 5730 2004 5784 dicunt
2040 5728 2202 5794 ὀξεῖς,
2229 5724 2506 5795 posterior
2543 5730 2676 5776 aetas
2726 5715 3038 5787 ἀληθινούς,
3075 5710 3219 5766 unde
3255 5708 3402 5760 obti-

1815 5821 1935 5874 nuit
1967 5829 2025 5874 ut
2059 5819 2286 5887 ἀληθινὰ
2313 5815 2723 5886 appellarentur
2749 5809 2932 5862 onmia
2967 5815 3242 5874 purpurea
3272 5813 3398 5867 pro-

1816 5924 1936 5984 pter
1969 5915 2337 5984 praestantiam
2371 5910 2516 5966 sacri
2549 5905 2796 5963 muricis.
2827 5901 2982 5971 Apud
3011 5898 3400 5952 Balsamoncm.
