3936 6624
512 447 623 509 255

1624 458 1705 517 ΙΝ
1748 458 2055 519 LIBRUM
2089 459 2187 521 DE
2225 461 2554 525 OFFlCIlS
2590 465 2698 525 ΕΡ.

3645 468 3766 531 €56

509 565 563 617 in
592 563 910 618 Photianum
949 564 1385 622 Nomocanonem
1422 570 1589 625 habes
1622 571 1848 641 ἀληθινὰ
1881 572 2077 639 ὑποεή-
2105 576 2148 632 Δ
2182 564 2372 647 paveo;
2400 579 2573 643 color,
2614 579 2710 635 sed
2742 580 2975 647 medius,
3029 581 3126 651 qui
3160 581 3457 638 subvirtdis
3484 593 3541 639 et
3600 586 3766 652 porr:

512 674 676 724 ματα,
710 656 1062 711 calceamenta
1085 674 1350 727 purpurea
1380 672 1429 715 et
1468 665 1574 716 veri
1602 663 1837 720 luminis.
1863 664 1929 716 de
1950 664 2076 732 qui-

508 746 609 798 bus
639 744 802 797 etiam
835 744 1103 816 Curippus
1136 749 1281 803 laud.
1315 749 1507 804 Justini
1546 768 1608 811 ιι.
1641 752 1763 807 104.
1799 752 2006 806 an'rs.

575 834 636 888 P.
668 837 753 891 14.
775 836 1000 908 [lterum
1025 839 1161 894 falso
1182 843 1286 895 reri
1302 843 1519 897 luminis
1547 845 2078 913 sivesplendidissimi

506 929 714 984 ruboris
748 933 872 987 fuco
925 934 1094 990 dictio
1122 938 1248 1001 ὀξύς
1287 940 1547 995 inficitur.
1594 940 1744 996 itane
1769 958 1912 997 unus
1935 942 2077 997 dua-

502 1036 624 1075 rum
661 1021 987 1092 dictionum,
1028 1032 1226 1099 quasf)
1285 1033 1550 1100 particula
1605 1034 1934 1104 disiunctiva
1989 1035 2076 1090 di-

502 1113 809 1178 scriminat,
850 1117 1125 1187 colligitur
1151 1123 1391 1176 sensus?
1417 1124 1511 1192 qui
1562 1126 1896 1193 pertinacius
1927 1141 2075 1181 asse-

505 1208 701 1270 ruerit,
744 1208 955 1263 colores
990 1210 1137 1279 ipsos
1192 1214 1469 1283 inspiciat.
1508 1217 1564 1271 ln
1613 1234 1714 1272 ms.
1750 1218 1952 1273 Tiliani
2007 1218 2076 1272 li-

504 1297 650 1351 mine
688 1299 1043 1368 imperatoris
1097 1304 1297 1375 efﬁgies
1344 1309 1567 1362 rubrum
1616 1320 1855 1363 ostentat
1907 1312 2076 1365 vesti-

505 1401 769 1455 mentum,
831 1393 883 1446 in
917 1394 1348 1467 Sandionysiaco
1400 1401 1719 1455 violaeeum.
1774 1402 2077 1472 Utrobique

501 1481 745 1549 ejusdem
801 1494 882 1539 est
942 1487 1223 1557 principis,
1257 1489 1521 1547 Manuelis
1560 1492 1857 1549 nimirum:
1902 1496 2087 1551 viola-

414 1656 417 1659 ἰ
504 1587 663 1627 ccum
697 1576 879 1643 itaque
906 1579 1049 1632 sicut
1079 1592 1134 1634 et
1164 1598 1497 1652 purpureum
1526 1586 1631 1641 sibi
1664 1587 2078 1656 assumitimpe—

504 1675 676 1720 rator.
738 1669 814 1720 [At
841 1662 1099 1739 despotze',
1134 1676 1198 1728 de
1235 1691 1345 1745 quo
1399 1694 1603 1741 sermo,
1634 1689 1689 1734 et
1723 1679 2075 1749 imperatoris

502 1760 809 1815 communis
844 1773 931 1818 est
982 1766 1203 1821 eabadis
1250 1777 1496 1833 ornatus,
1543 1771 1603 1823 τδ
1657 1770 1850 1841 ροὖχον
1908 1771 2074 1825 αὑτοῦ

2185 667 2318 722 folio
2350 668 2569 733 similis,
2604 670 2860 739 prasinus
2883 678 2940 727 et
2969 671 3216 742 glaucus,
3242 682 3353 727 νει-ε
3384 674 3451 726 de
3498 688 3640 725 mer.
3682 672 3767 723 Ita

2185 775 2269 812 me
2303 775 2437 814 usus
2462 770 2517 815 et
2540 770 2663 815 cum
2687 763 2983 832 baphiariis
3008 763 3211 818 Graecis
3244 763 3580 833 colloquium
3611 763 3761 817 edo-

2184 848 2317 903 cuit.
2350 848 2489 906 Hinc
2517 854 2642 923 quia
2684 853 2735 907 in
2770 864 3064 923 utrumque
3090 854 3348 919 declinat,
3382 855 3579 909 scribit
3637 868 3765 907 uno

2180 942 2300 997 loco
2325 943 2512 999 Simon
2567 944 2822 1000 Portius:
2856 944 3087 1001 Glaucus
3132 945 3418 1014 πράσινος,
3479 943 3768 1012 γλαυκός,

2180 1033 2235 1087 in
2262 1033 2369 1088 alio
2398 1035 2653 1104 γερανιδς
2686 1035 2964 1105 (corrupta
3000 1036 3373 1105 pronuntlatio
3424 1045 3533 1099 est,
3578 1032 3772 1102 ἡερά-

2177 1143 2298 1191 vso;
2325 1127 2466 1194 vice)
2500 1128 2749 1191 κυάνεος,
2786 1128 3055 1195 γλαυκὸςε
3086 1129 3295 1192 ccsitts,
3326 1142 3579 1197 cyaneus,
3602 1141 3775 1180 ceuc-

2183 1230 2265 1275 ιιι
2293 1220 2459 1275 color.
2493 1221 2568 1276 De
2601 1222 2803 1293 glauco
2826 1230 2880 1276 et
2909 1222 3071 1277 caesio
3096 1222 3282 1277 colore
3313 1220 3449 1275 ulva:
3480 1220 3771 1287 salicique

2178 1312 2439 1380 persimili
2498 1313 2769 1368 Antonius
2824 1314 3113 1384 Thylesins
3168 1312 3373 1366 Lazaro
3427 1311 3599 1365 Baiﬂo
3662 1310 3769 1363 ad-

2174 1402 2394 1502 jgnctns
2420 1420 2435 1467 ;
2465 1402 2534 1471 de
2574 1413 2791 1466 veneto,
2848 1418 3008 1471 quem
3061 1402 3355 1471 Hispanice
3388 1400 3543 1455 md:
3572 1400 3645 1452 de
3710 1399 3771 1452 la

2179 1494 2297 1546 niar
2332 1494 2573 1562 exponit,
2600 1494 2909 1560 Calepinus.
3224 1556 3227 1561 η

2248 1584 2333 1639 Ib.
2370 1583 2656 1656 [Τιμήσας
2708 1582 3283 1653 σεϐαστοκράτορας.
3343 1581 3418 1638 De
3453 1597 3567 1652 quo
3638 1582 3771 1651 ipse

2175 1677 2610 1744 Cantacuzenns,
2640 1693 2714 1743 tv,
2744 1680 2799 1734 5.

2248 1767 2332 1822 Ib.
2362 1769 2654 1842 [Ἔχογτα
2682 1770 2895 1835 ἀετοὺς
2923 1766 3391 1836 συρματεΐνους.
3410 1765 3599 1821 Talem
3650 1764 3730 1819 de
3748 1795 3762 1802 -

497 1851 688 1924 ὥσπερ
718 1856 811 1907 καὶ
844 1857 901 1909 τὸ
929 1858 1242 1927 βασιλικόνε
1293 1862 1366 1915 ita
1400 1879 1575 1932 nuper
1604 1873 1815 1918 auctor.
1844 1862 2071 1920 Joannis

2195 1862 2349 1932 iingit
2408 1863 2698 1931 Gregoras,
2729 1877 2805 1926 tv,
2834 1862 2883 1922 l,
2920 1862 2984 1914 in
3009 1859 3168 1928 cujus
3221 1859 3442 1921 κυανοῖς
3505 1857 3770 1920 πεδίλοις

497 1947 715 2018 eo'legae
737 1958 930 2018 praeter
951 1952 1064 2007 haec
1090 1952 1311 2023 efﬁgies,
1342 1956 1481 2010 sicut
1505 1966 1560 2010 et
1583 1967 1806 2025 paterna
1846 1956 2065 2012 Manne-

2195 1954 2273 2006 ιαὶ
2294 1956 2617 2021 χρυσοϋφεῖς
2640 1954 2997 2023 ὲνηρμόζοντο
3018 1952 3183 2006 ἀετοί.
3466 1992 3473 2001 ι
3662 1948 3667 1951 ’

496 2037 565 2093 lis
597 2039 973 2109 imperatoris.
1001 2044 1087 2097 cui
1122 2052 1282 2108 astat,
1322 2047 1621 2102 violaceam
1645 2056 1848 2103 vestem
1878 2056 2070 2104 osten-

498 2140 573 2182 tat
603 2130 655 2182 in
679 2129 895 2185 laudato
928 2131 986 2188 S.
1025 2133 1264 2204 Dionysii
1300 2151 1403 2190 ms.
1426 2135 1570 2205 Ergo
1598 2138 1835 2206 despotte
1858 2137 2069 2190 κασὸάο

494 2220 605 2273 διον
634 2220 725 2285 ὀξὺ
761 2222 1040 2295 ἢὲρυϐρῦν
1066 2244 1078 2280 :
1112 2226 1373 2292 Cabades,
1406 2228 1652 2296 inquam,
1685 2228 1950 2282 violaceus
1974 2239 2069 2281 aut

496 2326 816 2380 purpureus.
1647 2324 1655 2331 ’

562 2404 647 2459 Ib.
684 2403 704 2471 Ῐ
716 2407 824 2461 Τοῦ
876 2408 1175 2477 Καίσαρος
1205 2410 1305 2480 ἐπὶ
1350 2410 1469 2464 τῶν
1528 2411 1749 2478 ἑορτῶν
1796 2411 2067 2480 ζητεῖται.

495 2494 786 2567 ῐῖιιρονίιιιι·
822 2500 913 2555 ille
943 2502 1178 2558 Caesaris
1240 2503 1454 2560 habitus
1506 2519 1535 2554 a
1580 2504 1753 2559 Barda
1811 2506 1865 2558 in
1900 2505 2071 2574 publi-

494 2605 559 2643 co
615 2592 958 2661 solemnique
1008 2610 1268 2664 processu
1310 2596 1377 2651 ad
1443 2597 1731 2651 ecclesiam
1789 2597 1878 2651 die
1931 2596 2069 2651 festo

496 2692 740 2747 gestatus
767 2686 907 2753 apud
957 2685 1193 2740 Leonem
1230 2687 1662 2763 Grammaticum
1698 2690 1751 2743 in
1806 2688 2071 2745 Michaele

496 2771 785 2844 Theophili
817 2777 903 2832 F.:
929 2779 1105 2849 Βάρδα
1133 2779 1188 2831 δὲ
1225 2780 1318 2832 τοῦ
1370 2782 1648 2851 Καίσαρος
1679 2782 1737 2835 ὲν
1787 2784 1854 2850 τῇ
1907 2798 2071 2851 προεο

494 2867 676 2921 λεύσει
709 2868 1057 2940 διερχομένου
1090 2871 1231 2940 μετὰ
1295 2872 1713 2942 σκαριμαγγῑου
1744 2872 1915 2937 ὀξέος.
1975 2873 2072 2928 Est

506 2975 635 3013 vero
668 2963 1084 3031 σκαραμάγγιον
1104 2963 1290 3017 tunica
1322 2963 1539 3018 Persica
1562 2979 1699 3018 auro
1727 2963 1948 3026 intexta,
1977 2978 2069 3018 ea-

496 3053 617 3105 dem
652 3068 777 3108 cum
815 3058 1123 3117 scaranico.
1156 3056 1219 3110 de
1251 3071 1361 3124 quo
1404 3056 1634 3111 inferius
1672 3064 1885 3111 auctor.
1918 3054 2069 3125 Sug-

497 3147 635 3213 gerit
690 3155 973 3215 propterea
1004 3147 1203 3202 (ἐκδατί
1244 3148 1418 3211 eidem
1470 3147 1788 3204 Philotheus
1823 3149 2068 3204 amicus:

497 3342 593 3378 σου
623 3327 961 3395 χιτωνίσκον,
993 3329 1085 3381 καὶ
1118 3328 1312 3398 δφθητι
1353 3330 1466 3391 τοῖς
1514 3328 1730 3398 ἐχθροῖς
1762 3346 1897 3383 σου.
1938 3328 2072 3381 Ἀπὸ

496 3417 790 3487 προσώπου
824 3437 916 3472 σου
950 3420 1257 3489 φεύξονται.
1292 3419 1399 3474 Τοῦ
1432 3420 1586 3491 ἡλίου
1618 3421 1673 3473 δὲ
1696 3421 2075 3484 ἀνατείλαντος

498 3504 649 3578 ἵππῳ
676 3509 869 3573 ἐπιϐὰς
904 3511 1237 3579 παρεγένετο
1268 3509 1404 3579 πρὸς
1425 3510 1522 3580 τὴν
1550 3510 1750 3581 κόρτην
1778 3509 1872 3565 τοῦ
1924 3509 2078 3580 βασιο

497 3599 637 3660 λέως
655 3600 792 3669 μετὰ
816 3600 1006 3670 στολῆς
1023 3600 1305 3672 λαμπρᾶς.
1346 3601 1543 3656 Vocem
1580 3602 1750 3673 κόρτη
1780 3602 2075 3657 tentorium

501 3692 589 3746 hic
629 3692 872 3747 indicare
901 3692 1400 3748 demonstrabimus
1425 3692 1577 3747 alibi.

568 3784 726 3854 231
766 3784 908 3840 Ῐδίά.
951 3783 1023 3857 [Γ
1026 3783 1285 3853 αμόρῶν.
1314 3783 1431 3838 Νοη
1489 3799 1706 3854 generos
1755 3783 1940 3847 modo,
1979 3774 2075 3840 sed
2120 3798 2129 3809 -

499 3888 554 3933 et
581 3878 769 3933 leniros
803 3886 855 3931 et
888 3892 1114 3931 uxorum
1156 3876 1377 3945 fratres,
1412 3870 1507 3946 qui
1542 3885 1596 3929 et
1630 3875 1987 3945 ἁνδράδελφοι
2024 3883 2081 3930 et

502 3970 955 4039 γυναικάδελφοι,
991 3969 1166 4025 ϐινεεεί
1214 3979 1415 4025 vocant
1467 3967 1777 4039 γαμϐρούς.
1841 3967 2081 4022 Monittts

499 4060 667 4115 semel
700 4071 953 4114 sexcenta
994 4060 1230 4129 reperiet
1266 4058 1411 4129 apud
1443 4073 1635 4114 eorum
1691 4057 1985 4113 historicos
2025 4067 2079 4112 et

498 4152 928 4222 iurisconsultos
966 4151 1303 4207 testimonia.
1402 4198 1405 4205 .
2062 4130 2079 4143 ’

571 4243 631 4297 Ρ.
686 4243 775 4297 15.
806 4242 1315 4315 [Χρυσοκόκκινα.
1344 4242 1490 4296 Auro
1517 4240 1776 4295 nimirum
1804 4239 2082 4308 rubroque

499 4334 681 4385 serico
711 4334 994 4396 dis'incta,
1028 4335 1145 4389 sive
1176 4331 1340 4388 simul
1366 4341 1513 4387 texta
1537 4332 1651 4387 sive
1680 4344 1782 4385 acu
1810 4328 2076 4400 pingente

499 4424 704 4478 addita.
725 4423 922 4495 Cum]

573 4513 715 4568 Ibid.
747 4513 885 4570 Nota
919 4531 1116 4573 cruces
1170 4516 1224 4570 in
1258 4515 1416 4585 pileis
1462 4530 1786 4586 generorum
1839 4516 2074 4587 impera-

503 4604 789 4668 toriorum,
806 4606 1093 4675 etquidem
1118 4623 1226 4661 nun
1242 4623 1304 4661 ex
1330 4609 1696 4676 qualicunque
1714 4607 1959 4674 materia,
1978 4606 2074 4662 sed

502 4713 568 4752 ex
633 4699 945 4767 margaritis
967 4699 1266 4755 confectas.
1301 4698 1368 4755 Ut
1393 4700 1571 4771 placet
1600 4700 1688 4756 hic
1709 4715 1832 4756 mus
1864 4698 2075 4755 nostris

502 4792 906 4847 stauromachis
933 4792 957 4847 ἲ
991 4792 1198 4848 ϐαι-ιτς.

588 4880 815 4953 [Cruces
838 4884 1087 4954 quinque
1110 4883 1331 4940 circiter
1360 4882 1590 4954 gemmis
1620 4882 1906 4949 conﬂatas,
1936 4892 1991 4944 et
2011 4885 2079 4942 ad

508 4974 700 5029 circuli
759 4975 965 5045 (qualis
998 4984 1055 5030 et
1102 4976 1382 5031 Gallorum
1426 4974 1714 5043 comitum)
1756 4985 1931 5049 caput
1960 4991 2078 5031 am-

508 5067 708 5122 bientis
726 5079 965 5136 quatuor
980 5078 1187 5137 partes,
1223 5068 1458 5123 frontem
1480 5067 1767 5132 nimirum,
1784 5076 2077 5137 utramque

505 5172 691 5213 aurem
723 5168 777 5213 et
797 5160 1034 5228 occiput.
1063 5159 1509 5229 circumpositas.

422 5240 433 5249 ’
571 5248 654 5304 Ib.
684 5248 1216 5321 [Fbpovq.Ta:ttiatn
1242 5251 1477 5321 intellige
1497 5251 1729 5307 frontem
1752 5252 2084 5308 circumcin-

504 5350 745 5410 gentem,
769 5357 944 5411 nuper
974 5343 1243 5398 circulum
1271 5342 1495 5405 dictam.
1527 5354 1582 5398 et
1604 5412 1609 5417 η
1630 5360 1741 5398 (πω
1770 5344 1893 5413 pilei
1917 5344 2081 5414 junc-

506 5440 639 5495 tam,
675 5432 791 5487 sive
821 5432 898 5487 illi
933 5434 1150 5502 penitus
1204 5433 1596 5503 agglutinetur,
1658 5434 1773 5488 sive
1803 5449 1867 5487 ex
1927 5442 2081 5502 parte

506 5524 772 5591 superiori
861 5526 1111 5580 nonnihil
1172 5525 1475 5591 dissideat;
1560 5541 1725 5596 quam
1784 5534 2101 5595 pr0pterea,

506 5614 777 5683 Gregoras
800 5616 838 5671 Ι.
866 5634 919 5683 ν,
945 5618 1088 5671 κατὰ
1111 5619 1212 5687 τὴν
1239 5619 1390 5671 κάτω
1418 5618 1514 5672 καὶ
1537 5618 1726 5688 κοίλην
1750 5618 2087 5685 ἐπιφάνειαν

508 5710 805 5763 κυκλίσκον
830 5710 1153 5781 χρυσοειδέα
1182 5719 1357 5765 vocat.
1384 5708 1519 5765 Vide
1546 5720 1729 5765 notam
1760 5709 1812 5785 in
1842 5722 2082 5779 sequens

510 5811 673 5871 caput
699 5802 764 5855 ad
796 5817 851 5871 p.
883 5801 969 5857 l9.

580 5894 660 5947 Ib.
695 5894 1205 5965 [‘Ilspdrsaa.-Nec
1238 5896 1503 5955 caeruleus
1533 5910 1629 5951 nec
1659 5893 1849 5950 viridis
1876 5903 1960 5951 est
1992 5894 2083 5963 ὴεο

2246 2043 2329 2099 Ib.
2360 2042 2487 2116 [Εἰς
2521 2045 2669 2113 ἀέρα
2688 2043 3093 2099 κόκκινον-,ηε
3125 2052 3183 2097 ιιι
3214 2042 3267 2096 ἱη
3292 2042 3455 2111 plano
3485 2055 3583 2097 seu
3621 2054 3769 2094 scu-

2178 2136 2292 2191 tulo
2324 2136 2492 2190 rubeo
2522 2151 2701 2191 aurea:
2722 2135 2950 2205 depictas
2982 2134 3159 2188 forent
3193 2133 3411 2202 aquilae,
3442 2148 3564 2201 quas
3595 2131 3771 2186 dein-

2175 2239 2306 2295 ceps
2333 2226 2537 2295 glaucis
2582 2224 2779 2279 calceis
2838 2233 3232 2287 assuerentnr;
3296 2233 3352 2276 et
3404 2221 3573 2276 dictio
3638 2221 3767 2289 ἀήρ

2107 2382 2111 2385 Α
2177 2318 2320 2373 idem
2347 2318 2436 2371 hic
2466 2316 2669 2371 indicet
2690 2315 2835 2386 quod
2870 2317 2923 2369 in
2948 2314 3329 2383 superioribus
3355 2314 3581 2383 κάμπος
3640 2313 3769 2383 ἧως

2177 2410 2388 2472 πεδίον,
2418 2407 2580 2474 panni
2612 2406 3038 2461 versicoloribus
3070 2402 3258 2472 ﬁguris
3285 2402 3526 2472 insigniti
3565 2401 3771 2469 plani-

2178 2502 2295 2565 ties,
2328 2500 2375 2554 le
2408 2500 2533 2568 fond
2580 2498 2735 2551 d‘une
2787 2497 3022 2550 brodert'e
3064 2511 3132 2548 ou
3160 2494 3317 2548 d‘une
3367 2492 3547 2560 esto/7's
3574 2492 3613 2545 ἃ
3664 2508 3767 2544 ra-

2177 2580 2348 2660 n'iage,
2380 2566 2415 2645 at
2444 2566 2608 2659 figura
2642 2590 2695 2643 in
2733 2588 3005 2642 umbonem
3060 2585 3334 2638 desinente
3382 2583 3605 2652 penitus
3669 2581 3765 2635 di-

2178 2684 2394 2739 stincta.
2416 2679 2614 2752 Goan.]
2992 2732 3001 2741 ν

2249 2774 2332 2831 Ib.
2360 2774 2556 2829 Junius
2584 2773 2779 2837 κῶνος,
2825 2785 2925 2840 ego
2974 2769 3177 2838 ὁμοίως
3235 2758 3300 2822 es
3360 2763 3577 2819 duobus
3640 2761 3759 2816 Ba-

2179 2870 2373 2924 varicis
2400 2868 2682 2922 codicibus
2707 2883 2721 2922 :
2758 2881 2878 2934 qure
2908 2865 3175 2932 scriptura
3202 2875 3455 2931 germana
3486 2865 3597 2913 est.

2250 2961 2334 3017 Ib.
2371 2960 2718 3029 Χαρτάριον,
2796 2956 3045 3024 χαρτίον
3091 2954 3356 3009 scutulam
3397 2951 3761 3022 quadratum.

2177 3053 2371 3110 Junius
2399 3055 2555 3107 vertit
2590 3051 2908 3122 quadrarias
2936 3058 3179 3109 tesseras,
3212 3048 3395 3115 aitque
3420 3054 3759 3113 corruptum

2178 3162 2240 3200 ex
2276 3146 2459 3200 Italico
2489 3156 2541 3198 et
2567 3144 2776 3199 Gallico
2804 3143 3080 3209 quarliers.
3118 3139 3319 3192 εἴκετε.

350 3260 385 3295 κ,
496 3236 717 3307 Αὔριον,
752 3233 796 3290 ὦ
842 3239 1101 3301 δέσποτα,
1154 3239 1449 3309 περισαλοῦ
1491 3240 1583 3293 τὸν
1638 3238 2074 3311 χρυσοπερσικόν

2255 3224 2566 3309 [Χαρτάρια
2611 3234 2818 3289 scutula
2848 3245 3005 3301 posse
3057 3229 3166 3283 dici
3225 3227 3415 3297 probo,
3477 3224 3764 3294 quadrata

2172 3331 2373 3400 jngiter
2433 3329 2655 3382 infitior.
2694 3326 2998 3394 Χαρτάριον
3051 3322 3195 3376 enim
3248 3322 3457 3374 brattea
3496 3327 3609 3381 εει,
3679 3318 3767 3369 ια-

2177 3424 2347 3486 mina,
2388 3419 2655 3476 scutulum
2695 3430 3025 3488 quacunque
3083 3413 3255 3483 figura
3316 3408 3759 3471 confqrmattrm,

2178 3514 2336 3569 alteri
2366 3514 2443 3567 rei
2473 3522 2701 3566 ornatus
2732 3524 2861 3580 ergo
2893 3503 3391 3577 superponendum.
3428 3497 3635 3570 ϐολιιά

2249 3604 2463 3661 Charta!
2484 3604 2742 3672 plumbea:
2774 3600 2917 3670 apud
2950 3597 3298 3653 Anastasium
3350 3594 3404 3646 in
3442 3591 3644 3663 Sergio
3704 3601 3766 3647 et

2178 3696 2441 3765 Gregorio
2465 3694 2530 3769 [ll
2563 3702 2691 3751 sunt
2739 3692 2932 3763 tegula:
2966 3690 3253 3760 plumbeae,
3282 3686 3482 3758 quibus
3514 3684 3764 3738 adificia

2180 3794 2344 3842 tecta.
2365 3768 2555 3853 Itaque
2583 3783 2718 3838 nihil
2749 3781 2815 3835 ad
2840 3781 3139 3851 χαρτάριον
3172 3787 3227 3833 et
3251 3778 3473 3848 χαρτίον
3496 3784 3763 3830 nostrum

2180 3879 2359 3934 facere
2387 3876 2655 3932 videntur.
2687 3875 2807 3929 Mox
2850 3874 2967 3944 lego
3000 3888 3122 3927 cum
3165 3872 3288 3926 cod.
3334 3869 3496 3924 Boico
3542 3867 3767 3934 disiun-

2180 3975 2306 4029 ctim
2346 3971 2484 4041 μετὰ
2516 3969 2715 4040 ῥαφὴν.
2744 3968 2801 4022 In
2843 3967 3011 4021 altero
3048 3973 3133 4018 est
3168 3963 3557 4032 καταγραφήν.
3589 3960 3771 4014 Forte

2182 4067 2272 4123 hic
2295 4066 2457 4121 etiam
2486 4062 2798 4132 disjunctim
2829 4060 2971 4112 κατὰ
2997 4056 3218 4129 γραφήν
3240 4052 3592 4129 scribendum
3627 4052 3763 4115 erit,

2182 4160 2227 4214 si
2252 4155 2388 4211 forte
2407 4155 2494 4211 cui
2518 4154 2687 4223 magis
2708 4152 2919 4222 placeat
2939 4149 3125 4220 γραφή
3149 4161 3313 4217 quam
3335 4145 3508 4215 ραφή.
3543 4143 3763 4197 Gne'rs.

2256 4251 2397 4306 Ibid.
2430 4248 2613 4321 [Κατὰ
2640 4245 2864 4315 ραφήν.
2896 4243 3081 4299 Lectio
3136 4249 3217 4295 tot
3244 4240 3298 4293 in
3348 4236 3768 4304 exemplaribus

2185 4345 2325 4399 inter
2352 4358 2413 4398 se
2441 4340 2655 4395 collatis
2679 4345 2889 4408 reperta
2918 4333 3198 4391 retinenda
3225 4349 3239 4386 :
3275 4329 3486 4385 suturis
3514 4342 3766 4396 namque

2183 4437 2331 4491 velut
2355 4433 2754 4490 deformitatem
2785 4443 2967 4484 secum
2997 4424 3300 4482 ferentibus
3359 4429 3595 4476 ornatus
3626 4419 3764 4473 addi

2185 4527 2488 4585 consuevit.

2248 4615 2580 4691 2321054-
2614 4610 3078 4688 [τετράστυλον.
3139 4604 3367 4661 Videtur
3409 4616 3533 4656 esse
3582 4615 3769 4669 augu-

2178 4715 2316 4772 stius
2342 4722 2396 4768 et
2414 4706 2666 4766 ornatius
2697 4703 2915 4774 aliquod
2944 4695 3323 4770 fastigium,ad
3348 4693 3586 4762 aliquam
3618 4692 3769 4746 aulm

2189 4805 2377 4877 palatii
2410 4811 2618 4872 partem
2663 4806 2902 4869 quatuor
2936 4790 3209 4848 columnis
3246 4788 3301 4843 in
3357 4784 3595 4877 sublime
3623 4797 3762 4837 ere-

2179 4876 2349 4960 ctum,
2374 4896 2445 4948 ad
2473 4890 2643 4961 quod,
2675 4888 2766 4959 qui
2795 4888 3006 4957 equites
3044 4882 3223 4938 aulam
3254 4895 3322 4933 ex
3352 4876 3639 4948 privilegio
3666 4888 3769 4943 pe-

2180 5001 2393 5043 netrare
2420 4989 2688 5053 poterant,
2709 4979 2866 5049 equis
2892 4977 2946 5032 in
2966 4986 3164 5031 terram
3196 4987 3256 5029 se
3282 4969 3566 5026 demittere
3588 4964 3768 5053 regite

2179 5052 2482 5145 maiestatis
2522 5069 2766 5127 colendae
2820 5067 2990 5138 gratia
3030 5060 3517 5133 compellebantur.
3553 5052 3766 5122 Goan.|

2251 5144 2338 5221 Ib.
2368 5165 2508 5233 Lege
2564 5160 2787 5226 πεζεύει
2820 5159 3046 5212 κάκεῖσε
3072 5153 3194 5209 κατ’
3228 5148 3522 5217 ἀναλογίαν
3544 5144 3643 5200 τοῦ
3670 5147 3771 5198 τό·

2181 5277 2287 5314 που
2332 5253 2724 5326 τετραστύλου.
2775 5249 3036 5305 Ambulat
3103 5252 3159 5300 et
3202 5243 3330 5297 illuc
3363 5241 3435 5296 ob
3488 5239 3765 5293 rationem

2181 5358 2401 5421 propter
2431 5361 2595 5417 quam
2626 5342 2692 5397 ad
2712 5338 3071 5408 Tetrastylum
3090 5335 3334 5392 ambulat
3361 5331 3661 5398 ;nimirum
3695 5330 3769 5383 ob

2182 5442 2444 5497 honorem
2471 5433 2840 5505 imperatoris.
2870 5431 2963 5501 qui
2994 5430 3105 5485 illic
3130 5441 3371 5497 praesens
3400 5433 3503 5479 est.
3540 5423 3763 5476 Gnn'rs.

2255 5533 2315 5586 P.
2343 5531 2428 5587 16.
2455 5528 2593 5600 [Τοῦ
2615 5524 2996 5593 κοπριτῳίου
3013 5518 3237 5574 καὶτοῦ
3256 5514 3454 5570 ἐπάνω
3473 5506 3763 5566 crassator).

2185 5624 2597 5695 Ephippiarium
2627 5617 2931 5687 stragulum
2958 5624 3012 5668 et
3038 5612 3183 5667 aliud
3216 5609 3470 5679 superius
3500 5615 3764 5695 tegumen
3852 5684 3857 5689 _

2184 5691 2580 5771 sunt-diversa,
2613 5706 2755 5775 quod
2793 5720 2962 5759 unum
2998 5716 3194 5771 nempe
3226 5698 3401 5767 majus
3426 5697 3627 5758 altero,
3678 5691 3768 5746 vel

2186 5819 2356 5860 unum
2386 5802 2534 5871 pacis
2563 5808 2809 5868 tempore
2836 5792 3341 5857 sitornamentum,
3364 5786 3507 5843 aliud
3534 5788 3589 5841 in
3621 5785 3770 5841 bello

2188 5896 2260 5951 sit
2284 5893 2410 5964 equi
2445 5890 2746 5946 munimen.
