3936 6596
148 432 223 493 257

1140 417 1533 482 causam
1570 396 1665 479 ET
1705 416 2198 501 GOARI'NOTIE

3226 400 3330 462 258

196 544 263 597 Ib.
288 537 511 604 Πεζεῦει.
540 535 597 591 ld
622 544 726 602 est,
760 534 816 588 in
856 540 1051 587 terram
1081 544 1146 585 es:
1172 546 1302 603 equo
1333 528 1534 596 desilit,
1588 535 1648 583 ut
1679 531 1721 585 Α
1751 525 1920 604 nister
1938 523 2260 593 dignitatem
2291 517 2658 591 spectantium
2695 515 2868 570 oculis
2904 511 3327 574 manilestaret;

145 634 272 706 pedes
298 631 515 686 incedat.
536 625 735 698 Gostt.]

195 724 263 779 ιι.
310 718 753 781 Δύθεντόπουλοςὶ
809 716 1127 786 Quanquam
1179 712 1517 770 Glossarium
1568 707 1651 762 in-

144 822 412 884 terpretatur
442 812 621 863 herum
651 810 929 873 minorem,
957 807 1115 876 quasi
1151 803 1383 873 adjectio
1419 801 1513 854 illa
1552 799 1653 853 de-

144 913 283 976 cerpat
300 900 483 971 aliquid
508 900 573 953 de
596 898 1017 968 signiﬁcatione,
1041 895 1091 949 id
1124 903 1303 948 tamen
1333 899 1653 961 perpetuum

145 1013 222 1052 non
243 1006 327 1056 est.
359 1004 413 1047 ut
443 1006 605 1059 supra
629 990 695 1045 ad
727 1005 781 1060 p.
818 990 903 1053 14,
938 987 1284 1043 amabamus.

192 1085 255 1139 ιι.
280 1084 389 1145 Μᾶς
418 1091 473 1137 ει
506 1081 629 1143 σᾶς,
676 1095 775 1149 pro
814 1074 929 1148 ’μοῦ
960 1086 1015 1133 ει
1071 1075 1165 1128 σοῦ
1226 1080 1356 1129 sunt
1407 1070 1655 1127 barbara:

145 1175 315 1231 Graecia
342 1171 714 1228 suaveolentes
742 1167 975 1222 flosculi.
1012 1165 1221 1221 Gie'rs.

196 1287 325 1362 [Vere
351 1296 571 1341 nasutus
584 1284 746 1339 etiam
772 1280 1017 1336 barbarae
1041 1276 1262 1349 Grrecize
1282 1288 1444 1329 voces
1477 1273 1584 1343 μᾶς
1604 1276 1659 1323 ει

151 1384 218 1443 si;
233 1394 321 1434 non
346 1376 441 1447 μοῦ
455 1385 511 1430 ει
534 1372 761 1437 σοῦ,ε›εά
786 1370 945 1442 ἡμῶν
969 1378 1023 1424 ει
1044 1368 1197 1438 ὑμῶν
1215 1368 1331 1422 vice
1347 1363 1659 1419 odorabitur

152 1472 362 1542 usurpari.
383 1468 517 1523 Aliis
546 1478 733 1521 autem
764 1481 793 1518 ιι
827 1463 1167 1518 nominativo
1198 1460 1355 1529 ὲμεῖς
1403 1466 1460 1511 ει
1514 1457 1658 1517 basi;

130 1583 214 1619 om
240 1574 282 1618 et
302 1579 379 1616 vos
408 1560 633 1616 casibus
658 1556 872 1613 cunctis
902 1553 1243 1615 deserviunt,
1279 1548 1657 1617 mutilatisque

156 1670 217 1722 per
253 1652 551 1721 aphaeresim
581 1650 722 1717 ἐμᾶς
745 1657 800 1702 ει
831 1646 963 1707 toi;
994 1643 1380 1713 relinquuntur
1406 1655 1421 1705 ;
1458 1637 1657 1694 simul-

157 1743 371 1811 quevides
409 1741 502 1795 τοῦ
558 1740 625 1792 σύ
679 1740 861 1793 minus
926 1734 1237 1791 anomalum
1273 1746 1395 1786 esse
1451 1728 1657 1800 plurale

156 1838 251 1897 ιπῖς
273 1848 417 1904 quam
482 1832 669 1900 ὑμεῖς,
705 1845 768 1884 ac
819 1830 939 1897 ideo
996 1824 1376 1882 suaveolentes
1409 1822 1653 1877 barbarae

154 1927 313 1981 Gracia:
332 1920 609 1985 ﬂosculos,
639 1921 792 1975 nullo
841 1917 999 1989 pretii
1027 1930 1216 1971 eorum
1239 1914 1450 1970 delectu
1486 1911 1651 1975 facto,

153 2035 227 2073 non
249 2032 352 2073 esse
379 2025 582 2071 temere
613 2011 986 2084 proterendos.
1015 2007 1213 2078 60am]

201 2130 555 2197 1δ.Δὺθέντης
598 2127 871 2182 dominus.
921 2124 1059 2178 Hinc
1108 2122 1409 2187 αὐθεντεῖν,
1464 2117 1658 2173 αὐθεν-

151 2224 295 2286 τεὺειν,
325 2221 684 2287 αὖθεντὶζειν,
712 2218 1072 2273 authenticum
1102 2216 1339 2276 reddere,
1370 2212 1661 2266 auctorita-

155 2314 341 2379 tm,rim
368 2325 413 2367 et
447 2319 615 2365 robur
653 2311 871 2374 addere,
894 2317 953 2360 ut
976 2307 1147 2360 valeat
1174 2316 1219 2359 et
1249 2302 1397 2373 rejici
1421 2319 1522 2356 non
1544 2317 1665 2370 pos-

154 2405 309 2489 ill.'El
332 2406 410 2460 cui
442 2420 553 2459 non
589 2411 721 2459 sunt
747 2402 947 2456 auditae
969 2397 1262 2455 Iustiniani
1310 2394 1659 2454 Authenticte,

151 2483 252 2565 quas
295 2498 396 2567 ipse
422 2495 670 2567 Νεαράς,
703 2495 807 2549 hoc
837 2503 922 2547 est
969 2490 1249 2555 Novellas,
1309 2483 1666 2556 indigitavit?

152 2589 427 2644 Aathenticze
452 2586 758 2657 Scriptura;
785 2600 955 2641 sacrae
980 2584 1224 2637 omnium
1256 2595 1349 2634 ore
1394 2585 1666 2632 teruntur.

199 2678 337 2733 (irasci
387 2695 528 2734 nunc
580 2678 817 2746 ἁφὲνδης
876 2674 1121 2729 scribunt
1177 2679 1233 2726 et
1290 2668 1667 2740 pronuntiant,

156 2782 192 2823 et
239 2775 522 2839 corruptius
613 2770 790 2823 adhuc
850 2767 1045 2836 efendi.
1128 2763 1370 2817 Transiit
1445 2770 1672 2829 utraque

156 2877 223 2915 vox
268 2862 322 2916 ad
367 2861 614 2916 Turcas:
669 2875 791 2913 nam
859 2857 965 2911 illis
1012 2855 1234 2925 aphendi
1287 2853 1372 2908 vel
1424 2850 1672 2920 efendiin

156 2967 225 3005 usa
269 2963 361 3017 est,
416 2963 554 3007 teste
608 2950 935 3006 Leunclavio
983 2949 1037 3004 in
1086 2946 1439 3004 Onomastico
1470 2943 1677 2999 Musul-

156 3045 372 3097 mannico.
410 3043 688 3112 Ἀφέυδρα
746 3041 984 3094 domina.
1042 3038 1221 3092 Dousa
1279 3038 1332 3092 in
1382 3036 1673 3091 ltinerario

156 3134 410 3203 Cpolitano:
442 3135 488 3188 Ν
498 3137 575 3207 isi
625 3134 834 3188 Gra'cos
867 3131 1133 3187 interdum
1166 3132 1286 3185 vitta
1340 3129 1668 3200 deposueris,

157 3230 227 3282 nisi
252 3229 408 3284 Greco
432 3246 577 3285 more
613 3227 1072 3297 πολυχρονιάσῃς,
1102 3224 1313 3292 άςρένδι,
1347 3223 1673 3277 exclamave-

158 3322 223 3383 ris,
247 3324 391 3377 oleum
430 3334 478 3376 et
507 3338 728 3393 operam
757 3319 1072 3391 perdideris.
1110 3315 1246 3371 Hinc
1276 3314 1532 3369 αὑθεντία
1581 3314 1675 3369 do-

158 3416 349 3473 minatio.
376 3418 581 3473 Guers.

720 3544 951 3604 CAPUT
990 3545 1055 3600 γ.

160 3664 493 3733 Esplicationes
525 3675 577 3719 et
613 3664 998 3733 observationes
1030 3659 1172 3711 circa
1181 3656 1513 3733 _rel_iguorttm
1550 3665 1681 3733 pro:

210 3719 351 3788 cetum
384 3738 683 3790 aulicorum
706 3732 964 3803 insignia,
1005 3744 1121 3798 quae
1171 3719 1406 3781 Codinus
1443 3723 1614 3791 capite
1644 3719 1679 3772 4

210 3808 497 3876 assequitur.

210 3915 256 3969 l'.
283 3918 363 3973 l‘l.
392 3918 489 3990 [Τὸ
518 3914 823 3970 σκιάδιον.
853 3909 1062 3981 Capitis
1094 3908 1326 3979 tegimen
1359 3904 1680 3961 honoratius

160 4018 197 4060 et
216 4008 327 4063 aulae
352 4009 673 4079 proceribus
720 4018 1045 4060 concessum
1088 3999 1330 4054 σκιάδιον
1357 4004 1516 4051 vocat
1547 4008 1680 4049 auc-

162 4107 223 4149 tor
237 4098 477 4154 cumlure
499 4098 620 4155 GR.
652 4113 706 4166 p.
734 4093 857 4160 l86,
883 4092 1100 4147 Nicetas
1130 4090 1285 4144 πῖλον
1306 4099 1361 4143 ει
1385 4088 1678 4156 κάλυμμα,

162 4183 379 4257 Gregoras
403 4187 752 4253 καλύπτραν.
778 4180 1034 4237 Formam
1071 4179 1160 4233 hic
1202 4176 1449 4247 depingit
1475 4173 1682 4229 ultimis

163 4277 356 4331 historia
385 4292 496 4333 sua
526 4276 750 4331 verbis:
790 4272 926 4341 Περί
947 4288 1014 4339 γε
1058 4268 1168 4339 μὴν
1200 4269 1301 4335 τῆς
1323 4266 1413 4318 ἐπὶ
1441 4263 1685 4332 κεφαλῆς

164 4370 428 4440 καλύπτρας
469 4371 566 4445 ἐπὶ,
624 4369 733 4421 τῶν
785 4366 885 4436 μὲν
934 4365 1203 4434 πρότερον
1257 4359 1521 4432 βασιλέων
1562 4357 1683 4420 ἔθος

163 4461 256 4522 τοὺς
278 4462 362 4530 μὲν
377 4462 553 4531 χρόνῳ
576 4457 996 4527 προϐεϐηκότας
1018 4457 1075 4507 ὲν
1092 4455 1206 4514 τοῖς
1230 4449 1523 4521 βασιλείοις
1548 4446 1685 4517 χρῆ-

1752 600 2121 686 ῳιεἿέιὶοιιε
2186 611 2569 667 Nicetasidcm
2619 609 2671 662 in
2705 606 2894 662 Alexio
2945 603 3207 658 Manuclis
3259 601 3325 658 F.

1758 706 2143 775 συγκλητικῶς
2176 702 2555 771 ὲξυφαπμένον
2585 700 2682 770 τῆς
2728 698 2977 767 κεφαλῆς
3038 695 3330 764 κάλυμμα,

1754 815 1852 868 pro
1891 806 2201 866 magnatum
2238 790 2624 865 (συγκλητικοί
2682 790 2827 843 enim
2881 802 2991 839 non
3049 796 3332 839 senatores

1758 891 1939 953 modo,
1968 888 2065 944 sed
2090 895 2145 941 et
2170 900 2423 954 proceres
2454 881 2631 936 cuncti
2664 876 2942 944 dicuntur)
2975 886 3022 929 et
3041 876 3331 943 oﬁiciorum

1759 983 2015 1037 varietate
2053 979 2213 1033 variis
2247 976 2507 1029 coloribus
2545 983 2594 1027 et
2633 971 2857 1024 materia
2917 970 3120 1021 diversa
3180 981 3333 1021 com-

1759 1072 1884 1145 poni
1915 1089 1979 1125 ει
2011 1070 2356 1126 assuetudine
2386 1066 2691 1119 allirmavit.
2726 1062 3039 1131 Logothetat
3079 1058 3206 1127 pilei
3238 1058 3333 1111 de-

1760 1164 2109 1232 scriptionem
2135 1168 2260 1215 uota
2282 1156 2508 1212 inferior
2539 1154 2605 1209 ad
2633 1170 2686 1223 p.
2716 1152 2781 1206 l9
2804 1149 3102 1207 exhibebit.
3129 1146 3330 1218 ϐελλ]

1831 1253 1975 1308 ΗΜ.
2034 1248 2550 1304 Κλαπωτόνιυιιίιιε
2565 1246 2767 1315 ubique
2800 1243 2965 1299 vertit
3000 1255 3334 1313 squameum,

1761 1360 1936 1416 exque
1969 1345 2174 1398 Arabia
2197 1352 2249 1396 et
2278 1340 2439 1411 Syria
2473 1338 2746 1394 cunabula
2775 1335 3055 1392 .accersit.
3085 1331 3335 1387 Ridicule

1761 1451 2011 1508 prorsus,
2041 1434 2169 1504 quia
2218 1443 2299 1487 est
2332 1448 2430 1485 vox
2473 1445 2623 1484 more
2672 1427 2887 1491 Latina,
2937 1426 3205 1478 clavatum
3234 1437 3333 1475 seu

1764 1529 2022 1590 claeatus,
2064 1525 2217 1593 παρὰ
2250 1524 2310 1575 τὸ
2341 1516 2548 1583 κλάπός
2577 1520 2692 1574 sive
2714 1516 2937 1581 κλάϐος,
2965 1518 3163 1570 clavus.
3195 1512 3336 1566 Hinc

1762 1616 2111 1692 χρυσόκλαϐα
2169 1625 2222 1671 ει
2272 1611 2802 1686 χρυσοκλαϐαρικά,
2836 1608 3180 1678 chrysoclava
3233 1619 3335 1658 seu

1764 1710 2057 1772 auriclava,
2090 1708 2155 1761 de
2183 1707 2385 1776 quibus
2424 1706 2536 1771 jam
2566 1716 2760 1771 supra
2802 1701 2868 1754 ad
2898 1715 2949 1765 p.
2980 1697 3035 1751 5.
3073 1695 3191 1749 Viri
3243 1708 3338 1747 ao-

1765 1803 1858 1864 rti,
1893 1800 2069 1869 inquit
2114 1796 2555 1858 Glossarium,“
2604 1804 2687 1849 est
2734 1792 2953 1852 Junius,
2982 1798 3172 1859 putant
3224 1800 3338 1839 esss

1757 1907 1931 1947 vocem
1968 1891 2203 1943 Arabum
2236 1897 2283 1941 et
2310 1886 2590 1956 Syrorum,
2619 1900 2736 1953 qua:
2769 1898 2904 1936 mere
2932 1880 3128 1933 Latina
3155 1886 3258 1941 est,
3288 1884 3339 1929 et

1757 1981 1913 2036 aliter
1942 1981 2363 2047 interpretantur
2387 1992 2547 2046 quam
2567 1974 2844 2029 debebant.
2875 1975 3048 2038 Quam
3076 1969 3340 2025 benevole

1761 2070 2019 2127 transfert
2047 2068 2113 2123 ad
2155 2069 2245 2138 plu
2259 2082 2343 2122 res
2371 2065 2520 2135 quod
2557 2067 2731 2120 solius
2757 2062 2905 2117 Junii
2929 2062 3045 2116 est!
3088 2069 3142 2115 et
3171 2074 3336 2129 quam

1759 2164 1932 2218 amice
1961 2161 2055 2215 hic
2081 2169 2136 2213 et
2162 2159 2292 2213 alibi
2342 2157 2697 2228 gravissimos
2746 2156 2865 2224 ejus
2911 2153 3099 2222 lapsus
3134 2150 3337 2218 tangit!

1762 2250 1966 2319 ubique
1988 2249 2135 2318 quod
2177 2246 2378 2302 Junius
2442 2244 2717 2308 deliravit,
2753 2244 2854 2298 hoc
2882 2242 2984 2296 viri
3020 2239 3164 2295 docti
3201 2238 3345 2293 lece-

1764 2349 1912 2396 runt.
1939 2340 2136 2401 Gne'rs.

1836 2430 2206 2502 [Κλαπωτόν.
2230 2428 2435 2498 Duplex
2478 2427 2626 2481 tilum
2660 2441 2910 2490 aureum,
2943 2440 3109 2481 unum
3140 2422 3344 2482 ductile

1768 2530 2095 2593 purumque,
2156 2522 2314 2591 quasi
2347 2521 2583 2576 solidum
2616 2536 2631 2585 ;
2671 2519 2818 2573 aliud
2866 2519 3069 2573 ductile
3097 2519 3341 2588 quidem,
3386 2588 3387 2591 η

1772 2616 1865 2670 sed
1899 2616 2060 2670 molis
2112 2622 2296 2669 tusnm
2342 2621 2399 2667 et
2427 2628 2700 2682 pressum,
2727 2612 2900 2666 serica
2926 2611 3011 2665 lila
3041 2613 3344 2666 circumve-

1771 2707 1886 2761 stit.
1940 2705 2185 2760 Primum
2222 2703 2408 2773 σύρμα
2464 2713 2567 2769 est,
2601 2719 2661 2756 or
2695 2705 2849 2767 trait,
2884 2703 3186 2757 secundum
3216 2702 3346 2757 κλα-

1774 2798 1952 2850 πωτόν
1989 2807 2118 2850 setae
2138 2794 2612 2864 circumpositum,
2632 2810 2692 2847 or
2721 2792 2830 2862 ﬁlé.
2858 2791 3061 2863 60am]

1848 2887 2297 2951 1ὺ.Δικανίκιον,
2363 2887 2513 2955 παρὰ
2563 2887 2626 2938 τὸ
2651 2887 2798 2956 δίκη,
2843 2886 3043 2954 passim
3104 2886 3347 2940 occurrit

1778 2983 1918 3053 apud
1971 2970 2512 3036 Codinum."Junius
2542 2981 2746 3047 ubique
2775 2978 3225 3046 vertitsceptrum
3254 2978 3349 3045 ju-

1781 3073 1997 3129 diciale.
2041 3072 2223 3127 Potest
2242 3087 2345 3126 vox
2368 3072 2482 3141 ipsa
2498 3070 2687 3126 Grmca
2711 3070 2975 3134 retineri;
3003 3080 3176 3138 potest
3204 3070 3351 3121 dica-

1696 3187 1745 3251 C
1785 3167 1985 3219 nicium
2013 3163 2346 3233 simpliciter
2374 3164 2514 3217 verti
2552 3171 2836 3231 sceptrum.
2881 3161 3193 3230 Aliquando
3222 3176 3346 3213 cum

1782 3259 1849 3312 de
1881 3257 2206 3327 patriarchis
2263 3262 2317 3310 et
2344 3255 2622 3325 episcopis
2684 3268 2867 3308 sermo
2905 3261 3009 3319 est,
3050 3263 3111 3306 ut
3138 3267 3190 3321 p.
3225 3253 3347 3315 105,

1777 3350 1981 3403 rectius
2011 3348 2339 3402 redderetur
2378 3347 2590 3415 pedum.
2628 3344 2685 3398 In
2709 3344 3092 3415 ’l‘urcogrrecia
3124 3356 3353 3398 vocatur

1775 3440 2084 3493 δεκανίκιον
2114 3439 2244 3509 (nisi
2286 3438 2360 3493 sit
2384 3436 2820 3508 typographicus
2853 3435 3030 3504 error)
3062 3450 3116 3504 p.
3143 3435 3233 3499 15,
3257 3436 3350 3490 ubi

1777 3534 1845 3587 de
1896 3531 2177 3587 Gennadio
2246 3529 2557 3600 patriarcha
2618 3536 2673 3580 et
2701 3528 3030 3596 imperatore
3074 3524 3351 3580 Turcico:

1790 3626 1973 3688 Ἰδίαις
2037 3624 2197 3694 χερσὶ
2262 3622 2496 3676 δέδωκεν
2552 3618 2703 3689 αὐτῷ
2746 3606 3086 3672 .δεκανίκιον
3152 3617 3352 3671 πολλοῦ

1777 3717 1950 3782 ἄξιον,
2001 3717 2121 3787 ἦτοι
2178 3715 2375 3786 ῥάϐδον
2438 3714 2691 3784 ἀργυρᾶν
2736 3711 3353 3781 περικεχρυοιωμένην,

1777 3807 2013 3877 ὡραίαν.
2079 3804 2381 3873 ln'scripto
2436 3802 2675 3871 quodam
2714 3799 3184 3856 Graeco-Barbara
3227 3801 3266 3859 l.
3313 3817 3353 3856 ιι

1779 3896 2214 3953 Τιιτεοοϐτιεεὶίε
2286 3904 2509 3950 vocatur
2595 3894 2875 3959 δικανίκη.
2980 3892 3354 3963 Ποιμαντικὴν

1782 3991 1977 4063 ῥάϐδον
1995 3996 2155 4042 vocat
2174 3987 2459 4055 Gregoras‘
2476 3985 2519 4038 ι.
2548 3998 2625 4038 vr.
2658 3982 2858 4037 (iners.

1854 4081 1990 4137 Ibid.
2011 4078 2180 4154 [Ἀπὸ
2196 4078 2291 4146 τῆς
2308 4077 2488 4146 δίκης,
2515 4092 2547 4128 a
2563 4073 2782 4143 iustitia
2804 4087 2905 4125 vox
2933 4071 3162 4127 deducta
3187 4070 3355 4139 justi-

1783 4172 1874 4229 tla:
1899 4185 2116 4241 quoque
2147 4179 2201 4223 ει
2232 4166 2519 4239 potestatis
2550 4166 2603 4219 in
2634 4164 2772 4219 alios
2797 4162 3117 4219 exercendae
3136 4163 3356 4233 symbo-

1786 4264 1897 4317 lum
1932 4260 2302 4330 quodcunque
2349 4257 2643 4327 signiﬁcat.
2689 4255 2799 4308 Hoc
2834 4253 2888 4307 in
2926 4268 3051 4323 rege
3076 4261 3354 4322 sceptrum

1785 4361 1890 4413 est.
1926 4352 1978 4405 in
2010 4351 2267 4421 pontillte
2308 4348 2501 4417 pedum
2532 4345 2828 4416 pastorale,
2884 4345 2939 4400 in
2966 4345 3160 4399 abbate
3188 4346 3356 4400 bacu-

1786 4445 1893 4512 lus,
1923 4445 1979 4499 in
2001 4444 2148 4514 regio
2164 4443 2414 4497 ministro
2433 4439 2698 4502 calamus,
2727 4438 2980 4504 bacillus,
3001 4438 3182 4501 clava:
3216 4452 3356 4493 cun-

165 4550 257 4603 σθαι
280 4527 625 4624 ⁷κειλϐἇττρξιις
657 4548 969 4620 πυραμίδος
1041 4545 1141 4615 μὲν
1164 4543 1419 4612 ιχούσαις
1475 4540 1675 4609 σχῆμα,

1787 4537 1889 4594 etis
1917 4537 2038 4591 istis
2068 4534 2440 4605 exprimendis
2497 4545 2601 4586 vox
2632 4531 2934 4589 dtxzleiov
2973 4530 3190 4599 propria
3220 4541 3303 4585 est
3337 4549 3352 4596 ;

168 4646 365 4710 σηρικαῖς
387 4644 548 4713 233
578 4641 626 4695 δ’
646 4640 912 4708 ινδύμασι
939 4637 1083 4691 κατὰ
1102 4637 1163 4688 τὸ
1187 4634 1452 4701 ἀνάλογον
1472 4629 1689 4698 ἑκάστῳ

166 4726 333 4798 ἀξίωμα
368 4730 838 4798 καλυπτομέναις,
880 4727 994 4780 ὅσοι
1014 4724 1060 4778 δ’
1094 4725 1153 4777 ιν
1204 4723 1415 4793 ἡλικίᾳ,
1466 4721 1689 4781 τούτους

169 4814 415 4882 biﬁdum;
447 4816 713 4881 καθάπαξ
733 4816 1044 4869 ἀκάλυπτον
1099 4800 1241 4882 ἔχειν
1276 4812 1376 4881 τὴν
1418 4809 1686 4879 κεφαλήν.

168 4904 283 4962 Unde
308 4924 421 4963 cum
452 4909 521 4964 ad
544 4908 740 4978 ephebi
763 4915 977 4961 aetatem
1011 4903 1295 4975 processit,
1325 4911 1454 4957 tunc
1481 4909 1688 4956 tantum

166 4997 353 5066 despotae
380 5016 475 5071 per
505 5013 714 5053 morem
755 4997 835 5052 las
866 5008 946 5052 est
983 5005 1124 5050 tecto
1176 4993 1351 5063 rapite
1382 4993 1437 5046 in
1488 4995 1692 5062 palatio

167 5091 315 5145 cerui:
346 5108 478 5158 puer
507 5092 658 5145 enim
694 5088 914 5143 nonnisi
942 5097 1132 5157 aperto
1155 5097 1428 5146 versatur.
1460 5085 1534 5137 ait
1557 5100 1690 5139 auc-

169 5186 229 5229 lor
245 5182 403 5249 capite
435 5178 722 5250 superiore
749 5196 765 5233 :
807 5176 928 5230 Ἐπὶ
954 5176 1198 5246 κεφαλῆς
1231 5175 1311 5228 ἔτι
1343 5174 1460 5236 νέος
1492 5174 1593 5243 μὲν
1617 5172 1693 5226 ὣν

166 5268 187 5316 6
214 5268 448 5342 δεσπότης
484 5274 646 5340 φορεῖ
666 5271 725 5322 ἐν
754 5268 834 5340 τῷ
884 5268 1133 5338 παλατίῳ
1162 5267 1336 5320 οὐδέν.
1402 5264 1535 5319 Pilei
1593 5265 1693 5319 de-

168 5360 382 5429 scriptam
429 5378 457 5416 a
483 5361 727 5431 Gregora
776 5360 1007 5414 formam
1044 5358 1261 5413 dixerat
1313 5356 1443 5410 olim
1474 5354 1692 5411 Nicctas

168 5451 420 5508 Andronici
447 5454 485 5508 l.
516 5470 555 5508 ll
592 5469 618 5507 a
650 5453 895 5509 barbaris
921 5459 1204 5519 acceptam
1234 5468 1250 5504 :
1294 5449 1454 5502 Πῖλον
1486 5448 1693 5519 βαρϐα-

174 5541 293 5605 ρικὸν
316 5546 375 5611 τῇ
400 5543 610 5612 κεφαλῇ
635 5519 1022 5612 περιθέμενος,
1050 5539 1110 5602 ὃς
1128 5539 1209 5601 είς
1246 5538 1342 5603 ὀξὺ
1372 5539 1556 5607 λήγων
1590 5556 1691 5590 πυ-

116 5685 125 5694 ,
178 5628 321 5694 ραμίδι
355 5630 626 5684 είκασται.
669 5629 931 5701 Proprias
987 5634 1167 5683 tamen
1196 5635 1252 5683 et
1302 5628 1589 5682 familiaris
1620 5629 1691 5683 ita

179 5712 376 5773 redditus
406 5727 513 5784 est,
548 5728 605 5771 ut
627 5732 732 5773 non
766 5718 965 5783 forma,
1002 5717 1097 5771 sed
1129 5719 1373 5772 materiae
1403 5718 1694 5774 colorum-

179 5816 260 5869 que
284 5808 385 5877 ejus
411 5813 671 5866 varietate
698 5822 924 5897 senator
955 5796 1185 5881 quilibet
1213 5819 1267 5864 ct
1329 5811 1540 5865 aulicus
1592 5812 1690 5866 mi-

1788 4638 1843 4683 et
1884 4628 2073 4681 Latine
2110 4625 2356 4681 redditur
2415 4610 2761 4678 commodius
2801 4624 2949 4691 virga
2995 4622 3076 4676 vel
3141 4622 3357 4676 baculus

1788 4732 1954 4787 quam
1990 4725 2275 4786 sceptrum.
2307 4713 2580 4769 Scribitur
2608 4722 2659 4768 et
2689 4713 2999 4766 δικανίκιον
3026 4722 3082 4768 ει
3112 4714 3359 4767 δικανίκι

1790 4807 1959 4863 dictio
1983 4823 2011 4861 a
2047 4806 2216 4877 priori
2254 4811 2545 4860 truncata:
2573 4818 2681 4857 non
2706 4802 2989 4871 δεκανίκη,
3022 4811 3082 4856 ιιι
3123 4804 3355 4858 barbare

1795 4896 2089 4954 Meursius.
2129 4896 2318 4950 Simon
2383 4895 2602 4949 Portius
2637 4893 2922 4946 δικανίκις
2966 4893 3187 4963 ῥάϐδος,
3224 4894 3361 4963 βάκ-

1791 5008 1938 5061 τρον,
1955 4988 2246 5061 βακτηρία,
2269 4986 2450 5054 ξύλον,
2468 4986 2707 5038 baculus.
2725 4985 3091 5061 Consecratug,
3113 4986 3357 5053 inquam,

1792 5081 2033 5147 baculus,
2071 5080 2289 5150 qualem
2327 5079 2717 5133 caduceatores
2743 5078 2918 5132 nostri
2950 5077 3217 5147 gerebant
3247 5080 3361 5146 pri-

1793 5176 1983 5238 mitus,
2004 5173 2071 5227 de
2099 5186 2209 5242 quo
2233 5170 2527 5240 Gregorius
2548 5168 2756 5224 Turon.
2786 5184 2880 5234 vn,
2899 5169 2968 5223 33
2994 5187 3007 5223 :
3036 5165 3184 5223 Misit
3214 5167 3364 5224 Gun-

1795 5266 2049 5320 dobaldus
2078 5264 2211 5317 duos
2237 5265 2432 5332 legatos
2452 5262 2520 5315 ad
2560 5277 2727 5331 regem
2758 5267 2877 5315 cum
2902 5263 3061 5332 virgis
3095 5280 3367 5317 consecra-

1797 5359 1882 5422 tis,
1920 5357 2077 5424 jurta
2116 5356 2272 5408 ritum
2305 5351 2657 5417 Francorum,
2697 5365 2753 5407 ut
2783 5355 2986 5408 scilicet
3011 5371 3114 5409 non
3154 5356 3368 5408 contin-

1794 5455 2039 5517 gerentur
2059 5446 2124 5498 ab
2157 5445 2302 5509 ulla;
2334 5445 2549 5514 qualem
2579 5445 2742 5517 234
2781 5446 2942 5501 etiarn
2977 5454 3175 5515 gerunt
3195 5460 3371 5502 mare-

1794 5537 1955 5591 scalci
1980 5577 1998 5603 ,
2037 5536 2223 5607 regius
2256 5535 2490 5605 dapit‘er,
2532 5537 2847 5605 praetoriani
2878 5536 3175 5604 immunes,
3206 5551 3373 5607 appa-

1794 5628 2014 5692 ritores,
2041 5638 2146 5682 etc.
2177 5624 2376 5697 Cosa]

1863 5718 1929 5773 P.
1975 5721 2066 5773 t7.
2105 5718 2213 5774 Pro
2264 5702 2489 5791 κόμϐὼν
2529 5717 2731 5775 Junius
2786 5720 2979 5776 eodem
3026 5732 3191 5775 sensu
3228 5716 3367 5784 κόμ-

1798 5829 1936 5867 πων.
1962 5813 2158 5867 Gns'rs.
2216 5824 2219 5827 '
