3936 6602
405 469 508 530 ⁸213

1499 475 1576 534 ΙΝ
1617 475 1914 534 LIBRUM
1951 477 2049 536 DE
2087 481 2408 542 l‘FFlCIlS
2446 486 2552 546 (ΣΡ.

3417 543 3436 550 η
3537 484 3642 546 21‘.

401 579 647 648 patriciis
677 577 836 647 plena
862 578 990 632 sint.
1030 587 1082 632 et
1139 579 1494 648 πατρικιότης
1525 597 1619 636 seu
1667 585 1978 651 patriciatus
2005 594 2052 650 Α
2085 595 2140 639 ut
2169 589 2239 640 ita
2311 589 2524 660 loquar,
2557 593 2896 662 capitaueatu
2979 593 3188 648 socium
3251 593 3639 650 attribuerunt.

405 667 545 737 apn'd
577 667 1170 726 JustiuianumNovell.
1198 671 1286 735 38,
1310 673 1518 742 etapud
1551 673 1970 730 Constantinum

407 758 706 814 Manasscm
739 759 792 812 in
823 759 1096 816 Chronico
1129 767 1322 818 numen
1361 779 1465 818 non
1517 773 1724 820 tantum
1779 768 1970 822 nobili.

406 851 556 916 tatis,
588 860 646 904 ut
677 853 817 920 apud
854 859 1067 906 veteres
1101 852 1371 909 Romanos
1403 865 1456 910 et
1482 855 1642 910 hodie
1726 857 1780 912 in
1825 875 1975 928 .non-

403 943 570 996 nudis
600 942 810 1012 imperii
845 942 1092 1006 urbibus,
1113 944 1312 1014 ubiqui
1337 960 1399 1000 ex
1427 947 1714 1018 pracipuis
1755 951 1976 1006 familiis

404 1045 580 1094 genus
650 1031 856 1086 ducunt
909 1034 1072 1100 vulgo
1127 1035 1345 1103 patricii
1399 1035 1776 1102 audiunt,sed
1809 1041 1974 1096 etiam

402 1120 682 1188 dignitatis
727 1123 974 1180 oﬂ‘tciiet
1026 1125 1384 1192 praefecturae.
1437 1126 1730 1192 Dignitatis
1787 1147 1976 1186 exem-

406 1211 490 1280 pla
523 1210 700 1266 adfert
727 1212 993 1270 Meursius
1015 1217 1066 1270 in
1092 1215 1374 1272 Glossario
1395 1234 1459 1274 ex
1485 1220 1676 1288 Suida,
1711 1221 1976 1292 Procopio

402 1312 456 1356 ct
491 1303 701 1359 Malcho
731 1305 784 1358 in
816 1305 1145 1378 Byzanticis.
1175 1309 1290 1376 Qua
1327 1313 1549 1368 notione
1581 1315 1742 1368 etiam
1765 1317 1978 1382 patricii

405 1409 602 1449 nomen
632 1395 885 1466 accipies,
915 1400 1134 1468 quando
1167 1402 1323 1460 audis
1343 1402 1594 1474 l’ipinum
1627 1417 1680 1462 et
1720 1406 1975 1463 Carolum

407 1484 658 1556 Magnum
721 1491 1164 1560 fuissepatricios
1229 1495 1626 1552 Romanorum.
1687 1498 1864 1556 Ofﬁcii
1925 1511 1982 1556 et

407 1577 744 1642 prmfecturae
825 1585 1136 1654 exemplum
1226 1595 1312 1641 est
1384 1587 1642 1644 Salomon
1730 1595 1980 1663 magister

405 1667 611 1724 militia:
643 1681 692 1724 et
721 1675 977 1738 patricius
1018 1677 1214 1746 Africae
1246 1680 1390 1748 apud
1447 1679 1720 1738 Victorem
1755 1682 1979 1739 Tunnu-

405 1776 624 1816 nensem
665 1765 719 1818 in
745 1766 1114 1833 Chronico,et
1136 1771 1362 1828 Amalus
1393 1775 1653 1842 patricius
1697 1777 1982 1845 prouinciae

406 1848 548 1915 apud
581 1848 806 1932 Paulum
833 1855 1128 1912 Diacomtm
1161 1859 1197 1916 l.
1225 1875 1318 1924 ut,
1345 1876 1394 1916 c.
1419 1861 1550 1916 3'Dc
1571 1865 1740 1932 gestis
1769 1864 1983 1936 LOIlgO-

2077 678 2276 734 Gns'rs.

2694 796 2920 854 CAPUT
2953 795 3040 852 ιν.

2102 916 2450 985 Explicantur
2479 914 2698 968 obscura
2727 913 2968 983 qua’dam
2996 911 3246 965 vocabula
3267 926 3330 964 ex
3357 913 3527 980 capite
3555 913 3609 966 5.
3679 978 3692 988 ο

2151 1051 2212 1106 Ρ.
2241 1050 2324 1104 l5.
2349 1047 2632 1112 _,2‘.xta6tov,
2670 1046 2814 1116 quod
2861 1055 2915 1104 et
2953 1046 3158 1108 σκιάδι,
3191 1047 3258 1100 ad
3294 1047 3513 1100 verbum
3559 1053 3645 1098 est

2081 1142 2306 1197 umbella
2341 1157 2433 1196 seu
2465 1138 2854 1202 umbracutum,
2883 1147 3116 1206 tegumen
3152 1137 3365 1206 capitis,
3401 1136 3640 1202 breviter

2077 1234 2268 1302 pileus,
2295 1249 2404 1302 quo
2435 1230 2654 1286 nomine
2679 1227 3006 1288 inversione
3037 1229 3306 1298 praecipue
3337 1241 3472 1281 usus
3495 1241 3644 1280 sum.

2079 1325 2287 1380 GnE'rs.

2149 1417 2292 1472 Ibid.
2333 1414 2617 1488 [Granium
2649 1413 2827 1472 solum
2853 1420 3084 1470 coronat
3115 1421 3168 1468 et
3191 1411 3382 1468 leviter
3450 1410 3650 1466 adum-

2079 1507 2200 1562 brat
2228 1506 2288 1557 τὸ
2321 1505 2658 1574 καλούμενον
2692 1503 2956 1566 σκιάδιον,
3019 1515 3126 1570 qua
3173 1500 3242 1554 de
3301 1515 3470 1554 causa
3538 1515 3648 1555 non

2079 1597 2386 1660 umbellam,
2426 1611 2522 1650 ccu
2553 1610 2744 1652 carens
2769 1594 3044 1663 protensis
3107 1593 3162 1650 in
3215 1591 3452 1648 frontem
3509 1594 3644 1656 oris,

2081 1689 2174 1744 sed
2197 1689 2446 1757 pileotum
2482 1703 2548 1742 ex
2579 1701 2736 1756 mque
2771 1687 2840 1756 (si
2887 1685 3128 1741 medium
3199 1695 3380 1742 tamen
3422 1697 3644 1748 conum,

2085 1779 2210 1833 licet
2273 1778 2573 1846 modicum,
2631 1776 2970 1847 appinxeris)
3070 1784 3238 1845 caput
3289 1775 3642 1838 ambientem,

2085 1873 2216 1926 mihi
2251 1872 2446 1940 potiori
2477 1872 2602 1940 jure
2629 1881 2810 1933 sonat;
2843 1884 3116 1940 quemque
3139 1867 3528 1937 ὀλομάργαρον
3557 1867 3646 1922 hic

410 1923 729 1996 bardoruttt.
763 1941 913 2000 Talis
941 1947 1125 2002 itidem
1155 1923 1421 2016 [ratricius
1449 1951 1532 2006 vel
1559 1923 1680 2008 erat
1713 1955 1798 2010 vel
1855 1923 1974 2010 esse

2084 1923 2275 2018 aucto;
2308 1923 2496 2026 vocat:
2519 1923 2888 2032 Theophanes
2942 1923 3098 2030 prius
3131 1958 3510 2028 καμηλαύκιον
3533 1957 3650 2011 διά-

409 2027 622 2084 volebat
652 2029 740 2086 ille
769 2047 928 2102 quem
971 2035 1074 2090 sibi
1111 2033 1340 2090 Romani
1391 2040 1688 2106 elegerant,
1750 2041 1818 2096 de
1865 2057 1974 2112 quo

408 2119 550 2175 Otho
578 2120 1004 2196 Ft-isingensisl.
1035 2143 1108 2182 vn
1158 2127 1420 2184 Chronici
1443 2132 1588 2188 c.3l.
1619 2129 1889 2208 Meursius
1919 2137 1972 2190 in

411 2209 695 2266 Glossario
710 2218 964 2280 patricios
987 2219 1148 2276 nimis
1179 2222 1394 2276 extollit
1417 2239 1432 2290 ;
1457 2239 1582 2280 nam
1610 2225 1974 2281 Occidentali-

409 2305 508 2360 bus
523 2307 780 2374 patricios
797 2306 1152 2365 Romanorum
1173 2313 1460 2390 fuisse,qui
1480 2317 1642 2390 220
1655 2335 1804 2376 nunc
1819 2335 1974 2390 reges

402 2397 764 2463 appellantur.
802 2401 935 2466 Quis
962 2412 1120 2476 neget
1151 2407 1254 2460 hoc
1291 2422 1320 2460 a
1349 2422 1478 2461 vero
1518 2409 1682 2465 nimis
1705 2421 1972 2466 remotum

401 2487 550 2542 esse?
581 2488 792 2545 Primus
828 2494 973 2547 enim
1005 2493 1235 2552 Carolus
1281 2497 1505 2566 Magnus
1531 2511 1585 2554 et
1607 2501 1699 2558 alii
1726 2504 1976 2558 nomina-

407 2581 604 2636 bantur
625 2585 836 2651 patricii
855 2583 1247 2642 Romanorum.
1271 2591 1352 2644 An
1382 2593 1502 2646 ideo
1525 2609 1676 2662 reges
1703 2594 1976 2652 Romano-

407 2686 526 2724 rum
549 2673 631 2726 vel
658 2682 812 2728 erant
843 2677 925 2730 vel
969 2679 1328 2734 habebantur?
1366 2685 1436 2737 At
1473 2683 1706 2742 Carolus
1749 2689 1974 2750 Magnus

403 2775 688 2834 postquam
715 2766 1080 2826 Romanorum
1135 2773 1427 2841 imperator
1453 2788 1672 2834 creatus
1697 2789 1752 2836 et
1799 2783 1973 2848 palam

403 2854 782 2923 promulgatus
818 2860 1099 2921 est,desiit
1131 2866 1393 2934 appellari
1452 2871 1714 2938 patricius
1773 2873 1978 2930 Roma-

347 2989 350 2992 .
403 2959 620 2998 norum.
647 2943 787 3011 Quid
815 2951 958 3004 tum?
979 2967 1046 3010 an
1103 2955 1246 3022 idco,
1307 2972 1431 3012 cum
1496 2973 1641 3016 esset
1687 2965 1972 3032 patricius,

405 3053 497 3091 rex
555 3036 928 3095 Romanorum
967 3045 1134 3098 erat?
1192 3046 1248 3102 Si
1298 3050 1421 3117 quis
1477 3064 1676 3106 extera:
1733 3057 1973 3112 nationis

403 3131 667 3198 patricius
696 3131 933 3187 Venetus
955 3147 1238 3194 crearetur
1292 3139 1400 3194 dux
1448 3141 1711 3212 Venetus,
1757 3149 1970 3218 patricii

405 3235 602 3276 nomen
637 3221 822 3292 utique
856 3226 1148 3282 omitteret.
1193 3228 1276 3284 An
1311 3227 1620 3289 ideo'antea
1669 3253 1760 3290 rex
1799 3237 1975 3292 Vene—

406 3321 584 3364 torum
619 3310 838 3368 fuisset?
871 3315 1118 3371 Alienius
1153 3333 1182 3371 a
1214 3335 1344 3376 vero
1373 3333 1480 3388 est,
1521 3323 1665 3392 quod
1714 3326 1792 3380 ait
1825 3328 1966 3381 idem

404 3403 668 3458 Glossarii
708 3405 986 3473 collector,
1025 3409 1394 3479 imperatorem
1411 3415 1561 3472 rebus
1597 3403 1970 3474 ecclesiasticis

405 3503 660 3564 tanquam
690 3513 989 3564 supremum
1025 3513 1184 3569 caput
1216 3505 1514 3574 prwfuisse,
1547 3517 1596 3561 et
1623 3508 1722 3561 hac
1745 3511 1796 3562 iu
1851 3513 1972 3579 [un-

407 3586 582 3639 ctione
611 3589 892 3655 patricium
924 3592 1057 3646 uices
1091 3593 1206 3662 ejus
1236 3597 1424 3664 egisse.
1461 3597 1624 3668 quue
1685 3602 1877 3672 probat
1909 3618 1974 3658 ex

403 3678 773 3747 disputatione
821 3681 1121 3753 Gregentii,
1153 3685 1241 3739 ubi
1273 3687 1406 3743 dicit
1476 3689 1654 3744 Erban
1707 3693 1960 3748 Judzeutn

409 3770 664 3836 baptismi
705 3773 866 3828 undis
880 3773 992 3842 jam
1023 3775 1291 3843 ablutum,
1347 3789 1587 3835 creatum
1619 3799 1741 3839 esse
1778 3801 1808 3839 a
1846 3803 1970 3857 rege

408 3859 810 3917 liomeritarum
841 3864 1266 3935 ὑπεκκλησίονα,
1281 3870 1368 3938 qui
1385 3869 1616 3928 Meursio
1647 3883 1728 3930 est
1744 3877 1972 3932 vicarius

411 3953 578 4022 regis,
612 3961 868 4023 umquam
949 3959 1192 4025 supremi
1257 3961 1312 4014 in
1369 3965 1531 4019 rebus
1581 3967 1974 4025 ecclesiasticis

407 4040 622 4109 capitis.
651 4039 755 4096 Sed
797 4042 1070 4100 Meursius
1099 4046 1186 4104 hic
1247 4049 1414 4104 nimis
1472 4063 1658 4120 aperte
1707 4056 1968 4125 angtizat:

405 4139 466 4184 ut
489 4129 631 4185 enim
665 4133 823 4203 Angli
858 4151 1037 4204 regem
1064 4151 1224 4198 suum
1257 4139 1420 4194 veluti
1443 4156 1759 4212 supremum
1787 4147 1973 4204 Eccle-

407 4221 504 4276 siae
523 4229 688 4290 caput
714 4235 1068 4286 venerantur.
1087 4229 1158 4282 ita
1183 4238 1240 4283 et
1267 4229 1452 4286 Batavi
1470 4247 1629 4287 suum
1679 4239 1967 4304 magistra-

407 4325 520 4367 tum
553 4316 619 4368 ad
643 4314 787 4370 idem
813 4316 1027 4372 culmen
1041 4319 1278 4398 evehere
1301 4320 1589 4390 incipiunt,
1631 4335 1692 4380 ut
1743 4328 1966 4396 planum

407 4406 465 4458 tit
505 4420 630 4459 cum
656 4421 722 4460 ex
747 4406 871 4462 aliis
902 4410 1281 4477 novatoribus,
1307 4419 1419 4466 tum
1451 4429 1516 4468 ex
1536 4413 1968 4486 HugoneGrotio
2027 4413 2029 4416 ⁴

407 4499 461 4548 in
503 4497 706 4550 Pietate
753 4495 1012 4552 Ordinum
1068 4498 1372 4557 [Iollandim
1403 4505 1502 4560 :iu
1557 4521 1668 4576 quo
1733 4519 1966 4566 tamena

2076 2055 2222 2108 λιθον
2255 2056 2410 2116 dixit,
2439 2054 2739 2123 Totila-que
2791 2052 3094 2108 Gothorum
3119 2052 3230 2120 regi
3283 2051 3587 2106 detractum
3615 2066 3645 2104 a

2073 2146 2300 2200 Narsete
2319 2145 2529 2214 Cpolim
2549 2145 2616 2198 ad
2632 2137 3000 2200 Justinianum
3019 2142 3177 2210 221
3209 2140 3440 2196 missum
3457 2141 3514 2193 in
3527 2139 3648 2207 ejus

2077 2235 2198 2288 Vita
2225 2234 2490 2289 narravit.
2520 2234 2850 2304 anue,qua
2875 2233 3162 2300 descripsi,
3195 2231 3366 2300 ﬁgura
3403 2229 3646 2284 σκιάδιον

2075 2325 2452 2396 ὀλομάργαρον
2478 2325 2731 2392 Gregorm
2748 2333 2802 2376 et
2824 2319 3184 2390 Chalcondyli
3227 2318 3471 2373 nonnulli
3515 2317 3648 2370 editi

2075 2414 2292 2468 codices
2308 2412 2686 2466 demonstrant
2705 2427 2718 2462 :
2737 2409 3106 2478 eademque,si
3127 2421 3462 2484 gemmarum
3483 2419 3652 2473 gran-

2075 2505 2199 2559 dine
2216 2501 2982 2572 conspergerentur,usitatum
3003 2500 3104 2554 sibi
3123 2498 3496 2567 καμηλαύκιον
3509 2495 3654 2552 (ιι-ω-

2077 2596 2124 2649 ci
2148 2593 2482 2648 recentiores
2507 2597 2985 2660 rrprarsentarent,
3011 2599 3062 2642 ct
3080 2603 3202 2644 cum
3223 2587 3390 2642 Suida
3411 2586 3650 2640 σκιάδιον

2077 2685 2210 2754 ὅπερ
2241 2685 2396 2754 ἡμεῖς
2427 2681 2801 2751 καμηλαύκιον
2833 2680 3064 2747 λέγομεν
3091 2677 3468 2733 indubitanter
3499 2693 3650 2732 asse-

2076 2782 2352 2829 verarent.
2392 2773 2598 2828 Forsan
2649 2772 2837 2842 igitur,
2892 2779 2951 2824 ut
3004 2769 3191 2824 Totilm
3261 2769 3650 2842 καμηλαύχιον

2076 2865 2314 2920 διάλιθον
2356 2865 2407 2916 in
2447 2871 2609 2932 caput
2643 2863 2853 2933 recepit
2908 2859 3279 2926 Justinianus,
3323 2861 3399 2916 ita
3453 2861 3522 2915 ab
3577 2876 3648 2915 co

2079 2956 2360 3028 proprium
2392 2954 2496 3009 sibi
2524 2954 2699 3008 iecere
2745 2954 2948 3030 posteri
3003 2953 3313 3010 Graecorum
3375 2954 3650 3025 principes

2079 3049 2327 3102 σκιάδιον
2345 3047 2755 3117 ὁλομάργαρον,
2790 3061 2900 3116 quo
2929 3047 3283 3116 imperatores
3313 3046 3460 3115 ipsos
3511 3063 3654 3101 non-

2075 3155 2352 3210 nunquam
2395 3123 2680 3192 redimitos
2705 3137 2756 3190 in
2823 3137 3054 3210 picturis
3112 3143 3165 3190 et
3221 3137 3650 3192 nmnismatibus

2077 3231 2409 3299 conspicias.
2439 3229 2504 3282 Et
2533 3228 2782 3282 diadema
2812 3243 2918 3282 non
2945 3227 3196 3284 absimile
3224 3245 3253 3282 a
3287 3229 3652 3284 Constantino

2082 3323 2364 3377 inventum
2403 3321 2455 3374 in
2494 3319 2578 3374 his
2597 3318 2831 3373 Cedreni
2859 3321 3036 3374 verbis
3059 3319 3347 3374 adnotabis
3377 3339 3390 3375 :
3426 3321 3562 3374 Φασὶ
3590 3320 3648 3372 δὲ

2083 3415 2244 3467 αὐτὸν
2281 3413 2494 3482 πρῶτον
2526 3413 2743 3466 πάντων
2771 3409 2876 3463 τῶν
2911 3410 3175 3480 βασιλέων
3201 3410 3484 3480 διαδήματι
3513 3411 3660 3494 χρή-Ι

2055 3555 2058 3558 .
2086 3504 2279 3557 attollat
2301 3503 2399 3555 καὶ
2423 3503 2786 3572 μαργαρίταις
2817 3502 2914 3554 καὶ
2941 3501 3119 3570 ἄλλοις
3147 3501 3316 3564 λίθοις
3362 3503 3650 3576 περιεργὸ-

2080 3611 2238 3656 τερον
2269 3593 2622 3662 κοσμηθῆναι.
2675 3591 2868 3663 ϐολιι]

2155 3686 2259 3738 Aer
2287 3687 2476 3738 sciadii
2500 3701 2593 3739 seu
2619 3686 2741 3754 pilei
2773 3694 2856 3738 est
2891 3681 3073 3747 umbo,
3127 3685 3218 3736 der
3237 3669 3426 3739 sturm.
3453 3683 3651 3740 Junius

2085 3779 2287 3848 ubique
2316 3777 2714 3846 vertitrrplum.
2742 3775 2917 3830 Aliam
2943 3776 3168 3843 insupcr
3187 3777 3460 3829 notionem
3483 3777 3652 3832 habet

2081 3871 2110 3922 ὁ
2142 3869 2272 3939 ἀήρ,
2309 3867 2581 3938 signiﬁcat
2614 3868 2758 3922 enim
2781 3865 2958 3920 velum
2992 3881 3085 3921 seu
3115 3877 3506 3934 tegumentum.
3539 3885 3652 3938 quo

2081 3969 2267 4014 sancta
2300 3967 2578 4028 teguntur.
2629 3955 2869 4026 Liturgia
2918 3953 2977 4009 S.
3025 3954 3402 4024 Chrysostomi
3440 3975 3453 4011 :
3496 3957 3558 4010 ‘0
3589 3959 3650 4011 δὲ

2082 4051 2264 4117 tepuit;
2293 4049 2433 4118 ἄρας
2463 4049 2554 4100 τὸν
2583 4045 3032 4118 ἀέρα·ἐπιτίθησι
3063 4045 3142 4114 τῷ
3187 4047 3461 4116 ἀριστερῷ
3511 4047 3652 4118 ὤμῳ

2083 4141 2175 4194 τοῦ
2207 4139 2474 4194 διακόνου.
2509 4137 2640 4193 Εἶτα.
2671 4139 2964 4210 ἀποτίθησι
2999 4139 3066 4190 τὰ
3130 4137 3466 4208 καλύμματα
3495 4141 3524 4192 ὁ
3573 4141 3652 4191 ie-

2085 4231 2212 4302 ρεὺς
2237 4230 2342 4284 ἀπὸ
2375 4229 2468 4284 τοῦ
2499 4229 2658 4297 ἁγίου
2683 4229 2867 4282 δίσκου
2889 4229 2982 4282 καὶ
3009 4227 3102 4280 τοῦ
3128 4227 3284 4293 ἁγίου
3357 4231 3650 4300 ποτηρίου,

2084 4323 2177 4377 τὸν
2214 4323 2273 4376 δὲ
2305 4324 2444 4392 ἀέρα
2470 4320 2650 4374 λαϐὼν
2677 4321 2786 4373 ἀπὸ
2801 4320 2910 4372 τῶν
2935 4319 3104 4389 ὤμων
3140 4320 3236 4370 τοῦ
3275 4321 3524 4373 διακάνου
3555 4323 3656 4375 καὶ

2084 4412 2361 4482 θυμιάσας
2422 4413 2584 4467 αὐτὸν
2633 4411 2994 4474 ἐπισκεπάζει
3035 4411 3102 4464 δι’
3144 4409 3312 4462 αὑτοῦ
3361 4415 3430 4464 τὰ
3493 4411 3649 4480 ἅγια.

2079 4503 2282 4566 ϐιιετε.

407 4601 550 4654 puro
567 4585 900 4644 Calvinismo
963 4599 1018 4646 et
1041 4592 1408 4649 Puritanismo
1447 4595 1684 4652 immane
1707 4611 1970 4668 quantum
2005 4613 2046 4668 υ
2147 4593 2289 4650 Ibid.
2323 4593 2538 4665 [Aerem
2571 4593 2662 4648 hic
2708 4592 2998 4648 verberant
3041 4602 3096 4648 et
3125 4601 3314 4647 ventos
3343 4605 3654 4663 sequuntur

407 4678 690 4743 recedunt,
722 4681 813 4749 qui
857 4681 1168 4751 huiusmodi
1208 4684 1401 4754 capitis
1466 4687 1974 4755 impatientissimus

409 4779 512 4836 cst,
542 4785 716 4838 neque
747 4769 988 4842 unquam
1022 4773 1143 4840 ejus
1181 4775 1384 4844 absque
1409 4779 1560 4846 gravi
1615 4780 1974 4837 detestatione

411 4865 682 4924 meminit.
713 4863 824 4920 Nec
844 4865 1170 4935 Gregentius
1206 4869 1502 4938 quidquam
1543 4872 1612 4926 de
1643 4872 1746 4926 hoc
1779 4875 1976 4928 uicera-

409 4955 518 5023 pite
552 4955 749 5020 innuit,
769 4955 882 5009 imo
905 4954 1116 5010 [utilem
1141 4957 1279 5013 hanc
1301 4960 1710 5029 persuasionem
1737 4960 1974 5020 Meursio

409 5033 646 5100 eximere
675 5055 906 5114 poterat,
938 5045 984 5098 si
1039 5047 1283 5101 animum
1345 5051 1425 5106 vel
1452 5051 1728 5120 paululum
1781 5057 1976 5108 adver-

409 5137 585 5192 tisset.
609 5135 745 5190 Nam
783 5137 1190 5204 ὑπεκκλησίονα
1213 5139 1288 5194 ait
1310 5155 1432 5208 eum
1469 5155 1592 5198 esse
1618 5144 1713 5212 qui
1773 5143 1974 5204 Roma-

411 5230 496 5284 nis
545 5237 771 5281 vocetur
838 5230 1095 5293 putricius
1165 5241 1218 5284 et
1241 5231 1532 5288 canicleon.
1597 5233 1731 5300 Quis
1787 5239 1971 5288 autem

411 5331 651 5384 unquam
684 5316 892 5370 audivit
923 5317 1238 5387 praefectum
1269 5321 1493 5378 caniclei
1529 5331 1624 5375 aut
1683 5323 1971 5392 patricium

409 5409 580 5464 tuisse
610 5408 872 5470 vicarium
911 5412 1152 5478 supremi
1179 5411 1370 5479 capitis
1393 5411 1450 5466 in
1483 5412 1647 5468 rebus
1713 5413 1978 5472 ecclesia-

409 5501 584 5565 sticis,
612 5500 715 5554 hoc
739 5511 822 5556 est
843 5501 1226 5569 imperatoris?
1247 5501 1400 5558 Licet
1426 5504 1570 5558 enim
1602 5503 1772 5558 Grasci
1795 5513 1978 5574 poste.

409 5593 580 5647 riores
617 5599 674 5648 et
730 5593 1034 5660 aequiores,
1099 5603 1382 5662 postquam
1439 5607 1469 5647 a
1523 5592 1726 5649 visibili
1795 5609 1974 5666 eoque

411 5699 540 5740 vero
570 5687 750 5755 capite
785 5683 1043 5740 Ecclesiae
1095 5683 1463 5753 desciverunt,
1530 5687 1844 5760 imperatori
1875 5705 1977 5744 suo

2077 4701 2201 4741 cum
2229 4683 2487 4748 Menrsio,
2520 4686 2610 4750 qui
2647 4685 2781 4753 ἀέρα
2827 4683 3102 4736 sudarium
3153 4685 3469 4752 liturgicum,
3509 4685 3652 4750 pilei

2082 4778 2356 4832 umbonem
2394 4775 2479 4830 vel
2514 4777 2712 4844 replum
2739 4776 3190 4842 interpretantur.
3223 4775 3460 4828 Sensum
3497 4791 3654 4831 asse-

2081 4882 2279 4941 quctur
2319 4872 2407 4940 qui
2437 4868 2742 4924 doctissimi
2768 4868 2954 4922 Allatii
2987 4876 3224 4922 mentem
3285 4879 3570 4938 sequetur,
3597 4881 3656 4925 et

2077 4977 2256 5025 exeo,
2305 4961 2438 5014 mihi
2501 4960 2753 5015 rescribit
2799 4959 2911 5023 ille,
2962 4957 3106 5028 quod
3169 4959 3406 5027 despatae
3452 4973 3652 5013 nomen

2078 5059 2360 5105 exaratum
2399 5051 2560 5122 gerit,
2612 5049 2749 5120 ἀέρα
2809 5049 3051 5102 σκιαδίου
3111 5049 3398 5118 cingulum,
3453 5065 3647 5102 zonam

2081 5157 2176 5196 seu
2202 5143 2384 5196 uittam
2441 5141 2670 5194 frontem
2734 5139 2980 5207 proxime
3028 5138 3377 5201 ambientem,
3447 5139 3654 5194 referre

2081 5237 2354 5303 conjiciat.
2385 5234 2693 5296 Rationem,
2730 5231 2775 5286 si
2793 5230 3036 5284 arrisura
3069 5231 3141 5284 sit
3203 5231 3468 5289 incertus,
3523 5247 3656 5300 pro-

2079 5325 2272 5378 feram.
2305 5325 2410 5378 Aer
2434 5323 2742 5398 liturgicns,
2792 5324 2836 5374 si
2893 5319 3224 5374 Germanum
3283 5323 3652 5390 patriarcham
3727 5395 3734 5398 _

2079 5418 2363 5472 docentem
2394 5397 2606 5474 audias,
2642 5413 2820 5466 velum
2845 5411 3021 5480 majus
3056 5421 3140 5467 est
3159 5413 3332 5468 sacris
3379 5413 3536 5468 donis
3593 5415 3652 5468 in

2079 5507 2238 5560 altari
2273 5504 2670 5574 superpositus,
2707 5504 2942 5572 ejusque
2979 5504 3080 5557 alis
3141 5513 3196 5558 et
3255 5505 3490 5568 ambitu,
3543 5520 3652 5560 ceu

2081 5611 2207 5651 aere
2233 5598 2315 5650 vel
2337 5597 2537 5650 aethere
2585 5595 2736 5649 orbis
2789 5593 3039 5660 inferior,
3087 5595 3180 5650 illa
3222 5597 3653 5664 circumquaque

2079 5697 2370 5756 teguntur;
2409 5688 2634 5758 parique
2665 5687 2876 5742 ratione
2909 5685 3036 5754 pilei
3084 5702 3177 5739 aer
3230 5686 3506 5758 cingulum
3564 5697 3652 5742 est

409 5777 672 5832 honorem
695 5778 931 5845 supremi
961 5777 1152 5847 capitis
1175 5778 1486 5846 detulerint,
1505 5793 1780 5850 nunquam
1801 5789 1979 5835 tamen
2076 5780 2126 5836 ei
2145 5779 2612 5848 circumpositum,
2635 5779 2896 5848 gestantis
2915 5786 3081 5846 caput
3099 5787 3480 5832 coronaturum
3503 5778 3651 5846 ejus-

373 5869 695 5942 _patricium
725 5877 818 5924 aut
855 5870 1078 5928 caniclei
1106 5872 1388 5941 prasidem
1413 5871 1726 5946 imperatori
1753 5873 1808 5928 in
1849 5873 1970 5940 hoc,

2081 5887 2187 5942 que
2216 5885 2410 5927 nomen
2442 5886 2540 5942 per
2569 5869 2806 5927 universi
2841 5871 2974 5926 ﬁnes
3017 5870 3440 5941 circumquaque
3489 5861 3670 5940 ερατ-ί
