3936 6594
202 491 283 553 945
1272 498 1658 563 GRE'I'SERI
1697 506 1793 566 ET

203 619 389 669 surum;
429 606 677 674 quamvis
708 606 900 661 eadem
937 621 1069 662 voce
1102 607 1303 680 replum
1335 611 1466 666 illud
1515 613 1566 668 in
1639 617 1733 670 de-
1765 621 1810 676 Α

208 707 344 766 spots
402 699 538 766 pileo
602 699 850 754 anterius
903 700 1240 768 prominens,
1298 713 1457 771 prout
1481 704 1730 762 iconibus

197 789 691 845 (anciliil-‘lorentini
732 800 851 845 acta
885 793 1143 846 nonnulla
1209 797 1729 862 repraesentantibus

196 894 246 932 ac
270 894 346 947 per
367 881 529 933 hocce
554 895 694 950 opus
723 883 835 952 (ed.
864 881 1094 952 Lupar.)
1129 886 1335 954 sparsis
1373 901 1437 941 ex
1489 887 1730 957 antiquis

193 971 550 1038 exemplaribus
571 973 833 1043 pingitur,
852 974 1165 1030 addubitem
1191 977 1724 1048 signiﬁcari.Gosn,]

239 1079 991 1154 Ρ.15Χρυσοκ.2α6αρικόν.
1021 1083 1220 1142 Junius
1252 1096 1304 1140 et
1361 1087 1449 1142 hic
1501 1099 1553 1143 et
1604 1089 1731 1144 alibi

193 1175 354 1241 sapius
413 1173 524 1228 edit
596 1176 1096 1247 χρυσοκλαδάρικα,
1138 1187 1192 1232 et
1247 1195 1437 1233 aureas
1501 1179 1732 1250 virgulas

193 1265 554 1333 interpretatur.
586 1265 692 1321 Sed
750 1268 912 1323 lectio
979 1277 1163 1326 nostra
1221 1279 1363 1323 recta
1418 1279 1536 1335 est;
1607 1286 1729 1324 nam

192 1355 680 1425 clarysoclauaricum
716 1358 858 1413 idem
892 1368 975 1415 est
1005 1365 1149 1432 quod
1205 1363 1571 1432 chrysoclavus
1635 1382 1731 1420 seu

191 1448 587 1517 chrysoclavatze,
611 1464 712 1504 vos
738 1451 1030 1508 Anastasio
1069 1453 1490 1510 Bibliothecario
1522 1456 1574 1510 in
1598 1473 1733 1524 pon-

192 1539 388 1594 ﬁlicibus
421 1541 583 1597 toties
618 1553 919 1612 usurpata;
955 1545 1041 1599 vel
1079 1545 1123 1600 si
1162 1561 1310 1600 mere
1340 1547 1588 1602 Latinam
1623 1550 1740 1604 dic-

194 1633 352 1685 tionem
409 1633 564 1696 velis,
627 1636 929 1691 auriclavus
991 1653 1092 1693 seu
1123 1641 1508 1696 auriclacatus.
1562 1641 1735 1699 Erant

192 1721 450 1777 claviauret'
478 1725 534 1779 in
571 1727 811 1782 vestibus
840 1743 1119 1798 segmenta
1152 1733 1397 1802 quaedam
1421 1733 1476 1788 in
1507 1734 1736 1790 lcrmam

192 1812 419 1870 clarorum
466 1815 664 1884 eﬁicta,
708 1830 936 1876 ornatus
979 1821 1150 1891 gratia
1208 1825 1454 1881 vestibus
1506 1825 1735 1896 adjecta.

191 1905 349 1962 Csars.
1772 1951 1812 2007 Β

238 1995 352 2051 Ibid.
385 1998 490 2072 [Sit
519 2001 662 2057 idem
701 2002 827 2059 licet
876 2007 1380 2078 χρυσοκλαεαρικόν
1407 2010 1552 2080 quod
1579 2011 1732 2082 chry-

187 2094 387 2144 toclmts
411 2093 491 2146 vel
515 2093 976 2164 chrysoclavalus,
1007 2114 1112 2153 vox
1165 2100 1460 2157 Anastasio
1521 2102 1729 2160 Biblio-

186 2181 459 2238 tlteearioin
494 2185 847 2254 pontiﬁcibus
905 2189 1184 2246 multoties
1243 2203 1546 2264 usurpata:
1603 2213 1726 2252 cum

184 2270 260 2325 alia
278 2281 438 2328 tamen
460 2290 610 2331 mere
634 2275 827 2332 Latina
856 2279 1098 2337 dictione
1123 2285 1427 2340 auriclatms
1445 2303 1538 2341 seu
1574 2291 1726 2342 auri-

183 2366 557 2429 clarattts,sono
589 2371 843 2439 quamvis
896 2374 1094 2440 vicina,
1160 2377 1361 2431 nullam
1413 2379 1467 2433 in
1530 2397 1726 2436 sensus

184 2454 467 2522 proprietate
499 2459 823 2514 societatem
859 2459 980 2517 init.
1025 2461 1358 2518 Erantenim
1400 2465 1538 2520 clavi
1575 2470 1724 2522 aurei

181 2543 221 2595 in
251 2546 470 2599 restibus
509 2559 792 2622 segmenta
810 2551 1060 2621 quaedam
1109 2552 1160 2607 in
1189 2552 1416 2609 formam
1444 2557 1721 2611 clavorum

179 2636 332 2706 edicta,
369 2653 599 2699 ornatus
631 2644 807 2712 gratia
842 2641 1086 2701 vestibus
1116 2649 1328 2718 adjecta
1356 2666 1370 2704 :
1401 2653 1721 2720 χρυσοκλα-

180 2727 361 2798 ϐιρικὸν
401 2748 529 2788 vero
556 2748 666 2788 non
700 2736 965 2790 clabalum
1017 2738 1177 2793 modo
1236 2743 1329 2795 sed
1381 2743 1617 2805 varium,
1668 2753 1724 2796 et

181 2823 496 2894 quodcunque
549 2842 691 2897 opus
744 2837 828 2883 est
893 2829 995 2884 ﬁlis
1028 2831 1211 2888 aureis
1242 2832 1560 2905 phrygionis
1605 2846 1722 2892 arte

181 2913 220 2967 in
272 2917 508 2987 subjecto
567 2923 747 2976 serico
797 2925 880 2977 vel
942 2938 1120 2992 panno
1183 2924 1364 2981 dnctis
1409 2928 1718 2998 depictum;

180 3005 290 3060 unde
313 3010 661 3081 phrygionem
681 3014 1247 3086 χρυσοκλαϐαριστήν.
1278 3018 1358 3073 vel
1379 3035 1502 3074 cum
1534 3019 1720 3074 Theo-

181 3099 321 3163 phane
387 3104 866 3174 χρυσοκλαόἀριον
914 3107 1177 3178 (ἀνήφθη.
1203 3109 1399 3180 inquit,
1428 3111 1592 3180 μέρος
1623 3113 1716 3166 τοῦ

178 3189 438 3257 ὲρτοδοσιου
468 3195 581 3247 τῶν
607 3196 1118 3265 χρυσοκλαϐαρίων,
1154 3204 1506 3271 phrygionum
1547 3203 1718 3273 ofﬁcio

177 3297 237 3335 ine
263 3301 369 3349 pars
400 3288 678 3341 combusta
699 3289 797 3357 est)
825 3287 1102 3343 neoterice
1126 3288 1333 3346 Graecia
1365 3303 1545 3348 vocat.
1573 3292 1711 3348 Cor-
1739 3311 1782 3367 ο

178 3375 340 3428 rectius
362 3386 538 3432 tamen
567 3392 690 3432 eum
722 3377 905 3447 Regiis
933 3379 1095 3450 222
1146 3382 1380 3452 aliisque
1431 3385 1707 3440 nonnullis

175 3471 532 3538 exemplaribus
579 3473 1130 3544 χρυσοκλαδαριστήν
1176 3477 1402 3542 diceret,
1465 3475 1536 3532 ob
1580 3494 1712 3547 χρυ-

178 3551 424 3624 causam»;
473 3563 589 3618 sive
619 3564 1150 3635 xpu'aoxlaﬁaptxdg,
1183 3566 1384 3636 quibus
1412 3582 1548 3621 auro
1569 3566 1709 3622 ludit

176 3650 355 3716 ligans,
375 3667 496 3722 qua:
525 3654 730 3722 ἱματίῳ
754 3666 980 3724 recepta:
1003 3657 1225 3724 φύλλοις
1247 3657 1342 3710 καὶ
1366 3657 1580 3721 κλάδοις
1607 3675 1710 3712 πε-

139 3767 142 3772 -
177 3739 511 3807 τοικιλμένον,
549 3741 695 3808 [aliis
727 3751 776 3796 et
811 3745 1142 3800 ramunculis
1173 3746 1377 3798 uarium
1422 3742 1712 3802 reddunlet

176 3826 466 3886 distinctum.
505 3830 698 3896 Ῥίζας
720 3833 790 3886 ob
826 3833 1059 3903 implexa
1090 3850 1154 3890 ac
1183 3850 1284 3889 acu
1308 3836 1526 3892 ludente
1550 3839 1715 3893 variis

177 3921 452 3977 tramitibus
473 3922 636 3978 ducta
669 3923 896 3978 ramalia
930 3926 1132 3980 scribet
1176 3941 1439 3984 numerus
1475 3943 1714 4000 sequens

176 4010 346 4064 tertius.
390 4010 535 4078 Quot
551 4013 700 4067 enim
722 4015 882 4066 ramis
901 4015 1098 4076 aureis,
1119 4031 1224 4086 qua
1248 4017 1412 4072 rectis
1463 4033 1568 4086 qua
1588 4033 1718 4074 con-

178 4102 414 4166 tortis,hic
431 4104 832 4161 discriminatis
858 4119 913 4160 et
942 4107 1151 4173 divisis,
1172 4107 1244 4162 ibi
1267 4108 1432 4164 simul
1451 4109 1716 4177 collectis,

177 4208 290 4248 nunc
317 4196 723 4263 enascentibus,
758 4195 887 4251 alibi
939 4199 1202 4254 truncatis
1236 4201 1319 4254 vel
1341 4200 1587 4269 jucunde
1628 4203 1721 4255 de-

178 4283 460 4352 sinentibus,
495 4288 673 4359 pingit
702 4304 765 4343 ac
800 4289 974 4344 variat
1030 4290 1355 4345 materiam?
1385 4289 1484 4346 Hic
1536 4302 1720 4346 autem

181 4388 263 4430 non
289 4379 474 4445 clauos,
511 4381 606 4434 sed
643 4381 986 4436 characteres
1008 4396 1224 4446 aureos,
1257 4382 1496 4452 gerentis
1521 4397 1719 4436 nomen

177 4472 528 4535 etprimentes,
564 4473 618 4526 in
675 4474 782 4526 ima
809 4474 930 4542 pilci
971 4490 1089 4540 ora,
1121 4475 1166 4529 si
1225 4475 1393 4538 lubet,
1441 4474 1726 4546 adnotabis

179 4574 411 4620 exaratos.
453 4564 656 4638 Go.\n.]

232 4654 353 4708 Ibid.
405 4642 789 4728 toppazéivov
837 4657 1189 4724 ﬁmbriatum,
1236 4674 1266 4714 a
1299 4667 1578 4730 syrmate;
1615 4673 1725 4728 quo
1756 4658 1801 4716 D

178 4748 360 4800 nomine
387 4750 629 4818 intelligo
688 4751 942 4820 utrinque
1003 4749 1361 4819 dependentia
1397 4765 1461 4804 ex
1508 4750 1716 4805 sciadio

179 4849 248 4887 seu
273 4838 401 4905 pileo
433 4839 597 4908 quasi
636 4840 861 4895 relicula
925 4856 1020 4896 seu
1083 4840 1392 4907 luniculos;
1446 4855 1608 4910 quos,
1669 4842 1746 4896 si-

179 4925 314 4993 Iubet,
336 4933 512 4986 oculis
543 4931 817 5002 inspicere
852 4933 1055 5002 poteris
1075 4933 1128 4988 in
1163 4933 1341 4988 tribus
1391 4932 1719 5002 imaginibus

179 5015 560 5086 imperatorum,
594 5037 716 5092 qua!
748 5021 998 5077 visuntur
1029 5023 1182 5077 initio
1239 5020 1535 5092 Nicephori
1583 5021 1713 5077 Gre-

178 5124 293 5178 gorx
321 5129 383 5168 ex
425 5116 670 5168 editione
697 5113 992 5170 Basileensi
1049 5114 1207 5170 l562.
1265 5113 1382 5170 Non
1449 5115 1722 5170 absimilis

178 5211 243 5255 est
269 5205 482 5276 emgies,
517 5223 684 5277 quam
706 5206 862 5260 nobis
888 5205 1312 5261 Turco-Grazeia
1343 5213 1718 5276 repraesentat.

177 5294 690 5368 Χρυσοκλαὸαρικόν,
723 5298 1106 5368 συρματέῖνον,
1141 5308 1200 5353 ut
1240 5313 1350 5352 non
1409 5298 1722 5354 referantur

177 5401 279 5439 cum
306 5387 467 5444 Juniu
497 5391 564 5445 ad
592 5390 841 5445 voculatn
870 5389 1136 5461 ὀνόματα,
1155 5390 1248 5445 sed
1279 5391 1345 5444 ad
1365 5390 1543 5460 ipsum
1579 5390 1724 5446 scia-

177 5478 301 5534 dion.
352 5482 558 5538 (iners.
1399 5509 1402 5512 ’

237 5568 359 5625 Ibid.
396 5566 614 5646 [Σῦρμα
641 5573 718 5630 nil
762 5572 942 5628 minus
972 5587 1136 5643 quam
1190 5572 1318 5643 pilei
1355 5571 1580 5627 reticula
1629 5587 1725 5628 seu

183 5656 413 5720 {articulos
470 5662 748 5730 relert,ut
807 5663 876 5716 ab
919 5677 984 5716 eo
1043 5663 1218 5732 pileus
1283 5663 1399 5732 ipse
1464 5672 1727 5719 noscatur

182 5748 448 5811 ﬁmbrialus
485 5771 504 5810 :
559 5757 766 5810 rectius
786 5769 911 5808 cum
939 5752 1147 5809 Graecia
1171 5755 1434 5809 hodierna
1457 5755 1729 5823 interpre-

183 5843 356 5897 laberis
373 5862 559 5900 aurum
590 5845 811 5911 ductile,
843 5860 1053 5908 aurum,
1083 5845 1331 5914 inquam,
1352 5845 1407 5898 in
1438 5845 1529 5910 ﬁla
1556 5844 1729 5898 solida

183 5937 408 6004 tractum,
438 5953 499 5990 or
543 5939 688 6002 trait,
737 5936 797 6006 ﬁl
834 5937 965 5990 d‘or.
1021 5935 1263 5990 Solidum
1320 5933 1427 5991 dixi
1457 5975 1469 5999 ,
1503 5935 1602 5993 hoc
1651 5944 1732 5992 cst

1835 507 2073 570 GOAlll
2114 511 2356 574 ΝΟΤᾸΞ.
3317 513 3422 575 ‘246

1840 619 2074 674 nondum
2099 622 2255 677 molis
2289 633 2491 689 tusum,
2533 623 2839 696 exindeque
2888 625 3065 682 serico
3106 625 3194 679 ﬁlo
3218 640 3414 695 super—

1837 711 2143 767 inductum.
2184 715 2559 784 Συρματέῖνον
2591 715 2776 786 itaque
2821 733 2962 787 opus
3021 725 3106 772 est
3163 732 3298 771 auro
3361 716 3416 770 in

1837 802 1925 857 ﬁla
1957 803 2128 858 solida
2166 805 2329 861 ducto
2382 807 2752 878 compositum
2809 809 2892 864 vel
2965 809 3192 875 pictum,
3255 811 3419 880 quale

1832 894 2067 962 despotee
2089 911 2283 951 nomen
2339 898 2392 951 in
2412 898 2528 967 ejus
2552 899 2693 969 pileo
2727 901 3078 972 phrygionica
3103 917 3262 956 manu
3287 902 3424 956 deli-

1833 994 2042 1040 neatur.
2069 985 2270 1060 Gesn]
2792 1002 2806 1013 '

1908 1073 2046 1132 Ibid.
2070 1079 2302 1134 Τασεῖα.
2325 1081 2400 1134 Ita
2421 1079 2544 1151 legit
2564 1079 2781 1146 Junius,
2804 1092 2855 1136 et
2875 1084 3070 1150 apicem
3097 1081 3423 1150 interpreta-

1837 1177 1948 1232 tur,
1985 1185 2095 1238 quo
2125 1173 2344 1226 nomine
2370 1173 2624 1243 intelligit
2646 1177 2967 1243 superiorem
2989 1174 3162 1228 sciadi
3182 1183 3416 1243 partem,

1837 1259 1892 1312 in
1957 1277 2146 1336 conum
2197 1277 2556 1332 assurgentem
2643 1266 3029 1336 fastigiatam:
3091 1265 3422 1334 deducitque
3459 1265 3483 1284 ‘

1837 1334 2088 1407 voculam
2126 1357 2335 1420 τασεῖα,
2372 1357 2523 1424 παρὰ
2557 1357 2618 1408 τδ
2637 1357 2852 1422 τείνειν,
2882 1375 2912 1410 a
2937 1356 3215 1410 tendendo.
3253 1356 3310 1410 In
3343 1356 3422 1409 al-

1838 1453 1954 1499 tero
1977 1445 2166 1500 codice
2207 1447 2468 1502 Bavarico
2496 1448 3026 1518 legiturdisjunctitn
3061 1449 3128 1501 τὰ
3155 1449 3296 1512 asia,
3364 1446 3418 1500 in

1840 1544 2034 1589 neutro
2063 1552 2260 1605 genere
2289 1528 2467 1593 :ietita
2501 1539 2788 1609 legendum
2819 1549 2949 1608 puto
2973 1541 3024 1594 Ι.
3053 1539 3179 1608 quia
3223 1537 3426 1594 subdi-~

1841 1637 1928 1682 tur
1951 1629 2002 1682 in
2037 1641 2230 1685 neutro
2259 1647 2456 1700 genere
2485 1634 2549 1686 τὰ
2575 1635 2693 1686 σεία
2722 1627 2808 1686 οἵα
2837 1634 2930 1685 καὶ
2953 1633 3016 1684 τὰ
3044 1631 3298 1702 βασιλικά
3327 1646 3341 1683 :
3366 1637 3421 1684 et

1842 1720 1981 1775 inira
2011 1739 2026 1780 :
2065 1723 2126 1776 ’0
2162 1723 2272 1792 ἀὴρ
2295 1724 2388 1776 καὶ
2417 1726 2483 1777 τὰ
2524 1727 2663 1789 asia,
2697 1719 2784 1779 οἷα
2813 1725 2999 1777 καὶτὰ
3021 1724 3115 1777 τοῦ
3130 1722 3415 1776 δεσπότου.

1842 1813 2072 1883 Signum
2113 1831 2244 1884 ergo
2275 1827 2356 1872 est
2405 1825 2458 1870 et
2493 1816 2542 1871 id
2587 1817 2730 1888 quod
2783 1816 3078 1881 antecedit,
3130 1829 3326 1884 nempe
3353 1814 3422 1866 τὰ

1843 1909 1982 1970 asia,
2016 1907 2265 1962 neutrius
2306 1910 2522 1978 generis
2547 1923 2690 1963 esse.
2737 1910 2791 1962 2.
2825 1907 2963 1974 Quia
2988 1907 3058 1960 τὰ
3100 1909 3220 1960 uela.
3268 1904 3432 1960 Junii

1837 2013 1865 2052 a
1898 1997 2059 2052 τείνω
2092 2014 2190 2069 pro
2245 2001 2567 2056 extensione
2620 2016 2821 2072 genere
2881 1998 3147 2054 feminino
3194 2012 3420 2070 prorsus

1832 2091 2016 2159 ignota
2047 2097 2102 2145 et
2137 2091 2396 2147 inusitata
2426 2101 2528 2148 est.
2560 2091 2700 2158 Quid
2733 2091 2805 2148 sit
2840 2093 3021 2158 τάσις,
3077 2104 3271 2146 omnes
3317 2106 3416 2145 no-

1833 2192 1960 2235 runt
1998 2182 2162 2252 :quld
2184 2184 2395 2246 τασεῖα,
2425 2199 2520 2253 per
2553 2182 2778 2238 Junium
2805 2198 2964 2239 nemo
2987 2184 3172 2251 novit;
3196 2183 3416 2237 tametsi

1829 2271 2061 2339 ingenue
2094 2270 2269 2326 lateor
2305 2287 2392 2326 me
2446 2284 2788 2342 compertum
2849 2288 2956 2327 non
3020 2273 3223 2328 habere
3279 2272 3416 2342 quid

1827 2363 1896 2416 τὰ
1923 2365 2043 2415 asia.
2065 2363 2389 2431 signiﬁcent.
2428 2363 2700 2429 Quocirca
2759 2364 2812 2417 in
2863 2364 3118 2418 versione
3171 2362 3415 2418 Grzecam

1826 2454 2124 2508 dictionem
2153 2455 2380 2521 retinui,’
2408 2456 2583 2512 donec
2615 2456 2717 2510 viri
2773 2455 2921 2511 docti
2982 2456 3065 2510 vel
3095 2470 3280 2509 veram
3339 2456 3416 2509 si-

1824 2545 2192 2615 gniﬁcantiam
2224 2556 2424 2602 eruant
2480 2547 2562 2604 vel
2601 2548 2814 2603 Codiuo
2888 2561 3072 2602 veram
3117 2546 3412 2602 lectionem

1825 2634 2140 2688 restituant.
2175 2634 2382 2690 Gners.

1900 2723 2044 2779 Ibid.
2077 2725 2464 2797 [Promerebor
2495 2729 2627 2785 mihi
2656 2730 2974 2790 Gretserum
2997 2735 3178 2792 Allatii
3207 2752 3426 2800 comes,
3485 2732 3499 2748 "

1830 2824 1884 2871 ct
1914 2832 2100 2875 veram
2133 2817 2241 2871 τῶν
2307 2818 2469 2873 σείων
2526 2821 2953 2891 signiﬁcantiam
3008 2841 3219 2882 eruam.
3281 2829 3414 2890 Ma

1822 2919 1951 2965 sunt
1979 2909 2126 2980 longi
2165 2912 2328 2968 unius
2369 2912 2482 2970 fere
2513 2916 2679 2985 palmi
2713 2923 3136 2990 margaritarum
3168 2929 3407 2987 tractus,

1819 3001 1968 3056 circa
2001 3001 2242 3072 despota:
2273 3019 2433 3061 aures
2470 3021 2500 3060 e
2528 3007 2672 3077 pileo
2745 3012 2989 3079 penduli.
3047 3013 3139 3068 Sic
3206 3013 3319 3067 lora
3381 3028 3412 3066 e

1821 3091 2144 3160 pontiﬁcum
2204 3095 2404 3160 mitris,
2444 3095 2604 3154 funes
2661 3101 2932 3156 reticulati
2969 3119 3000 3158 e
3044 3103 3408 3158 cardinaliunt

1820 3185 2001 3255 pileis,
2061 3186 2287 3243 inaures
2311 3189 2444 3258 ipsa:
2499 3205 2566 3245 ex
2620 3193 2846 3247 auribus
2903 3195 3199 3262 pendentes
3263 3196 3407 3256 σεῖα,

1817 3285 1970 3341 sunt,
2004 3277 2246 3345 mobilia,
2279 3281 2506 3336 tremula
2541 3282 2874 3354 pendulaque
2923 3295 3252 3351 ornamenta,
3301 3285 3407 3338 ἀπὸ
3453 3315 3462 3320 -

1814 3368 1909 3422 τοῦ
1943 3369 2131 3426 σείειν.
2163 3370 2361 3426 Eadem
2395 3372 2446 3426 in
2475 3374 2803 3442 patriarcha:
2855 3375 2998 3444 pileo
3029 3374 3421 3445 Turcogrzecia

1819 3470 2100 3529 nuncupat
2139 3462 2626 3533 καμηλαυκόλαϐα,
2655 3466 2778 3534 pilci
2803 3466 3080 3519 manubria
3117 3470 3193 3520 vel
3223 3482 3402 3520 ausas.
3465 3517 3470 3524 .

1815 3552 2016 3626 Gesn]
3339 3562 3344 3564 ⁷

1885 3645 1970 3700 Ib.
2008 3644 2224 3716 Κόμσος
2273 3659 2357 3703 est
2413 3649 2602 3705 nodus.
2651 3649 3024 3721 Compositum
3080 3651 3406 3722 ἑπικόμϐια,

1817 3737 1885 3793 de
1914 3755 2021 3808 quo
2059 3738 2218 3804 infra,
2273 3751 2404 3798 sunt
2441 3752 2718 3813 segmenta
2752 3744 2937 3815 panni,
2965 3744 3166 3815 quibus
3204 3746 3408 3800 involvi

1816 3827 1993 3882 solent
2017 3830 2225 3882 nummi
2249 3831 2700 3902 aurei,argentei,
2717 3834 2867 3897 a‘rei,
2891 3851 3012 3904 quae
3034 3835 3194 3889 etiam
3212 3827 3372 3904 idpﬁ.
3391 3855 3408 3889 ι

1818 3919 2186 3988 appellantur.
2212 3919 2730 3992 ΙΙῘιιοκομδολῦτης,
2765 3923 3208 3996 βαλαντιοτόμος.
3239 3926 3410 3981 Usur“

1819 4020 1981 4082 patur
2034 4028 2254 4084 quoque
2271 4014 2489 4082 κόμπος
2517 4029 2612 4084 pro
2645 4015 2871 4083 κόμσος.
2895 4017 3156 4081 Quamvis
3194 4018 3407 4086 κόμπος

1821 4100 2098 4157 interdum
2123 4103 2265 4157 idem
2290 4113 2370 4159 est
2403 4107 2550 4175 quod
2573 4108 2898 4160 commodus.
2933 4105 3233 4162 Mauricius
3263 4107 3405 4175 apud

1823 4195 2113 4265 Rigaltium
2142 4213 2156 4250 :
2180 4195 2362 4249 Καλὸν
2378 4198 2433 4250 δέ
2451 4197 2744 4268 ἑστι223
2762 4199 2952 4263 τέντας
2973 4199 3115 4253 κατὰ
3138 4201 3198 4253 τὸ
3219 4201 3417 4269 σχῆμα.

1821 4286 1932 4340 τῶν
1975 4285 2228 4356 Ἀὄάρων
2262 4287 2294 4358 ἢ
2329 4287 2593 4360 Τούρκων
2650 4289 2934 4359 γενέσθαι,
2991 4292 3074 4345 ὅτι
3131 4292 3222 4346 καὶ
3267 4309 3405 4360 κομ-

1827 4379 1924 4444 παὶ
1988 4379 2084 4430 καὶ
2136 4378 2417 4448 χρειώδεις
2455 4380 2616 4435 εἰσίν.
2654 4381 2860 4438 Gners.

1900 4467 2204 4540 lbid.[Toi3
2258 4471 2503 4537 κόμὸου.
2541 4470 2662 4531 Non
2725 4474 3026 4542 quemlibet
3079 4477 3294 4540 nodum,
3327 4475 3407 4530 vel

1829 4574 1949 4615 eum
1980 4562 2182 4626 solum,
2220 4577 2319 4614 vox
2358 4561 2564 4631 κόμὸος
2597 4568 2765 4619 menti
2802 4567 3013 4635 objicit.
3038 4566 3138 4621 Hic
3162 4583 3290 4622 vero
3315 4583 3408 4622 so-

1828 4651 1936 4708 lius
2001 4655 2367 4724 imperatoriae
2435 4670 2651 4712 corona:
2705 4674 3015 4728 gemmeum
3067 4661 3269 4730 apicem
3319 4662 3406 4716 vel

1818 4746 2152 4801 eminentem
2180 4745 2232 4799 in
2289 4761 2352 4801 ea
2405 4746 2703 4817 globulum,
2756 4766 2867 4819 quo
2938 4751 3178 4820 despota:
3233 4752 3408 4823 pileus

1818 4853 1928 4892 non
1967 4837 2280 4907 insignitur,
2319 4836 2504 4893 refert.
2531 4838 2730 4910 συλλ]

1893 4927 2034 4982 Ibid.
2061 4927 2194 4983 Illud
2227 4930 2367 4998 πλὴν
2398 4930 2506 4982 τῶν
2536 4933 2797 4998 φοινίκων
2820 4947 2917 4987 seu
2942 4933 3225 5000 φοινικίων
3246 4933 3406 4987 vertit

1820 5017 2018 5073 Junius
2041 5020 2272 5088 exceptis
2304 5020 2500 5081 laniis,
2526 5030 2580 5074 et
2612 5020 2663 5073 in
2685 5019 2911 5077 seholiis
2939 5022 3224 5091 explicans
3251 5022 3403 5092 'quid

1823 5109 1933 5164 sint
1954 5109 2148 5172 ueniae,
2179 5110 2256 5163 ait
2282 5124 2406 5165 esse
2437 5111 2596 5164 vittas
2633 5110 2902 5182 oblongas,
2944 5114 3132 5184 quibus
3151 5123 3418 5182 tanquam

1824 5205 1951 5258 loris
1974 5216 2151 5273 partes
2176 5203 2341 5272 apicis
2381 5205 2679 5258 commissa:
2707 5215 2757 5259 et
2788 5219 2992 5261 sutum
3018 5208 3233 5260 oblecta:
3254 5218 3404 5263 sunt.

1823 5293 1936 5362 Ego
1956 5303 2008 5349 et
2045 5295 2134 5348 hic
2168 5305 2221 5348 et
2255 5293 2394 5348 infra
2428 5296 2572 5350 malo
2601 5296 2884 5365 palmulis.
2932 5297 3085 5366 Apud
3148 5295 3406 5368 Capitoli-

1825 5401 1954 5438 nutn
1987 5386 2040 5439 in
2075 5384 2366 5439 Gurdianis
2390 5397 2473 5442 est
2499 5387 2738 5453 palmata
2773 5390 2958 5442 tunica
2981 5399 3030 5442 el
3068 5401 3190 5459 toga
3241 5389 3406 5459 picta.

1825 5476 2027 5532 Gne'rs.

1901 5565 2044 5622 Ibid.
2077 5565 2360 5639 [Fructus,
2393 5585 2497 5622 non
2525 5568 2648 5625 folia
2673 5569 2992 5637 palmarum,
3012 5571 3064 5625 in
3093 5571 3191 5625 hac
3212 5569 3397 5624 dictio-

1833 5673 1902 5714 ne
1934 5659 2174 5728 legendi.
2221 5660 2478 5732 Dactylos
2537 5661 2799 5716 hodierna
2839 5661 3046 5718 Graecia
3072 5670 3226 5714 voeat
3288 5675 3403 5727 φοιο

1831 5751 2010 5805 νικισιε
2035 5751 2109 5806 illi
2137 5767 2267 5808 vero
2301 5754 2356 5808 in
2382 5769 2498 5808 uvae
2525 5768 2753 5820 morem,
2775 5756 2962 5824 granis
2986 5764 3165 5808 tamen
3186 5751 3408 5821 longius

1832 5841 2049 5896 dissitis
2075 5858 2137 5896 ac
2169 5859 2325 5913 mage
2378 5841 2654 5912 pendulis,
2689 5859 2719 5898 e
2781 5844 2960 5898 trunci
3029 5841 3256 5906 vertice,
3297 5856 3404 5908 qua

1835 5935 1971 5990 rami
2003 5945 2326 6002 nascuntur,
2367 5935 2618 6002 pendent.
2643 5935 2724 5991 Ab
2758 5935 2970 5991 arboris
2999 5933 3065 5988 ad
3112 5933 3401 6001 imperatu»
