3936 6580
512 437 620 503 ΞΠ

1585 445 1666 506 ΙΝ
1709 447 2021 512 LIBRUM
2072 454 2170 514 DE
2234 453 2566 516 OFFlCllS
2599 457 2714 522 CP.
2795 403 2810 420 θ

3653 459 3758 526 248

520 563 594 614 ris
623 557 880 612 verticem
939 555 1222 612 translatis
1277 556 1452 612 oculis
1475 568 1680 614 sertum
1745 576 2080 633 gemmeum,

2191 583 2276 630 τος
2324 567 2642 637 περιείλησε
2672 567 2762 622 τὸν
2788 568 2970 637 λύγον.
2998 568 3168 640 Cujus
3187 571 3290 626 alia
3321 571 3484 628 lectio
3512 573 3653 630 inter
3677 595 3759 630 va-

512 647 712 706 cassitli
739 647 819 700 vel
845 643 965 714 ejus
993 647 1270 702 stemmati
1297 647 1566 712 eminens,
1597 650 1676 706 vel
1729 653 1795 706 ad
1837 655 2082 710 dextram

513 755 698 794 aurem
723 738 1002 792 volitantis
1025 738 1197 792 instar
1255 741 1458 809 pluma:
1516 740 1773 807 allixum,
1834 745 2088 811 φοίνικας

509 831 591 886 vel
627 831 871 900 φοινίκια
899 831 1183 896 vocitabis,
1207 835 1362 902 quasi
1412 849 1689 899 gemmeos
1748 836 1944 904 capitis
1987 838 2085 899 vel

506 938 725 978 coronae
779 924 987 979 botros.
1048 922 1145 984 Ita.
1177 925 1370 980 scribit
1408 923 1679 994 Georgius
1701 923 1960 980 Coresius
1993 927 2083 981 :id

509 1024 780 1070 testantur
815 1016 1040 1084 antiqua
1087 1013 1404 1070 Graecorum
1441 1015 1835 1086 imperatorum
1867 1017 2084 1072 numis-

511 1116 675 1160 inata.
703 1105 903 1178 60am]

451 1233 474 1251 .-
578 1198 718 1253 Ibid.
752 1196 977 1270 Ὶόὖχον
999 1199 1091 1254 τοῦ
1117 1200 1378 1256 δεσπότου
1411 1201 1526 1254 sive
1553 1198 1774 1269 ρουχίον
1796 1209 1881 1254 est
1907 1200 2079 1270 ipsis-

505 1292 643 1345 sima
677 1292 1073 1348 Germanorum
1110 1294 1302 1348 vocula
1342 1291 1484 1347 rock.
1535 1289 1752 1347 Nicetas
1785 1292 1840 1347 in
1862 1293 2078 1347 Andro-

504 1399 627 1438 n.co
654 1384 696 1439 l.
732 1400 807 1440 It:
838 1385 1118 1455 Φοροῦντα
1151 1386 1347 1456 ροὖχον
1379 1388 1600 1455 σχιστδν
1652 1384 1816 1454 μέχρι
1846 1385 1940 1438 καὶ
1968 1384 2077 1438 τῶν

440 1491 442 1494 '
501 1477 766 1543 γονάτων.
796 1477 1089 1548 llelgaldus
1114 1477 1166 1530 in
1194 1477 1301 1530 vita
1329 1477 1472 1545 regis
1505 1475 1754 1545 Roberti:
1781 1474 1994 1529 Exuens
2022 1490 2078 1529 se

500 1572 804 1627 vestimento
860 1587 1143 1640 purpureo,
1200 1568 1338 1639 quod
1398 1570 1576 1638 lingua
1622 1568 1822 1622 rustica
1879 1567 2074 1622 dicitur

2195 657 2306 712 rias
2341 658 2537 716 scribit
2559 658 2639 728 τῷ
2665 659 2766 727 μὲν
2791 662 3093 731 ταμπαρίῳ
3139 662 3235 716 τοῦ
3265 668 3519 733 σώματος
3555 669 3759 736 περιεί-

2190 745 2324 808 luas
2347 748 2439 802 τὸν
2457 748 2644 817 λύγον.
2669 750 2737 806 Ut
2760 762 3040 820 gereretur
3057 754 3139 806 vel
3162 768 3361 823 corpus
3383 756 3760 819 ambiret,ha:e
3795 763 3800 768 ’

2188 837 2292 891 alia
2314 839 2598 908 scriptoris
2628 839 2872 908 ejusdem
2902 842 3064 896 verba
3093 843 3372 897 declarant
3395 845 3431 898 l.
3468 860 3527 898 ιιι
3552 863 3567 899 z
3608 846 3756 898 Κλα-

2191 927 2334 996 μὺδα
2361 929 2674 1000 ᾐσθημένος
2703 931 3065 1001 ἀστειοτέραν
3123 933 3254 1000 περὶ
3282 932 3373 986 τδν
3401 933 3578 1000 δεξιὸν
3596 929 3750 1005 ὦμον

2187 1021 2742 1090 περονουμένην,καὶ
2779 1024 3042 1090 ἀφιεῖσαν
3098 1023 3400 1095 ἐλευθέραν
3447 1028 3544 1092 τὴν
3595 1031 3756 1096 χεῖρα

2186 1107 2327 1159 κατὰ
2350 1107 2410 1160 τὸ
2437 1110 2728 1180 πόρπημα.
2757 1111 2856 1166 Ubi
2891 1127 3022 1167 vero
3043 1114 3356 1184 ταμπαρίου
3391 1114 3508 1168 vice
3535 1119 3757 1169 ταττπά-

2185 1215 2300 1267 ριον
2323 1200 2405 1253 vel
2433 1201 2733 1272 ταόϐάριον
2757 1203 3046 1274 legendum
3077 1213 3237 1273 putat
3282 1203 3548 1262 Meursius
3605 1209 3757 1263 nullo

2183 1298 2431 1353 auctore,
2471 1301 2725 1361 nugatur.
2752 1291 2951 1365 Cosa]

2249 1378 2445 1436 Junius
2508 1370 2560 1436 in
2620 1383 2832 1440 Codino
2896 1386 3183 1443 confundit
3234 1392 3553 1460 margaritas
3628 1407 3753 1448 cum

2180 1473 2468 1542 margellts,
2505 1483 2559 1529 et
2584 1476 2634 1529 id
2668 1479 2811 1546 quod
2839 1494 2906 1533 ex
2955 1481 3230 1550 margellis
3250 1491 3484 1546 constat,
3513 1498 3640 1538 cum
3665 1485 3754 1538 illo

2177 1563 2320 1632 quod
2339 1576 2554 1620 constat
2579 1582 2641 1621 ex
2665 1569 2996 1636 margaritis,
3021 1585 3145 1626 cum
3177 1579 3358 1626 tamen
3386 1573 3526 1626 haud
3549 1576 3748 1642 exiguo

502 1679 675 1718 rocus.
711 1663 851 1728 llinc
877 1669 1040 1719 etiam
1076 1664 1345 1718 rocltetum
1383 1678 1485 1716 vox
1520 1666 1725 1730 saepius
1777 1661 1941 1716 obvia
2015 1660 2071 1714 in
2177 1653 2490 1711 discrimine
2524 1658 2747 1712 distent.
2787 1658 2922 1714 Nam
2953 1663 3210 1732 margella
3251 1663 3522 1732 signiﬁcat
3581 1665 3749 1731 l)co-

502 1756 658 1811 libris
692 1755 1008 1820 ritualibus,
1061 1756 1367 1822 przesertim
1405 1753 1690 1807 Romanis.
1740 1751 1870 1805 lnde
1905 1751 2072 1806 etiam
2176 1747 2390 1800 rallium
2421 1747 2751 1819 lapidem,2)
2777 1752 2964 1806 ﬂorem
2997 1768 3090 1807 seu
3122 1753 3341 1808 herbam
3363 1755 3748 1822 anagallidem-

502 1849 824 1916 ρουχαρεῖον
853 1847 1184 1911 vestiarium,
1217 1861 1318 1899 vox
1353 1853 1541 1900 nostro
1595 1859 1817 1914 quoque
1862 1843 2072 1899 Codino

2191 1853 2294 1905 qua:
2322 1839 2515 1893 rubore
2537 1841 2818 1896 corallium
2852 1845 3131 1907 incutitur,
3178 1844 3385 1899 Gallice
3450 1845 3754 1915 morgelline

504 1949 782 2009 usurpata.
815 1938 1020 1994 Gns'rs.

581 2030 726 2085 Ibid.
757 2030 1030 2103 [Despotze
1087 2031 1282 2102 ροὖχον
1321 2029 1637 2102 bujusmodi
1675 2029 1792 2085 sive
1827 2030 2073 2096 ῑιιὰτιον,

502 2126 547 2179 si
579 2125 933 2194 imperatorio
958 2141 1064 2178 non
1088 2125 1354 2180 absimilis
1383 2135 1467 2179 est
1505 2123 1715 2188 formae,
1752 2122 1956 2186 σάκκος
2019 2123 2074 2176 in

502 2219 772 2274 secuturis
800 2215 1035 2284 dicetur,
1075 2219 1256 2271 tunica
1282 2218 1539 2272 nimirum
1573 2232 1603 2271 e
1655 2216 1844 2270 villoso
1901 2215 2078 2270 serico

503 2306 666 2360 nullis
685 2306 842 2375 plicis
868 2307 1186 2374 conspicua,
1225 2306 1318 2360 sed
1348 2309 1498 2362 circa
1524 2315 1717 2375 pectus
1745 2313 1800 2359 et
1860 2304 2079 2359 lumbos

502 2397 770 2463 strictior,
804 2399 971 2467 paulo
1009 2399 1169 2452 latior
1200 2399 1343 2453 circa
1399 2397 1585 2469 pedes,
1649 2405 1820 2452 totum
1881 2411 2081 2466 corpus

503 2489 768 2544 ambiens.
791 2488 860 2544 Ut
881 2490 1048 2554 illam,
1069 2490 1224 2544 clade
1257 2491 1308 2543 in
1337 2491 1477 2544 bello
1502 2497 1746 2557 accepta.
1778 2487 1953 2542 tristis
1975 2505 2002 2540 a
2021 2502 2082 2542 se

502 2578 762 2648 abjecerit
777 2578 1017 2635 Joannes
1044 2581 1269 2649 desp0ta
1291 2580 1567 2635 Michaelis
1581 2578 1865 2648 Palaeologi
1893 2578 2080 2644 frater,

501 2679 687 2722 narrat
727 2671 1000 2739 Gregoras
1030 2687 1060 2724 v
1095 2675 1190 2728 ult.
1222 2671 1422 2742 Cone]

575 2761 662 2815 Ib.
711 2761 895 2826 Ῥίζας
918 2771 975 2818 et
995 2765 1444 2834 στρατηλατίκια,
1475 2764 1860 2830 interpretatur
1887 2762 2086 2818 Junius

507 2855 728 2929 lacinias
753 2864 811 2909 et
833 2855 1116 2918 lemniscos
1143 2856 1420 2910 militares.
1447 2855 1648 2910 Gns'rs.

581 2942 726 2998 Ibid.
747 2943 996 3018 [Regiam
1025 2947 1438 3019 Sandionysiaci
1457 2949 1727 3003 abbatiam
1744 2964 1810 3003 eo
1835 2951 1944 3022 line.
1962 2962 2086 3017 pro-

506 3035 681 3104 l'ectus
713 3045 771 3091 ut
799 3036 1064 3093 Manuelis
1093 3039 1444 3107 imperatoris
1477 3038 1706 3093 llelenes
1767 3040 2084 3108 imperatri-

506 3127 610 3186 cis.
640 3125 873 3184 Joannis
929 3129 1144 3199 imperii
1203 3131 1442 3199 collegae,
1503 3129 1773 3185 Theodori
1821 3130 2082 3200 despotae,

506 3219 803 3275 Andronici
834 3219 1264 3274 αὑθεντοπούλου
1300 3221 1726 3292 Ρειιωοιοεοτιιιη
1762 3236 1829 3278 eo
1891 3237 1973 3275 ms
2021 3220 2082 3276 S.

507 3309 747 3380 Dionysii
783 3326 1033 3380 operum,
1059 3299 1203 3382 quod
1240 3313 1456 3368 Mauucl
1485 3314 1780 3383 praedictus
1804 3321 2081 3367 cowtaneo

509 3401 613 3454 sibi
639 3401 1116 3458 Christianissimo
1163 3403 1498 3460 Francorum
1561 3405 1672 3474 regi
1721 3405 1961 3464 donavit,
1993 3419 2087 3458 ex-

508 3505 726 3559 pressas
753 3491 820 3546 ad
845 3493 1024 3546 vivum
1053 3493 1264 3564 efﬁgies
1293 3533 1309 3559 ,
1347 3496 1534 3549 vultus
1563 3535 1578 3558 ,
1605 3503 1920 3556 stemmata,
1988 3508 2086 3561 ge-

511 3595 634 3638 stus
659 3620 675 3645 ,
703 3595 882 3637 vestes
912 3621 928 3647 ,
958 3585 1191 3640 vestium
1232 3588 1466 3650 colores,
1491 3585 2086 3650 l'ormam,ornamcnta

511 3673 894 3742 conspicerem
951 3676 1214 3733 attentius
1262 3685 1318 3730 et
1369 3676 1742 3740 observarem,
1806 3686 2085 3744 perspecta

511 3767 737 3820 coccina
761 3765 1002 3836 despota:
1030 3769 1213 3822 tunica
1245 3767 1516 3838 llgataque
1532 3766 1599 3822 ad
1621 3766 1821 3822 collum
1844 3765 2085 3833 ejusdem

512 3858 713 3912 coloris
735 3859 1020 3930 chlamyde
1051 3898 1066 3920 ,
1101 3859 1285 3929 cujus,
1317 3859 1510 3914 dextra
1561 3872 1687 3928 pars
1739 3859 1792 3910 in
1837 3859 2086 3912 dextrum

516 3953 806 4007 humerum
837 3952 1134 4007 revolvitur
1169 3993 1186 4018 ,
1219 3955 1271 4008 in
1319 3952 1501 4007 tunica
1541 3952 1626 4022 (ea
1656 3951 1843 4006 talaris
1892 3960 1975 4006 est
2021 3951 2088 4005 ad

513 4043 656 4098 sacci
683 4043 928 4115 modum)
963 4059 1144 4098 ramos
1181 4058 1376 4098 aureos
1417 4043 1776 4098 animadverti
1822 4043 2089 4112 depictos,

515 4129 962 4202 chlamydemque
987 4131 1222 4202 Phrygio
1251 4147 1531 4202 aureoque
1561 4147 1726 4202 apere
1776 4147 2086 4201 respersam

519 4230 688 4276 totam
717 4262 736 4288 ,
758 4239 852 4292 per
879 4225 1051 4292 spatia
1073 4224 1320 4290 quaedam
1349 4223 1402 4276 in
1446 4224 1636 4277 orbem
1677 4222 1866 4278 relicta
1898 4223 2092 4294 bicipi-

519 4309 667 4364 tibus
705 4298 908 4376 aquilis
953 4324 1090 4362 auro
1116 4311 1319 4378 pariter
1341 4311 1619 4380 expressis
1643 4312 1695 4365 in
1731 4327 1796 4367 ea
1831 4296 2092 4382 fulgenti-

521 4403 646 4456 bus.
677 4402 758 4454 An
790 4414 955 4454 aurea
1011 4401 1235 4455 ramalia
1269 4404 1504 4456 radicum
1542 4403 1715 4458 instar
1745 4420 1840 4474 per
1865 4413 2092 4471 vestem,

521 4491 688 4547 nullis
713 4499 892 4546 tamen
917 4491 1115 4561 aquilis
1136 4502 1408 4558 ornatam,
1442 4497 1712 4564 serpentia
1734 4496 1911 4566 ῥίζας,
1937 4498 2092 4567 aqui-

2115 1938 2153 1990 n
2181 1944 2277 1983 seu
2313 1932 2643 2001 morgellina,
2676 1935 2830 2000 quasi
2871 1951 3089 1992 morsus
3119 1938 3354 2006 gallinaz.
3382 1936 3634 2007 Egineta
3664 1954 3754 1990 κο-

2181 2021 2408 2089 ραλλίαν
2431 2025 2686 2092 appellat.
2717 2027 2772 2094 3)
2802 2027 2856 2080 ld
2889 2029 3032 2097 quod
3073 2029 3258 2084 ﬂorem
3282 2039 3338 2084 et
3394 2029 3626 2100 lapidem
3657 2045 3752 2083 co-

2179 2112 2390 2179 rallium
2414 2113 2676 2171 imitatur.
2703 2116 2758 2190 ι)
2776 2117 2967 2174 Omnis
2997 2120 3210 2189 generis
3241 2120 3476 2188 pretiosa
3495 2130 3548 2174 et
3571 2121 3752 2175 disco-

2179 2203 2314 2258 loria
2347 2217 2661 2261 assumenta
2693 2210 2934 2264 vestibus
2963 2210 3256 2281 supcraddi
3286 2211 3463 2265 solita.
3493 2211 3754 2281 Μαργέλ-

2183 2295 2295 2349 λιον
2321 2311 2462 2366 smpe
2497 2299 2638 2354 idem
2674 2302 2942 2370 signiﬁcat
2964 2304 3108 2371 quod
3142 2303 3416 2372 margella.
3441 2302 3752 2372 Aliquando

2180 2390 2515 2454 margellium
2549 2399 2632 2446 est
2662 2391 2874 2446 ﬁmbria
2902 2409 2996 2446 seu
3033 2386 3232 2468 limbus
3259 2410 3322 2447 ex
3362 2395 3622 2464 margella
3649 2409 3747 2448 seu

2181 2481 2430 2536 corallio.
2465 2480 2876 2551 Moschopulus:
2912 2484 3086 2554 Λῶμα
3140 2485 3200 2536 τὸ
3231 2486 3326 2538 ἀπ’
3377 2486 3546 2556 ἄκρου
3603 2487 3756 2547 τινος

2182 2569 2548 2637 ἐκτεταμένον
2573 2573 2666 2622 καὶ
2697 2573 2863 2624 οἱονεὶ
2930 2573 3112 2642 ὁρίζον
3141 2575 3296 2641 αὐτὸ,
3351 2575 3422 2638 ὡς
3446 2576 3504 2628 τὺ
3559 2577 3757 2638 κοινῶς

2181 2656 2473 2725 λεγόμενον
2509 2661 3162 2732 μαργὲ).λιον.λωμάτιον,
3222 2666 3442 2734 parvula
3507 2667 3752 2733 ﬁtnbria,

2183 2766 2375 2818 parvus
2407 2751 2598 2806 limbus
2633 2769 2722 2806 seu
2746 2753 3020 2808 limbulus.
3046 2753 3213 2810 Porro
3242 2771 3272 2810 a
3299 2755 3464 2826 λῶμα
3487 2758 3548 2809 τὸ
3570 2758 3758 2825 λωμάο

2183 2857 2294 2893 τιον
2311 2851 2495 2896 natum
2527 2844 2740 2897 videtur
2769 2844 3152 2900 Germanicum
3168 2863 3304 2912 sont,
3324 2864 3494 2911 suum,
3515 2847 3757 2914 ﬁmbria,

2184 2931 2213 2982 λ
2239 2933 2290 2984 in
2312 2931 2350 2986 S
2375 2944 2599 2989 mutato.
2620 2935 2906 2991 Balsamon
2942 2938 3008 2990 ad
3027 2937 3094 2991 27
3118 2953 3378 2992 canonem
3402 2937 3748 2992 Trullanum:

2199 3023 2363 3076 Ἀλλὰ
2403 3025 2471 3078 τὰ
2511 3025 2782 3096 πολυτελῆ
2845 3027 3235 3096 χρυσοΰφαντα
3291 3028 3640 3097 ἐπιϐλήματα
3690 3032 3759 3080 τὰ.

2185 3113 2499 3181 δημοτικῶς
2531 3115 2803 3185 λεγόμενα
2849 3117 3179 3185 μαργέλλια,
3204 3118 3509 3186 γράμματα
3541 3121 3636 3173 καὶ
3669 3121 3760 3172 ἀν-

2189 3203 2416 3269 τίπανα,
2451 3207 2547 3258 καὶ
2578 3208 2646 3258 τὰ
2691 3207 2756 3258 ἐκ
2789 3208 3057 3277 κογχύλης
3096 3206 3502 3279 ληορςρυρὶζοντα
3543 3210 3755 3279 ἱμάτια.

2186 3294 2492 3350 Crammata
2511 3308 2560 3351 et
2589 3299 2862 3367 antipana,
2887 3300 3042 3368 quasi
3077 3301 3238 3369 panni
3266 3301 3461 3368 pannis
3494 3303 3755 3370 oppositi,

2186 3399 2237 3442 et
2256 3407 2322 3456 pu
2334 3407 2520 3458 rpurea
2542 3393 2870 3446 vestimenta.
2900 3395 3042 3446 Puto
3061 3392 3347 3461 legendum
3369 3394 3632 3462 γάμματα
3663 3407 3758 3462 pro

2187 3481 2493 3550 γράμματα
2523 3500 2539 3536 :
2567 3497 2688 3536 nam
2721 3493 2887 3537 vestes
2915 3473 3198 3552 gammatae
3243 3494 3383 3537 noue
3423 3494 3551 3538 sunt
3611 3485 3755 3553 apud

2186 3571 2422 3638 Graecos,
2457 3572 2589 3627 etin
2626 3571 2962 3628 Balsamonis
2990 3576 3179 3629 meleta
3227 3575 3294 3630 de
3323 3575 3752 3642 patriarcharum

2190 3663 2483 3735 privilegiis
2514 3665 2680 3720 habes
2740 3666 3024 3736 στιχάριον
3073 3667 3160 3720 διὰ
3212 3667 3546 3737 γαμμάτων.
3606 3663 3751 3720 Idem

2188 3753 2474 3809 Balsamon
2507 3757 2576 3810 ad
2609 3772 2876 3813 eanonem
2912 3757 2980 3812 16
3011 3758 3238 3811 concilii
3298 3759 3544 3827 septimi,
3604 3757 3752 3826 quod

2188 3859 2269 3904 est
2295 3850 2596 3904 secundum
2643 3848 2942 3916 Nicanum,
2995 3849 3120 3904 οὔτε
3150 3852 3273 3904 τινὰ
3300 3850 3599 3920 ἑτερόχροα
3627 3850 3754 3900 ἐπι-

2190 3939 2446 4010 ϐλήματα
2469 3942 2870 4011 προσετίθεσαν
2897 3945 2957 3996 ὲν
2985 3945 3097 4005 τοῖς
3122 3943 3321 4013 ἄκροις
3379 3942 3490 3996 τῶν
3521 3942 3756 4011 ἱματίων

2190 4031 2363 4100 ἤγουν
2397 4032 2728 4102 μαργέλλια.
2758 4032 2860 4088 Ubi
2892 4033 3249 4089 doctissimus
3297 4035 3380 4088 vir
3445 4031 3756 4087 Gentianus
3785 4073 3792 4078 .

2191 4122 2460 4178 Hervetus
2491 4125 2555 4177 ad
2581 4125 2878 4195 marginem
2916 4135 3105 4180 notat:
3158 4125 3443 4194 Μαργέλια
3470 4125 3574 4193 (sic
3609 4126 3756 4180 enim

2193 4213 2405 4284 scribit)
2443 4226 2569 4282 puto
2598 4214 2794 4268 dictum
2829 4230 2940 4270 esse
2973 4231 3005 4268 a
3051 4215 3273 4277 Grecis,
3334 4225 3587 4284 corrupta
3640 4217 3758 4267 dic-

2197 4309 2353 4372 tione,
2386 4309 2543 4378 quasi
2576 4310 2914 4379 marginalia.
2947 4311 3049 4365 Cui
3097 4311 3434 4380 conjectum
3463 4310 3594 4380 quid
3617 4307 3760 4362 veri-

2194 4399 2605 4454 similitudinem
2631 4401 2907 4467 conciliet,
2946 4402 3081 4456 nihil
3117 4403 3274 4457 video
3307 4411 3505 4472 praeter
3573 4399 3756 4454 nomi-

2198 4505 2326 4543 num
2359 4485 2649 4559 quarndam
2683 4491 3092 4548 similitudinem
3124 4510 3138 4559 ;
3184 4503 3236 4547 et
3269 4493 3398 4562 quia
3445 4491 3499 4546 in
3533 4491 3764 4563 margel-

521 4585 600 4639 l-ts
625 4599 752 4638 vero
771 4585 1024 4654 primaeva
1040 4584 1406 4639 Romanorum
1423 4587 1573 4656 signa
1600 4587 1853 4642 militaria
1872 4605 2098 4660 στρατη.
2126 4591 2178 4653 ι)
2205 4580 2271 4634 lis
2295 4590 2350 4635 et
2389 4581 2683 4652 margelliis
2714 4598 3018 4648 versamur,
3053 4583 3284 4639 Cedreni
3316 4585 3502 4638 locum
3533 4583 3587 4636 in
3655 4582 3758 4637 Mi-

521 4674 744 4728 λατὶκια
779 4690 1055 4740 vocarem,
1084 4676 1286 4732 dubius
1319 4677 1550 4745 primum
1570 4677 1720 4733 haesi.
1747 4677 1921 4735 Sensu
1943 4696 2097 4734 men-

524 4768 701 4836 tisque
717 4767 993 4822 dubietate
1013 4783 1167 4838 teque
1200 4767 1362 4824 docto
1403 4783 1468 4824 ac
1513 4769 1643 4823 mihi
1676 4770 1941 4826 benevolo
1993 4771 2099 4842 Cy«

525 4861 646 4916 rillo
677 4860 965 4940 Campana:
987 4861 1204 4916 Chiensi
1229 4861 1460 4927 detecta,
1493 4861 1720 4916 dubium
1747 4861 1837 4915 ille
1870 4862 2100 4931 probato

522 4969 688 5010 sensu
727 4954 956 5022 depulit.
997 4951 1101 5019 Tu,
1140 4955 1334 5019 lector,
1365 4954 1563 5008 eruditi
1612 4953 1776 5024 224
1817 4953 2100 5023 Graecique

523 5044 622 5097 viri
679 5044 1005 5098 auctoritate
1063 5043 1303 5106 laudata,
1353 5041 1579 5096 lacinias
1699 5040 2098 5108 lemniscosque

523 5131 788 5185 militares
821 5133 1061 5200 antiquis
1089 5131 1350 5186 Romanis
1385 5131 1680 5201 relinques,
1715 5139 1769 5185 et
1819 5131 1871 5182 in
1907 5144 2098 5183 recen-

523 5223 658 5276 tiore
688 5221 1000 5302 Graecarum
1030 5223 1260 5276 vestium
1294 5238 1394 5277 usu
1429 5237 1537 5276 non
1567 5223 1670 5276 nisi
1721 5221 1867 5289 quod
1901 5221 2096 5275 oculus

521 5309 700 5367 cernit
731 5322 784 5366 et
813 5314 952 5366 ratio
992 5313 1186 5367 suadet
1213 5313 1522 5368 aantabis.
1571 5310 1770 5382 δοκι]

594 5401 739 5456 Ibid.
790 5404 1120 5473 Ταμπὰριον
1171 5417 1271 5472 pro
1300 5403 1619 5474 ταππάριον
1643 5405 1757 5457 sive
1777 5400 2093 5473 τασὸἁριον,

521 5499 586 5546 ut
613 5495 955 5563 μαμπάριον.
997 5493 1337 5562 μαππάριον,
1363 5493 1639 5561 ὀμφίκιον,
1671 5492 1946 5562 ὀφςρίκιον,
1992 5494 2096 5548 Ita-

523 5583 686 5640 licum
733 5585 968 5646 tabarro.
1000 5587 1217 5654 penula,
1253 5585 1512 5652 chlamys.
1544 5583 1750 5638 Gners.
1783 5645 1794 5658 .

578 5671 967 5745 [Ταμπάριον.
1007 5675 1241 5745 chlamys
1291 5674 1632 5742 imperatoria
1675 5673 1742 5727 ad
1795 5673 1959 5742 pedes
1993 5673 2091 5728 de-

523 5763 719 5828 ﬂuens.
744 5765 993 5820 militaris
1027 5781 1416 5834 nonnunquam
1434 5775 1487 5820 et
1509 5765 1746 5818 brevior.
1795 5763 2012 5819 Nicetas
2037 5765 2091 5818 in

530 5855 774 5913 .‘llanuclc
809 5855 1108 5926 Comueuo,
1143 5857 1178 5914 l.
1205 5874 1281 5915 tv;
1302 5858 1381 5928 Τῇ
1413 5857 1510 5928 μὲν
1536 5854 1878 5927 χλαμύδιτοῦ
1911 5854 2097 5924 σώμα-

2205 4673 2395 4727 chaele
2452 4671 2772 4730 Stratiotico
2871 4675 3202 4744 imperatore
3285 4675 3628 4730 ascribamus
3709 4681 3765 4728 ct

2204 4765 2565 4834 explicemus.
2599 4767 2672 4820 Τό
2707 4784 2763 4820 τε
2789 4769 2898 4841 γὰρ
2926 4768 3220 4838 λεγόμενον
3254 4769 3590 4839 στρατήγιον
3623 4768 3764 4820 ἀνα-

2203 4857 2570 4928 καθαίρεσθαι
2599 4859 2883 4926 ὲκέλευσε,
2909 4863 3002 4914 καὶ
3031 4861 3131 4925 τὰς
3165 4861 3275 4913 τῶν
3313 4860 3551 4912 πολιτῶν
3590 4874 3764 4926 κιφα-

2202 4947 2302 5010 λὰς
2332 4951 2658 5013 σκέπτεσθαι,
2690 4951 2766 5021 μὴ
2797 4951 2887 5004 διὰ
2941 4951 3289 5021 γραμμάτων
3321 4949 3398 5010 ὡς
3449 4951 3566 5013 νῦν,
3626 4948 3768 5001 ἀλλὰ

2199 5038 2286 5090 διὰ
2315 5039 2874 5110 μαργελλογράμμων
2897 5041 3125 5095 ὀθονίων
3165 5043 3229 5094 ιιι
3287 5040 3493 5111 βύσσου
3554 5056 3767 5109 πορφυ-

2203 5131 2303 5198 ρᾶς
2329 5129 2746 5200 ιξυφασμὲνων.
2768 5131 2942 5186 Iussit
2979 5133 3142 5204 (idem
3181 5131 3548 5200 Stratioticus)
3573 5148 3767 5200 expur-

2198 5223 2315 5292 gari
2346 5224 2677 5292 strategium,
2706 5233 2838 5302 etc.,
2863 5235 2910 5278 et
2933 5229 3107 5292 capita
3127 5226 3317 5292 ciuium
3349 5225 3449 5294 tegi
3477 5223 3637 5293 225
3661 5240 3765 5278 non

2201 5307 2448 5363 litteratis
2481 5310 2652 5378 pileis,
2687 5319 2744 5363 ut
2784 5327 2920 5364 nunc
2973 5312 3137 5365 moris
3201 5321 3301 5377 est,
3363 5312 3452 5365 sed
3514 5312 3764 5380 margella

2198 5397 2480 5465 ﬁmbriatis
2516 5399 2688 5452 linteis
2723 5414 2788 5453 ex
2826 5399 2999 5468 bysso'
3036 5416 3300 5469 purpurea
3366 5402 3540 5455 textis.
3587 5400 3760 5466 Quem

2197 5491 2379 5545 locum
2439 5491 2706 5562 interpres
2754 5491 2984 5548 Cedreni
3011 5508 3070 5548 se
3119 5508 3228 5547 non
3279 5507 3473 5564 capere
3529 5494 3764 5562 ingenue

2199 5581 2517 5648 conﬁtetur,
2540 5591 2594 5638 et
2633 5597 2766 5638 sane
2787 5582 3028 5640 didicilis
3086 5593 3170 5640 est
3211 5600 3416 5655 ;quem
3464 5585 3760 5654 planiorem

2200 5672 2378 5727 reddit
2414 5672 2502 5726 illa
2535 5671 2758 5729 Meursii
2796 5675 3133 5743 emendatio,
3195 5675 3756 5747 μαργε),λογράμμων

2197 5781 2295 5835 pro
2327 5765 2827 5835 μεγαλογράμμων.
2854 5766 2966 5837 Ego
2992 5769 3223 5823 libenter
3257 5783 3354 5837 pro
3380 5770 3468 5822 διὰ
3491 5770 3762 5839 γραμμά-

2199 5871 2309 5910 των
2342 5854 2576 5923 legerem
2609 5853 2697 5910 διὰ
2734 5857 3042 5923 γαμμάτων
3101 5875 3117 5912 :
3165 5873 3291 5914 nam
3314 5865 3371 5914 ut
3419 5865 3596 5916 vestes
3631 5859 3756 5915 olim
