3936 6596
286 491 402 555 3.49
1393 478 1781 540 GRETSERI
1834 476 1909 534 E'l

2028 470 2211 529 OARI
2247 466 2483 535 NOT.E.
3443 450 3548 511 Q50

294 602 706 672 gammatte,sic
730 608 786 655 et
824 607 1138 667 tegumenta
1168 595 1363 665 capitis
1402 601 1670 663 gammata
1707 590 1873 644 fuisse
1902 590 1947 647 Α
1978 579 2213 636 tribunal
2247 592 2472 632 causam
2510 573 2706 631 refero.
2759 570 2840 625 llli
2882 570 2926 625 si
2986 563 3545 672 vulgari'Grmcorum

298 658 814 746 videnturaFateor
861 658 1045 744 tamen
1074 697 1128 741 et
1156 658 1250 740 hic
1268 694 1325 740 et
1357 658 1486 738 alibi
1519 684 1702 737 forsan
1751 678 1876 734 reti-
1986 674 2168 742 lingua
2200 668 2522 725 sententiam
2554 667 2862 727 enuntient,
2893 665 3129 733 primum
3164 658 3441 716 κόκκινον,
3467 668 3553 706 se-

298 783 425 834 neri
456 796 617 857 posse
641 782 949 849 γράμματα
978 793 1075 847 pro
1096 777 1382 845 γάμματα,
1402 788 1526 828 cum
1567 772 1728 825 etiam
1761 769 1878 822 alia:

297 873 524 935 litterae,
578 872 881 940 praesertim
933 874 994 932 A,
1018 868 1261 923 vestibus
1313 865 1463 920 assui
1513 862 1772 925 solerent,
1820 868 1879 912 ut

299 966 535 1031 p'anum
567 966 624 1015 lit
653 978 715 1015 ex
767 962 1147 1028 imperatorum
1178 957 1347 1012 tribus
1378 953 1731 1021 imaginibus,
1759 964 1879 1021 quae

296 1054 615 1121 Nieepboro
655 1052 907 1123 Gregorae
956 1059 1362 1119 przeponunlur.
1393 1047 1595 1100 Gnsrs.

378 1142 446 1197 P.
474 1144 561 1198 13.
584 1142 649 1215 [Α
674 1144 927 1212 margine,
942 1142 1183 1196 dictione
1206 1140 1418 1203 Latina,
1439 1135 1766 1206 μαργέλλιον
1787 1135 1881 1188 de—

302 1234 497 1287 rivant
535 1233 733 1298 Graci,
779 1248 880 1287 nec
925 1232 1136 1288 corallii
1166 1230 1397 1301 pretium
1438 1230 1520 1283 vel
1552 1226 1881 1297 margelliuaa

303 1333 656 1376 venustatem
693 1322 978 1375 attendunt
1007 1322 1192 1390 (prout
1228 1318 1520 1383 Meursius,
1553 1328 1606 1370 et
1635 1315 1726 1384 qui
1755 1331 1879 1369 eum

302 1411 657 1474 cxscribunt,
686 1408 1217 1478 comminiscuntur),
1243 1417 1382 1461 utea
1408 1420 1541 1459 voce
1566 1403 1733 1458 vestis
1764 1402 1884 1455 lim-

306 1501 444 1554 bum
496 1509 553 1555 et
585 1508 939 1553 assumentunt
971 1499 1335 1567 quodcunque
1368 1494 1605 1549 discolor
1626 1492 1711 1546 vel
1750 1506 1885 1545 auro

311 1601 558 1656 textum,
602 1608 784 1661 panno
829 1589 1259 1659 superadditum,
1282 1594 1607 1657 exprimant.
1636 1584 1693 1639 ld
1726 1585 1885 1653 ipsae-

310 1694 434 1739 mvt
468 1701 499 1739 a
533 1684 787 1738 Gretsero
827 1693 949 1752 post
986 1682 1280 1737 Meursium
1327 1682 1614 1750 exscripta:
1648 1677 1890 1733 auctori-

315 1788 466 1832 tates
499 1777 799 1848 eviucuut.]
831 1775 997 1832 Goatt.

398 1870 543 1924 Ibid.
576 1870 842 1932 Κὰλτζαι,
881 1869 1084 1939 caligat,
1130 1882 1197 1923 ex
1222 1867 1418 1922 Latino
1462 1865 1668 1920 calceus
1723 1863 1891 1933 magis

1990 765 2229 821 cundum
2265 761 2358 827 ὀξύ
2413 759 2659 815 sancient
2699 755 3048 818 vocandum;
3084 746 3555 815 suﬂragabuutur-

1989 873 2096 927 que
2155 855 2518 924 Hieronymus
2564 850 2875 907 Germanus
2907 855 2961 901 et
3016 844 3205 898 Simon
3257 837 3470 891 l’ortius
3499 834 3553 887 in

1991 946 2178 1003 lexicis
2201 941 2658 999 Grzecobarbaris.
2692 938 2900 1005 Decipit
2928 935 3109 1003 itaque
3137 929 3285 984 Junii
3308 929 3555 982 testimo-

1992 1037 2138 1089 nium
2166 1052 2193 1086 ει
2224 1034 2477 1089 Gretsero
2502 1031 2811 1101 probatum,
2846 1027 2934 1082 ubi
2964 1026 3076 1081 ait:
3106 1023 3181 1076 Τὸ
3215 1020 3307 1085 ὀξύ
3331 1020 3431 1072 vim
3467 1018 3551 1069 iu-

1992 1126 2233 1181 tendendi
2263 1124 2439 1180 liabet.
2484 1119 2682 1190 Genu]

2062 1218 2144 1273 Ib.
2167 1217 2475 1280 Μουζάκιον
2496 1223 2579 1269 est
2603 1212 2909 1281 mosaicum,
2937 1208 3194 1262 musicum
3217 1215 3381 1269 opus:
3403 1205 3561 1252 erant

1990 1328 2119 1383 ergo
2143 1309 2315 1366 calcei
2335 1309 2423 1363 isti
2452 1306 2579 1376 picti
2614 1304 2769 1374 quasi
2799 1304 2865 1357 de
2899 1300 3134 1360 musivo,
3168 1295 3295 1364 quia
3326 1296 3561 1360 punctu-

1994 1406 2058 1459 lis
2108 1401 2529 1458 versicoloribus
2584 1394 2917 1452 interstincti
2968 1398 3150 1446 erant.
3211 1383 3563 1461 Recentiores

1990 1494 2163 1549 Graeci
2219 1490 2475 1561 μουσιοῦν
2526 1488 2620 1541 καὶ
2655 1486 2743 1537 διὰ
2797 1483 3037 1552 μουτίων
3079 1469 3559 1559 καλλωπίζεινιῶυ

1992 1592 2144 1638 cuut.
2194 1554 2261 1637 ἐι
2296 1589 2356 1636 ut
2406 1580 2499 1634 hic
2559 1578 2726 1631 habes
2782 1572 3110 1641 ὑποδήματα
3150 1554 3459 1634 μουζάκιᾳ,’
3487 1560 3568 1613 sic

1992 1675 2130 1745 apud
2156 1673 2479 1729 Trebellium
2512 1669 2813 1725 Pollionem
2839 1662 2895 1719 iu
2923 1661 3072 1718 Tetr.
3095 1659 3226 1714 Jun.
3256 1666 3341 1711 est
3369 1668 3568 1708 corona

1991 1769 2257 1836 picturata
2289 1767 2350 1819 de
2376 1780 2575 1818 musco.
2612 1760 2815 1817 Gnsrs.
3468 1753 3479 1763 '

2066 1857 2210 1913 Ibid.
2228 1857 2394 1912 Mirus
2414 1853 2716 1911 tessellator
2743 1848 3029 1910 Meursius,
3049 1846 3142 1925 qui
3170 1836 3385 1897 musivo
3407 1849 3573 1907 opere

310 1975 489 2029 quam
520 1960 710 2029 caliga.
739 1960 807 2014 Et
827 1927 1172 2013 sumit'ur'ltic
1200 1973 1308 2013 non
1336 1972 1432 2027 pro
1452 1957 1663 2020 calceis,
1680 1955 1773 2009 sed
1795 1927 1894 2023 pro
1929 1934 1968 1988 Β
2000 1951 2210 2006 calceos
2231 1949 2436 2002 aliabre
2457 1943 2796 2015 compositos
2822 1940 3035 1994 vendit.
3062 1938 3131 1989 At
3153 1949 3262 1989 non
3296 1927 3573 2029 composi-

317 2053 533 2105 braccis
556 2067 575 2105 :
612 2066 737 2104 nam
773 2051 940 2104 calcei
958 2050 1072 2119 jam
1107 2056 1435 2118 sequuntur.
1466 2046 1667 2115 Caliga:
1713 2052 1894 2097 tamen

317 2159 526 2197 nomen
566 2143 731 2197 etiam
762 2143 1009 2197 calceum
1067 2142 1354 2196 militarem
1410 2139 1699 2209 significat.
1762 2136 1898 2190 llinc

319 2234 494 2303 βουλὴ
513 2234 769 2301 καλιγων,
786 2244 1001 2288 senatus
1019 2234 1314 2300 caligarum
1331 2247 1427 2286 seu
1448 2231 1736 2299 caligatus,
1755 2228 1898 2296 apud

321 2326 583 2387 Dionem,
603 2326 637 2378 I.
666 2341 858 2390 vam,
884 2339 1128 2381 scomma
1156 2324 1209 2377 in
1237 2334 1506 2387 senatum,
1540 2321 1685 2390 quod
1709 2319 1898 2388 caligis

320 2418 441 2470 sive
476 2417 673 2472 calceis
703 2417 1031 2472 militaribus
1058 2425 1321 2471 uteretur.
1354 2415 1446 2468 Sic
1468 2414 1641 2482 caliga
1664 2412 1901 2466 sumitur

316 2508 394 2559 ab
416 2508 715 2576 interprete
744 2517 934 2561 nostro
955 2507 1077 2563 Act.
1110 2522 1181 2561 xu
1202 2524 1216 2561 :
1240 2506 1428 2560 Calcea
1457 2513 1505 2557 te
1534 2502 1733 2572 caligas
1757 2511 1898 2553 tuas.

319 2594 519 2648 Graece
547 2596 812 2666 ὑπόδησαι
842 2599 910 2650 τὰ
950 2596 1207 2651 σανδάλιά
1233 2614 1350 2662 σου,
1385 2593 1591 2663 aubliga
1655 2591 1902 2645 sandalia

325 2698 445 2740 tua.
480 2685 681 2742 Gutt'rs.

408 2777 553 2831 Ibid.
584 2777 887 2849 [Nusquam
924 2780 1132 2833 calceus
1163 2778 1411 2842 Latinus,
1435 2779 1522 2830 vix
1571 2777 1744 2846 caliga
1776 2775 1901 2829 item

330 2871 549 2934 Latina,
595 2872 707 2925 imo
736 2871 1041 2925 certissime
1072 2868 1507 2926 italorum'calze
1538 2884 1725 2923 vocem
1771 2866 1904 2920 κάλ-

324 2962 457 3019 τζιι
482 2960 692 3014 Graecis
711 2960 932 3013 dedere.
967 2958 1077 3014 Nec
1103 2958 1318 3011 braccas
1345 2958 1549 3026 itaque,
1577 2957 1760 3009 minus
1793 2953 1905 3007 cal-

325 3068 475 3111 ceos.
520 3053 618 3105 sed
657 3052 736 3104 vel
768 3051 968 3118 caligas
1007 3051 1073 3104 ad
1109 3065 1293 3105 suram
1329 3064 1503 3118 usque
1549 3049 1906 3103 ascendentes

325 3144 414 3196 vel
449 3144 691 3211 integras
724 3157 914 3197 ocreas
939 3143 1229 3211 significat.
1265 3141 1406 3197 Usus
1437 3141 1691 3211 loquendi
1719 3153 1907 3195 recen-

2002 2053 2105 2108 tos,
2132 2042 2340 2111 inquiet
2369 2040 2529 2101 alios,
2563 2036 2658 2091 sed
2693 2035 2867 2105 pictos
2901 2030 3060 2101 quasi
3095 2029 3159 2082 de
3205 2024 3426 2085 musico,
3474 2033 3572 2072 ceu

2003 2132 2276 2203 puuctulis
2304 2126 2727 2185 versiﬁoloribus
2761 2123 3158 2180 iuterstiuctos.
3209 2116 3429 2171 Rectius
3457 2126 3577 2165 om-

2001 2202 2131 2279 nino
2155 2224 2310 2279 llctos
2356 2220 2601 2276 dixisset.
2648 2217 2788 2284 Quid
2828 2217 2990 2285 igitur
3019 2214 3343 2279 ὑποδήματα.
3378 2202 3579 2275 μουζά-

2000 2317 2137 2370 xta?
2171 2314 2355 2368 Genus
2407 2309 2720 2365 Saracenici
2759 2304 3139 2365 calceamenti,
3171 2300 3330 2369 cujus
3375 2310 3507 2350 usus
3540 2309 3569 2347 a

2001 2407 2205 2462 Grzecis
2274 2400 2593 2473 peregrinos
2646 2414 2827 2452 mores
2880 2396 3038 2450 facile
3096 2390 3436 2448 imitantibus
3459 2394 3581 2441 erat

1996 2500 2108 2569 jam
2130 2495 2324 2552 Codini
2348 2504 2589 2563 tempore
2612 2492 2663 2544 in
2686 2490 2892 2546 curiam
2915 2487 3020 2540 ΟΡ.
3037 2486 3301 2547 invectus,
3318 2478 3582 2547 crepidis-

2003 2606 2109 2659 que
2163 2588 2433 2643 tibialium
2468 2600 2619 2639 more
2671 2598 2772 2638 ceu
2816 2581 2985 2635 levior
3017 2594 3081 2633 ac
3121 2576 3335 2633 mollior
3359 2571 3580 2628 cothur-

2004 2688 2108 2735 nns'
2130 2678 2524 2734 soletimmitti.
2561 2677 2734 2731 Goan.

2077 2772 2163 2828 Ib.
2194 2771 2693 2838 Πτερνιστηρίων.
2729 2765 2893 2820 Forte
2949 2763 3230 2833 legendum
3261 2779 3355 2813 πτε
3369 2758 3587 2829 ρνιστήο

2008 2884 2138 2937 ρων,
2171 2881 2199 2917 a
2232 2872 2381 2918 recto
2416 2863 2772 2930 πτερνιστήρ.
2808 2858 3014 2913 Gne'rs.

2078 2954 2545 3029 [Πτερνιστηρίων
2575 2951 2858 3009 retinenda
2914 2950 3098 3009 lectio.
3130 2963 3229 3002 nec
3259 2943 3575 3011 πτερνιστὴσ

2011 3070 2117 3121 ρων
2149 3048 2531 3105 substitueuda
2565 3064 2578 3101 :
2616 3046 2853 3113 gaudent
2881 3044 3022 3097 enim
3055 3038 3227 3096 Graeci
3255 3036 3460 3091 neutris
3489 3034 3588 3087 ιιιι-

2005 3142 2240 3211 jusmodi
2274 3157 2306 3195 a
2360 3138 2683 3207 masculinis
2733 3134 3013 3190 derivatis.
3067 3133 3159 3186 Sic.
3188 3131 3374 3185 dicunt
3414 3126 3590 3194 φοίνι-

324 3235 446 3288 tior
483 3249 707 3288 sensum
743 3235 966 3287 allatum
1002 3234 1216 3303 probat,
1245 3235 1678 3303 conlirmautque
1702 3237 1753 3289 iu
1791 3234 1906 3287 vul-

2028 3249 2110 3295 κες
2130 3238 2184 3286 et
2214 3230 2472 3302 φοινίκια,
2503 3230 2682 3299 χεῖρες
2700 3236 2751 3279 et
2777 3225 2960 3295 χέρια,
2990 3221 3148 3284 πόδες
3172 3228 3225 3273 et
3256 3216 3433 3279 πόδια,
3472 3224 3580 3274 etc.

324 3326 564 3395 garibus
612 3326 807 3391 lexicis
839 3324 1203 3394 Hieronymus
1258 3325 1565 3382 Germanus
1623 3337 1677 3382 et
1717 3327 1906 3383 Simon

328 3418 587 3483 Portius,
620 3419 714 3488 qui
762 3419 886 3474 licet
919 3421 1156 3490 κάρτζαι
1184 3420 1549 3475 communiori
1588 3424 1910 3490 pronuntia-

329 3511 476 3564 tioni
532 3511 802 3565 calamum
861 3522 1215 3580 exequantes
1248 3514 1493 3568 scribant
1548 3515 1915 3581 (substituunt

327 3600 492 3654 enim
523 3601 776 3655 hodierni
811 3619 839 3670 ρ
862 3605 977 3657 vice
1005 3603 1054 3666 λ,
1078 3612 1132 3656 et
1160 3599 1349 3673 ἧρθεν,
1379 3618 1487 3658 nou
1517 3600 1700 3674 ἦλθεν,
1733 3607 1915 3676 appu-

336 3689 463 3758 ρόν,
503 3705 613 3743 nou
649 3691 891 3761 ἁλμυρόν
919 3689 1246 3760 proferunt).
1280 3692 1403 3745 usui
1437 3702 1615 3744 tamen
1650 3700 1705 3744 et
1732 3694 1917 3747 sensui

334 3780 579 3844 reddita,
615 3781 701 3837 hic
735 3781 924 3836 Latina
956 3797 1091 3837 voce
1124 3783 1356 3847 tibialia,
1390 3782 1480 3837 illc
1524 3776 1708 3837 Italica
1749 3783 1918 3851 calze,

331 3875 587 3936 calcette,
619 3875 735 3929 suis
762 3874 983 3929 calculis
1012 3881 1363 3929 attestantur.
1392 3872 1592 3944 Go.tu.]

422 3966 506 4021 Ib.
529 3967 797 4020 Διόολέα.
828 3963 1164 4021 Vocabulqu
1203 3965 1305 4019 hoc
1335 3965 1619 4034 aliquoties
1651 3965 1790 4031 apud
1812 3964 1919 4018 Coo

336 4062 537 4114 diuum
552 4059 777 4128 legitur.
816 4057 1065 4120 Διδολάος
1086 4058 1226 4112 idem
1247 4057 1391 4127 quod
1411 4055 1654 4119 διπλοῦς.
1686 4055 1790 4109 Pro
1813 4072 1923 4125 quo

346 4162 571 4206 veteres
599 4150 833 4215 δίϐολος,
885 4159 945 4203 ut
973 4150 1182 4213 δζὸοὶος
1210 4150 1424 4220 χλαῖνα.
1457 4148 1676 4212 Junius,
1707 4148 1923 4201 ὂιΰολέα

338 4246 695 4313 ὑποδήματα,
746 4244 925 4297 bilices
983 4245 1166 4305 calcei,
1198 4252 1253 4296 et
1282 4243 1547 4305 διϐολιος,
1567 4242 1719 4304 bilix,
1758 4240 1810 4294 id
1843 4249 1928 4294 est

343 4348 577 4391 ornatus
604 4337 829 4390 birolore
853 4338 996 4389 licio.
1022 4335 1129 4389 Sed
1160 4342 1217 4388 tu
1249 4335 1336 4388 dic
1363 4333 1626 4395 διϐολέος.
1658 4350 1755 4387 seu
1785 4333 1927 4385 διδο-

340 4431 473 4489 λέα,
522 4430 736 4496 quoties
773 4428 915 4497 apud
946 4426 1214 4481 Codinum
1279 4425 1543 4491 occurrit,
1591 4425 1729 4479 nihil
1766 4424 1923 4479 aliud

343 4535 475 4574 esse
500 4532 664 4586 quam
701 4517 898 4571 bicolor
918 4532 1014 4571 seu
1036 4516 1267 4585 duplicis
1299 4514 1516 4569 coloris.
1543 4514 1750 4570 Gntt‘t's.

2014 3323 2212 3395 Gonn]

2087 3416 2168 3469 Ib.
2215 3414 2355 3469 Sella
2420 3413 2545 3482 equi
2601 3412 2717 3467 sive
2764 3408 3081 3479 ephippium
3128 3404 3203 3475 (v.
3259 3399 3584 3455 Meursium.

2019 3508 2217 3577 GOAR.)
2250 3524 2265 3573 ;
2308 3506 2643 3577 ἱδρομάχιον,
2698 3512 2752 3557 et
2783 3513 2994 3573 tegmen
3044 3496 3233 3554 sudori
3264 3490 3511 3550 cavendo
3534 3499 3588 3545 et

2023 3604 2089 3658 ab
2123 3601 2281 3669 equis
2314 3597 2573 3653 arcendo.
2608 3595 2813 3651 Gns'rs.

2095 3692 2154 3747 P.
2202 3690 2291 3747 14.
2339 3688 2475 3762 [Cur
2520 3687 2793 3742 Meursius
2821 3682 3121 3753 stragulam
3172 3677 3428 3750 ephippio
3467 3674 3597 3731 sub-

2020 3793 2249 3839 stratam
2281 3782 2346 3836 ad
2382 3779 2779 3851 prohibendum
2820 3775 2947 3844 equi
2981 3773 3236 3829 sudorem
3270 3770 3331 3823 τὸ
3357 3769 3584 3839 lagoni-

2020 3891 2136 3945 χιον
2167 3880 2423 3943 exponat,
2450 3887 2557 3926 non
2583 3868 2774 3924 video:
2799 3867 2892 3935 qui
2927 3879 3161 3933 namque
3186 3862 3413 3931 depictas
3436 3861 3491 3912 in
3517 3874 3579 3911 ea

2022 3964 2351 4020 el'fulsisseut
2397 3961 2639 4030 aquilae?
2678 3957 2894 4013 Clarius
2926 3963 3075 4011 certe
3114 3954 3286 4009 nitent
3321 3952 3372 4006 in
3407 3952 3530 4005 aliis
3554 3966 3585 4005 e

2023 4057 2157 4111 sella
2192 4054 2553 4126 pendentibus
2594 4051 2958 4111 ornamentis,
2990 4062 3111 4116 quae
3153 4046 3375 4114 pr0pius
3425 4059 3592 4097 exsu-

2024 4151 2241 4207 dantem
2305 4160 2505 4216 equum
2548 4143 2823 4212 attingunt
2868 4147 2921 4193 et
2952 4137 3074 4207 ejus
3102 4142 3391 4203 exterguut
3425 4131 3596 4186 sudo-

2027 4260 2162 4298 rem.
2188 4236 2400 4309 Gonni

2100 4330 2435 4401 Margellium
2485 4328 2572 4383 bic
2626 4332 2709 4382 est
2738 4329 3080 4394 segmentum
3115 4316 3317 4374 diversi
3366 4313 3598 4374 coloris,

2028 4426 2175 4481 sella:
2216 4435 2345 4479 ante
2391 4430 2446 4477 ct
2468 4430 2614 4476 retro
2674 4418 2961 4473 insertum.
3014 4415 3172 4467 Errat
3204 4409 3421 4471 Junius,
3472 4421 3599 4459 cum

2029 4518 2192 4571 verba
2225 4516 2329 4570 ista
2354 4514 2451 4566 καὶ
2482 4513 2563 4576 εἰς
2592 4511 2661 4565 τὰ
2691 4510 2931 4578 τέσσαρα
2964 4506 3106 4576 μέρη
3137 4500 3374 4571 seiungit
3403 4515 3432 4554 a
3470 4512 3601 4569 pro-

427 4609 573 4664 Ibid.
593 4608 841 4681 [Διΰολέα
886 4610 1100 4678 quoties
1148 4614 1398 4662 occurret
1454 4608 1594 4676 apud
1641 4605 1931 4672 Codinum,
1965 4600 2010 4658 ι)
2042 4608 2184 4663 xime
2214 4604 2665 4661 antecedentibus
2695 4619 2710 4669 ;
2740 4602 2922 4671 itaque
2943 4598 3130 4662 vertit,
3162 4595 3246 4649 vel
3280 4592 3460 4661 potius
3478 4605 3604 4659 per-

348 4718 461 4756 non
494 4716 602 4754 uno
624 4701 787 4755 modo
824 4701 1081 4770 iutellige,
1114 4699 1206 4754 sed
1239 4699 1517 4753 bicolorem
1549 4706 1837 4765 vestem,v.
1872 4714 1925 4769 g.

349 4793 518 4860 cujus
559 4806 689 4860 pars
728 4791 901 4846 media
940 4791 1137 4846 coloris
1171 4792 1356 4857 unius,
1374 4791 1597 4845 alterius
1619 4798 1704 4845 est
1736 4790 1927 4854 altera,

352 4885 576 4951 qualem
606 4884 923 4953 plerumque
948 4884 1159 4939 scabini
1175 4884 1388 4938 urbium
1410 4890 1605 4952 gerunt
1628 4881 1680 4936 in
1702 4880 1927 4950 Galliis;

354 4980 440 5031 vel
470 4976 631 5044 cujus
660 4992 874 5043 pannus
898 4978 1134 5031 exterior
1160 4976 1348 5046 bujus,
1379 4975 1680 5030 subductus
1702 4975 1930 5031 alterius

354 5080 442 5125 est
472 5069 674 5123 coloris
703 5087 719 5133 ;
764 5069 846 5122 vel
866 5083 998 5137 quae
1019 5068 1237 5122 demum
1272 5070 1328 5121 in
1360 5066 1715 5122 versicolores
1739 5069 1930 5122 tanias

355 5172 441 5217 est
474 5170 646 5226 secta,
682 5167 737 5211 ct
767 5175 829 5213 ex
854 5160 935 5214 eis
964 5158 1188 5214 faseiata
1221 5168 1277 5213 et
1309 5167 1583 5223 contexta,
1615 5172 1713 5227 pro
1738 5156 1933 5213 Helve-

357 5255 561 5304 tiorum
600 5262 769 5302 more.
802 5246 996 5318 Genu]
1883 5243 1902 5262 ⁸

431 5337 904 5408 Ῑοίά.Χρώματος
936 5339 1130 5403 ὀξέος,
1152 5339 1204 5393 id
1232 5347 1336 5404 est,
1361 5339 1736 5404 rubentiuimi,
1756 5341 1933 5410 inquit

353 5433 599 5487 Junius:
644 5432 739 5496 ὀξύ
773 5434 939 5487 enim"
963 5432 1071 5487 vim
1116 5431 1429 5487 intendendi
1467 5433 1650 5487 habet.
1706 5435 1846 5487 Hine
1879 5435 1930 5488 in

355 5524 553 5577 codice
577 5533 661 5578 est
686 5522 983 5588 ovalatta,
1023 5539 1258 5592 purpura
1291 5526 1654 5593 eaquisitiorit
1688 5525 1929 5581 luminis.

428 5614 599 5683 226
622 5611 791 5684 [IbitL
824 5613 960 5667 Num
1007 5615 1300 5669 caacutiuut
1336 5614 1533 5671 Junius
1566 5625 1621 5672 et
1648 5633 1931 5687 sequaces,

356 5703 456 5771 qui
492 5704 784 5758 discrimen
816 5703 953 5758 inter
981 5705 1192 5759 colores
1221 5721 1419 5775 ponere
1443 5718 1719 5775 nequeant
1737 5710 1760 5762 ?
1778 5711 1933 5765 Alius

354 5804 448 5850 est
482 5795 627 5848 enim
678 5810 981 5864 purpureus
1012 5797 1092 5851 vel
1133 5805 1192 5852 ut
1234 5801 1689 5855 commentarium
1744 5803 1936 5857 scribit

360 5886 772 5940 rubentiuimns
806 5887 978 5954 color,
1014 5888 1154 5945 alius
1181 5887 1464 5945 violaceus.
1497 5891 1576 5946 Ad
1607 5892 1930 5958 buphiorum

2038 4697 2220 4758 vertit.
2242 4695 2309 4750 ad
2336 4704 2565 4766 quatuor
2591 4710 2709 4748 vero
2741 4693 2909 4745 latera
2941 4686 3192 4759 saginati:
3219 4682 3481 4738 sudatorii
3510 4681 3606 4733 Ita-

2038 4789 2158 4843 bens
2194 4788 2354 4842 etiam
2401 4796 2601 4841 textum
2628 4802 2654 4840 e
2685 4782 2992 4853 margaritis
3029 4786 3150 4832 ante
3187 4786 3236 4831 et
3283 4791 3415 4846 pone
3449 4816 3464 4839 ,
3496 4780 3607 4827 etc.

2036 4883 2240 4938 Gens.

2109 4975 2251 5030 Ibid.
2325 4973 2692 5045 Κοπριτόριον
2750 4985 2855 5024 vox
2903 4983 3048 5023 mere
3082 4965 3295 5027 Latina,
3343 4970 3610 5026 cooperto—

2039 5070 2196 5122 rium.
2237 5066 2440 5121 Plinius
2470 5064 2836 5133 cooperculum
2877 5060 3032 5115 dixit.
3072 5058 3229 5112 Errat
3276 5053 3489 5116 Junius,
3514 5050 3608 5117 qui

2040 5158 2423 5229 κοπριτούριον
2444 5156 2615 5210 edidit
2636 5156 2909 5222 vertitque
2934 5150 3269 5222 postilenam.
3305 5146 3418 5200 Viri
3443 5145 3609 5206 docti,

2041 5250 2218 5321 inquit
2237 5248 2600 5313 Glossarium,
2625 5254 2882 5315 putarunt
2908 5240 3291 5313 κοπριτούριον
3317 5254 3428 5293 esse
3461 5234 3609 5288 Cra:-

2041 5360 2158 5398 cam
2185 5358 2381 5406 vocem,
2418 5340 2570 5410 παρὰ
2593 5338 2691 5409 τῆς
2729 5339 2937 5407 κόπρου
2967 5336 3060 5388 καὶ
3083 5333 3273 5403 οὐρᾶς,
3300 5330 3389 5384 sed
3422 5327 3612 5381 analo-

2038 5436 2126 5506 gia
2164 5441 2415 5503 repugnat
2448 5445 2466 5484 :
2500 5440 2623 5484 tunc
2661 5432 2799 5484 enim
2835 5416 3193 5498 δίοπριούριον
3223 5423 3372 5492 foret.
3422 5412 3614 5485 Itaque

2040 5543 2143 5581 non
2179 5524 2417 5594 estquod
2449 5522 2826 5593 ﬁmocaudium
2852 5520 3264 5586 interpretentur
3313 5521 3361 5567 et
3392 5509 3610 5581 postile-

2040 5635 2163 5671 nam
2197 5634 2308 5672 esse
2336 5618 2535 5670 dicant.
2574 5615 2697 5669 llaec
2732 5613 2940 5683 spicu'a
2969 5611 3021 5664 in
3044 5607 3266 5663 Juniqu
3293 5605 3501 5658 dircctc
3526 5599 3613 5652 di-

2040 5718 2186 5765 recta
2223 5719 2369 5774 sunt,
2428 5723 2458 5761 a
2492 5707 2804 5776 profcssore
2838 5686 3087 5758 Leidensi
3134 5700 3186 5752 in
3244 5693 3606 5766 professorem

2040 5804 2168 5858 olim
2192 5803 2526 5858 Leidensem.
2553 5798 2754 5854 Gns'rs.

2112 5895 2403 5953 IMcursius
2448 5890 2849 5954 cooucrtorium,
2880 5895 2933 5942 et
2966 5901 3029 5941 cx
3051 5878 3222 5940 Plinio
3250 5875 3612 5945 coopercalum
