3936 6596
511 453 618 518 217

1581 462 1662 521 ΙΝ
1706 463 2016 528 LIBRUM
2068 469 2166 529 DE
2230 470 2562 531 OFFlCllS
2595 473 2710 538 ΟΡ.
2792 420 2807 437 θ

3643 478 3738 544 248

519 578 593 629 ris
622 573 877 627 verticem
937 571 1218 627 translatis
1274 572 1449 627 oculis
1470 584 1676 629 scrtum
1741 592 2076 649 gemmeum,

2183 599 2271 645 τος
2320 584 2637 653 περιείλησε
2668 583 2758 639 τὸν
2784 584 2967 653 λύγον.
2994 584 3163 657 Cujus
3183 587 3287 642 alia
3318 587 3481 644 lectio
3509 590 3643 647 inter
3666 612 3739 649 va.

510 663 710 721 cassidi
737 662 817 716 vel
842 660 963 730 ejus
990 663 1265 717 stemmati
1293 663 1561 729 eminens,
1593 666 1672 721 vel
1725 668 1791 722 ad
1833 670 2079 725 dextram

511 754 1194 809 aurcmvolitantisinstar
1252 756 1453 825 pluma:
1512 756 1768 823 affixum,
1830 761 2083 827 φοίνικας

508 846 589 901 vel
625 846 868 915 φοινίκια
896 847 1179 911 vocitabis,
1204 851 1358 918 quasi
1408 865 1685 915 gemmeos
1744 852 1939 920 capitis
1983 854 2080 914 vel

504 954 723 993 corona:
777 939 984 994 botros.
1046 937 1142 999 Ita,
1174 941 1365 995 scribit
1405 939 1675 1010 Georgius
1698 938 1955 996 Coresius
1988 943 2078 997 :id

507 1040 778 1084 testantur
812 1032 1036 1099 antiqua
1085 1029 1400 1085 Graecorum
1438 1031 1830 1101 imperatorum
1863 1032 2078 1087 numis-

509 1131 672 1175 inata.
701 1120 900 1193 Ceam]

576 1213 715 1267 Ibid.
749 1211 975 1285 ’1ὀῦχον
996 1214 1088 1268 τοῦ
1114 1215 1373 1270 δεσπότου
1408 1217 1522 1269 sive
1549 1214 1769 1285 ρουχίον
1792 1224 1875 1270 est
1903 1216 2074 1285 ipsis-

502 1306 640 1359 sima
674 1308 1070 1362 Germanorum
1107 1310 1299 1363 vocula
1338 1307 1480 1363 rock.
1531 1305 1747 1362 Nicetas
1780 1308 1835 1361 in
1858 1309 2073 1362 Andro-

502 1414 624 1452 n.co
652 1398 693 1453 l.
729 1415 803 1453 tt:
836 1400 1114 1469 Φοροῦντα
1148 1401 1343 1470 ροῦχον
1376 1403 1596 1469 σχιστὸν
1648 1399 1811 1469 μέχρι
1841 1401 1934 1452 καὶ
1963 1400 2072 1454 τῶν

500 1492 763 1558 γονάτων.
792 1492 1085 1562 llelgaldus
1110 1492 1163 1545 in
1190 1492 1296 1544 vita
1326 1492 1468 1559 regis
1501 1490 1748 1560 Roberti:
1777 1489 1989 1544 Exuens
2017 1505 2072 1544 se

499 1587 800 1641 uestimento
856 1602 1139 1653 purpureo,
1197 1584 1334 1653 quod
1394 1585 1571 1653 lingua
1617 1583 1817 1636 rustica
1874 1583 2069 1636 dicitur

500 1693 671 1731 rocus.
708 1676 847 1741 Hinc
874 1684 1036 1733 etiam
1072 1678 1340 1732 rorbetum
1379 1692 1479 1729 vox
1516 1681 1719 1745 smptus
1772 1676 1936 1730 obvia
2010 1676 2065 1730 in

500 1770 655 1824 libris
689 1770 1004 1834 ritualibus,
1057 1770 1362 1836 praesertim
1401 1767 1684 1821 Romanis.
1736 1765 1865 1819 inde
1899 1766 2066 1821 etiam

499 1863 820 1929 ρουχαρείον
850 1861 1179 1925 vestiarium,
1213 1876 1313 1913 vos
1349 1869 1536 1914 nostro
1590 1873 1812 1929 quoque
1857 1859 2067 1913 Codino

502 1962 779 2022 usurpata.
812 1952 1015 2007 Gners.

578 2044 722 2098 Ibid.
754 2044 1025 2117 [Despotm
1083 2046 1278 2116 ροὖχον
1317 2044 1632 2116 hujusmodi
1669 2044 1786 2099 sive
1822 2045 2067 2111 ἱμάτιον,

500 2140 544 2191 si
577 2138 928 2207 imperatorio
954 2155 1059 2192 non
1084 2139 1350 2193 absimilis
1378 2150 1461 2193 est
1500 2137 1710 2203 formae,
1747 2137 1951 2201 σάκκος
2014 2138 2068 2190 itt

499 2233 769 2287 secuturis
796 2230 1030 2297 dicetur,
1072 2232 1251 2285 tunica
1277 2233 1534 2285 nimirum
1567 2246 1598 2285 e
1650 2231 1839 2285 villoso
1896 2229 2071 2285 serico

500 2319 662 2373 nullis
681 2319 837 2388 plicis
864 2320 1181 2387 conspicua,
1220 2320 1313 2374 sed
1343 2322 1493 2375 circa
1519 2329 1711 2389 pectus
1739 2328 1794 2373 et
1855 2318 2073 2373 lumbos

498 2410 765 2475 strictior,
800 2412 965 2480 paulo
1006 2411 1164 2465 latior
1195 2413 1338 2467 circa
1394 2412 1579 2482 pedes,
1644 2419 1814 2466 totum
1875 2426 2075 2480 corpus

499 2501 764 2556 ambiens.
787 2501 855 2556 Ut
876 2503 1043 2567 illam,
1063 2504 1219 2558 clade
1252 2504 1303 2557 in
1332 2504 1471 2558 bello
1496 2511 1740 2571 accepta,
1772 2502 1946 2556 tristis
1969 2519 1996 2554 a
2016 2517 2076 2557 se

499 2590 1013 2659 ahjeceritloannes
1039 2594 1263 2662 despota
1285 2593 1561 2649 Michaelis
1575 2593 1859 2662 Palmologi
1887 2592 2073 2658 frater,

498 2692 683 2735 narrat
722 2684 994 2751 Gregoras
1026 2700 1055 2737 v
1090 2688 1185 2741 ult.
1217 2685 1417 2756 Cone]

571 2774 657 2828 Ib.
706 2774 891 2839 Ῥίζας
913 2786 969 2831 et
990 2779 1437 2847 στρατηλατίκια,
1469 2779 1854 2844 interpretatur
1882 2777 2079 2832 Junius

503 2868 723 2941 lacinias
749 2878 806 2922 et
828 2868 1110 2931 lemniscos
1137 2870 1413 2924 militares.
1441 2870 1641 2924 Gne'rs.

577 2955 721 3011 Ibid.
743 2957 991 3031 [Regiam
1019 2962 1432 3033 Sandionysiaci
1451 2964 1720 3017 abbatiam
1738 2978 1803 3018 eo
1828 2966 1937 3036 line
1956 2977 2080 3032 pro-

501 3048 676 3104 fectus
708 3059 766 3104 ut
795 3049 1059 3106 Manueli's
1087 3053 1438 3121 imperatoris
1472 3052 1699 3107 llelenes
1761 3055 2078 3123 imperatri-

501 3138 867 3199 cis.Joannis
923 3143 1137 3212 imperii
1197 3145 1436 3213 collegae,
1497 3143 1766 3199 Theodori
1815 3146 2075 3213 despotm,

501 3232 797 3288 Andronici
829 3233 1258 3288 αὑθεντοπούλου
1294 3235 1719 3307 Pulzeologortlm
1756 3251 1822 3293 eo
1885 3252 1966 3290 ms
2015 3235 2076 3291 S.

502 3322 741 3393 Dionysii
778 3340 1027 3394 operum,
1054 3314 1197 3396 quod
1234 3327 1450 3382 Mauucl
1479 3329 1774 3397 praedictus
1798 3336 2074 3381 coaataneo

504 3415 607 3468 sibi
634 3415 1110 3472 Christianissimo
1156 3417 1491 3474 Francorum
1555 3420 1665 3488 regi
1714 3419 1954 3478 donavit.
1987 3434 2079 3472 ex-

503 3518 720 3572 pressas
748 3506 814 3560 ad
840 3507 1018 3560 vivum
1048 3507 1258 3578 efﬁgies
1287 3547 1303 3572 ,
1342 3510 1527 3563 vultus
1556 3550 1570 3573 ,
1598 3518 1913 3571 stemmata,
1982 3523 2079 3577 ge-

506 3608 628 3651 stus
654 3634 669 3659 ,
698 3609 875 3650 vestes
906 3636 922 3661 ,
952 3600 1184 3654 vestium
1225 3602 1459 3665 colores,
1485 3599 2079 3665 lormam,ornamcnta

505 3687 888 3755 conspicerem
945 3691 1208 3747 attentius
1256 3700 1312 3745 et
1363 3691 1735 3755 observarem,
1799 3700 2078 3759 persprcta

505 3782 731 3841 coccina
755 3780 996 3850 despone
1024 3784 1206 3836 tunica
1239 3782 1509 3853 ligataque
1525 3781 1592 3836 ad
1615 3781 1814 3837 collum
1838 3780 2078 3848 ejusdem

506 3872 707 3925 coloris
729 3874 1013 3943 chlamyde
1045 3912 1060 3935 ,
1094 3874 1278 3942 cujus,
1311 3874 1502 3928 dextra
1554 3887 1680 3942 pars
1733 3873 1785 3925 in
1830 3874 2078 3926 dextrum

510 3966 799 4020 humerum
830 3966 1128 4021 revolvitur
1163 4006 1179 4031 ,
1213 3970 1265 4021 in
1312 3966 1493 4021 tunica
1535 3966 1619 4036 (ea
1649 3966 1836 4020 talaris
1886 3975 1967 4019 est
2015 3965 2081 4019 ad

507 4056 649 4111 sacci
676 4057 920 4128 modum)
957 4073 1137 4112 ramos
1174 4072 1369 4112 aureos
1411 4057 1770 4112 animadverti
1816 4058 2082 4126 depictos,

509 4144 955 4216 chlamydemque
981 4146 1215 4215 Phrygio
1244 4162 1524 4216 aureoque
1554 4161 1719 4216 Opere
1770 4161 2079 4215 respersam

512 4244 681 4290 totam
711 4276 729 4302 ,
752 4253 846 4306 per
873 4240 1044 4305 spatia
1067 4238 1314 4304 quantam
1343 4237 1396 4290 in
1440 4238 1629 4291 orbem
1670 4236 1858 4292 relicta
1890 4238 2084 4307 bicipi-

512 4324 660 4378 tibus
699 4314 902 4391 aquilis
946 4339 1083 4377 anro
1110 4326 1312 4391 pariter
1335 4326 1612 4393 expressis
1636 4326 1688 4379 in
1725 4341 1789 4380 ea
1825 4310 2085 4395 fulgenti-

514 4418 640 4471 bus.
671 4417 751 4468 An
783 4429 948 4468 aurea
1004 4416 1227 4468 ramalia
1262 4418 1497 4469 radicum
1535 4418 1708 4472 instar
1738 4435 1833 4488 per
1858 4428 2085 4485 vestem,

515 4506 680 4561 nullis
706 4515 885 4561 tamen
910 4506 1107 4575 aquilis
1129 4517 1400 4571 ornatant,
1435 4511 1705 4579 serpentia
1728 4511 1904 4579 ῥίζας,
1931 4512 2085 4581 aqui-

2191 672 2301 728 rias
2337 673 2532 731 scribit
2555 674 2634 745 τῷ
2662 675 2761 743 μὲν
2786 678 3089 747 ταμπαρξῳ
3135 678 3232 731 τοῦ
3262 684 3516 749 σώματος
3553 687 3740 753 περιεί-

2186 761 2319 823 λησε
2342 764 2434 818 τὸν
2453 764 2639 833 λύγον.
2665 766 2733 822 Ut
2756 779 3035 835 gereretur
3054 770 3135 823 vel
3159 785 3357 839 corpus
3380 772 3740 836 ambiretJmc
3772 782 3779 785 ’

2184 854 2287 907 alia
2309 855 2593 924 scriptoris
2623 856 2867 923 ejusdem
2899 858 3060 912 verba
3090 859 3369 913 declarant
3392 862 3427 915 l.
3465 877 3524 915 ιιι
3550 879 3563 916 :
3603 863 3737 915 Κλα-

2187 942 2329 1011 μύδα
2356 945 2669 1015 ᾐσθημένος
2698 947 3060 1017 ἀστειοτέραν
3119 949 3249 1017 περὶ
3279 949 3369 1001 τὸν
3397 950 3573 1016 δεξιὸν
3591 946 3732 1021 ὦμον

2182 1037 2615 1107 περονουμένην,
2640 1038 2738 1091 καὶ
2775 1041 3038 1105 ἀφιεῖσαν
3094 1040 3395 1111 ἐλευθέραν
3444 1044 3541 1108 τὴν
3590 1048 3737 1114 χεῖρα

2181 1123 2321 1174 κατὰ
2345 1123 2405 1176 τὸ
2432 1126 2723 1195 πόρπημα.
2752 1127 2852 1182 Ubi
2886 1144 3017 1183 vero
3039 1130 3352 1200 ταμπαριου
3386 1131 3505 1185 vice
3533 1136 3738 1187 ταππά-

2179 1230 2295 1282 ριον
2318 1216 2399 1268 vel
2429 1217 2728 1287 ταὸὄάριον
2753 1219 3041 1290 legendum
3073 1229 3233 1289 putat
3279 1220 3546 1278 Meursius
3600 1226 3738 1281 nullo

2178 1314 2425 1369 auctore,
2466 1316 2720 1377 nugatur.
2748 1307 2946 1381 Gesn]

2245 1394 2440 1451 Junius
2503 1386 2554 1451 in
2615 1399 2826 1455 Codino
2892 1402 3179 1459 confundit
3230 1409 3549 1477 margaritas
3622 1423 3736 1465 eum

2175 1488 2463 1557 margellts,
2500 1498 2553 1545 et
2579 1491 2629 1545 id
2663 1495 2806 1561 quod
2834 1510 2902 1549 ex
2950 1497 3225 1566 margellis
3246 1508 3480 1563 constat,
3510 1514 3632 1554 cum
3655 1501 3737 1555 illo

2172 1578 2314 1647 quod
2334 1591 2549 1635 constat
2574 1598 2636 1636 ex
2659 1585 2990 1652 margaritis,
3017 1602 3140 1642 cum
3172 1596 3354 1642 tamen
3382 1590 3522 1643 haud
3545 1593 3732 1659 exiguo

2171 1669 2485 1727 discrimine
2518 1673 2742 1729 distent.
2782 1675 2917 1729 Nam
2948 1679 3204 1748 margella
3246 1679 3518 1748 signiﬁcat
3576 1681 3732 1747 1)εο-

2170 1763 2384 1815 railium
2415 1763 2672 1833 lapidem,
2691 1766 2745 1835 2)
2771 1768 2957 1821 liorem
2991 1784 3086 1823 seu
3118 1770 3337 1823 herbam
3358 1771 3732 1839 anagallidem'

2170 1867 2287 1920 qua:
2316 1854 2509 1909 rubore
2531 1857 2812 1911 corallium
2846 1861 3125 1923 mentitur,
3174 1860 3381 1915 Gallice
3446 1862 3738 1931 moi-gellius

2109 1954 2147 2005 Β
2176 1959 2271 1998 seu
2307 1948 2637 2016 morgeltina,
2670 1951 2823 2016 quasi
2865 1967 3083 2007 morsus
3115 1954 3349 2022 gallinm.
3378 1952 3626 2023 Egineta
3655 1970 3739 2006 κο-

2175 2036 2401 2105 ραλλεαν
2426 2040 2680 2108 appellat.
2711 2043 2766 2109 5)
2797 2043 2849 2096 ld
2884 2045 3027 2112 quod
3068 2045 3253 2100 ﬂorem
3278 2055 3333 2101 et
3389 2046 3619 2115 lapidem
3648 2061 3736 2099 co.

2174 2127 2384 2194 rallium
2408 2129 2669 2186 imitatur.
2698 2132 2752 2205 4)
2771 2133 2961 2189 Omnis
2992 2136 3204 2205 generis
3236 2136 3471 2204 pretiosa
3491 2146 3543 2190 et
3565 2137 3737 2191 disco-

2173 2218 2308 2273 loria
2341 2232 2655 2276 assumenta
2688 2226 2929 2279 vestibus
2958 2226 3250 2296 supcraddi
3281 2228 3459 2281 solita.
3489 2228 3738 2297 Μαργέλ-

2178 2311 2288 2364 λιον
2315 2326 2455 2380 saepe
2492 2314 2632 2368 idem
2668 2317 2936 2385 signiﬁcat
2958 2320 3102 2387 quod
3136 2319 3411 2388 margella.
3437 2319 3737 2388 Aliquando

2174 2405 2509 2469 margellium
2543 2415 2626 2460 est
2656 2406 2868 2462 limbria
2897 2424 2990 2463 seu
3027 2402 3226 2483 limbus
3254 2426 3317 2463 ex
3357 2412 3615 2480 margella
3642 2425 3733 2464 seu

2175 2495 2423 2550 Corallio.
2459 2495 2870 2566 Moschopulns:
2906 2500 3079 2569 Λῶμα
3134 2500 3194 2552 τὸ
3226 2501 3321 2553 ἀπ’
3372 2502 3541 2571 ἄκρου
3598 2503 3741 2563 τινὸς

2176 2584 2541 2651 ἐκτεταμένον
2566 2588 2659 2637 καὶ
2691 2588 2856 2639 οἱονεὶ
2924 2588 3106 2658 ὁρίζον
3136 2590 3290 2657 αὐτὸ,
3346 2592 3417 2654 ὡς
3441 2592 3499 2644 τὸ
3553 2593 3743 2655 κοινῶς

2176 2671 2466 2739 λεγόμενον
2503 2676 3157 2747 μαργέλλιον.λωμάτιον,
3216 2682 3437 2749 parvula
3502 2683 3739 2749 ﬁmbria,

2176 2781 2369 2832 parvus
2401 2766 2591 2820 limbus
2627 2784 2716 2821 seu
2740 2769 3014 2823 limbulus.
3040 2769 3206 2825 Porro
3236 2787 3266 2825 a
3293 2772 3458 2842 λῶμα
3481 2774 3542 2825 τὸ
3565 2774 3745 2841 λωμά-

2176 2872 2287 2908 τιον
2304 2866 2487 2910 natum
2520 2858 2733 2912 videtur
2763 2860 3145 2915 Germanicum
3162 2878 3297 2927 sam,
3318 2880 3489 2927 suum,
3510 2864 3744 2930 ﬁmbria,

2178 2946 2207 2997 λ
2233 2947 2284 2999 in
2306 2945 2343 3000 S
2368 2958 2591 3003 mutato.
2612 2950 2899 3006 Balsamon
2936 2954 3001 3005 ad
3022 2953 3088 3006 27
3112 2970 3372 3007 canonem
3396 2953 3736 3008 Trnllanum:

2193 3038 2356 3091 Ἀλλὰ
2396 3040 2464 3092 τὰ
2505 3040 2774 3111 πολυτελῆ
2839 3043 3229 3111 χρυσοΰφαντα
3285 3044 3633 3113 ἐπώλήματα
3682 3050 3748 3097 τὰ

2180 3127 2492 3195 δημοτικῶς
2525 3129 2796 3200 λεγόμενα
2843 3132 3173 3200 μαργέλλια,
3198 3134 3503 3202 γράμματα
3535 3138 3631 3188 καὶ
3661 3136 3747 3188 ἀν-

2183 3218 2409 3283 τίπανα,
2445 3222 2539 3272 καὶ
2572 3223 2639 3273 τὰ
2683 3222 2748 3273 ὲκ
2782 3222 3051 3292 κογχύλης
3090 3222 3497 3295 ἁτορφυρίζοντα
3537 3226 3744 3295 ἱμάτια.

2105 3292 2147 3349 C
2179 3309 2484 3365 Grammata
2505 3323 2552 3365 et
2582 3314 2855 3381 antipana,
2881 3316 3036 3383 quasi
3070 3316 3231 3384 panni
3260 3292 3455 3384 pannis
3489 3292 3744 3386 oppOsiti,

2180 3414 2231 3457 et
2250 3422 2315 3470 pu
2327 3422 2512 3472 rpnrea
2535 3408 2863 3461 vestimenta.
2893 3409 3035 3462 Puto
3055 3408 3341 3476 legendum
3363 3410 3627 3478 γάμματα
3656 3423 3746 3477 pro

2180 3495 2486 3565 γράμματα
2517 3514 2532 3550 :
2560 3512 2680 3550 nam
2714 3508 2880 3552 vestes
2909 3488 3191 3567 gemmata:
3236 3510 3376 3553 none
3417 3511 3544 3553 sunt
3605 3501 3744 3569 apud

2180 3586 2415 3651 Grazcos,
2450 3598 2502 3642 ct
2530 3587 2582 3640 in
2619 3586 2955 3643 Balsamonis
2984 3592 3172 3645 meleta
3220 3592 3287 3645 de
3317 3592 3742 3657 patriarcharum

2184 3678 2475 3749 privilegiis
2507 3680 2672 3734 habes
2733 3681 3016 3750 στιχάριον
3066 3682 3153 3735 διὰ
3205 3684 3539 3752 γαμμάτων.
3599 3680 3742 3735 ldem

2181 3768 2466 3823 Balsamon
2500 3771 2569 3824 ad
2602 3787 2868 3827 canonem
2908 3773 2972 3827 16
3005 3774 3232 3827 concilii
3291 3775 3537 3842 septimi,
3598 3774 3741 3842 quod

2181 3873 2261 3918 est
2288 3865 2588 3918 secundum
2636 3863 2935 3930 Nicmnum,
2988 3865 3113 3918 οὔτε
3143 3867 3267 3919 τινὰ
3294 3866 3592 3935 ἑτερόχροα
3621 3866 3745 3916 sm-

2183 3954 2439 4024 ϐλήματα
2462 3956 2863 4025 προσετίθεσαν
2890 3960 2950 4011 ὲν
2979 3961 3091 4020 τοῖς
3116 3958 3314 4028 ἄκροις
3372 3958 3483 4011 τῶν
3514 3958 3747 4027 ἱματίων

2183 4046 2355 4113 ἤγουν
2390 4047 2720 4117 μαργέλλια.
2750 4047 2853 4103 Ubi
2885 4049 3242 4104 doctissimus
3291 4051 3373 4103 vir
3439 4048 3747 4103 Gentianus
3776 4089 3783 4095 .

2184 4136 2453 4192 Henetus
2483 4140 2547 4191 ad
2574 4140 2871 4209 marginem
2909 4150 3098 4195 notat:
3151 4140 3436 4210 Μαργέλια
3464 4141 3566 4209 (sic
3604 4142 3747 4195 enim

2185 4226 2397 4297 scribit)
2437 4240 2561 4295 puto
2591 4229 2787 4283 dictant
2821 4245 2933 4284 esse
2967 4247 2997 4282 a
3044 4230 3265 4292 Gracis,
3327 4241 3581 4299 corrupta
3635 4233 3749 4283 dic-

2189 4323 2345 4385 tione.
2379 4323 2536 4391 quasi
2569 4325 2906 4393 marginalia.
2940 4325 3042 4380 Cui
3090 4327 3427 4395 conjectum
3457 4326 3587 4395 quid
3612 4324 3752 4378 veri-

2187 4413 2597 4469 similitudinem
2624 4416 2899 4482 conciliet,
2939 4417 3073 4471 nihil
3110 4418 3267 4472 video
3300 4427 3498 4487 praeter
3567 4416 3749 4470 nomi-

2191 4519 2319 4557 num
2352 4499 2641 4573 quamdam
2675 4506 3085 4562 similitudinem
3117 4526 3131 4573 ;
3176 4518 3229 4562 et
3262 4509 3391 4577 quia
3439 4508 3492 4562 in
3527 4508 3757 4579 margel-

513 4600 593 4653 las
618 4613 745 4652 vero
764 4600 1017 4667 primaeva
1033 4598 1398 4654 Romanorum
1417 4601 1565 4669 signa
1593 4602 1847 4656 militaria
1865 4620 2091 4674 στρατη.
2119 4606 2170 4667 ι)
2198 4594 2264 4648 iis
2288 4605 2342 4649 et
2381 4596 2675 4665 margelliis
2707 4612 3011 4661 versamur,
3046 4598 3277 4654 Cedreni
3308 4600 3495 4653 locum
3527 4600 3581 4652 in
3651 4598 3751 4653 Mi-

514 4689 737 4743 λατίκια
772 4704 1049 4755 vocarem,
1077 4690 1279 4745 dubius
1312 4691 1543 4759 primum
1563 4692 1713 4747 haesi.
1740 4692 1914 4749 Sensu
1936 4710 2090 4748 inen-

517 4781 986 4850 tisquedubietate
1006 4796 1160 4852 teque
1194 4782 1355 4838 docto
1397 4798 1461 4838 ac
1506 4784 1635 4837 mihi
1670 4784 1933 4840 benevolo
1985 4785 2091 4856 εγ

518 4876 639 4931 rillo
670 4875 958 4953 Campana:
981 4875 1197 4930 Chiensi
1222 4875 1453 4941 detecta,
1486 4875 1712 4929 dubium
1740 4875 1830 4928 ille
1864 4877 2091 4945 probato

514 4984 680 5024 sensu
720 4968 948 5037 depulit.
990 4966 1095 5033 Tu,
1134 4969 1328 5033 lector,
1359 4968 1557 5022 eruditi
1605 4966 1769 5038 225I
1809 4967 2092 5037 Graecique

515 5059 615 5111 viri
672 5059 998 5112 auctoritate
1055 5057 1295 5119 laudata,
1346 5055 1571 5110 lacinias
1691 5054 2090 5121 lemniscosque

516 5147 780 5200 militares
814 5147 1053 5215 antiquis
1082 5144 1342 5199 Romanis
1377 5146 1673 5215 relinques,
1708 5154 1761 5199 et
1811 5144 1864 5196 in
1900 5158 2091 5197 recen-

514 5238 650 5292 tiore
681 5237 992 5317 Graecarum
1022 5237 1252 5290 vestium
1287 5252 1386 5291 usu
1421 5252 1529 5291 non
1560 5237 1663 5290 nisi
1714 5236 1859 5303 quod
1894 5236 2088 5289 oculus

513 5326 692 5383 cernit
723 5337 776 5382 et
806 5330 945 5381 ratio
984 5328 1178 5382 suadet
1206 5327 1515 5382 adnotabis.
1564 5325 1763 5397 Cone]

586 5417 731 5472 Ibid.
782 5420 1112 5488 Ταμπάριον
1164 5432 1263 5486 pro
1293 5418 1611 5487 ταππάριον
1636 5419 1749 5471 sive
1769 5414 2085 5487 τασὸἀριον,

512 5516 576 5563 ιιι
605 5511 947 5579 μαμπάριον,
990 5509 1329 5578 μαππάριον,
1355 5509 1631 5576 ὀμφίκιον,
1663 5506 1938 5576 ὁφςρίκιον,
1984 5508 2088 5562 Ita-

514 5600 678 5657 licum
726 5602 961 5661 tabarro.
992 5603 1209 5669 penula,
1246 5600 1504 5667 chlamys.
1536 5598 1742 5653 Gens.
1774 5662 1787 5673 _

569 5688 959 5762 ῘΤαμπάριον,
999 5691 1233 5761 chlamys
1283 5690 1624 5759 imperatoria
1667 5688 1735 5743 ad
1788 5689 1951 5758 pedes
1985 5689 2083 5744 tle-

515 5780 710 5845 (luens,
736 5781 985 5837 militaris
1018 5797 1408 5851 nonnunquam
1427 5790 1479 5836 et
1502 5781 1738 5834 brevior.
1788 5779 2004 5835 Nicetas
2029 5780 2082 5834 in

520 5873 766 5930 Manuclc
801 5872 1100 5941 Comncno,
1134 5874 1169 5930 l.
1197 5890 1273 5931 tv:
1294 5874 1373 5944 Τῇ
1405 5873 1502 5944 μὲν
1528 5870 1871 5943 χλαμύδιτοῦ
1903 5870 2088 5940 σῶμα·

2197 4687 2387 4742 chaete
2445 4686 2764 4745 Stratiotico
2864 4690 3195 4760 imperatore
3278 4691 3624 4745 ascribamus
3704 4697 3758 4743 et

2197 4780 2557 4848 explicemus.
2592 4782 2664 4834 Τό
2699 4799 2755 4835 τε
2782 4783 2890 4855 γὰρ
2919 4783 3212 4853 λεγόμενον
3247 4785 3583 4855 στρατήγιον
3619 4784 3757 4836 ἀνα-

2196 4872 2562 4942 καθαίρεσθαι
2591 4875 2874 4941 ὲκέλευσε,
2902 4878 2994 4929 καὶ
3023 4876 3123 4939 τὰς
3158 4876 3267 4929 τῶν
3306 4876 3544 4928 πολιτῶν
3584 4890 3758 4942 κεφα-

2194 4961 2294 5024 λὰς
2324 4966 2651 5028 σκέπεσθαι,
2683 4965 2758 5036 μὴ
2789 4966 2879 5018 διὰ
2932 4966 3281 5036 γραμμάτων
3314 4965 3391 5026 ὡς
3442 4966 3559 5030 νῦν⁹
3622 4964 3762 5017 ἀλλὰ

2192 5052 2279 5104 διὰ
2307 5054 2866 5125 μαργελ).ογράμμων
2890 5056 3117 5109 ὀθονίων
3158 5058 3222 5109 ιχ
3280 5056 3485 5127 βύσσου
3547 5073 3761 5125 πορφυ-

2195 5145 2295 5212 ρᾶς
2322 5144 2738 5215 ἐξυφασμένων.
2761 5146 2935 5201 Iussit
2971 5148 3135 5219 (idem
3173 5147 3541 5216 Stratioticus)
3566 5165 3761 5217 expur-

2191 5238 2307 5307 gari
2338 5239 2669 5307 strategium,
2698 5247 2830 5317 etc_.,
2856 5250 2902 5293 et
2926 5243 3100 5307 capita
3119 5242 3309 5294 civium
3342 5242 3441 5310 tegi
3470 5239 3632 5309 225
3656 5257 3760 5294 non

2193 5322 2440 5378 litteratis
2473 5325 2643 5393 pileis,
2679 5335 2736 5378 ut
2776 5343 2912 5379 nunc
2966 5327 3129 5380 moris
3194 5336 3293 5393 est,
3355 5328 3445 5381 sed
3507 5328 3759 5396 margella

2190 5412 2471 5480 ﬁmbriatis
2508 5415 2679 5468 linteis
2715 5429 2780 5468 ea:
2818 5414 2991 5483 bysso'
3028 5431 3293 5485 purpurea
3359 5418 3533 5471 textis.
3580 5417 3755 5483 Quem

2190 5507 2371 5560 locum
2432 5506 2697 5577 interpres
2746 5506 2975 5562 Cedreni
3003 5523 3061 5563 se
3110 5524 3221 5563 non
3272 5523 3465 5579 capere
3521 5510 3759 5579 ingenue

2192 5596 2509 5663 conﬁtetur,
2532 5606 2586 5653 et
2625 5612 2757 5653 sane
2779 5598 3019 5655 diﬂicilis
3078 5609 3162 5655 est
3204 5616 3408 5670 ;quem
3456 5602 3757 5670 planiorem

2192 5688 2370 5742 reddit
2406 5688 2495 5741 illa
2527 5686 2749 5744 Meursii
2788 5690 3125 5758 emendatio,
3187 5691 3752 5763 μαργε).λογρὰμμων

2189 5796 2287 5851 pro
2319 5781 2818 5851 μεγαλογρὰμμων.
2846 5782 2957 5853 Ego
2984 5784 3215 5838 libenter
3249 5800 3346 5853 pro
3373 5786 3461 5838 διὰ
3484 5787 3758 5856 γραμμά-

2192 5888 2301 5927 των
2334 5870 2567 5939 legerem
2601 5870 2689 5925 διὰ
2726 5873 3033 5938 γσμμάτων
3093 5891 3109 5928 :
3157 5888 3283 5929 nam
3307 5882 3362 5929 ut
3412 5882 3587 5932 vestes
3624 5876 3753 5932 olim
