3936 6612
293 501 416 564 Ξ49

1407 494 1793 556 GRETSERI
1849 493 1943 551 ΕΤ
1984 489 2223 549 GOARl
2261 486 2497 557 NOT.E.

3456 477 3562 538 εξξνο

303 613 721 681 gammatce.sic
746 620 800 666 et
839 620 1152 679 tegumenta
1182 609 1377 679 capitis
1415 617 1683 678 gammata
1719 607 1886 661 luisse
1915 608 1960 664 Α
1990 598 2226 654 tribunal
2260 612 2485 651 causam
2522 594 2719 652 refero.
2772 593 2853 648 llli
2895 593 2939 648 si
2999 590 3206 662 vulgari
3244 589 3558 644 Graecorum

307 701 594 755 videnlur.
631 700 828 756 Fateor
875 709 1058 755 tamen
1087 710 1142 754 et
1170 699 1257 754 hic
1281 708 1339 754 et
1371 699 1498 753 alibi
1532 699 1714 752 forsan
1763 696 1889 751 reti-

308 792 437 844 neri
469 806 630 867 posse
654 792 961 860 γράμματα
990 805 1088 859 pro
1109 790 1395 858 γάμματα,
1414 803 1538 842 cum
1579 788 1739 841 etiam
1773 786 1891 839 alia:

308 882 537 945 litterae,
591 883 893 950 praesertim
946 885 1006 945 A,
1032 881 1274 936 vestibus
1326 880 1475 934 assui
1525 878 1783 941 solerent,
1832 884 1891 929 ut

309 975 545 1040 planum
578 975 635 1025 lit
664 988 726 1025 ex
779 972 1159 1039 imperatomm
1189 970 1359 1025 tribus
1390 968 1741 1036 imaginibus,
1770 981 1890 1037 qua:

307 1063 626 1131 Nioeplmro
666 1062 919 1133 Gregorae
967 1072 1373 1131 praeponuntur.
1404 1061 1605 1115 Gnsrs.

393 1151 455 1207 P.
484 1154 571 1208 15.
594 1152 658 1225 [Α
685 1155 1194 1223 margine,dictione
1217 1154 1429 1217 Latina,
1449 1151 1775 1221 μαργέλλιον
1796 1151 1891 1205 de-

314 1244 508 1297 rivant
543 1243 745 1309 Graeci,
789 1260 889 1299 nec
936 1245 1146 1299 corallii
1177 1244 1407 1314 pretium
1448 1244 1530 1297 vel
1563 1243 1890 1312 margellinze

312 1343 664 1386 venustatem
701 1334 988 1387 attendunt
1016 1333 1203 1402 (prout
1237 1331 1529 1398 Meursius,
1563 1343 1615 1385 et
1643 1331 1735 1400 qui
1764 1348 1887 1385 eum

311 1420 665 1485 exscribunt,
695 1420 1226 1491 comminiscuntur),
1252 1431 1308 1475 ut
1331 1434 1392 1474 ea
1417 1434 1549 1473 voce
1575 1418 1741 1473 vestis
1772 1419 1893 1471 lim-

317 1510 451 1563 bum
504 1519 559 1565 et
592 1520 948 1564 assumentum
980 1512 1344 1580 quodcunque
1377 1509 1613 1564 discolor
1633 1508 1719 1561 vel
1758 1522 1893 1562 auro

322 1611 565 1666 textum,
608 1618 792 1671 panno
837 1602 1266 1671 superadditum,
1290 1608 1615 1671 exprimant.
1644 1600 1700 1654 ld
1733 1602 1892 1669 ipsa:-

321 1704 439 1748 ml-t
474 1710 505 1749 a
538 1694 794 1749 Gretsero
834 1705 956 1764 post
993 1695 1287 1751 Meursium
1335 1697 1621 1765 exscripta:
1655 1694 1896 1749 auctori-

324 1798 472 1841 tates
504 1787 806 1859 evincunt.]
837 1787 1004 1844 GOAB.

400 1878 548 1934 Ibid.
582 1880 848 1944 Κάλτςαι.
887 1881 1090 1952 caliga,
1136 1896 1204 1936 ex
1229 1881 1425 1947 Latino
1468 1880 1673 1935 calceus
1727 1880 1896 1951 magis

1999 692 2180 761 lingua
2212 689 2534 745 sententiam
2567 689 2874 749 enuntient,
2906 688 3141 756 primum
3177 683 3454 743 κόκκινον,
3479 695 3565 732 se-

2002 784 2241 838 cundum
2277 780 2370 846 ὀξύ
2426 780 2671 835 sancient
2711 778 3060 842 vocandum;
3096 772 3567 840 sullragabuutur—

2000 891 2108 945 que
2167 874 2529 943 Hieronymus
2577 872 2887 928 Germanus
2919 878 2973 924 et
3028 868 3216 922 Simon
3269 863 3481 917 l’ortius
3511 861 3564 913 in

2002 964 2189 1020 lexieis
2212 961 2669 1017 Grtecobarbaris.
2702 959 2910 1028 Decipit
2939 959 3120 1026 itaque
3148 955 3297 1009 Junii
3320 955 3567 1007 testimo-

2002 1054 2149 1108 nium
2177 1070 2203 1104 a
2235 1052 2488 1108 Gretsero
2512 1052 2821 1121 probatum,
2857 1050 2944 1105 ubi
2975 1049 3086 1104 ait:
3117 1047 3192 1100 Τδ
3226 1046 3318 1110 ὀξύ
3342 1046 3442 1098 vim
3478 1044 3562 1095 iu-

2002 1144 2244 1199 teudendi
2273 1144 2449 1200 habet.
2494 1140 2692 1212 Coum]

2071 1236 2153 1292 Ib.
2176 1236 2485 1298 Μουζάκιον
2506 1244 2588 1289 est
2612 1235 2918 1307 mosaicum,
2946 1233 3204 1285 musicum
3227 1240 3390 1295 opus:
3412 1232 3571 1278 erant

1998 1345 2129 1401 ergo
2152 1329 2324 1384 calcei
2345 1328 2432 1383 isti
2461 1326 2589 1396 picti
2623 1327 2778 1395 quasi
2808 1327 2874 1379 de
2908 1324 3143 1385 musivo,
3177 1321 3304 1389 quia
3335 1322 3569 1386 punctu-

2002 1424 2067 1478 lis
2116 1420 2537 1477 versicoloribus
2593 1417 2924 1473 interstincti
2977 1422 3158 1470 erant.
3220 1409 3569 1483 Reeentiores

1998 1512 2171 1567 Graeci
2226 1510 2483 1580 μουσιοῦν
2535 1509 2629 1562 και)⁸
2663 1508 2751 1559 διὰ
2805 1507 3045 1575 μου-πίων
3088 1497 3449 1559 καλλωπίζειν
3483 1495 3567 1549 di-

1999 1610 2151 1656 cunt.
2201 1602 2269 1655 Et
2304 1609 2364 1655 ut
2414 1600 2506 1654 hic
2567 1599 2733 1651 habes
2790 1596 3117 1664 ὑποδήματα
3152 1582 3469 1675 ημουζάκιᾳί
3494 1587 3575 1639 sic

1998 1694 2137 1763 apud
2163 1693 2486 1749 Trebellium
2519 1691 2821 1747 Pollionem
2846 1684 2903 1742 in
2930 1684 3079 1742 'l‘etr.
3101 1683 3233 1739 Jun.
3263 1691 3348 1736 est
3376 1694 3575 1733 coroua

1997 1787 2263 1855 picturata
2296 1786 2357 1839 de
2383 1800 2582 1839 musco.
2618 1782 2821 1838 (ἔθετε.
3475 1779 3485 1790 ’

2070 1875 2215 1933 Ibid.
2233 1877 2400 1932 Mirus
2420 1875 2722 1931 tessellator
2749 1871 3035 1933 Meursius,
3055 1870 3148 1947 qui
3176 1861 3391 1922 musivo
3413 1877 3531 1933 open
3546 1876 3579 1915 e

319 1984 494 2038 quam
522 1970 715 2039 caliga.
744 1971 813 2025 Et
833 1972 1067 2025 sumitur
1089 1972 1178 2027 hic
1206 1986 1314 2027 non
1342 1986 1437 2042 pro
1458 1971 1669 2037 calceis,
1686 1972 1778 2026 sed
1800 1986 1899 2040 pro
1934 1952 1973 2007 Β
2004 1970 2215 2024 calceos
2237 1968 2441 2023 aﬂabre
2463 1965 2801 2037 compositos
2828 1964 3040 2017 vendit.
3068 1963 3136 2014 At
3158 1974 3267 2014 non
3301 1954 3579 2024 composi-

325 2063 536 2115 braccis
561 2077 580 2115 :
616 2077 742 2115 nam
779 2063 945 2116 calcei
963 2062 1077 2132 jam
1112 2070 1440 2131 sequuntur.
1471 2060 1672 2131 Caliga:
1719 2069 1899 2114 tamen

326 2168 528 2207 nomen
570 2154 736 2207 etiam
768 2154 1013 2209 calceum
1071 2155 1359 2209 militarem
1415 2154 1703 2224 signiﬁcat.
1767 2153 1902 2208 Hinc

326 2243 495 2312 βουλὴ
515 2244 773 2312 καλίγων,
792 2255 1005 2299 senatus
1022 2246 1318 2313 caligarum
1334 2261 1432 2300 seu
1452 2246 1740 2314 caligatus,
1758 2245 1902 2313 apud

326 2334 642 2398 Dionem,l.
671 2351 862 2401 vam,
887 2352 1131 2392 scomma
1158 2337 1212 2391 in
1241 2347 1510 2402 senatum,
1543 2337 1689 2406 quod
1713 2336 1901 2405 caligis

326 2427 444 2479 sive
478 2426 677 2482 calceis
706 2428 1034 2484 militaribus
1060 2437 1324 2483 uteretur.
1357 2430 1449 2484 Sic
1471 2429 1643 2498 caliga
1667 2429 1903 2482 sumitur

324 2517 393 2566 ab
417 2516 718 2585 interprete
747 2528 937 2572 nostro
958 2519 1079 2574 Act.
1112 2534 1219 2575 xu:
1242 2520 1430 2574 Calcea
1459 2529 1507 2572 te
1536 2518 1735 2588 caligas
1759 2528 1900 2570 luas.

324 2603 519 2657 Graece
550 2606 815 2676 ὑπόδησαι
844 2609 912 2661 τὰ
952 2609 1209 2664 σανδάλιά
1235 2627 1352 2676 σου,
1386 2608 1593 2678 subliga
1658 2608 1904 2662 sandalio

325 2706 447 2749 tua.
481 2695 684 2752 Gne'rs.

409 2787 555 2841 Ibid.
586 2787 887 2860 [Nusquam
925 2792 1132 2846 calceus
1164 2790 1412 2856 Latinus,
1437 2793 1523 2846 vix
1572 2793 1744 2863 caliga
1776 2792 1901 2846 item

326 2880 551 2944 Latina,
596 2882 707 2935 imo
736 2883 1041 2937 certissime
1073 2883 1508 2939 ltalorum'calze
1538 2900 1725 2938 vocem
1771 2883 1905 2936 κάλ-

322 2972 458 3029 τζιι
482 2970 691 3025 Graecis
711 2972 932 3025 dedere.
967 2970 1076 3026 Nec
1103 2971 1318 3025 braccas
1345 2972 1549 3041 itaque,
1577 2973 1760 3026 minus
1792 2970 1905 3024 cal-

324 3077 474 3122 ceos.
520 3064 618 3115 sed
658 3062 735 3125 vel
766 3062 967 3130 caligas
1006 3064 1073 3117 ad
1108 3079 1293 3118 suram
1329 3079 1503 3133 usque
1549 3065 1905 3118 ascendentes

323 3154 417 3205 vel
449 3154 689 3221 integras
722 3168 912 3209 ocreas
938 3156 1229 3223 signiﬁcat.
1264 3155 1404 3211 Usus
1435 3156 1689 3227 loquendi
1716 3171 1906 3211 recen-

2006 2072 2110 2128 tos,
2136 2061 2343 2130 inquiet
2374 2060 2534 2122 alios,
2568 2058 2662 2112 sed
2698 2057 2872 2126 pictos
2905 2054 3066 2123 quasi
3100 2053 3164 2106 de
3210 2050 3431 2110 musico,
3479 2060 3577 2099 ceu

2006 2152 2280 2222 punctulis
2309 2146 2732 2206 versicoloribus
2765 2147 3162 2202 interstinctos.
3214 2141 3433 2196 Rectius
3461 2153 3581 2192 om-

2005 2244 2135 2297 nino
2159 2244 2313 2298 [ictos
2360 2241 2605 2297 dixisset.
2651 2239 2791 2306 Quid
2832 2240 2994 2308 igitur
3023 2238 3347 2305 ὑποδήματα
3381 2229 3583 2302 p.0qu—

2003 2335 2140 2389 xta?
2173 2334 2358 2388 Genus
2410 2331 2723 2386 Saracenici
2762 2328 3142 2389 calceamenti,
3175 2325 3334 2394 cujus
3379 2337 3510 2376 usus
3544 2336 3574 2374 a

2003 2426 2207 2480 Graecis
2276 2421 2595 2493 peregrinos
2649 2437 2830 2474 mores
2883 2420 3041 2473 facile
3098 2415 3439 2472 imitantibus
3462 2421 3584 2468 erat

1998 2518 2110 2587 jam
2132 2515 2326 2571 Codini
2351 2524 2591 2583 tempore
2614 2514 2666 2566 in
2688 2512 2895 2568 curiam
2918 2511 3023 2564 (ΖΡ.
3039 2510 3305 2572 invectus,
3321 2505 3585 2574 crepidis-

2004 2624 2111 2678 que
2165 2608 2434 2663 tibialium
2469 2622 2621 2660 more
2673 2621 2773 2660 ceu
2818 2604 2986 2658 levior
3019 2618 3083 2657 ac
3123 2601 3337 2657 mollior
3361 2598 3583 2654 cothur-

2004 2706 2109 2753 nus
2130 2699 2524 2754 soletimmitti.
2562 2698 2735 2752 Gosn.

2077 2792 2163 2847 Jb.
2195 2792 2693 2859 Πτερνιστηρίων.
2729 2787 2893 2843 Forte
2948 2787 3231 2857 legendum
3262 2785 3589 2855 πτερνιστή-

2007 2902 2138 2955 ρων,
2171 2901 2198 2936 a
2233 2893 2381 2938 recto
2416 2885 2772 2952 πτερνιστήρ.
2808 2881 3013 2935 Gns'rs.

2078 2975 2544 3047 [Πτερνιστηρίων
2574 2974 2857 3030 retinenda
2914 2973 3098 3034 lectio.
3129 2988 3228 3027 nec
3259 2971 3575 3038 πτερνιστήσ

2010 3088 2117 3139 ρων
2148 3069 2530 3124 substitueuda
2563 3086 2577 3122 :
2614 3069 2851 3135 gaudent
2880 3067 3021 3120 enim
3054 3063 3226 3120 Graeci
3254 3063 3460 3117 neutris
3489 3061 3589 3114 hu-

2003 3161 2238 3229 jusmodi
2273 3176 2303 3215 a
2358 3160 2681 3229 masculiuis
2730 3158 3012 3213 derivatis.
3066 3158 3157 3211 Sic
3187 3156 3373 3210 dicunt
3413 3153 3589 3221 φοίνι-

324 3245 446 3296 tior
482 3260 705 3298 sensum
741 3246 964 3299 allatum
1000 3247 1214 3316 probat,
1243 3250 1676 3319 conlirmantque
1700 3254 1750 3306 iu
1789 3251 1904 3305 vul-

2023 3268 2109 3314 κες
2129 3257 2182 3304 et
2212 3250 2471 3321 φοινίκιαι,
2500 3252 2680 3321 χεῖρες
2697 3258 2749 3302 et
2774 3248 2958 3318 χέρια,
2989 3245 3146 3309 πόδες
3170 3253 3224 3299 et
3254 3243 3431 3307 πόδια,
3471 3251 3578 3301 etc.

323 3336 562 3404 garibus
609 3336 804 3403 lexicis
836 3336 1201 3407 Hieronymus
1256 3340 1563 3396 Germanus
1621 3353 1675 3398 et
1715 3344 1903 3401 Simon

326 3427 584 3493 Portius,
617 3430 712 3499 qui
758 3431 883 3485 licet
914 3433 1153 3503 κάρτζαι
1182 3436 1545 3490 communiori
1585 3442 1907 3506 pronuntia-

327 3520 474 3573 tioni
529 3521 799 3577 calamum
858 3536 1211 3594 exequantes
1244 3528 1489 3583 scribant
1544 3530 1910 3598 (substituunt

324 3611 488 3663 enim
520 3612 772 3667 hodierni
806 3631 835 3682 ρ
859 3618 973 3670 vice
1001 3616 1050 3679 λ,
1075 3625 1129 3670 et
1156 3613 1345 3687 ἧρθεν,
1375 3634 1482 3673 non
1512 3616 1696 3690 ἦλθεν,
1728 3624 1911 3694 ἁρμυ-

334 3699 460 3767 ρόν,
498 3716 608 3754 non
646 3702 887 3773 ἁλμυρόν
915 3702 1241 3773 proferunt).
1275 3706 1398 3760 usui
1432 3717 1609 3759 tamen
1645 3716 1700 3760 et
1728 3712 1911 3763 sensui

331 3791 573 3855 reddita,
610 3792 695 3847 hic
730 3793 918 3848 Latina
951 3810 1086 3850 voce
1118 3796 1350 3860 tibialia,
1385 3797 1474 3852 illc
1519 3790 1703 3853 Italica
1744 3800 1912 3869 culze,

327 3886 581 3946 calcate,
613 3886 729 3939 suis
757 3885 977 3940 calculis
1006 3895 1358 3944 attestantur.
1387 3887 1586 3960 Gosn.)

414 3976 500 4030 Ib.
522 3978 790 4031 Διόολέα.
821 3975 1158 4033 Vocabulum
1196 3979 1299 4033 hoc
1329 3980 1613 4049 aliquoties
1645 3982 1784 4047 apud
1805 3981 1912 4035 Go-

331 4070 770 4138 dinumlegitur.
809 4069 1058 4132 Διὸολέος
1079 4071 1220 4125 idem
1240 4071 1385 4141 quod
1405 4071 1648 4135 διπλοῦς.
1680 4071 1783 4125 Pro
1806 4089 1915 4142 quo

340 4173 563 4216 veteres
592 4162 826 4228 διϐολος,
878 4171 938 4216 ιιι
966 4162 1175 4226 δίϐολος
1203 4164 1416 4233 χλαῖνα.
1449 4163 1668 4227 Junius,
1699 4164 1915 4217 ὂιὸολέσ.

332 4256 686 4323 ὑποδήματα,
737 4256 917 4309 bilices
975 4258 1158 4319 calcei,
1191 4265 1245 4310 et
1275 4257 1710 4321 8t60).£oc,bilix,
1750 4257 1802 4310 id
1835 4266 1920 4312 est

337 4357 568 4401 ornatus
595 4348 821 4402 bicolor:
844 4349 987 4402 licio.
1013 4348 1121 4403 Sed
1152 4356 1209 4401 tu
1240 4349 1328 4403 dic
1355 4349 1617 4411 διϐολέος.
1649 4366 1745 4404 seu
1775 4350 1919 4403 διϐο-

333 4441 462 4499 lia.
512 4442 726 4507 quoties
764 4440 906 4509 apud
937 4438 1205 4494 Codinum
1270 4440 1533 4507 occurrit,
1582 4442 1720 4496 nihil
1770 4441 1914 4497 aliud

335 4545 465 4585 esss
490 4545 654 4597 quam
690 4529 888 4583 bicolor
908 4545 1004 4584 seu
1027 4530 1258 4599 duplicis
1290 4529 1506 4584 coloris.
1534 4529 1740 4587 Gns'rs.

2012 3343 2351 3489 col‘li‘..]Sella
2417 3434 2542 3503 equi
2598 3434 2713 3489 sive
2760 3432 3077 3502 ephippium
3125 3430 3201 3501 (ν.
3256 3427 3581 3481 Meursium.

2016 3527 2213 3596 Gosu.)
2246 3544 2261 3592 ;
2303 3526 2639 3597 ῑδρομάχιον,
2694 3535 2747 3579 et
2779 3536 2990 3596 tegmen
3041 3522 3230 3579 sudori
3261 3518 3508 3576 cavendo
3531 3527 3585 3572 et

2018 3623 2085 3676 ab
2118 3620 2277 3688 equis
2310 3619 2569 3674 arcendo.
2604 3617 2809 3673 (ἴητε.

2089 3711 2149 3767 Ρ.
2197 3710 2286 3765 14.
2335 3708 2470 3782 [Cur
2516 3709 2788 3765 Meursius
2817 3707 3117 3777 stragulam
3168 3703 3424 3775 ephippia
3463 3701 3592 3757 sub-

2015 3812 2244 3857 stratam
2275 3803 2340 3855 ad
2377 3801 2774 3871 prohibendum
2815 3799 2942 3869 equi
2976 3798 3232 3854 sudorem
3266 3796 3327 3849 τὸ
3352 3795 3579 3866 ἱδρομά-

2014 3911 2130 3963 χων
2162 3900 2417 3961 exponat,
2445 3908 2551 3946 non
2578 3890 2768 3945 video:
2794 3891 2886 3959 qui
2921 3904 3156 3958 namque
3181 3888 3407 3956 depicta:
3431 3888 3485 3939 in
3512 3901 3574 3939 ea

2014 3983 2345 4040 eii‘ulsissent
2390 3982 2633 4051 aquilae?
2672 3980 2888 4035 Clarius
2920 3987 3069 4037 certe
3108 3980 3280 4033 nitent
3315 3979 3366 4032 in
3401 3978 3524 4031 aliis
3548 3994 3579 4033 e

2016 4076 2150 4130 sella
2185 4075 2547 4145 pendentibus
2587 4074 2951 4135 ornamentis,
2983 4087 3105 4140 qute
3147 4071 3369 4139 propius
3419 4085 3585 4124 exsu-

2016 4170 2233 4225 dantem
2298 4181 2499 4236 equum
2541 4165 2816 4235 attingunt
2861 4171 2914 4216 et
2946 4162 3067 4232 ejus
3094 4168 3384 4229 extergunt
3419 4158 3589 4212 sudo-

2019 4279 2153 4317 rem.
2180 4257 2392 4330 Genu]

2091 4351 2427 4422 ltlargellium
2477 4349 2565 4404 hic
2618 4356 2701 4404 est
2730 4354 3072 4417 segmentum
3107 4342 3309 4399 diversi
3358 4339 3590 4401 coloris,

2019 4445 2165 4501 sellas
2207 4456 2336 4499 ante
2383 4451 2438 4498 ct
2460 4452 2607 4497 retro
2666 4441 2953 4497 insertum.
3006 4440 3163 4492 Errat
3195 4435 3412 4497 Junius.
3464 4448 3590 4487 cum

2020 4537 2182 4590 verba
2215 4536 2319 4592 ista
2344 4536 2442 4588 καὶ
2473 4535 2554 4598 εἰς
2583 4533 2652 4588 τὰ
2683 4533 2921 4602 τέσσαρα
2955 4531 3096 4601 μέρη
3128 4526 3365 4597 seiungit
3393 4542 3423 4580 a
3461 4539 3591 4595 pro-

416 4620 563 4675 Ibid.
583 4619 830 4693 [Διϐολέα
876 4623 1089 4691 quoties
1139 4629 1389 4676 occurret
1443 4624 1583 4691 apud
1631 4622 1921 4690 Codinum,
1955 4618 2000 4676 D
2032 4627 2174 4683 xime
2204 4627 2656 4682 antecedentibus
2686 4642 2701 4692 ;
2732 4625 2912 4695 itaque
2934 4624 3120 4687 Vertit,
3153 4621 3236 4674 vel
3270 4618 3450 4687 potius
3468 4632 3594 4687 per-

338 4729 449 4767 non
482 4728 590 4766 uno
612 4713 776 4767 modo
813 4713 1070 4783 intellige,
1103 4713 1197 4768 sed
1229 4714 1507 4768 bicolorem
1538 4724 1827 4782 vestem,v.
1862 4732 1915 4788 g.

339 4805 506 4871 cujus
547 4818 676 4871 pars
716 4803 890 4858 media
929 4805 1127 4859 coloris
1161 4806 1345 4872 unius,
1362 4806 1585 4861 alterius
1608 4816 1692 4861 est
1725 4808 1917 4871 altera,

340 4896 563 4962 qualem
592 4896 911 4965 plerumque
936 4898 1376 4952 scabiniurbium
1398 4906 1594 4967 gerunt
1616 4898 1669 4952 in
1691 4897 1916 4968 Galliis;

342 4991 425 5042 vel
456 4987 617 5055 cujus
647 5004 861 5055 pannus
885 4990 1123 5044 exterior
1148 4990 1335 5060 hujus,
1367 4991 1667 5045 subductus
1691 4992 1918 5049 alterius

340 5090 427 5136 est
457 5080 660 5134 coloris
689 5099 705 5145 ;
750 5082 831 5135 vel
852 5096 985 5150 quae
1006 5081 1224 5135 demum
1259 5084 1315 5135 in
1346 5082 1703 5138 versicolores
1727 5087 1917 5139 uenias

340 5184 425 5228 est
458 5182 631 5238 secta,
668 5180 721 5223 et
752 5188 814 5226 ex
840 5174 920 5227 eis
950 5171 1175 5228 fasciola
1209 5182 1263 5228 et
1295 5183 1571 5240 contexta,
1601 5189 1700 5244 pro
1725 5172 1920 5230 Helve-

339 5266 545 5315 tii-rum
586 5274 754 5314 more.
787 5259 981 5331 δοκι]
1870 5260 1890 5280 ⁹

412 5349 557 5404 Ibid.
575 5352 888 5419 Χρώματος
921 5352 1115 5418 ὀξέος,
1138 5353 1190 5408 id
1218 5363 1321 5419 est,
1348 5355 1722 5421 rubentissimi,
1742 5359 1919 5426 inquit

333 5444 538 5497 Junius
569 5460 583 5496 :
627 5444 722 5508 ὀξύ
757 5446 1056 5500 enim‘vim
1101 5445 1415 5501 intendendi
1453 5449 1635 5503 habet.
1691 5452 1832 5504 Hinc
1865 5451 1916 5505 in

334 5536 535 5590 codice
559 5544 643 5590 est
668 5534 966 5600 ovalatta,
1006 5552 1243 5606 purpura
1276 5542 1639 5608 exquisitioris
1673 5542 1915 5599 luminis.

406 5625 579 5696 226
604 5623 774 5697 [Ibid.
806 5625 943 5681 Num
990 5629 1284 5684 caecutiunt
1321 5628 1517 5686 Junius
1550 5640 1605 5687 et
1633 5649 1915 5703 sequaces,

332 5716 432 5783 qui
469 5717 766 5771 discrimen
798 5716 936 5771 inter
963 5719 1175 5774 colores
1204 5737 1403 5790 ponere
1428 5734 1703 5791 nequeant
1722 5727 1743 5779 ?
1762 5728 1917 5783 Alius

330 5816 425 5862 est
459 5808 606 5861 enim
657 5824 963 5878 purpureus
994 5812 1073 5866 vel
1116 5820 1175 5866 ut
1217 5817 1672 5871 commentarium
1727 5820 1919 5874 scribit

336 5899 752 5954 rubentissimus
786 5901 959 5968 color,
995 5903 1136 5959 alius
1164 5902 1447 5960 violaccus.
1480 5906 1559 5962 Ad
1589 5908 1914 5973 baphiorum

2028 4718 2209 4778 vertit,
2232 4717 2299 4771 ad
2326 4726 2555 4788 quatuor
2580 4733 2699 4771 vero
2732 4718 2899 4769 latera
2931 4711 3181 4783 sagulatis
3209 4709 3471 4764 sudatorii
3500 4708 3596 4761 ha-

2026 4808 2148 4862 bens
2184 4808 2343 4862 etiam
2391 4817 2591 4863 textum
2617 4826 2643 4863 e
2675 4807 2980 4876 margaritis
3018 4812 3139 4857 ante
3177 4812 3225 4857 et
3272 4819 3404 4871 pone
3438 4842 3453 4865 ,
3485 4807 3596 4854 etc.

2025 4902 2229 4957 GBETS.

2096 4994 2239 5050 Ibid.
2313 4994 2679 5065 Κοπριτόριον
2738 5008 2842 5047 vox
2891 5006 3037 5046 mere
3070 4990 3283 5053 Latina,
3331 4998 3597 5052 cooperto-

2026 5089 2183 5141 rium.
2224 5086 2428 5141 Plinius
2458 5086 2824 5154 cooperculum
2864 5084 3020 5138 dixit.
3060 5082 3217 5136 Errat
3264 5078 3475 5142 Junius,
3501 5077 3594 5143 qui

2027 5177 2411 5248 κοπριτούριον
2432 5176 2602 5231 edidit
2624 5178 2897 5245 vertitque
2922 5174 3256 5245 postileuam.
3291 5170 3405 5225 Viri
3430 5172 3594 5232 docti,

2026 5270 2204 5339 inquit
2223 5268 2587 5335 Glossarium,
2613 5276 2869 5337 putarunt
2894 5264 3277 5335 κοπριτούριον
3303 5279 3413 5317 esse.
3446 5260 3594 5313 Cra:-

2026 5379 2144 5416 cam
2171 5378 2367 5426 uocem,
2404 5362 2556 5430 παρὰ
2579 5360 2677 5431 τῆς
2715 5361 2923 5429 κόπρου
2953 5359 3047 5411 καὶ
3069 5357 3258 5427 οὐρᾶς,
3286 5354 3375 5407 sed
3407 5352 3596 5406 analo-

2023 5454 2111 5523 gia
2149 5462 2401 5523 repugnat
2434 5466 2451 5504 :
2486 5461 2609 5505 tunc
2647 5454 2785 5506 enim
2821 5438 3178 5521 κοπριούριον
3209 5447 3357 5516 foret.
3406 5443 3598 5511 Itaque

2025 5561 2128 5598 non
2164 5554 2240 5598 est
2266 5544 2402 5614 quod
2434 5544 2811 5614 [imocaudium
2838 5544 3249 5609 interpretentur
3298 5546 3346 5591 et
3377 5535 3594 5606 postile-

2025 5654 2148 5689 nam
2182 5653 2293 5691 esse
2321 5638 2520 5690 dicant.
2558 5636 2681 5689 llzec
2717 5636 2925 5704 spicu‘a
2955 5635 3006 5687 in
3029 5631 3250 5686 Juniqu
3277 5629 3485 5683 directe
3510 5626 3597 5678 di-

2024 5737 2171 5782 recta
2207 5738 2352 5792 sunt,
2412 5742 2441 5781 a
2477 5727 2788 5796 prolessore
2822 5710 3071 5780 Leidensi
3119 5724 3169 5777 iu
3227 5718 3588 5790 professorem

2024 5823 2153 5877 olim
2176 5821 2510 5876 Leidensem.
2537 5819 2737 5876 Gners.

2096 5913 2386 5972 [Meursius
2431 5912 2833 5976 coooertorium,
2864 5917 2915 5963 et
2949 5922 3011 5963 ex
3034 5901 3203 5962 Plinio
3231 5898 3592 5967 coepercalum
