3936 6594
162 485 245 545 253

1203 469 1590 532 GliETSERl
1625 469 1717 527 ET
1755 464 1992 525 GUARI
2036 463 2275 525 NOTAE.

3233 451 3342 512 Ξςιι

150 596 351 662 ὀςκςπῆ.
382 590 469 661 qui
500 590 618 645 sine
650 588 762 644 ullo
792 588 935 660 pileo
970 588 1052 643 vel
1101 588 1297 654 capitis
1359 593 1674 654 tegumeoto

1796 596 1972 650 nuper,
2001 577 2304 649 χαλινάρια.
2342 574 2532 629 Pauca:
2567 580 2695 626 sunt
2728 588 2788 623 cx
2842 569 3131 629 i-umcnso,
3183 580 3346 633 quem

147 689 187 739 in
234 684 413 752 palatio
466 691 734 736 versatur.
776 681 933 741 Apud
989 676 1278 733 nonnulf'os
1355 677 1661 730 Germanos

149 782 274 834 Peter
320 777 540 845 (Petrus)
593 784 679 829 est
722 776 1075 838 Petermann;
1129 772 1220 825 ubi
1278 770 1515 839 adiectio
1572 769 1661 822 illa

148 886 272 922 manu
301 866 422 921 nihil
452 866 670 933 penitus
694 865 763 918 ad
796 863 1249 933 significationem
1298 860 1508 929 adjicit,
1532 858 1661 926 quia

149 964 259 1015 idem
287 974 501 1026 prorsus
528 968 611 1011 est
634 956 779 1025 quod
810 954 988 1011 Peter.
1023 953 1187 1008 Forte
1245 964 1425 1005 autem
1480 952 1665 1020 legeuo

148 1054 245 1104 dum
265 1048 585 1102 ἁετοπούλων
614 1049 857 1117 γέμουσι
882 1036 1149 1115 ὲρυϐρῶν.
1180 1044 1379 1098 Gnsrs.

200 1139 311 1193 Ibid.
338 1137 517 1208 [Vocis
548 1137 724 1201 πῶλος
755 1136 1092 1192 adminiculo
1118 1134 1397 1191 nonnullis
1428 1131 1672 1186 diminu-s

149 1230 243 1282 livis
282 1228 568 1282 formandis
645 1237 873 1283 utuntur
926 1228 1198 1291 hodierni,
1264 1227 1316 1279 in
1379 1228 1551 1278 locum
1621 1238 1669 1275 ω

150 1322 393 1375 substitute
423 1336 486 1371 ου
523 1320 881 1389 diphthongo,
911 1330 969 1374 ut
1002 1335 1176 1387 nuper
1200 1318 1271 1372 .in
1292 1331 1422 1371 voce
1452 1330 1669 1383 πτερνι-

152 1412 379 1477 κόλουρον
402 1411 519 1465 vice
582 1410 1046 1479 πτερνιστόλωρον
1096 1408 1535 1462 animadvertere
1586 1403 1668 1479 Tag

153 1502 236 1554 luit.
286 1499 367 1553 Sic
411 1466 820 1579 xopqrdrzoblov
866 1466 1169 1563 Cedrenns,
1229 1466 1668 1567 ὡρολογὸιτουὶοθ

153 1591 440 1645 doctissimus
486 1592 746 1655 Allatius,
804 1589 1232 1660 ἀρχοντόπουλον
1277 1590 1331 1643 in
1383 1586 1669 1656 sequenti-

156 1684 222 1734 bus
248 1680 469 1740 Codinus
500 1682 793 1751 scripsere,
823 1692 879 1734 ut
909 1682 1053 1750 ﬁlios
1091 1681 1317 1743 comitis,
1345 1681 1591 1747 exiguum
1619 1686 1670 1731 et

156 1772 518 1839 compendiosum
576 1773 847 1837 diurnale,
880 1788 1099 1839 puerum
1140 1770 1366 1825 nobilem
1399 1768 1672 1838 exprime-

156 1873 256 1918 rent.

201 1954 310 2007 Ibid.
338 1954 461 2008 Ἐπὶ
488 1953 770 2023 κεφαλῆς
803 1953 887 2007 ἔτι
938 1953 1077 2019 νέος
1112 1954 1219 2008 ὢν.
1282 1952 1418 2008 Vide
1471 1951 1670 2021 capitis
1702 1939 1743 1994 Β

153 2051 377 2117 sequentis
404 2058 597 2104 notam
628 2048 883 2118 primam.
919 2047 1071 2103 Gou
1097 2047 1116 2119 ]

203 2140 337 2211 229
364 2141 501 2197 Ibid.
540 2140 950 2213 Καϐαλλικεύῃ,
977 2156 1079 2194 vox
1125 2154 1156 2193 a
1207 2139 1409 2193 L'ttino
1436 2135 1677 2190 caballus

155 2233 258 2298 ticta,
281 2234 518 2301 frequens
547 2233 604 2287 in
631 2236 731 2288 hoc
760 2247 947 2301 Opere.
985 2231 1211 2286 Additur
1230 2230 1541 2299 explicatio.
1567 2229 1678 2297 ἠως

155 2328 331 2400 ίππὲύῃ,
356 2328 544 2396 quales
568 2327 922 2380 barbararum
944 2324 1245 2379 dictionum
1286 2320 1682 2390 explicationes

153 2423 291 2475 multa
330 2428 629 2476 occurrunt
652 2421 708 2474 in
730 2419 982 2483 Codino;
1024 2425 1081 2470 ut
1107 2416 1267 2484 paulo
1313 2423 1438 2468 ante
1464 2416 1682 2482 κάμπας

151 2516 234 2582 ἠως
268 2514 452 2567 πεδίον.
478 2511 597 2567 Nec
628 2512 746 2565 scio
786 2526 916 2564 num
951 2512 1062 2565 sint
1100 2509 1168 2561 ab
1204 2517 1431 2561 auctore
1460 2522 1529 2561 an
1561 2520 1590 2558 a
1614 2503 1684 2559 li-

152 2606 323 2658 brariis.
364 2606 508 2667 Ἧως
535 2602 869 2658 recentioris
895 2598 1119 2655 Griecia
1150 2598 1409 2654 flosculus
1436 2605 1543 2660 est.
1586 2611 1686 2667 pro

153 2701 189 2764 ἦ.
205 2698 370 2754 Primis
393 2698 579 2753 verbis
600 2696 763 2764 hujus
783 2694 994 2751 numeri
1038 2692 1178 2747 forte
1198 2693 1377 2762 aptior
1415 2690 1685 2759 scriptura

154 2802 259 2843 esset
285 2810 297 2844 :
322 2789 545 2854 Πεζιύει
580 2792 609 2842 ὁ
644 2790 931 2858 δεσπότης,
965 2788 1023 2840 δν
1050 2779 1094 2855 ᾧ
1128 2787 1363 2857 ᾶνςτόπῳ
1394 2783 1687 2856 προστάξει

152 2880 270 2931 τοῦτο
293 2883 319 2932 ὁ
350 2880 626 2947 βασιλεύς.
658 2878 870 2934 Gns‘rs.

202 2968 269 3026 ιι.
287 2971 681 3039 Σκσράνικον.
705 2969 903 3024 Junius
917 2969 1117 3040 pallam
1148 2969 1309 3023 vertit
1332 2970 1414 3024 vel
1435 2970 1614 3023 laxam
1641 2978 1689 3023 et

153 3063 345 3128 ﬂuentem
390 3074 609 3133 togam;
638 3063 866 3132 ejusque
896 3061 1146 3115 vocabuli
1183 3062 1380 3116 natalia
1427 3061 1496 3115 ab
1522 3060 1688 3130 Assy-

156 3152 222 3205 riis
247 3155 440 3221 repetit.
506 3152 626 3222 Ego
656 3166 853 3205 nomen
898 3151 1153 3205 Grascum
1184 3149 1526 3205 retinendum
1558 3165 1689 3203 cen-

154 3257 238 3305 seo,
264 3253 358 3296 tam
388 3243 477 3298 hic
512 3258 682 3311 quam
744 3241 896 3305 alibi,
933 3250 1040 3295 tam
1080 3242 1133 3295 iu
1189 3242 1271 3296 bis
1301 3257 1463 3310 quam
1492 3242 1544 3295 in
1569 3230 1690 3293 aliis

156 3331 193 3383 id
216 3348 360 3400 genus
389 3334 699 3396 vocabulis,
737 3333 959 3402 quando
1008 3333 1217 3387 nullum
1273 3332 1525 3403 Latinum
1558 3348 1689 3402 sup-

155 3430 255 3492 petit
282 3426 410 3493 quod
448 3427 557 3480 vim
620 3426 756 3480 satis
798 3425 1087 3495 exprimat.
1142 3426 1299 3480 FOite
1352 3426 1684 3479 scaranicum

154 3525 260 3569 ista
286 3514 457 3583 Sarra,
482 3518 588 3571 hoc
615 3529 701 3572 est
732 3516 893 3581 Tyro.
931 3514 1207 3584 Sidonius,
1243 3517 1449 3577 vm.6:
1491 3515 1688 3571 Sarra-

156 3605 217 3659 nis
232 3607 353 3661 ebria
375 3608 532 3676 fucis.
564 3606 671 3662 Ubi
698 3606 905 3661 Savaro
930 3625 943 3660 :
972 3608 1252 3675 Sarranis,
1284 3609 1339 3661 id
1368 3618 1451 3661 est
1471 3608 1681 3677 Tyriis:

156 3693 293 3762 Tyrus
332 3700 470 3753 enim
525 3700 705 3753 insula
762 3700 916 3767 prius
948 3698 1115 3754 Sarra
1147 3700 1310 3754 dicta.
1368 3699 1590 3754 Servius
1633 3713 1687 3755 et

157 3786 268 3842 Festi
295 3789 676 3857 Epitomastes.
703 3788 855 3844 Unde
879 3790 1176 3845 Sarranum
1199 3802 1398 3844 ostrina
1434 3790 1680 3860 Virgilio.

158 3881 237 3933 Sed
263 3896 321 3935 ea
348 3883 551 3938 fulmen
584 3898 617 3938 a
651 3881 934 3938 Glossario
962 3884 1210 3938 Uracob.
1243 3886 1396 3950 Apud
1424 3883 1685 3937 Cadmum

157 3972 261 4028 male
302 3991 495 4043 semper
544 3976 880 4046 σκαράνικον
927 3977 1171 4045 legitur:
1229 3977 1444 4029 restitue
1498 3976 1686 4044 ubique

158 4066 523 4134 σκιράμαγκον.
565 4066 1036 4135 Obtemperarem,
1068 4066 1171 4121 nisi
1205 4082 1509 4122 consensus
1550 4083 1684 4123 mss.

157 4154 355 4209 codicum
387 4173 473 4212 me
497 4158 839 4211 retraheret:
878 4171 1001 4209 nam
1037 4171 1210 4224 neque
1253 4156 1448 4212 Junius
1486 4158 1539 4211 in
1570 4158 1688 4212 suis

158 4260 291 4315 neque
317 4263 412 4317 ego
444 4249 498 4302 in
530 4248 812 4303 Bavaricis
840 4258 894 4302 et
919 4245 1290 4301 Lautberiano
1339 4250 1442 4304 hoc
1480 4251 1686 4318 σκαρά-

158 4355 325 4405 μιγκον
352 4342 679 4408 reperimus.
712 4339 952 4408 Uterque
976 4340 1273 4413 Bavaricus
1313 4343 1531 4410 praefert
1568 4344 1688 4411 qui-

155 4430 245 4483 dem
275 4436 575 4499 auspdvtov,
614 4432 755 4487 farili
801 4433 953 4501 lapsu
1004 4433 1216 4489 librarii
1252 4451 1284 4485 κ
1333 4434 1637 4491 omittentis
1668 4444 1712 4489 :‘

156 4520 224 4573 sed
254 4524 367 4590 quid
400 4526 700 4593 σκαράνιον
732 4525 798 4579 ad
830 4525 1269 4594 σκαρὰμαγκονῖ
1297 4525 1503 4583 Gna'rs.

1769 682 1937 727 tumet
1969 685 2275 731 rcCeuscas,
2309 663 2782 734 numer-o.Goaa.j

1841 764 1924 818 Ib.
1952 762 2303 819 Kafé‘ddior.
2335 758 2609 813 Scribitur
2634 757 2797 809 etiam
2827 752 3121 821 xa56d8q;,
3150 747 3357 801 καῦσοι·-

1765 856 1955 919 dimov,
1989 854 2275 907 καόὁάδιν.
2307 852 2504 906 Junius
2559 850 2952 915 interpretatur
2986 844 3220 895 tunicam
3256 839 3353 892 ho-

1769 958 2010 1001 noratam
2045 957 2093 1000 et
2115 961 2327 1013 puram.
2360 943 2464 997 Sed
2492 942 2741 995 Graecum
2784 938 3136 990 retineamus.
3192 932 3357 984 Glos-

1769 1040 1995 1103 sarium,
2024 1055 2086 1092 .v.
2119 1037 2328 1106 κάμόα,
2351 1032 2785 1089 (Ιῑοίικαῦὄάδιον
2817 1042 2940 1082 esse
2969 1024 3357 1078 diminutivum

1777 1147 1804 1184 a
1844 1131 2030 1198 κάμσα
2075 1130 2158 1183 vel
2192 1129 2409 1183 xd66a:
2445 1134 2741 1192 utrumque
2771 1122 2917 1174 enim
2964 1116 3169 1172 Graecis
3198 1127 3361 1166 usur-

1773 1223 1910 1294 pari,
1939 1224 2081 1277 sicut
2122 1222 2458 1291 papmiprov,
2495 1228 2549 1271 et
2572 1214 2915 1285 μαππάριον,
2946 1208 3275 1277 ταμπάριον,
3307 1213 3363 1259 et

1770 1316 2102 1383 ταππάριον.
2130 1312 2290 1366 Forte
2316 1312 2530 1365 tandem
2572 1308 2793 1360 exsistet
2824 1305 2917 1373 qui
2946 1316 2975 1354 a
3001 1297 3244 1354 Cribbade
3274 1308 3362 1347 re-

1775 1423 1838 1475 ge
1874 1406 2164 1461 Persarum
2199 1406 2466 1473 originem
2519 1399 2614 1453 τοῦ
2681 1394 2977 1449 καϐὃαδίου
3031 1400 3200 1461 petat.
3238 1398 3362 1441 cunt

1774 1496 2104 1548 scarauicuin
2136 1495 2448 1547 cabbadium
2484 1501 2536 1545 et
2563 1487 2888 1559 pliaceolium
2929 1484 2997 1565 ab
3026 1480 3270 1550 Assyriis
3298 1477 3363 1530 al

1773 1585 1995 1641 Gnaeos
2021 1587 2294 1648 venerint,
2324 1594 2375 1639 ut
2410 1585 2548 1636 infra
2579 1597 2643 1635 ex
2671 1579 2883 1635 C‘odiuo
2911 1577 3192 1630 discemus
3215 1585 3268 1625 c.
3294 1570 3366 1630 6;

1774 1678 2062 1749 probabile
2093 1688 2177 1734 est
2228 1675 2453 1729 formari
2507 1672 2801 1727 xa€6i6mv
2857 1685 2885 1722 a
2941 1667 3135 1721 Latino
3175 1676 3363 1728 cappa.

1776 1765 1921 1821 Infra
1954 1765 2084 1835 quid
2110 1766 2182 1821 sit
2207 1764 2502 1818 xa66i5mv
2536 1762 2849 1831 explicatur
2878 1756 3066 1811 addita
3098 1753 3201 1805 hac
3239 1764 3355 1801 exe-
3439 1750 3456 1762 '

1777 1859 1889 1927 gesi
1911 1858 2206 1913 καδϐἀδιον
2224 1860 2337 1927 ἠως
2361 1860 2418 1909 τὸ
2442 1858 2625 1908 ἐπάνω
2648 1853 2765 1905 ἐνδυ
2777 1869 2849 1919 μα
2881 1851 3124 1902 πάντων.
3155 1842 3370 1896 Csars.

1857 1950 2146 2023 [Occurret
2172 1964 2565 2016 nonnumquam
2593 1962 2704 2000 uno
2730 1946 2757 2014 β
2784 1934 3369 2001 ιιιίιιιιιυηι,κα6ἁδιον.

1780 2043 1862 2097 vel
1895 2044 2329 2097 ctiamestrema
2378 2040 2582 2110 syllaba
2647 2053 2747 2106 pro
2779 2039 3044 2099 corrupto
3106 2025 3369 2103 loquendi

1784 2152 1887 2188 usu
1921 2144 2260 2196 truncatum,
2288 2132 2505 2186 καὸἀδι.
2535 2128 2676 2197 Quid
2711 2129 2782 2183 sit
2814 2123 3037 2194 exponit
3068 2119 3286 2174 Portius
3312 2118 3367 2168 iu

1782 2227 1983 2282 Lexico
2010 2244 2025 2280 :
2051 2226 2248 2280 καὸάδι
2270 2224 2526 2294 τήϐεννα,
2557 2222 2836 2289 τήδεννος,
2866 2217 3053 2280 σάγος.
3086 2210 3369 2279 Duplicem

1784 2318 1836 2371 in
1875 2318 2129 2371 l'amiliari
2160 2331 2413 2371 sermone
2437 2313 2724 2368 observavi
2752 2312 3017 2369 tunicam,
3045 2305 3367 2359 interiorem

1783 2427 1834 2469 et
1862 2424 2165 2469 externam.
2197 2410 2360 2481 230
2382 2408 2473 2460 illa
2503 2407 2719 2461 brevior
2755 2412 2839 2455 est
2885 2409 2939 2453 et
2967 2412 3124 2453 suras
3156 2394 3367 2453 lambit,

1792 2505 2003 2560 sinibus
2034 2510 2185 2556 caret
2227 2510 2281 2554 et
2309 2500 2492 2565 plicis,
2524 2496 2697 2567 globis
2746 2510 2842 2547 sua
2879 2491 3024 2545 mole
3057 2485 3374 2553 conspiruis

1786 2598 2076 2665 colligatur
2107 2594 2173 2647 ad
2214 2594 2384 2646 imum
2424 2604 2598 2658 usque
2636 2596 2851 2657 pectus,
2904 2597 3103 2651 corpus
3171 2577 3379 2633 astrin-

1788 2691 1885 2758 git,
1926 2698 1977 2741 et
2007 2700 2142 2739 zona
2196 2682 2571 2754 Przeeingitur,
2623 2680 2726 2734 sub
2764 2692 2871 2746 qua
2917 2688 3141 2727 crurum
3195 2676 3376 2723 mutes

1790 2781 1987 2835 limbos
2010 2779 2122 2832 oris
2152 2775 2507 2831 interioribus
2548 2780 2766 2827 assutos
2796 2780 2849 2823 et
2878 2766 3179 2823 subductus
3204 2761 3380 2814 maui-

1791 2875 1969 2928 feslat.
2005 2870 2129 2924 Haec
2158 2868 2317 2940 (quze
2343 2867 2671 2936 σκαράνικον
2714 2864 2835 2925 est)
2884 2860 3098 2927 longior
3129 2855 3195 2909 ad
3241 2852 3379 2906 talos

1791 2966 1996 3025 deﬂuit.
2034 2972 2223 3032 aperta
2276 2961 2483 3030 geritur
2527 2967 2580 3011 et
2638 2956 2857 3024 cingulo
2906 2952 3101 3009 libera.
3153 2948 3379 3001 sinuosa

1793 3074 1902 3113 non
1930 3065 2035 3122 est,
2066 3058 2245 3126 priore
2276 3052 2672 3121 licetamplior;
2710 3049 2854 3103 unde
2880 3056 2935 3101 et
2975 3044 3263 3100 latioribus
3295 3056 3383 3093 rc-

1794 3153 2004 3219 ctisque
2038 3148 2291 3213 manicis,
2325 3147 2370 3200 si
2401 3145 2761 3215 expendatur,
2806 3142 2990 3194 cruris
3022 3139 3250 3191 formam
3283 3150 3382 3186 cs-

1719 3271 1761 3328 ο
1797 3246 1982 3299 bibet:
2014 3259 2122 3311 qua
2149 3243 2219 3296 de
2254 3255 2416 3295 causa
2453 3236 2802 3292 sacerdotum
2838 3232 3100 3295 tunicam,
3152 3245 3247 3281 seu
3292 3240 3382 3279 se-

1796 3339 2064 3395 natoriam
2116 3345 2173 3390 ct
2225 3349 2512 3404 procerum
2562 3329 2867 3400 propriam,
2928 3325 3108 3379 laudat
3159 3322 3380 3374 Simeou

1792 3426 2196 3484 Thessalonica:
2227 3424 2516 3492 episc0pus
2542 3418 2635 3473 lib.
2666 3418 2739 3470 De
2760 3415 3006 3469 Sacram.
3029 3431 3041 3464 :
3062 3408 3305 3476 Σταυροῦ
3326 3407 3383 3459 δὲ

1790 3522 1961 3575 τύπον
1980 3521 2163 3587 ἐπέχει
2186 3516 2262 3585 τῷ
2287 3516 2451 3584 μήκει
2475 3512 2568 3566 καὶ
2588 3513 2697 3564 rei:
2729 3507 3024 3578 μανικίοιε.
3085 3502 3267 3555 Ταῦτα
3292 3498 3385 3551 οὖν

1739 3612 1743 3616 ’
1791 3615 1857 3665 τὰ
1892 3612 2082 3679 ἱμάτια
2116 3608 2267 3665 κοινὰ
2300 3608 2452 3669 πᾶσι,
2497 3606 2611 3667 ita",
2648 3602 2722 3664 ὡς
2759 3599 2947 3668 φασιν,
2981 3601 3043 3648 ὲκ
3095 3590 3383 3665 βασιλικῆς

1789 3706 2019 3775 δωρεᾶς,
2053 3705 2132 3765 si;
2161 3701 2329 3770 τιμὴν
2364 3697 2691 3767 ἱερωσύνης,
2747 3696 2829 3747 ὅτι
2878 3692 2973 3745 καὶ
3022 3683 3383 3756 συγκλητικοὶ

1789 3798 1961 3851 milia
1991 3795 2285 3848 ἐνδύονται.
2321 3791 2554 3843 Primam
2589 3804 2708 3856 quae
2757 3787 2959 3840 milites
2992 3782 3148 3837 decet
3199 3776 3386 3832 laudat

1792 3889 2015 3943 Tzctzes
2043 3884 2279 3938 llhiliad.
2316 3883 2386 3934 Ξῖ
2421 3881 2592 3947 Ἕσθη
2608 3897 2682 3946 μοι
2718 3878 2988 3932 ἐνυάλιον,
3034 3868 3389 3940 στρατιωτῶν

1791 3974 2199 4048 τὸεῖμα,⁶’οπερ
2228 3971 2703 4043 καὸθάδηςλέγεται
2731 3968 2837 4021 ἀπὸ
2859 3966 3109 4019 Καόάδου
3142 3962 3384 4029 Πέρσου.

1792 4074 1995 4128 Verum
2027 4071 2082 4125 in
2124 4070 2385 4123 cabadem
2416 4066 2559 4119 hunc
2582 4063 2893 4116 Romanum
2936 4070 3126 4123 sagum
3153 4053 3385 4119 degene-

1792 4182 1944 4221 rasse
1972 4150 2222 4219 autumo.
2256 4161 2336 4214 Ab
2370 4157 2609 4228 Assyriis
2641 4154 2705 4208 ad
2754 4152 2964 4206 curiam
3026 4146 3137 4200 CP.
3174 4143 3389 4196 transi-

1793 4260 1900 4312 isse
1939 4255 2141 4310 scribet
2177 4260 2366 4307 auctor
2406 4248 2636 4302 inferius
2671 4260 2721 4298 ρ.
2760 4243 2792 4296 6
2845 4243 2911 4295 ad
2958 4238 3198 4300 calcem;
3239 4232 3382 4300 quod

1791 4349 1859 4403 de
1897 4356 2144 4412 externo,
2181 4360 2279 4399 ceu
2315 4358 2344 4396 a
2376 4339 2640 4394 Romanis
2684 4336 2877 4391 usibus
2918 4331 3119 4393 alieno,
3176 4326 3380 4380 dictum

1792 4441 1988 4494 lubens
2019 4436 2362 4506 amplector:
2400 4449 2429 4485 a
2468 4447 2636 4499 cappa
2675 4442 2804 4479 vero
2834 4424 3000 4494 (quod
3034 4420 3124 4474 alii
3156 4416 3391 4472 commi-

1792 4528 2125 4595 niscuntur),
2163 4528 2392 4581 barbara
2436 4524 2755 4577 Latinorum
2791 4532 2926 4571 voce
2973 4518 3374 4580 nuncupatum,

230 4618 606 4683 Σκαμάνικον-
645 4619 779 4669 Cum
816 4619 884 4670 de
935 4617 1028 4670 illo
1070 4617 1409 4687 frequentior
1441 4629 1695 4675 occurret
1726 4623 1768 4677 D
1798 4642 1827 4680 a
1856 4625 2029 4679 forma
2063 4620 2334 4691 siquidem
2364 4618 2643 4679 abhorret,
2668 4628 2737 4667 ne
2770 4612 2941 4665 risum
2994 4614 3225 4664 moveat,
3250 4601 3388 4654 ‘nul-

156 4721 314 4769 sermo.
353 4709 703 4763 commodius
734 4711 876 4763 infra
922 4700 1313 4765 declarabitur.
1365 4710 1509 4771 Vide,
1548 4713 1692 4769 iniec

156 4798 229 4851 rim
257 4813 490 4866 quartam
543 4802 617 4855 ab
672 4802 771 4854 hac
801 4810 1007 4862 notam.
1035 4805 1123 4856 cui
1157 4803 1346 4857 titulus
1379 4804 1692 4861 καϐὅὰδιον.

206 4888 317 4943 Ibid.
346 4890 808 4963 [Χρυσοχούιόν.
828 4893 1063 4948 Sensum
1092 4896 1343 4963 percipe:
1366 4911 1465 4949 nec
1499 4897 1693 4952 illitum

158 4987 298 5045 modo,
337 4987 433 5041 sed
472 4996 531 5042 et
570 5000 708 5041 auro
736 4985 910 5041 solido
938 4987 1189 5041 conflatis
1217 4987 1515 5043 monilibus
1545 5003 1698 5043 asse-

156 5089 219 5128 res
243 5081 625 5135 circumfusum
652 5090 706 5134 et
729 5081 1053 5137 distinctum
1073 5081 1315 5147 despotic
1339 5084 1693 5150 cxcpdwxov:

156 5165 331 5236 ὶιθάρια
363 5188 618 5239 namque,
655 5174 750 5241 qui
782 5190 890 5227 non
925 5174 1178 5238 uniones,
1219 5175 1315 5228 sed
1348 5176 1516 5243 lapilli
1568 5183 1695 5229 sunt

156 5262 359 5328 pretiosi,
382 5265 607 5319 nonnisi
628 5280 795 5333 opere
817 5267 989 5321 solide
1010 5277 1291 5331 concreto,
1317 5270 1475 5332 cujus
1499 5246 1697 5336 ᾖρυσο-

155 5357 248 5418 X“;
288 5366 368 5434 est
439 5366 658 5422 auctor,
714 5358 917 5412 includi
968 5370 1196 5428 possunt
1232 5368 1285 5413 et
1332 5360 1584 5425 detineri,
1631 5374 1697 5413 ac

154 5444 333 5502 demum
358 5459 606 5504 externae
658 5450 821 5512 vesti,
855 5451 1034 5518 qualis
1068 5451 1401 5521 σκαράνικον
1449 5462 1555 5512 est.
1602 5469 1697 5523 per

157 5541 273 5589 varia
303 5543 468 5608 spatia
496 5541 742 5611 respergi
766 5554 822 5596 et
852 5543 1066 5597 consui.
1099 5541 1570 5614 Santlionysiacus
1598 5559 1696 5598 co-

160 5624 239 5679 dex
266 5632 549 5696 palmarem
588 5632 812 5689 limbum
842 5634 1073 5702 gemmis
1103 5644 1159 5688 et
1190 5633 1412 5703 lapillis,
1441 5650 1500 5688 ut
1532 5650 1696 5705 appa-

162 5725 239 5779 ret,
258 5724 448 5777 rarium
477 5724 598 5792 ejus
626 5724 762 5778 vesti
788 5725 1057 5794 appingit.

213 5806 327 5865 ibid.
361 5814 649 5885 [Λιθάρια.
678 5814 815 5869 Vide
858 5818 1253 5882 degenerantes
1296 5817 1352 5873 in
1386 5818 1693 5875 barbariem

158 5912 289 5957 Voces
320 5905 433 5973 has,
487 5907 725 5978 λιθάρη,
786 5909 1221 5979 μαργαριτάρια,
1257 5921 1332 5975 et,
1377 5911 1443 5967 dc
1492 5914 1694 5984 quibus

1795 4719 1883 4771 ius
1915 4716 2164 4769 afﬁrmet.
2190 4708 2389 4781 Coae]

1867 4808 2176 4862 Καϐὅάδιον
2209 4805 2453 4873 ἀεεροιειθ
2480 4809 2563 4855 est
2591 4798 2706 4861 ὀξύ.
2741 4796 2808 4851 Ut
2831 4793 3104 4860 intelligas
3134 4786 3265 4858 quid
3314 4785 3389 4839 sit

1798 4900 1949 4954 color
1981 4898 2127 4962 ὀξὺς,
2157 4897 2280 4949 audi
2314 4894 2443 4963 quid
2473 4889 2831 4946 Casaubonus
2861 4900 2925 4939 ex
2962 4881 3219 4935 Turnebo
3253 4876 3389 4931 scri-

1798 4990 1888 5044 bat
1928 4990 1994 5043 ad
2046 4989 2177 5043 illud
2239 4984 2490 5040 Trebellii
2547 4978 2861 5036 Pollionis:
2896 4970 3217 5041 Chlamydes
3270 4968 3381 5020 veri

1798 5083 2009 5137 luminis
2044 5082 2296 5134 (imbutas
2333 5079 2489 5132 duas.
2526 5076 2732 5130 Lumen
2762 5087 2871 5125 non
2906 5078 2993 5125 est
3037 5063 3241 5120 coloris
3292 5077 3391 5115 no-

1799 5193 1946 5239 men,
1975 5176 2067 5229 sed
2094 5174 2344 5235 affectus,
2381 5173 2472 5238 qui
2501 5168 2751 5238 sequitur
2781 5165 2997 5219 colores
3030 5158 3387 5213 intensiores.

1799 5266 2108 5334 Purpuram
2142 5264 2254 5317 veri
2288 5262 2513 5315 lmuinis
2535 5259 2767 5329 appellat
2802 5256 3007 5309 clarum
3033 5244 3390 5320 Lampridius

1799 5359 1854 5412 in
1892 5350 2249 5423 Diad’umcuo,
2288 5356 2340 5407 in
2396 5353 2708 5407 Alexandro
2763 5349 2971 5403 Severo
3000 5345 3382 5399 clarissimam.

1800 5448 2071 5518 Vopiscus
2134 5450 2188 5501 in
2229 5447 2434 5501 Cariuo
2471 5446 2654 5499 lumen
2712 5456 2970 5511 purpura:
3001 5435 3237 5507 eleganti
3271 5448 3389 5487 ver-

1800 5546 1867 5595 bo
1902 5541 2193 5610 expressit,
2234 5544 2356 5592 cum
2412 5538 2579 5591 lineas
2621 5536 2874 5588 micantes
2925 5546 3165 5599 purpura
3218 5527 3381 5580 dixit.

1798 5632 1972 5687 Graeci
2009 5633 2102 5702 qui
2146 5633 2340 5703 purius
2373 5618 2534 5684 locuti
2560 5636 2708 5690 sunt,
2764 5625 2876 5677 veri
2920 5620 3143 5675 luminis
3171 5618 3388 5673 colores

1802 5728 1988 5781 dicunt
2024 5726 2185 5790 ὀξεῖς,
2213 5724 2489 5794 posterior
2526 5729 2660 5775 artas
2710 5715 3022 5787 ἀληθινούς,
3059 5710 3203 5766 unde
3239 5709 3386 5761 obti-

1800 5819 1918 5872 nuit
1950 5828 2009 5871 ut
2042 5817 2269 5885 ἀληθινὰ
2296 5814 2707 5885 appellarentur
2732 5810 2915 5863 omnia
2951 5816 3226 5874 purpurea
3256 5814 3382 5868 pro-

1801 5922 1918 5983 ptcr
1951 5914 2320 5982 pra‘slautiam
2354 5910 2499 5965 sacri
2533 5906 2780 5962 muricis.
2812 5902 2966 5972 Apud
2997 5899 3373 5953 Balsamoncm
