3936 6618
536 447 647 510 255

1648 461 1729 520 IN
1773 462 2080 523 LIBRUM
2112 464 2211 525 DE
2248 466 2577 531 OFFlCllS
2614 470 2722 531 (ΣΡ.

3666 477 3775 539 “256

532 566 585 617 in
615 564 934 660 Photianum
972 566 1409 624 Nomocauonem
1447 572 1612 628 habes
1646 575 1871 644 ἀληθινὰ
1904 576 2101 643 ὐπςδή-
2128 580 2171 636 Α
2206 568 2396 651 paveo;
2424 584 2596 648 color,
2637 585 2733 641 sed
2766 586 2999 654 medius,
3054 587 3151 658 qui
3184 588 3481 645 subvirldis
3509 600 3565 646 et
3624 608 3776 660 pom

535 674 699 725 ματα,
733 657 1086 712 calceamenta
1109 676 1373 729 purpurea
1403 675 1452 717 et
1491 668 1597 719 veri
1626 666 1860 725 luminis.
1887 667 1953 720 de
1974 668 2099 736 qui-

531 746 632 798 bus
663 744 825 798 etiam
859 744 1125 817 Corippus
1159 750 1304 805 laud.
1339 751 1530 806 Justini
1570 771 1631 814 ll.
1665 755 1786 810 104.
1823 755 2029 811 Gaz'rs.

2208 672 2341 726 folio
2374 674 2592 739 similis,
2627 676 2883 745 prasinus
2906 684 2964 733 et
2993 677 3240 748 glaucus,
3266 689 3378 733 ver:
3409 681 3475 734 de
3522 696 3659 733 mer.
3701 680 3776 732 Ita

2208 779 2292 817 me
2327 781 2461 819 usus
2486 775 2540 820 et
2564 774 2686 821 cum
2711 768 3007 837 baphiariis
3032 769 3234 825 Graecis
3267 770 3602 840 colloquium
3631 771 3772 825 edo-

596 834 659 889 P.
691 838 775 891 14.
798 836 1022 909 [lterum
1048 840 1184 896 falso
1205 845 1542 900 reriluminis
1571 848 2101 916 sivesplendidissimi
2207 853 2339 908 cuit.
2374 853 2512 911 Hinc
2540 860 2665 928 quia
2707 858 2759 912 in
2780 834 3088 929 utrumque
3114 860 3372 926 declinat,
3407 834 3599 916 scribit
3655 876 3776 915 uno

529 930 737 985 ruboris
772 933 895 989 fuco
947 936 1117 991 dictio
1145 939 1271 1004 ὀξύς
1310 942 1570 997 inficitur.
1618 943 1767 1000 Itane
1792 962 1935 1001 unus
1958 946 2100 1001 dua-

525 1036 647 1075 rum
684 1022 1010 1093 dictionum,
1051 1033 1249 1101 quasi]
1308 1035 1573 1102 particula
1628 1037 1957 1106 disiunctiva
2012 1039 2099 1094 di-

525 1114 831 1179 scriminat,
873 1118 1147 1188 colligitur
1174 1125 1413 1178 sensus?
1440 1118 1533 1195 qui
1585 1129 1918 1197 pertinacius
1950 1146 2098 1185 asse-

527 1209 724 1272 ruerit,
767 1209 977 1264 colores
1012 1212 1159 1281 ipsos
1215 1216 1491 1285 inspiciat.
1530 1220 1586 1273 In
1635 1238 1736 1275 ms.
1773 1222 1974 1277 Tiliani
2029 1223 2098 1276 li-

526 1298 673 1352 mine
711 1300 1065 1369 imperatoris
1120 1306 1319 1377 elligies
1366 1311 1589 1365 rubrum
1638 1323 1877 1367 ostentat
1930 1316 2099 1369 vesti-

528 1402 791 1455 mentum,
853 1394 905 1448 in
940 1396 1370 1470 Sandionysiaco
1422 1404 1740 1459 violaeeum.
1797 1406 2098 1476 Utrobique

2202 946 2323 1002 loco
2348 948 2535 1004 Simon
2590 949 2845 1006 Portius:
2880 950 3110 1009 Glaucus
3155 952 3442 1021 πράσινος.
3504 951 3777 1020 γλαυκός,

2203 1038 2257 1091 in
2285 1038 2392 1093 alio
2420 1040 2675 1110 γερανιδς
2709 1040 2986 1111 (corrupta
3023 1043 3396 1111 pronuntiatio
3448 1052 3554 1106 est,
3598 1041 3781 1109 ὴεράο

2200 1147 2320 1195 νιος
2347 1132 2487 1200 vice)
2523 1134 2772 1198 κυάνεος,
2808 1134 3077 1201 γλαυκὸςε
3109 1135 3318 1200 casias,
3349 1150 3599 1203 cyaneus,
3620 1149 3783 1188 vene-

2205 1235 2288 1279 tus
2316 1224 2480 1279 color.
2515 1226 2591 1281 De
2623 1227 2824 1298 glauco
2849 1236 2902 1282 et
2931 1228 3094 1283 caesio
3118 1229 3305 1283 colore
3336 1227 3473 1281 ulvae
3503 1210 3779 1295 sal‘icique

2200 1317 2461 1385 persimili
2520 1317 2791 1373 Antonius
2847 1319 3135 1390 Tbylesius
3191 1318 3395 1373 Lazaro
3450 1318 3617 1373 Baiﬁo
3680 1318 3778 1371 ad-

2196 1406 2415 1507 jgnctus
2442 1425 2456 1473 ;
2487 1407 2556 1477 de
2597 1418 2813 1472 veneto,
2870 1424 3030 1478 quem
3084 1409 3377 1478 Hispanice
3410 1407 3561 1461 corde
3591 1407 3663 1460 de
3726 1407 3781 1461 la

523 1482 767 1550 ejusdem
823 1495 904 1541 est
965 1489 1245 1559 principis,
1279 1491 1543 1549 Manuelis
1582 1496 1879 1552 nimirum:
1924 1500 2111 1555 viola--
2200 1482 2318 1550 δῖαν
2354 1499 2594 1567 exponit,
2622 1499 2931 1566 Calepinus.

436 1656 443 1661 ‘
526 1588 684 1628 ccum
719 1576 901 1645 itaque
929 1581 1071 1635 sicut
1101 1594 1155 1637 et
1186 1600 1519 1654 purpureum
1548 1589 1653 1644 sibi
1686 1590 2100 1660 assumitimpe-

526 1676 697 1722 rator.
756 1671 836 1722 [At
862 1664 1120 1741 despotm',
1156 1679 1220 1730 de
1257 1693 1366 1747 quo
1420 1696 1624 1745 sermo,
1656 1691 1710 1737 et
1746 1682 2097 1753 imperatoris

523 1762 831 1818 communis
866 1774 951 1820 est
1004 1767 1225 1823 cabadis
1271 1780 1517 1835 ornatus,
1564 1774 1624 1827 τὸ
1678 1773 1871 1844 ροὖχον
1929 1775 2095 1829 αὑτοῦ

2270 1588 2354 1644 Ib.
2392 1562 2677 1660 [lignum
2728 1562 3305 1660 αεόαστοκράτοράς.
3365 1588 3439 1645 De
3475 1604 3585 1659 quo
3658 1590 3779 1660 ipse

2196 1682 2631 1750 Cantacuzenus,
2661 1698 2736 1749 Iv,
2765 1685 2821 1740 5.

2270 1772 2353 1827 Ib.
2383 1774 2676 1847 [Ἔχοντα
2703 1775 2916 1841 ἀετοὺς
2944 1773 3413 1842 συρματεΐνους.
3431 1772 3618 1828 Talem
3668 1772 3771 1826 de-

519 1851 710 1924 ὥσπερ
740 1857 833 1909 καὶ
865 1858 922 1911 τὸ
950 1859 1263 1929 βατιλικόνε
1314 1864 1387 1918 ita
1421 1881 1596 1935 nuper
1626 1876 1836 1921 auctor.
1865 1865 2092 1924 Joannis

2213 1867 2370 1937 )ingit
2429 1867 2719 1936 Gregoras,
2750 1883 2825 1931 Iv,
2856 1868 2904 1928 l,
2941 1868 3007 1921 in
3030 1865 3188 1934 cujus
3244 1866 3462 1929 κυανοῖς
3524 1864 3779 1929 πεδίλοις

519 1948 737 2019 co'legze
758 1960 952 2019 praeter
973 1953 1085 2009 inec
1111 1954 1332 2025 elligies,
1363 1958 1502 2013 sicut
1527 1969 1581 2012 et
1604 1970 1827 2028 paterna
1867 1959 2086 2016 Manne-

518 2037 586 2093 lis
619 2039 995 2109 imperatoris.
1023 2045 1109 2099 cui
1143 2055 1303 2111 astat,
1344 2049 1642 2104 violaceam
1666 2060 1869 2105 vestem
1899 2060 2090 2108 osten-

520 2140 594 2182 tat
625 2131 677 2183 in
701 2130 916 2186 laudato
949 2133 1007 2189 S.
1047 2135 1285 2206 Dionysii
1321 2153 1424 2192 ms.
1447 2138 1590 2207 Ergo
1619 2140 1855 2209 despota:
1879 2140 2090 2193 καϐϐά-

516 2221 627 2274 διον
656 2221 748 2286 ὀξὺ
783 2224 1061 2296 ἢὲρυθρῦν
1088 2245 1099 2281 ;
1133 2228 1395 2295 Cabodes,
1427 2229 1673 2299 inquam,
1706 2231 1971 2286 violaceus
1995 2243 2089 2285 aut

517 2327 691 2381 ραν-ρει
700 2329 838 2368 reus.
1667 2326 1675 2334 ’

585 2404 668 2460 Ib.
705 2404 845 2472 [Τοῦ
898 2410 1196 2479 Καίσαρος
1227 2412 1326 2482 ἐπὶ
1372 2412 1490 2466 τῶν
1550 2414 1769 2481 ἑορτῶν
1816 2413 2087 2483 ζητεῖται.

517 2495 808 2567 Ri-peritur
845 2501 934 2556 ille
965 2503 1199 2559 Cassaris
1261 2505 1475 2562 habitus
1527 2522 1556 2556 a
1601 2506 1773 2561 Barda
1831 2508 1885 2561 in
1920 2509 2091 2577 publi-

514 2606 581 2643 co
636 2593 980 2663 solemnique
1030 2611 1289 2665 processu
1330 2598 1399 2652 ad
1464 2599 1751 2654 ecclesiam
1809 2599 1898 2653 die
1950 2599 2089 2654 festo

516 2693 761 2747 gestatus
788 2687 929 2755 apud
978 2686 1214 2742 Leonem
1250 2689 1683 2766 Grammaticum
1718 2692 1771 2746 in
1826 2692 2091 2747 Michaele

517 2772 806 2845 Theophili
838 2778 925 2834 F.:
951 2780 1125 2851 Βάρδα
1154 2781 1208 2833 δὲ
1245 2782 1338 2835 τοῦ
1392 2784 1669 2853 Καίσαρος
1699 2784 1757 2838 ὲν
1807 2787 1873 2854 τῇ
1927 2802 2089 2854 «poe-

514 2868 696 2922 λεύσει
730 2869 1077 2941 διερχομένου
1110 2873 1251 2942 μετὰ
1315 2875 1733 2945 σκαραμαγγίου
1764 2875 1934 2940 ὀξέος.
1995 2876 2091 2931 Est

526 2975 655 3015 \ero
688 2964 1104 3033 σκαραμάγγιον
1124 2965 1309 3019 tunica
1342 2965 1558 3021 Persica
1582 2981 1718 3022 auro
1747 2966 1966 3029 intexta,
1996 2981 2088 3022 ea-

515 3054 636 3106 dem
672 3069 796 3109 cum
836 3060 1142 3119 scaranico,
1176 3058 1238 3111 de
1271 3073 1381 3127 quo
1423 3058 1653 3114 inferius
1691 3068 1904 3115 auctor.
1936 3058 2088 3129 Sug-

516 3148 654 3214 gerit
709 3156 992 3216 propterea
1024 3149 1222 3203 (Σεδετί
1263 3150 1438 3213 eidem
1489 3150 1806 3206 Philotheus
1841 3152 2086 3207 amicus:

2199 1958 2294 2011 καὶ
2314 1960 2638 2027 χρυσοῦςρεῖς
2661 1959 3018 2029 ἐνηρμόζοντο
3039 1958 3205 2013 ἀετοί.
3486 2002 3493 2009 .

2267 2048 2349 2103 Ib.
2380 2046 2508 2120 [Εἰς
2542 2050 2689 2118 ἀέρα
2709 2051 3017 2105 κόκκινον.
3036 2049 3114 2104 lta
3147 2057 3205 2103 ut
3235 2049 3288 2103 in
3314 2049 3475 2118 plano
3505 2062 3604 2104 seu
3638 2061 3777 2102 scu-

2198 2140 2313 2195 tulo
2344 2141 2513 2195 rubeo
2543 2156 2721 2196 aureae
2743 2141 2970 2210 depicta:
3003 2139 3180 2194 forent
3214 2140 3432 2209 aquilae,
3463 2155 3585 2208 quae
3615 2138 3779 2193 dein-

2195 2244 2326 2299 ceps
2353 2230 2557 2299 glaucis
2602 2229 2799 2284 calceis
2858 2239 3253 2294 assuerentur;
3318 2239 3372 2283 et
3425 2228 3594 2283 dictio
3654 2228 3774 2297 ἀήρ

2130 2386 2131 2389 η
2197 2322 2341 2377 idem
2367 2322 2457 2376 hic
2486 2321 2689 2376 indicet
2711 2320 2854 2391 quod
2891 2323 2944 2374 in
2968 2320 3350 2389 superioribus
3377 2321 3601 2389 κάμπος
3656 2321 3777 2389 ἠως

2196 2414 2407 2475 πεδίον,
2438 2412 2600 2478 panni
2632 2411 3058 2466 versicoloribus
3090 2409 3279 2478 figuris
3307 2409 3546 2478 insigniti
3586 2409 3780 2477 plani-

2198 2505 2315 2568 ties,
2348 2504 2395 2557 le
2427 2504 2553 2573 [and
2599 2503 2755 2556 d’une
2807 2502 3042 2556 broderie
3084 2517 3153 2554 ou
3181 2500 3338 2555 d'uue
3387 2499 3567 2567 esto/fe
3595 2500 3631 2553 ὰ
3680 2515 3775 2552 ra-

2196 2584 2367 2664 n'mge,
2400 2572 2434 2650 ad
2464 2572 2628 2664 ﬁgura
2662 2595 2713 2648 in
2752 2593 3024 2647 umbonem
3080 2591 3353 2645 desinente
3402 2590 3623 2659 penitus
3685 2589 3774 2643 di-

2197 2688 2413 2743 stiucta.
2436 2684 2633 2757 Ceam]
3010 2736 3019 2747 ,

2268 2778 2351 2835 Ib.
2379 2778 2575 2833 Junius
2603 2778 2798 2842 κῶνος,
2844 2790 2944 2845 ego
2993 2775 3197 2844 ὁμοίως
3255 2789 3321 2828 ex
3380 2771 3597 2826 duobus
3657 2769 3768 2825 Ba-

2199 2874 2393 2929 varicis
2418 2873 2700 2927 codicibus
2726 2888 2740 2928 :
2777 2886 2897 2940 qua:
2927 2870 3195 2938 scriptura
3222 2882 3475 2938 germana
3506 2872 3618 2920 est.

2269 2964 2353 3020 Ib.
2390 2964 2736 3034 Χαρτάριον,
2814 2961 3065 3031 χαρτίον
3110 2960 3375 3015 scutulam
3415 2958 3769 3028 quadratum.

2196 3058 2390 3114 Junius
2418 3059 2573 3112 vertit
2608 3056 2927 3127 quadrarias
2955 3065 3199 3114 tesseras,
3232 3054 3414 3121 aitque
3440 3062 3769 3120 corruptum

2196 3166 2259 3205 ex
2295 3151 2477 3204 Italico
2508 3161 2559 3204 et
2585 3149 2794 3203 Gallico
2824 3148 3098 3214 quartiers.
3137 3146 3338 3199 (ἴητε.

368 3258 403 3295 κ,
515 3238 736 3308 Αὔριον.
772 3235 816 3292 ὦ
861 3241 1119 3304 δέσποτα,
1173 3241 1468 3312 περιϐαλοῦ
1509 3242 1601 3296 τὸν
1657 3242 2092 3314 χρυσοπιρσικόν

2273 3241 2584 3313 [Χαρτάρια
2630 3238 2836 3294 scutula
2866 3252 3023 3306 posse
3076 3235 3184 3290 dici
3244 3234 3434 3303 probo,
3498 3232 3774 3301 quadrata

516 3344 612 3379 σου
642 3328 980 3398 χιτωνίσκον,
1012 3331 1104 3383 καὶ
1136 3330 1331 3401 δφθητι
1372 3333 1484 3394 τοῖς
1532 3332 1749 3401 ἐχθροῖς
1782 3350 1915 3387 σου.
1957 3331 2090 3385 Ἀπὸ

2217 3335 2391 3404 ngiter
2452 3334 2673 3386 inﬁtior.
2712 3331 3016 3400 Χαρτάριον
3069 3328 3214 3382 enim
3267 3328 3477 3381 brattea
3517 3334 3628 3388 est,
3693 3326 3775 3377 ta-

515 3419 809 3488 προσώπου
843 3438 934 3474 σου
968 3422 1275 3491 φεύξονται.
1311 3422 1417 3477 Τοῦ
1451 3423 1604 3494 ἡλίου
1636 3424 1690 3477 δὲ
1714 3424 2093 3488 ἀνατείλαντος

516 3506 668 3581 ἵππῳ
695 3512 887 3574 ἐπιϐὰς
922 3512 1255 3581 παρεγένετο
1286 3512 1421 3582 πρὸς
1443 3512 1540 3583 τὴν
1568 3513 1768 3585 κόρτην
1796 3513 1889 3568 τοῦ
1941 3513 2095 3585 βασι-

515 3602 653 3662 λέως
672 3602 811 3670 μετὰ
834 3602 1024 3672 στολῆς
1041 3602 1322 3674 λαμπρᾶς.
1363 3604 1561 3659 Vocem
1597 3606 1767 3677 κόρτη
1798 3606 2092 3661 tentorium

519 3693 607 3748 hic
647 3694 889 3749 indicare
919 3695 1417 3751 demonstrabimus
1442 3695 1594 3751 alibi.

586 3786 743 3857 231
783 3785 925 3842 Ibid.
968 3786 1301 3859 [Γαμὸρῶν.
1331 3786 1449 3841 Non
1506 3802 1723 3857 generos
1772 3787 1956 3851 modo,
1996 3783 2093 3844 sed
2136 3802 2146 3813 '

516 3891 571 3935 et
598 3880 786 3935 lenii-os
820 3889 872 3933 et
906 3895 1131 3933 uxorum
1173 3879 1394 3948 fratres,
1429 3880 1525 3949 qui
1558 3889 1613 3933 et
1648 3878 2003 3949 ἀνδράδελφοι
2041 3887 2096 3933 et

519 3972 972 4041 γυναικάδελφθι,
1008 3971 1183 4027 Graeci
1231 3982 1432 4028 vocant
1484 3971 1794 4042 γαμϐρούς.
1857 3971 2097 4025 Monittts

516 4062 684 4117 semel
717 4073 970 4116 sexcenta
1010 4063 1247 4131 reperiet
1282 4062 1428 4131 apud
1459 4076 1652 4117 eorum
1708 4060 2002 4116 historicos
2041 4070 2095 4115 et

514 4154 945 4224 jurisconsultos
982 4154 1320 4209 testimonia.
1416 4200 1421 4207 ρ
2078 4134 2095 4147 ’

586 4245 646 4299 Ρ.
703 4245 791 4300 15.
822 4244 1331 4317 [Χρυσοκόκκινα.
1359 4245 1506 4299 Auro
1532 4244 1792 4298 nimirum
1820 4242 2098 4311 rubroque

515 4336 697 4387 ειη-ἰρο
727 4336 1011 4398 dis'incta,
1044 4337 1161 4391 sive
1193 4334 1355 4391 simul
1382 4343 1528 4390 texta
1552 4335 1667 4390 sive
1696 4347 1798 4389 acu
1826 4332 2092 4404 pingente

515 4426 720 4480 addita.
742 4426 938 4498 Com]

588 4515 731 4571 Ibid.
763 4516 901 4572 Nota
934 4533 1132 4575 cruces
1186 4518 1240 4573 in
1273 4518 1432 4588 pileis
1478 4533 1801 4589 generorum
1855 4519 2090 4590 impera-

2195 3428 2364 3490 mina,
2406 3424 2672 3480 scutulam
2713 3436 3043 3494 quacunque
3101 3419 3272 3489 figura
3335 3416 3769 3479 confnrmatum,

2196 3518 2354 3572 alteri
2384 3518 2460 3571 rei
2491 3527 2718 3571 ornatus
2750 3529 2879 3585 ergo
2910 3508 3408 3583 superponendum.
3446 3504 3652 3577 Cone]

2266 3608 2481 3665 Charta:
2502 3608 2759 3677 plumbea:
2792 3605 2935 3676 apud
2967 3603 3317 3659 Anastasium
3368 3601 3422 3653 in
3460 3599 3660 3670 Sergio
3716 3608 3773 3654 et

2196 3700 2458 3769 Gregorio
2482 3698 2548 3785 lli
2580 3707 2708 3755 sunt
2756 3698 2949 3768 tegulte
2983 3695 3271 3766 plumbeae,
3300 3692 3501 3764 quibus
3532 3691 3772 3746 sdiﬂeia

2197 3798 2361 3846 tecta.
2383 3787 2573 3858 Itaque
2600 3787 2735 3843 nihil
2766 3786 2832 3841 ad
2857 3787 3156 3856 χαρτάριον
3189 3794 3244 3839 et
3268 3785 3492 3855 χαρτίον
3514 3790 3771 3837 nostrum

2197 3883 2376 3938 facere
2404 3881 2672 3937 videntur.
2703 3880 2824 3934 Mox
2866 3880 2984 3949 lego
3017 3894 3139 3932 eum
3182 3879 3305 3933 cod.
3350 3876 3514 3931 Boico
3558 3875 3775 3941 disiun-

2197 3979 2323 4033 ctim
2363 3975 2500 4045 μετὰ
2532 3974 2732 4045 ῥαφὴν.
2761 3973 2818 4027 In
2860 3972 3028 4026 altero
3065 3979 3150 4025 est
3185 3970 3573 4039 καταγραφήν.
3606 3968 3778 4021 Forte

2198 4071 2288 4126 hic
2311 4071 2474 4125 etiam
2503 4067 2815 4137 disjunctim
2846 4065 2988 4117 κατὰ
3014 4063 3235 4135 γραφήν
3257 4059 3608 4137 scribendum
3643 4059 3771 4124 erit,

2198 4163 2243 4218 si
2269 4159 2404 4216 (orte
2422 4159 2510 4216 cui
2533 4159 2703 4228 magis
2724 4156 2936 4227 placeat
2957 4156 3141 4226 γραφή
3166 4168 3331 4223 quam
3352 4152 3524 4221 ραφή.
3559 4150 3771 4204 Gnsrs.

2272 4255 2412 4310 Ibid.
2446 4253 2629 4327 [Κατὰ
2656 4250 2880 4320 ραφήν.
2913 4248 3097 4303 Lectio
3152 4255 3234 4301 tot
3261 4247 3314 4299 in
3365 4243 3776 4311 exemplaribus

2201 4349 2341 4403 inter
2368 4362 2429 4403 se
2456 4344 2671 4400 collatis
2695 4350 2905 4413 reperta
2934 4340 3216 4396 retinenda
3242 4355 3256 4392 :
3292 4336 3502 4391 suturis
3529 4349 3774 4403 namque

2198 4440 2347 4495 velut
2370 4438 2769 4495 deformitatem
2801 4448 2983 4489 secum
3014 4430 3317 4487 ferentibus
3375 4437 3610 4482 ornatus
3641 4426 3773 4480 addi

2200 4531 2504 4589 consuevit.

518 4607 1108 4677 toriorum,etqnidem
1133 4625 1242 4664 non
1257 4584 1320 4663 ex
1346 4584 1712 4679 qualicunque
1730 4584 1975 4678 materia,
1994 4610 2090 4667 sed
2116 4584 2169 4647 Ῑ)
2207 4584 2595 4695 Ibid.
2628 4615 2957 4693 {raptim-1,
2958 4617 3094 4670 λον,
3155 4611 3382 4667 Viden"-
3424 4623 3547 4663 οςεο
3597 4622 3777 4676 aug“-

517 4716 583 4755 ex
648 4701 960 4769 margaritis
983 4701 1282 4758 confectas.
1317 4701 1383 4757 Ut
1408 4702 1587 4773 placet
1615 4703 1703 4759 hic
1725 4718 1847 4759 mos
1879 4702 2090 4759 nostris

518 4795 922 4849 stauromachis
949 4794 972 4848 2
1007 4794 1213 4850 Gasrs.

604 4882 831 4955 [Cruces
854 4885 1102 4955 quinque
1125 4885 1345 4943 circiter
1374 4885 1605 4957 gemmis
1634 4885 1921 4953 conﬂatas,
1952 4895 2007 4948 et
2026 4888 2094 4945 ad

523 4976 715 5031 circuli
774 4977 981 5046 (qualis
1014 4986 1070 5032 et
1117 4978 1397 5033 Gallorum
1440 4977 1729 5047 comitum)
1770 4989 1947 5051 caput
1975 4995 2093 5034 am-

524 5069 723 5124 bientis
741 5079 981 5138 quatuor
995 5079 1201 5139 partes,
1237 5070 1471 5126 frontem
1494 5070 1781 5136 nimirum,
1799 5079 2092 5141 utramque

520 5174 707 5214 aurem
738 5170 791 5216 et
812 5162 1050 5230 occiput,
1078 5162 1522 5233 circumpositas.

438 5242 449 5251 ’
586 5250 669 5306 Ib.
699 5251 1230 5324 [Fbpovc.Ta:tiiam
1256 5255 1490 5325 intellige
1511 5255 1743 5311 frontem
1765 5256 2098 5312 circumcin-

518 5353 760 5413 gentem,
784 5360 958 5413 nuper
989 5346 1257 5401 circulum
1284 5346 1507 5408 dictam.
1540 5357 1595 5402 et
1616 5412 1619 5415 η
1644 5363 1755 5402 orte
1783 5348 1907 5417 pilei
1931 5348 2095 5417 junc-

520 5443 654 5497 tam,
689 5434 805 5490 sive
836 5435 912 5489 illi
946 5437 1163 5505 penitus
1218 5437 1609 5506 agglutinetur,
1672 5438 1787 5492 sive
1817 5453 1881 5491 ex
1941 5446 2095 5507 parte

520 5526 787 5592 superiori
875 5528 1125 5583 nonnihil
1186 5528 1489 5595 dissideat;
1574 5545 1739 5600 quam
1798 5537 2093 5598 propterea

520 5615 791 5685 Gregoras
815 5618 852 5673 l.
880 5635 933 5685 ν,
959 5621 1102 5673 κατὰ
1125 5622 1225 5691 τὴν
1253 5623 1402 5675 κάτω
1431 5622 1527 5675 καὶ⁸
1550 5622 1740 5691 κοίλην
1764 5621 2100 5689 ἐπιφάνειαν

521 5712 819 5765 κυκλίσκον
845 5713 1167 5783 χρυσοειδὲα
1195 5723 1370 5769 vocat.
1396 5712 1532 5769 Vide
1559 5723 1742 5768 notam
1773 5712 1825 5766 in
1856 5726 2095 5782 sequens

524 5813 687 5872 eaput
714 5804 778 5857 ad
810 5819 864 5872 p.
897 5804 982 5860 l9.
1792 5786 1796 5790 θ

594 5895 673 5949 Ib.
709 5896 1217 5966 ['IIEpd'VStlt.‘NCC
1250 5900 1515 5959 caeruleus
1545 5913 1643 5955 nec
1672 5897 1863 5954 viridis
1888 5907 1973 5954 est
2004 5898 2095 5967 ἡε-

2193 4718 2332 4776 stius
2357 4726 2411 4772 et
2429 4711 2681 4771 ornatius
2711 4708 2930 4779 aliquod
2959 4702 3338 4775 fastigium,ad
3364 4700 3602 4769 aliquam
3634 4699 3778 4753 aulae

2203 4809 2393 4881 palatii
2424 4816 2632 4876 partem
2678 4810 2918 4874 quatuor
2951 4797 3225 4854 columnis
3262 4795 3316 4850 in
3372 4792 3611 4847 sublime
3638 4805 3771 4844 ere-

2193 4910 2364 4965 ctum,
2388 4898 2461 4952 ad
2488 4895 2658 4966 quod,
2689 4893 2781 4964 qui
2810 4893 3021 4963 equites
3059 4888 3239 4943 aulam
3270 4901 3336 4940 ex
3368 4883 3653 4955 privilegio
3678 4895 3777 4950 pe-

2194 5006 2409 5046 netrare
2435 4995 2702 5058 poterant,
2722 4984 2881 5054 equis
2907 4982 2961 5037 in
2980 4992 3179 5037 terram
3211 4993 3271 5035 se
3297 4976 3579 5032 demittere
3604 4971 3776 5043 regize

2193 5076 2497 5149 maiestatis
2537 5074 2780 5132 colendae
2834 5073 3004 5143 gratia
3045 5067 3531 5139 eompellebantur.
3567 5059 3774 5130 Goau.|

2265 5169 2352 5225 Ib.
2383 5169 2523 5238 Lege
2578 5165 2802 5231 πεζεύει
2834 5165 3060 5218 κάκεῖσε
3087 5160 3209 5215 κατ’
3243 5155 3536 5224 ἀναλογίαν
3558 5152 3656 5207 τοῦ
3680 5154 3778 5205 τό.

2195 5281 2301 5318 που
2347 5258 2737 5330 τετραστύλου.
2789 5255 3050 5311 Ambulat
3117 5258 3173 5307 el
3217 5250 3345 5303 illuc
3378 5247 3449 5303 ob
3502 5246 3772 5302 rationem

2195 5362 2415 5425 propter
2445 5366 2609 5422 quam
2639 5348 2705 5402 ad
2725 5345 3085 5414 Tetrastylum
3104 5342 3348 5398 ambulat
3376 5339 3672 5405 ;nimirum
3704 5338 3776 5391 ob

2196 5446 2457 5502 honorem
2485 5439 2855 5510 imperatoris,
2884 5438 2977 5507 qui
3008 5436 3118 5492 illic
3144 5448 3385 5504 praesens
3415 5440 3519 5486 est.
3555 5430 3771 5483 ϐακε-ς.

2268 5537 2328 5590 Ρ.
2357 5536 2441 5590 16.
2468 5532 2606 5605 [Τοῦ
2629 5530 3009 5599 κοπριτορίου
3027 5526 3125 5580 καὶ
3143 5524 3251 5580 τοῦ
3270 5522 3468 5577 ἐπάνω
3487 5520 3771 5573 σκεπίου.

2198 5629 2610 5700 Ephippiarium
2641 5624 2944 5693 stragulum
2972 5631 3025 5675 et
3052 5619 3196 5674 aliud
3229 5616 3483 5686 superius
3514 5623 3772 5700 tegumen
3854 5690 3859 5695 θ

2198 5698 2593 5777 διίιιιλιίνθνεα,
2625 5712 2769 5782 quod
2806 5726 2975 5765 unum
3012 5723 3208 5777 nempe
3240 5706 3414 5775 majus
3440 5704 3640 5765 altero,
3687 5698 3776 5753 vel

2199 5824 2368 5864 unum
2398 5807 2547 5876 pacis
2575 5815 2821 5874 tempore
2849 5806 2921 5861 sit
2947 5807 3354 5865 ornamentum,
3377 5794 3521 5852 aliud
3548 5797 3604 5849 in
3634 5792 3777 5848 bello

2202 5900 2273 5955 sit
2296 5898 2423 5969 equi
2457 5897 2759 5952 munimen.
