3936 6590
596 397 699 460 959

1699 400 1774 461 IN
1817 400 2115 462 LlBRUM
2155 401 2250 461 DE
2288 401 2617 465 OFFICIIS
2653 403 2760 464 CP.

3721 420 3820 482 Q60

667 512 914 586 [Κὸμσος
941 523 998 570 et
1023 514 1275 577 κόνδυλος
1317 511 1451 574 situ,
1489 524 1596 565 non
1638 511 2158 574 natura,dillcrunt-
2191 519 2238 575 Α
2268 513 2560 581 potestatis
2609 515 2911 586 particeps,
2967 518 3134 574 animi
3191 523 3474 590 conscius,
3523 524 3814 585 [acinorum

592 609 739 661 velut
770 608 950 663 nodus
995 618 1050 662 et
1083 620 1291 660 ramus.
1333 603 1567 657 Clarius.
1604 602 1868 656 Calamus
1891 602 2047 656 nodis
2074 603 2160 656 in-

593 695 910 751 terstTnctus
940 697 1109 752 variis
1141 695 1512 765 compingitur
1538 693 1738 748 ﬁstulis
1765 694 2001 764 (ﬁstulas
2027 707 2163 748 voco

590 802 682 841 eas
704 797 757 841 et
792 789 1036 856 singulas
1066 787 1264 843 calami
1295 795 1478 856 partes
1501 785 1660 839 nodis
1685 785 1890 840 divisas
1917 785 2160 839 eisdem-

591 892 699 944 que
747 878 813 930 ad
854 878 1088 932 invicem
1123 877 1470 945 connexas):
1524 890 1619 930 eas
1657 875 1948 935 κονδύλους
1971 889 2163 928 recen-

591 968 760 1023 tiores
787 968 960 1023 Graeci
1016 977 1235 1032 vocant,
1297 969 1470 1021 nodos
1527 976 1707 1020 autem
1765 966 2012 1035 κύμϐους
2046 967 2161 1020 sive

592 1066 862 1130 κόμπους.
885 1061 1072 1116 Simon
1134 1048 1360 1115 Portius
1391 1061 1445 1112 in
1483 1059 1683 1113 Lexico
1730 1058 2161 1114 Graecobarharo

592 1149 809 1204 κονδύλι
844 1149 1165 1220 (κονδύλων,
1197 1149 1469 1215 κόνδυλος)
1503 1147 1740 1216 καλάμι,
1774 1146 2047 1215 κάλαμος,
2079 1147 2163 1198 δό-

590 1239 709 1305 ναξ,
746 1241 1008 1294 calamus.
1070 1241 1137 1294 Et
1173 1240 1409 1308 κόμπος,
1437 1239 1659 1308 δεσμὸς,
1703 1239 1890 1308 ἅμμα,
1928 1235 2157 1306 κόμσος,

589 1331 736 1396 ὄζος,
771 1334 961 1394 nodus,
995 1347 1182 1394 nexus,
1219 1331 1592 1384 commissura.
1627 1329 1702 1383 Ex
1752 1329 1948 1383 calami
1980 1343 2158 1382 tamen

591 1421 657 1475 ad
686 1421 878 1474 nodum
908 1421 1318 1476 necessitudine
1349 1435 1516 1472 unum
1541 1420 1772 1473 alterius
1810 1419 1928 1474 vice
1959 1418 2161 1473 substi-

591 1513 666 1564 tui
695 1512 900 1566 inﬁtias
931 1528 1034 1565 non
1070 1512 1203 1566 iero.
1228 1510 1328 1565 Hic
1353 1511 1736 1573 nihilominus,
1764 1510 1853 1564 ubi
1882 1511 2031 1564 varia
2063 1509 2160 1562 tri-

590 1580 836 1653 buuntur
869 1599 1143 1668 utrisque,
1186 1599 1504 1668 promiscue
1533 1615 1639 1652 non
1695 1599 1964 1654 sumenda
1992 1600 2160 1652 bene-

590 1689 746 1744 volus
779 1690 949 1744 lector
986 1691 1270 1754 advertet;
1305 1705 1368 1744 ac
1403 1690 1455 1743 in
1487 1689 1829 1756 δικανικίοις,
1862 1691 1928 1745 de
1956 1689 2159 1757 quibus

587 1796 792 1847 sermo,
846 1782 989 1850 quod
1017 1784 1073 1835 in
1118 1783 1446 1851 pontiﬁcum
1489 1783 1874 1849 viatorumque
1921 1781 2154 1845 baculis,

591 1871 775 1941 spatia
803 1872 1024 1940 singula
1055 1873 1365 1933 κονδύλους,
1388 1873 1581 1940 globos
1603 1871 1846 1939 singulos
1874 1871 2049 1938 spatia
2077 1870 2160 1922 di-

589 1963 842 2018 videntes
859 1962 1102 2032 κόμϐους
1134 1965 1202 2016 ab
1228 1972 1457 2016 auctore
1499 1971 1722 2016 vocatos
1752 1963 2158 2016 recordahitur.

666 2051 808 2107 Ibid.
852 2051 1298 2124 [Ἱνοκοπητῶν.
1352 2051 1485 2106 Vice
1547 2052 1853 2118 ὲγκοπτῶν,
1905 2052 2009 2104 nisi
2059 2052 2160 2105 tibi

590 2146 881 2212 ἐγκοπέως
911 2145 1074 2203 simul
1098 2153 1154 2198 et
1179 2145 1417 2211 ἑγκόπου
1447 2143 1743 2206 laboriosae,
1769 2143 1978 2196 subtilis
2008 2151 2057 2195 et
2079 2159 2162 2196 ar.

586 2235 834 2304 tificiosar
862 2235 1139 2290 rwlaturte
1159 2250 1381 2288 sensum
1407 2234 1748 2302 degenerans
1771 2233 1825 2286 in
1855 2233 2159 2286 barbariem

591 2341 693 2380 vox
735 2326 1051 2397 ίνοκοπητός
1088 2332 1463 2394 repraesentat.

668 2413 756 2468 ΙΙ).
782 2415 892 2488 [Τὸ
926 2416 1327 2482 σκοράνικον.
1380 2415 1496 2468 Soli
1527 2413 1763 2483 Georgio
1804 2414 2016 2469 Codino
2057 2431 2158 2471 Vox

589 2518 880 2574 usurpata,
946 2509 1046 2562 soli
1114 2507 1350 2577 Georgio
1406 2507 1634 2560 Coresio
1693 2515 1842 2570 nota,
1869 2508 1975 2562 hoc
1999 2519 2159 2577 pacto

591 2596 724 2648 mihi
751 2596 1048 2664 esponitur
1073 2595 1126 2648 in
1155 2596 1458 2659 rescriptis.
1480 2596 1822 2664 Σκαράνικον
1850 2593 2155 2648 vestimenti

590 2702 766 2758 genus
801 2696 883 2740 est
906 2701 1014 2739 non
1049 2701 1156 2739 uno
1177 2701 1358 2752 panno
1381 2687 1655 2749 continui,
1705 2697 1761 2738 ut
1797 2701 1896 2738 nec
1921 2701 2031 2739 uno
2065 2700 2160 2738 co-

590 2778 706 2831 lore
733 2777 1038 2844 conspicui,
1069 2775 1225 2846 cujus
1245 2779 1487 2830 exterior
1513 2779 1724 2844 species
1751 2777 1934 2838 rubra,
1970 2776 2160 2829 taenia-

592 2870 687 2923 tim
719 2880 774 2924 et
819 2884 915 2938 per
939 2869 1053 2923 lora
1099 2869 1299 2934 divisa,
1332 2868 1620 2922 candidam
1683 2868 1995 2922 interiorem
2028 2868 2158 2921 sub-

590 2963 813 3017 ductam
880 2977 1002 3017 sese
1045 2972 1270 3016 venuste
1305 2962 1548 3030 proferre
1580 2970 1633 3014 et
1671 2961 1820 3015 velut
1852 2960 2154 3013 latitantem

587 3059 827 3109 educere
869 3055 1168 3123 permittit:
1224 3069 1331 3123 qua
1377 3053 1444 3106 de
1476 3079 1480 3083 λ
1510 3068 1676 3108 causa
1722 3068 1850 3106 cum
1893 3052 2154 3121 ἐσχάρας,

2266 605 2497 673 collega,
2558 607 2797 676 suscepti
2844 609 2912 663 ab
2975 625 3041 664 eo
3079 616 3342 682 propositi
3397 615 3747 676 ﬁdelissimus
3767 635 3816 677 et

2266 695 2603 752 fortissimus
2631 704 3236 772 exsecutor,'sculptam
3269 706 3390 775 ejus
3437 709 3732 777 imaginem
3765 714 3811 767 in

2265 795 2485 854 pectore
2542 797 2738 854 gestat,
2800 799 2859 843 ut
2906 791 3127 862 προθεὶς
3152 795 3250 865 τὴν
3283 797 3487 861 εἰκόνα,
3529 799 3812 856 Herodiani

2264 875 2450 929 verbis
2507 891 2650 941 ntor,
2692 883 2980 946 στεφάνοις
3006 886 3105 936 καὶ
3131 884 3361 953 δάφναις
3398 893 3818 961 κεκοσμημένην

2263 967 2424 1030 αὑτός
2471 968 2519 1020 τ’
2556 971 2854 1044 εὐφημήσῃ
2893 977 2986 1028 καὶ
3037 979 3165 1041 τοὺς
3225 981 3570 1051 στρατιώτας
3626 985 3816 1056 ἀξιώσῃ

2262 1058 2528 1128 γνωρίσαι
2575 1063 2674 1113 καὶ
2717 1062 3056 1136 εὑφημῆσαι.
3094 1069 3288 1124 Oblata
3326 1072 3662 1139 imperatoris
3697 1078 3818 1126 imo-

2261 1151 2379 1217 gine
2433 1153 2641 1204 coronis
2673 1162 2722 1206 et
2771 1153 2968 1208 laureis
3019 1169 3231 1222 ornata,
3261 1164 3462 1229 primus
3492 1165 3606 1231 ipse
3643 1165 3820 1232 faustis

2262 1241 2736 1296 acclamationibus
2786 1261 3130 1316 prosequatur
3194 1263 3243 1305 et
3300 1253 3491 1309 milites
3551 1273 3818 1325 agnam-re

2261 1341 2312 1385 et
2345 1334 2473 1387 votis
2493 1335 2666 1403 favere
2691 1337 3336 1411 adhorte:ur.‘Eapropter
3363 1346 3662 1413 prtefectis,
3682 1350 3819 1400 duci-

2265 1425 2388 1486 bus,
2417 1426 2714 1481 comitibus
2738 1441 3034 1485 coronatas
3054 1434 3362 1502 principum
3396 1436 3670 1506 imagines
3688 1438 3816 1494 inter

2265 1518 2565 1585 prtecipuas
2621 1518 2922 1588 insignium
2979 1534 3165 1590 partes
3209 1525 3265 1580 in
3308 1527 3434 1594 pilis
3489 1529 3727 1595 donatas
3766 1533 3863 1599 in.

2263 1608 2475 1676 imperii
2533 1608 2758 1676 Notitia,
2789 1612 3035 1666 vestibus
3081 1614 3268 1671 alIixas
3295 1627 3421 1672 ante
3455 1617 3660 1673 Justini
3690 1631 3818 1674 tem-

2263 1711 2393 1765 pora
2433 1712 2542 1751 non
2603 1698 2744 1766 lego.
2801 1701 3024 1770 Angelis
3068 1703 3153 1758 hic
3195 1708 3423 1772 stipatas
3473 1708 3658 1773 video,
3692 1726 3819 1778 quos

2261 1788 2741 1858 ἁρχιστρατήγους
2797 1807 2924 1845 reor
2993 1795 3061 1848 ob
3111 1810 3455 1852 communem
3505 1799 3848 1874 Graecorum.

2262 1879 2505 1932 omnium
2537 1895 2662 1950 erga
2691 1897 2788 1936 eos
2821 1884 3054 1940 cultum.
3090 1885 3404 1943 Michaelem
3435 1891 3587 1945 enim
3626 1894 3819 1948 habent

2263 1965 2317 2018 in
2359 1967 2534 2035 primo
2573 1972 2775 2024 vexillo
2815 1973 3090 2043 depictum
3156 1977 3301 2033 infra
3350 1994 3403 2034 c.
3447 1981 3502 2046 6,
3531 1984 3818 2052 eidemque

2262 2056 2414 2121 olim,
2453 2062 2720 2130 scriptore
2753 2064 3024 2128 Cedreno,
3076 2065 3328 2125 Justinus
3365 2075 3719 2128 consecravit
3743 2091 3822 2126 er-

2260 2147 2480 2200 clcsiam
2510 2165 2523 2203 :
2557 2151 2774 2220 utrique
2815 2153 2974 2224 235
3027 2173 3157 2212 vero
3190 2156 3436 2214 Michaeli
3467 2171 3520 2214 et
3548 2160 3811 2221 Gabrieli.

2262 2237 2504 2294 caelestis
2575 2243 2782 2296 militie
2841 2246 3215 2317 principibus,
3293 2251 3532 2326 Basilius
3613 2254 3814 2326 regiam

2261 2331 2434 2384 aedem
2507 2335 2691 2406 posuit
2761 2333 2870 2386 τῶν
2907 2337 3385 2410 Ἀρχιστρατή-ίων
3440 2343 3674 2398 dictam.
3757 2346 3820 2399 De

2261 2420 2506 2486 Tmat‘ho,
2537 2425 2617 2476 vel
2655 2431 2708 2476 ut
2741 2423 3022 2481 Cedrenus
3056 2429 3258 2497 profert
3287 2429 3522 2495 Tzatho,
3557 2434 3816 2488 Lazoruzn

2263 2531 2387 2584 rege
2437 2517 2500 2570 ad
2538 2514 2812 2572 Justinum
2869 2519 3114 2590 profecto
3152 2523 3547 2594 Theophanes:
3607 2525 3818 2597 Ἔγημε

2262 2607 2496 2672 Ταίαοος
2551 2614 2782 2676 γυναῖκα
2825 2611 3098 2682 Ῥωμαίαν
3125 2614 3219 2667 καὶ
3258 2615 3480 2684 ἔγγονον
3517 2618 3660 2687 ὁμοῖ
3717 2617 3807 2671 τοῦ

2261 2703 2367 2755 ἀπὸ
2401 2703 2828 2770 κουροπαλάτου.
2859 2703 2922 2759 Et
2950 2707 3121 2764 infra:
3157 2707 3568 2780 Προχεερισϐεὶς
3595 2715 3822 2776 ΤαίαΘος

2263 2793 2513 2860 βασιλεὺς
2571 2795 2678 2848 τῶν
2733 2793 2947 2860 Λαζῶν,
3002 2799 3242 2869 φορέσας
3271 2804 3535 2871 στέφανον
3563 2807 3661 2858 καὶ
3692 2805 3819 2874 χλα-

2265 2883 2404 2949 μύδα
2431 2883 2721 2952 βασιλικὴν
2749 2885 2963 2956 ἄσπρην
2994 2886 3223 2957 ἔχουσαν
3249 2889 3438 2942 ταυλὶν
3473 2890 3739 2961 χρυσοῦν,
3766 2895 3819 2944 ἐν

2259 2965 2302 3040 ᾧ
2332 2977 2394 3026 ὲκ
2423 2974 2682 3045 κεντητοῦ
2735 2977 3075 3048 ἑκεχάρακτο
3121 2978 3352 3049 ήείκὼν
3404 2981 3499 3034 τοῦ
3556 2981 3817 3052 βασιλέως

2273 3064 2600 3126 Ἱουστίνου,
2658 3067 2752 3119 καὶ
2813 3067 3065 3138 στιχάριν
3130 3071 3340 3142 ἄσπρον
3400 3072 3523 3144 ἔχον
3587 3075 3821 3146 πλουμία

585 3147 867 3200 craticula
885 3147 1124 3214 piscibus
1155 3146 1465 3200 ustulandis
1495 3144 1732 3207 idoneas,
1771 3143 2005 3197 formam
2031 3143 2152 3197 imi-

2260 3155 2433 3221 χρυσᾶ
2480 3155 2570 3206 καὶ
2602 3155 2785 3208 εικόνα
2822 3155 2915 3209 τοῦ
2949 3157 3216 3228 βασιλέως
3246 3177 3264 3222 ζ,
3322 3163 3392 3216 τὰ
3425 3143 3535 3235 γὰρ
3583 3143 3818 3234 ista]!an

591 3248 757 3298 totur,
816 3240 902 3290 vel
949 3238 1188 3292 colorem
1243 3237 1437 3291 subtus
1477 3237 1808 3290 residentem
1868 3233 2153 3303 σκαρίζειν

579 3329 806 3381 ebullire
821 3328 1370 3398 ctigat,_axapaleou
1397 3309 1595 3381 nomen
1628 3327 1804 3397 patuit
1830 3325 2153 3395 promereri.

581 3415 713 3471 llaec
744 3418 855 3480 ille,
879 3418 970 3486 qui
1003 3418 1165 3471 etiam
1197 3417 1366 3485 ignoti
1389 3417 1720 3486 exemplaris
1738 3415 1940 3471 Nicetes
1974 3415 2150 3470 locum

582 3509 890 3576 subjungit:
942 3505 1100 3578 Εἶχον
1132 3509 1348 3577 ἱμάτιον
1401 3509 1622 3578 σχιστὸν
1656 3509 1818 3577 μέχρι
1843 3507 1954 3560 τῶν
1986 3508 2148 3575 γονά-

582 3617 713 3651 των.
743 3597 859 3653 Huc
887 3614 988 3668 ego
1009 3598 1187 3654 refero
1217 3599 1410 3659 στολὰς
1443 3600 1791 3668 σωληνωςάξ,
1820 3598 2152 3652 canalicula-

585 3700 670 3744 ιω
734 3700 972 3750 vestes,a
1003 3689 1252 3743 Cedreno
1300 3689 1352 3742 in
1404 3691 1624 3742 Tiberio
1672 3699 2024 3751 memoratas,
2075 3689 2143 3743 de

570 3781 784 3842 quibus
840 3779 1010 3833 editio
1038 3780 1206 3848 Regia
1241 3797 1354 3834 non
1389 3782 1623 3836 obscure
1655 3782 1708 3835 in
1744 3781 2148 3850 posterioribus

577 3872 1100 3941 ~notis,~eodemque
1132 3873 1236 3926 loci
1284 3888 1543 3926 revocare
1591 3874 1804 3927 conﬁdo
1849 3873 2146 3928 Andronici

580 3966 900 4033 ἀμπεχόνην
947 3967 1003 4026 ἐς
1055 3965 1279 4032 γλουτὸν
1331 3965 1637 4034 ἁμφισχιδῆ
1683 3964 2144 4030 καταϐαίνουσαν,

563 4057 648 4110 ~de
679 4073 790 4126 qua
837 4055 1055 4110 Nicetas
1083 4059 1134 4110 in
1169 4058 1384 4116 eodem.
1413 4058 1450 4110 Ι.
1483 4074 1545 4112 ιι.
1573 4059 1654 4111 An
1685 4058 1904 4111 demum
1939 4057 2148 4124 σκαρά-

579 4167 731 4202 νικον
754 4149 896 4202 idctn
927 4151 999 4204 sit
1032 4151 1176 4219 quod
1208 4151 1634 4218 σκαραμάγγιον
1657 4149 1680 4201 ?
1702 4148 2147 4202 AllirtnatMeur-

570 4240 714 4302 sius,
743 4249 902 4308 negat
927 4239 1238 4292 Gretserus.
1267 4240 1578 4306 Utrumque
1605 4240 1909 4306 amplector
1933 4257 1946 4291 :
1985 4253 2144 4293 men-

581 4339 687 4382 tem
705 4329 852 4380 enim
881 4328 1029 4381 illius
1047 4337 1224 4390 teneo,
1251 4329 1516 4382 rationem
1543 4337 1721 4382 tamen
1743 4344 1868 4382 cum
1887 4328 2143 4384 Gretsero

565 4419 829 4471 cssibilo.
865 4416 1001 4482 Quis
1032 4418 1178 4470 enim
1230 4433 1355 4472 cum
1393 4418 1629 4472 Meursio
1659 4420 1993 4488 exemplaria
2026 4421 2142 4475 ubi-

2260 3243 2425 3296 αὐτοῦ
2481 3245 2674 3316 ρούσια
2715 3241 2878 3318 ἦσαν,
2913 3249 3105 3319 ἔχοντα
3169 3255 3516 3324 μαργαρίτας
3569 3257 3820 3328 Περσικῷ

2262 3336 2505 3405 σχήματι
2535 3351 2549 3366 ·
2580 3337 2780 3406 ὁμοίως
2811 3342 2844 3409 ἡ
2907 3340 3048 3412 ζώνη
3074 3343 3239 3396 αὑτοῦ
3264 3341 3330 3416 ἦν
3353 3347 3532 3416 χρυσῆ
3557 3348 3648 3402 διὰ
3683 3366 3818 3420 μαρ-

2258 3428 2516 3498 γαρίτων.
2577 3429 2843 3485 Cmterum
2885 3433 3251 3489 nobilioribus
3279 3437 3418 3492 aula:
3450 3437 3556 3492 (ΣΡ.
3582 3443 3821 3510 proceri-

2258 3515 2358 3569 bus
2409 3517 2630 3572 viliores
2677 3521 3034 3576 eccleslarmn
3075 3523 3130 3576 in
3171 3523 3362 3580 Galliis
3415 3529 3658 3584 ministri
3695 3532 3820 3586 licet

2257 3621 2363 3658 non
2413 3605 2544 3660 mihi
2585 3619 2912 3663 censeantur
2943 3613 3285 3680 exaequandi,
3332 3617 3385 3669 in
3410 3616 3476 3673 iis
3504 3627 3691 3674 tamen
3727 3622 3820 3675 ob-

2253 3709 2412 3749 servo
2457 3698 2772 3764 bicolorem,
2813 3700 2880 3754 de
2928 3716 3031 3770 qua
3082 3713 3212 3758 nota
3255 3710 3530 3776 sequenti,
3555 3712 3842 3770 tunicam.-

2253 3786 2492 3838 δ;6ολέον
2545 3790 2898 3859 σκαράνικον,
2923 3795 3097 3847 sancti
3123 3795 3280 3860 cujus
3343 3797 3602 3855 Ecclesiae
3656 3802 3818 3855 mini-

2253 3887 2430 3932 strant
2459 3880 2782 3952 ίνοκοπητὸν
2801 3883 2985 3938 εἰκόνα
3001 3875 3312 3955 ἔμπροσθεν
3335 3893 3541 3958 pectori
3573 3893 3816 3959 afﬁxam,

2251 3968 2550 4023 δικανίκιον
2585 3974 2798 4028 tandem
2842 3976 2896 4029 in
2918 3970 3105 4034 eorum
3135 3981 3388 4036 manibus
3411 3983 3569 4038 nodis
3622 4000 3818 4055 argen-

2253 4059 2354 4113 teis
2431 4062 2768 4132 calamisque
2838 4068 3071 4124 diversis
3136 4073 3522 4140 conspicuum,
3577 4077 3819 4130 σκιάδιον

2251 4166 2469 4218 quoque
2501 4154 2569 4207 ab
2594 4155 2717 4209 aliis
2749 4157 3028 4214 diversmn
3053 4176 3068 4223 ;
3098 4163 3300 4229 quibus
3326 4163 3474 4219 aliud
3513 4168 3819 4232 pramissis

2251 4242 2484 4296 similius
2521 4257 2631 4298 non
2660 4245 2836 4300 video.
2859 4249 3055 4322 00am]

2320 4330 2463 4386 Ibid.
2532 4334 2636 4388 Ἐκ
2658 4337 2875 4400 δεξιῶν
2907 4341 3133 4406 μέντοι.
3159 4343 3356 4400 Junius
3381 4347 3539 4416 plano
3559 4340 3817 4420 perverse

2254 4424 2532 4490 pervertit,
2573 4429 2796 4481 mutatis
2825 4431 3025 4500 angelis
3075 4434 3128 4487 in
3165 4421 3434 4493 nuntios:
3495 4442 3626 4510 quia
3671 4445 3815 4498 enim

565 4525 684 4577 que
710 4509 893 4563 credat
923 4511 997 4562 ita
1027 4519 1283 4579 corrupta
1320 4519 1378 4564 ut
1399 4511 1821 4581 σκαραμαγγίου
1846 4513 1961 4567 vice
1986 4528 2142 4581 repo-

2256 4522 2492 4568 tummus
2518 4518 2810 4586 imaginum
2833 4523 3004 4578 hostis
3026 4539 3163 4586 erat.
3185 4527 3322 4582 hanc
3346 4509 3664 4598 angelorum
3688 4535 3820 4588 ima-

576 4605 742 4655 situm
783 4602 946 4656 lui-rit
977 4603 1354 4674 oxapdvmov?
1404 4603 1586 4658 Placet
1615 4605 1972 4660 nihilominus
2001 4607 2146 4659 illius
2233 4604 2470 4671 -gtnibus
2505 4608 2557 4660 in
2587 4612 2872 4666 scaranico
2907 4618 3088 4682 magni
3113 4618 3396 4675 domestici
3415 4622 3644 4688 gloriam
3675 4625 3817 4678 invi-

571 4693 633 4746 iu
674 4693 839 4761 hujus
877 4694 1240 4763 degemrasse
1289 4695 1669 4764 prolationem.
1729 4704 1784 4750 et
1823 4699 2148 4767 σκαραμάτ-

567 4785 694 4850 γιον
717 4783 908 4837 Bardae
937 4783 1139 4840 Caesari
1165 4800 1196 4836 τι
1227 4783 1420 4840 Leone.
1443 4781 1813 4840 Grammatico
1843 4788 2168 4855 ascriptum-

571 4888 604 4925 a
633 4871 844 4928 Codino
868 4873 1048 4943 capite
1069 4875 1342 4943 superiori
1364 4875 1695 4945 σκαράνικον
1723 4877 1951 4930 Cesaris
1973 4876 2145 4929 fuisse

573 4964 1019 5041 vocatum..Vide
1071 4976 1228 5022 notas
1281 4967 1338 5021 in
1369 4979 1532 5035 caput
1590 4969 1863 5043 quintum.
1897 4969 1967 5021 De
2026 4985 2146 5022 sca-

568 5057 863 5125 ramaugio
891 5056 1258 5113 Leunclavius
1293 5060 1346 5114 in
1396 5059 1785 5114 Oumnastico:
1817 5059 2143 5114 Scaramau-

561 5143 715 5211 gium
750 5160 846 5197 vox
892 5144 1128 5207 Persica,
1183 5161 1299 5213 quc
1347 5157 1540 5199 vestem
1576 5147 1808 5213 plut-iant
1846 5147 2138 5215 signi/6cm.

565 5233 666 5284 ltoc
693 5243 771 5286 est
805 5249 919 5286 eam
952 5251 1068 5303 qua:
1101 5236 1293 5303 pluviis
1347 5247 1440 5290 aut
1471 5239 1702 5291 hibernis
1749 5237 2137 5304 tempestatibus

561 5325 773 5376 arteria
808 5326 1113 5392 superinjici
1143 5325 1295 5379 solet.

645 5414 728 5469 Ib.
753 5416 1101 5486 ΙΕικονικὼς
1127 5419 1234 5470 τὸν
1251 5417 1539 5482 βασιλέα.
1559 5416 1827 5484 imagines
1847 5417 2137 5486 imperato-

569 5521 694 5557 rum
739 5505 916 5558 rarius
969 5505 1020 5558 in
1065 5505 1200 5558 foris
1252 5506 1465 5574 positae,
1515 5505 1568 5558 in
1607 5506 1834 5560 urbibus
1877 5510 2134 5576 adoratae,

567 5611 736 5662 quam
794 5597 848 5648 in
875 5597 990 5649 acie
1034 5596 1244 5650 delatae.
1287 5595 1636 5650 Domesticos
1671 5595 1856 5664 itaque
1884 5605 1942 5652 ut
1967 5599 2138 5667 impe-

572 5686 792 5740 rialium
833 5688 1174 5740 exercituum
1225 5686 1538 5741 moderator
1576 5700 1892 5754 supremus,
1923 5699 1975 5742 ct
2007 5687 2148 5746 viva‘

572 5773 767 5846 ipsius,
807 5787 864 5832 ut
893 5779 1122 5833 inferius
1167 5790 1492 5848 exponetur,
1531 5779 1582 5832 in
1609 5781 1808 5833 castris
1840 5784 2038 5851 imago,
2075 5797 2133 5840 υι

2245 4694 2367 4759 dit;
2393 4695 2576 4766 itaque
2598 4714 2664 4754 et
2699 4704 2907 4770 angelis
2944 4710 3158 4761 nuntios
3202 4709 3352 4773 fecit,
3383 4712 3540 4779 quasi
3579 4716 3816 4782 proximi

2246 4788 2314 4839 ah
2337 4786 2687 4856 imperatoria
2725 4792 2988 4861 dignitate
3009 4813 3134 4850 eum
3160 4798 3422 4854 bonbrem
3447 4804 3562 4858 suis
3601 4809 3816 4860 nuntiis

2244 4892 2297 4931 et
2328 4888 2388 4932 ut
2412 4893 2604 4934 vocant
2628 4882 2968 4954 brevigerulis
2995 4898 3052 4942 et
3080 4890 3378 4946 tabellariis
3408 4893 3725 4962 habuerint,
3757 4907 3815 4950 ut

2244 4982 2337 5022 eos
2388 4984 2486 5023 sua
2535 4971 2590 5024 in
2624 4983 2770 5026 veste
2807 4975 3107 5044 eﬁigiarcnt
3131 4990 3186 5033 et
3231 4984 3543 5051 margaritis
3571 5001 3814 5040 exorua~

2245 5073 2384 5113 rent.
2421 5060 2780 5130 ObservaJtic
2823 5081 3028 5122 morem
3065 5071 3296 5141 addendi
3329 5075 3670 5132 vestimentis
3703 5093 3809 5131 non

2245 5161 2451 5204 tantum
2494 5153 2784 5223 imaginem
2835 5157 3203 5228 imperatoris,
3246 5164 3342 5218 sed
3396 5175 3452 5219 et
3494 5177 3810 5223 sanctorum

2196 5275 2216 5298 .-
2241 5244 2582 5310 angelorum.
2609 5245 2722 5300 lmo
2749 5248 2877 5302 olim
2907 5250 3064 5319 vulgo
3085 5252 3250 5306 etiam
3289 5257 3561 5310 variorum
3593 5272 3811 5313 sancto-

2243 5349 2362 5387 rum
2414 5345 2463 5388 et
2522 5348 2822 5406 martyrum
2869 5340 3078 5411 efﬁgies
3115 5345 3232 5398 suis
3266 5346 3511 5402 vestibus
3549 5352 3812 5420 appinge-

2242 5425 2390 5486 bant,
2435 5435 2573 5480 utea
2627 5429 2826 5484 Asterii
2851 5434 3109 5508 A_tnaseni
3158 5434 3390 5491 Homilia
3411 5441 3645 5508 quadam
3676 5458 3810 5496 cou-

2239 5526 2370 5571 stat.
2402 5517 2587 5573 Sacris
2621 5521 2868 5576 vestibus
2888 5499 3079 5580 'sacras
3113 5525 3378 5596 imagines
3405 5499 3608 5584 addere
3632 5534 3809 5593 usita-

2242 5609 2512 5662 tissimum
2549 5622 2708 5676 erat;
2741 5612 2976 5679 plurima
3013 5616 3176 5686 hujus
3210 5620 3285 5672 rei
3317 5621 3564 5692 exempla
3589 5638 3809 5695 suppe—

2238 5700 2376 5754 ditat
2429 5701 2753 5758 Anastasius
2781 5705 2836 5758 in
2868 5703 3188 5763 Pontiﬁcum
3220 5710 3376 5767 Vitis.
3407 5713 3462 5767 lu
3492 5714 3676 5770 Leone
3697 5698 3765 5770 lt'l
3793 5733 3805 5769 :

2241 5787 2384 5842 Fecit
2420 5791 2472 5843 in
2523 5792 2742 5846 ecclesia
2792 5793 3025 5850 doctoris
3063 5803 3246 5852 mundi
3278 5802 3340 5855 Β.
3372 5803 3530 5857 Pauli
3577 5808 3803 5875 apostoli-
