3936 6606
222 409 312 474 261
1291 399 1670 460 GRETbERl
1711 396 1753 454 E

1857 395 2071 474 mam
2112 396 2346 458 now.
2392 469 2400 476 _

3279 405 3282 409 ·
3326 384 3432 448 262

227 517 449 574 tetraaela
487 515 772 569 holvisertca
813 513 1040 568 alitltt'na
1073 524 1326 584 quatuor,
1358 523 1408 566 et
1443 522 1630 566 vestem
1660 528 1756 564 διι-
1777 515 1828 578 ,Α
1859 523 2131 579 purpurea
2161 520 2310 564 veste
2339 506 2572 578 intelligi
2600 507 2796 564 debere
2820 509 2978 565 testis
3007 517 3092 565 est
3127 509 3428 580 Eutropius

216 628 302 680 per
336 609 486 661 altare
512 606 682 660 albam
721 605 1138 676 chrysoclauam,
1169 605 1444 658 habentem
1469 603 1749 656 historiam

217 714 391 754 sancta
425 697 831 752 resurrectionis.
867 695 936 748 Et
994 695 1160 748 aliam
1219 704 1407 748 restent
1449 693 1751 762 cltrysocla-

217 797 347 855 ram,‘
367 790 622 842 habentem
659 789 944 841 historiam
985 785 1284 840 nativitatis
1326 785 1537 837 Domini
1557 794 1607 837 et
1639 782 1746 837 SS.

214 881 564 935 Innocentium.
599 877 716 929 lmo
750 887 799 930 et
853 879 1022 930 aliam
1061 886 1249 930 vestem
1290 874 1524 946 Tyriam,
1556 875 1751 928 habeti-

217 984 308 1024 tem
355 970 617 1024 historiam
676 971 802 1022 circi
862 969 1153 1024 illuminati
1185 979 1234 1022 et
1291 969 1747 1022 resurrectionem.

215 1065 346 1117 Idem
369 1073 530 1115 autem
562 1063 928 1116 sanctissimus
958 1061 1154 1129 praasul
1187 1061 1307 1130 fecit
1334 1061 1386 1113 in
1417 1059 1638 1113 basilica
1683 1059 1747 1114 Β.

218 1153 385 1205 Jlarite
414 1153 478 1205 ad
515 1149 752 1217 Pnrsepe
782 1162 971 1205 restem
1010 1151 1186 1204 albam
1217 1150 1629 1219 chrysoclaoam,
1657 1150 1752 1204 ha-

212 1246 387 1296 bentem
411 1243 678 1296 historiam
701 1252 898 1294 sancta:
919 1242 1344 1296 resurrectionis.
1370 1242 1472 1296 Sed
1501 1251 1551 1295 et
1579 1241 1748 1294 aliam

212 1343 380 1386 restent
410 1334 458 1384 in
488 1332 739 1386 orbiculis
785 1333 1164 1402 rltrysoclavis,
1199 1333 1471 1385 habentem
1499 1331 1750 1386 historias

212 1423 604 1474 annuntiationis
663 1433 713 1474 et
744 1420 849 1476 SS.
902 1421 1125 1475 Joachin
1170 1431 1219 1475 et
1272 1423 1460 1478 Anna’.
1498 1422 1639 1476 Idem
1683 1420 1752 1477 de

211 1517 412 1567 eodem:
445 1509 504 1564 In
538 1513 690 1566 titulo
721 1512 1048 1567 Pammachii
1075 1530 1233 1581 super
1257 1513 1429 1568 altare
1454 1512 1562 1569 SS.
1581 1511 1744 1566 Joan-

211 1606 282 1656 nis
306 1615 350 1658 et
378 1603 525 1657 Pauli
565 1605 689 1672 fecit
715 1616 904 1659 vestem
955 1605 1133 1658 albam
1187 1606 1557 1670 Italoscricam,
1587 1621 1750 1657 orna-

211 1706 306 1750 tam
334 1698 383 1749 in
409 1713 531 1766 gyro
580 1698 644 1749 de
673 1698 920 1764 fundato,
949 1680 1529 1756 ltabentemlltistoriam
1557 1695 1750 1751 Cruci-

206 1786 310 1851 ﬁxi,
338 1787 660 1840 Ascensionis
691 1798 740 1840 et
780 1787 1129 1842 Pentecostes.
1169 1787 1374 1842 Gns'rs.

1853 603 1908 656 in
1930 600 2166 666 Nerone,
2197 603 2322 670 quia
2357 600 2503 669 quod
2535 601 2833 656 Suetonius
2861 603 2960 666 ait,
2989 600 3262 657 Neronem
3297 617 3426 671 puro

1853 709 1988 763 pura
2024 707 2301 761 coccoque
2331 691 2552 758 [ιιιιίιιιιδ
2582 693 2738 746 nexis
2763 692 3056 760 piscatum,
3093 693 3198 747 hoc
3225 692 3426 745 Eutro-

1854 781 1977 850 pius
2008 780 2221 834 blatteis
2273 781 2434 835 dixit.
2468 780 2626 849 Apud
2676 779 3052 850 Lampridium
3091 781 3145 835 in
3178 781 3430 850 Helioga-

1853 871 1977 925 balo
2003 871 2156 940 [nues
2193 871 2361 924 blatta
2394 881 2444 924 et
2478 873 2647 925 serico
2681 873 2889 925 intorti.
2925 870 3081 926 Unde
3108 873 3425 927 sericoblat-

1855 969 1991 1014 team
2028 969 2234 1014 vestem
2286 961 2565 1029 accipiunt
2605 961 2855 1014 nonnulli
2889 977 3011 1016 eam
3062 977 3182 1030 quia;
3217 977 3426 1033 purpu~

1854 1051 1930 1105 rei
1970 1051 2168 1104 coloris
2225 1060 2308 1105 est
2361 1059 2415 1103 et
2461 1051 2567 1105 tilis
2618 1051 2799 1104 aureis
2835 1051 3039 1105 variata
3080 1052 3117 1105 l.
3149 1067 3202 1118 ι,
3251 1068 3301 1107 c.
3359 1054 3426 1106 de

1853 1141 2214 1214 murilegnlis,
2251 1149 2304 1195 et
2336 1142 2372 1194 l.
2402 1157 2452 1196 c.
2473 1140 2681 1198 'l‘beod.
2711 1141 2834 1195 eod.
2866 1140 2991 1195 Haec
3015 1141 3303 1196 Browerus
3327 1159 3426 1196 no-

1852 1239 1966 1285 ster
2030 1232 2095 1284 ad
2165 1229 2516 1286 Venantium.
2574 1230 2728 1300 Apud
2777 1228 3156 1285 Turonensem
3215 1231 3421 1284 llistor.

1851 1319 2048 1376 Franc.
2084 1336 2144 1387 ll,
2177 1321 2246 1376 38
2277 1321 2476 1374 blattea
2531 1323 2713 1374 tunica
2763 1321 2881 1375 sine
2920 1321 3088 1376 dubio
3150 1336 3422 1390 purpurea

1851 1423 1955 1468 est.
1995 1413 2049 1466 In
2101 1412 2331 1466 historia
2367 1413 2644 1467 Anastasii
2698 1413 2765 1466 de
2798 1411 2935 1468 Vitis
2971 1413 3313 1482 pontiﬁcum,
3367 1416 3421 1466 in

1851 1503 2124 1572 Paschali,
2153 1505 2318 1559 babes
2337 1520 2543 1558 crucem
2570 1505 2631 1558 de
2662 1505 3169 1574 blattin,periclysin
3197 1505 3259 1557 de
3287 1505 3428 1558 blat-

1851 1598 1929 1649 tin
1951 1585 2126 1664 fqua
2164 1598 2327 1649 etiam
2352 1596 2435 1649 'in
2469 1595 2654 1651 Leone
2685 1596 2752 1652 lll
2787 1599 2988 1664 saepius
3039 1597 3306 1650 invenies.
3342 1597 3423 1650 Ad

1851 1683 2254 1738 distinctionem
2274 1685 2496 1737 additur
2520 1685 2789 1740 interdum
2816 1686 2879 1740 de
2903 1685 3096 1737 blattin
3128 1683 3422 1753 Byzanteo,

1851 1775 1917 1828 de
1948 1775 2136 1828 blattin
2166 1774 2545 1844 Neapolitano.
2589 1777 2663 1831 De
2705 1775 2888 1831 Leone
2917 1775 3020 1830 lll:
3051 1774 3201 1828 Fecit
3231 1783 3424 1828 vestem

268 1846 686 1949 1ο.[Διϐο.ιέον.
736 1882 807 1934 De
849 1880 1010 1934 simili
1067 1881 1306 1948 bicolore
1357 1881 1517 1934 Ducas
1561 1878 1745 1934 tunica

1857 1863 2247 1932 chrysoclabam
2295 1879 2360 1917 ea:
2394 1865 2587 1918 blattiu
2617 1864 2912 1935 Byzanteo,
2939 1865 3214 1918 habentem
3244 1864 3422 1916 histo-

213 1983 495 2024 sermonem
532 1971 694 2027 habet
723 1970 938 2026 Nicetas
971 1970 1266 2026 Andronici
1298 1973 1334 2038 l.
1364 1987 1401 2026 lt
1440 1988 1455 2026 :
1487 1969 1561 2022 Τὸ
1589 1971 1748 2040 σῶμα

206 2061 376 2131 ὶωπίῳ
399 2062 657 2132 διχρώμῳ
683 2065 894 2132 συνεῖχε
920 2063 1162 2133 περὶτὴν
1185 2063 1302 2129 ἰξὺν
1333 2063 1744 2127 καταϐαίνοντι,

207 2155 376 2206 ἔκτοτε
406 2154 457 2206 δὲ
486 2153 851 2225 διαιρουμὲνῳ
874 2154 1019 2224 διχῆ.
1050 2153 1165 2208 Alia
1203 2154 1360 2210 lectio
1383 2154 1536 2224 ponit
1566 2153 1748 2224 φορῶν

207 2244 385 2313 ροὗχον
413 2245 626 2314 σχιστὸν
679 2248 743 2298 ἐκ
787 2245 1101 2317 χρωμάτων
1127 2244 1242 2300 δύο.
1284 2245 1608 2301 Revocanda
1641 2245 1746 2300 huc

209 2336 445 2389 imunulla
473 2352 535 2389 es
571 2336 766 2405 positis
800 2345 924 2391 nota
952 2336 1234 2414 superiore
1263 2337 1327 2391 ad
1365 2336 1528 2405 ρ.17.

266 2425 320 2479 P.
353 2428 432 2481 l8.
463 2425 566 2497 [Τὰ
592 2426 948 2496 ὑποδήματα
1004 2427 1110 2482 τοῦ
1164 2425 1745 2495 πανυπερσεϐἀστου

205 2519 434 2582 κίτρινα.
479 2519 562 2575 Ab
618 2520 938 2576 Andronico
988 2519 1216 2574 Seniore
1282 2519 1500 2574 inventa
1563 2527 1750 2573 narrat

205 2612 580 2681 Gregoras,vn,
599 2614 702 2668 28:
735 2613 1084 2685 Ἐτετιμήκει
1111 2612 1179 2680 δὲλ
1195 2611 1444 2678 Ἰωάννην
1460 2610 1622 2673 εὐθὺς
1653 2611 1750 2664 καὶ

205 2703 271 2772 τῷ
302 2703 388 2757 τοῦ
427 2691 1276 2774 ωνυπερσεῦἁστοσὰξιώματι,
1304 2703 1332 2756 ὃ
1367 2702 1459 2756 νῦν
1484 2702 1576 2756 καὶ
1601 2700 1751 2771 αὑτῷ

204 2795 280 2848 διὰ
305 2797 395 2864 τὴν
424 2797 560 2868 πρὸς
595 2799 758 2852 αὗτὶν
787 2797 1022 2868 στοργὴν
1050 2795 1390 2866 ἐνδοξότερον
1415 2795 1450 2864 ἢ
1485 2795 1750 2865 πρότερον

207 2883 306 2955 εἶχε
354 2889 530 2959 πολλῷ
567 2893 960 2961 κατεστήσατοο
995 2889 1260 2958 ἐνδύμασι
1300 2889 1411 2960 γὰρ
1449 2888 1546 2941 καὶ
1606 2886 1754 2940 πεδί-

207 2977 306 3040 λοις
337 2980 523 3042 αὐτοῦ.
553 2981 658 3041 ὅσα,
687 2981 778 3033 τδν
811 2981 977 3034 ἵππον
1004 2979 1170 3034 αὑτοῦ
1203 2983 1417 3052 κοσμεῖ.
1440 2980 1603 3050 236
1633 2981 1755 3049 ιιιρ-

206 3069 307 3138 ροἶς
335 3074 440 3134 τοῖς
476 3071 646 3125 ἅπασι
680 3072 913 3142 χρῆσθαι
955 3071 1300 3141 κεχάρισται,
1333 3071 1402 3123 ἵν’
1490 3069 1753 3140 διασημό-

205 3175 348 3224 τατος
372 3164 428 3215 ὲν
458 3163 718 3234 τοῖςπερὶ
750 3163 840 3215 τὸν
878 3163 1104 3233 βασιλέα.
1149 3164 1414 3232 εὐγενέσι.

265 3249 399 3306 Ibid.
442 3253 818 3314 'rxoDéJtor.
856 3255 1168 3311 Δικανξκιον
1228 3253 1623 3324 protovestiarii
1650 3270 1750 3308 au-

208 3341 362 3397 riﬁcio
391 3359 554 3414 Opere
594 3347 970 3415 χρυσοχοῖκόν,
999 3347 1313 3417 liquatouue
1352 3346 1512 3402 viridi
1540 3346 1606 3400 ad
1640 3345 1758 3416 pig-

209 3443 430 3488 mentum
454 3437 674 3498 metallo
708 3437 910 3492 vitrum
943 3439 1190 3494 imitante
1207 3438 1512 3503 ὑποῦἐ).ιον,
1543 3453 1607 3491 ac
1635 3437 1757 3492 ideo

208 3527 360 3579 viride
391 3527 554 3581 simul
589 3543 653 3582 ac
681 3543 906 3583 aureum
943 3531 1402 3602 χρυσοπράσινον.

261 3614 388 3670 Ibid.
417 3612 486 3686 [Τ
490 3615 526 3666 ὰ
575 3615 928 3684 ὑποδήματα
980 3618 1167 3672 αὑτοῦ
1211 3619 1501 3689 apricis-ct.
1546 3621 1755 3688 Quibus

206 3716 476 3760 attestatur
511 3704 724 3762 Nicetas
749 3709 800 3762 in
836 3710 1026 3764 Alexio
1064 3709 1291 3782 Angela,
1320 3714 1606 3783 eidemque
1635 3729 1757 3783 pro-

208 3797 509 3851 torestiario
549 3801 1150 3874 tentoriumproprium
1193 3803 1484 3860 concedit:
1518 3807 1581 3859 υἱ
1622 3807 1754 3876 βάρ-

206 3887 345 3958 Gzpot
378 3890 439 3943 τὺ
493 3893 928 3960 νυκτιφυλακοῦν
953 3895 1291 3965 πτράτευμα
1313 3900 1380 3965 τῇ
1414 3896 1510 3951 τοῦ
1542 3915 1756 3968 πρωτο-

206 3979 505 4049 6εστιαρίου
547 3981 792 4035 Ἰωάννου
823 3987 995 4055 σκηνῇ
1022 3985 1220 4053 φεῦγον
1246 3987 1660 4053 ἐπικατέλαϐον,
1681 3987 1756 4051 ὡς

207 4074 289 4124 καὶ
310 4074 498 4126 τοῦτον
518 4073 885 4143 Θορυσηθέντα
907 4075 1289 4145 ἐξαναστῆναι.
1307 4075 1372 4129 Ει
1393 4075 1533 4131 infra
1559 4093 1573 4132 :
1595 4079 1676 4130 Τὰ
1697 4079 1756 4130 ἐν

203 4168 261 4234 τῇ
291 4170 463 4236 σκηνῇ
509 4167 829 4231 διελόμενοι,
861 4167 920 4216 ὲν
947 4160 1028 4228 οἷς
1067 4161 1135 4234 ἦν
1174 4167 1271 4220 καὶ
1296 4165 1362 4218 τὰ
1392 4165 1668 4237 βατράχια
1695 4168 1756 4220 τὸ

203 4256 382 4324 χρῶμα
403 4258 594 4312 πέδιλα
613 4256 703 4310 τοῦ
732 4255 1251 4327 πρωτοὸεσιιαρίου,
1271 4259 1400 4330 ὅλην
1421 4260 1635 4328 ἐκείνην
1657 4260 1757 4330 τὴν

202 4345 353 4395 νύκτα
391 4347 451 4396 ἐν
476 4345 686 4416 pinnata.
708 4346 795 4398 καὶ
817 4347 1017 4413 γέλωτι
1050 4346 1119 4399 τὰ
1179 4346 1472 4418 Ῥωμὰίων
1502 4350 1754 4404 ἐτίθεσαν

204 4434 510 4502 πράγματα.
560 4433 700 4489 Idem
738 4437 789 4490 in
817 4437 1024 4491 lsaacio
1051 4446 1106 4492 et
1141 4437 1346 4506 Angela
1377 4436 1438 4492 Ρ.
1514 4439 1574 4492 Ὀ
1607 4457 1755 4508 πρω-

1855 1955 1993 2009 riam
2021 1956 2316 2008 nativitatis
2351 1965 2401 2010 et
2431 1955 2491 2011 S.
2545 1956 2831 2011 Simeonis.
2869 1957 2970 2012 Ubi
3004 1958 3231 2010 materia
3263 1971 3292 2008 a
3323 1956 3426 2025 By-

1854 2046 2034 2100 zantio
2067 2061 2266 2100 nomen
2296 2047 2491 2102 sortita
2534 2047 2802 2102 inunitur.
2833 2048 2975 2113 Quid
3009 2047 3229 2102 Graeci?
3260 2046 3422 2100 Glos-

1855 2138 2100 2193 sarium:
2153 2138 2380 2193 Βλάτιον
2413 2139 2606 2193 blatta.
2661 2141 2956 2194 Actuarius
2985 2158 2997 2193 :
3030 2140 3289 2192 Βλάττιον
3320 2137 3426 2192 Bu-

1856 2226 2069 2291 ζάντιον
2103 2226 2294 2280 ὀστοῦν
2329 2227 2428 2296 τῆς
2461 2229 2608 2299 ῥινὸς
2638 2230 2737 2298 τῆς
2767 2230 3076 2298 πορφύρας
3100 2228 3282 2282 Blatta
3321 2228 3424 2296 By-

1857 2318 2038 2370 zantia
2077 2326 2151 2372 est
2180 2333 2238 2370 os
2270 2333 2335 2370 ea:
2369 2334 2500 2372 naso
2530 2335 2802 2387 purpurae.
2841 2319 3016 2388 Saepe,
3061 2320 3238 2388 inquit
3271 2319 3427 2373 Clos-

1856 2410 2082 2474 sarium,
2130 2413 2370 2468 occurrit
2397 2416 2537 2482 apud
2561 2414 2862 2480 Codinum,
2926 2412 3194 2480 Nicetam,
3225 2413 3428 2467 Cedre-

1858 2519 2012 2562 num.
2046 2503 2198 2572 Saepe
2250 2507 2514 2570 occurrit,
2553 2505 2728 2560 lateor
2751 2515 2772 2560 z‘
2830 2506 2926 2560 sed
2957 2521 3084 2560 num
3119 2519 3335 2575 semper
3361 2519 3424 2558 ea

1859 2611 2022 2664 quam
2057 2611 2119 2650 ex
2147 2597 2410 2650 Actnario
2433 2596 2619 2660 aﬂ'ers,
2641 2578 3042 2666 signiﬁcatione
3065 2597 3088 2649 ?
3114 2597 3293 2662 Quare
3314 2611 3422 2650 non

1857 2687 2085 2756 exponis
2119 2688 2249 2755 quid
2308 2688 2380 2742 sit
2428 2689 2675 2742 absolute
2733 2687 2991 2758 βλάττιον
3034 2697 3088 2741 et
3123 2686 3426 2757 βλάτινονῗ

1857 2780 2014 2850 Apud
2062 2779 2331 2835 Codinum
2363 2790 2512 2836 certe
2534 2797 2640 2834 non
2681 2789 2860 2849 potest
2887 2797 3009 2837 esse
3043 2797 3100 2834 os
3124 2785 3244 2836 nasi
3301 2797 3429 2850 pur—

1856 2890 2024 2943 purat.
2047 2874 2312 2930 Nimirum
2337 2877 2620 2950 antiqpum
2647 2885 2835 2934 tenes:
2869 2879 3050 2933 abdita
3078 2878 3239 2948 fugis,
3265 2878 3431 2931 obvia

1858 2978 1912 3024 et
1944 2968 2187 3034 vulgaria
2231 2969 2551 3038 plerumque
2590 2971 2844 3025 sectaris.
2881 2969 3227 3025 Theodosius
3257 2969 3434 3039 Ζηθ-

1861 3059 2033 3115 malas
2069 3059 2295 3114 Graecus
2323 3059 2377 3113 in
2426 3061 2660 3129 epistola
2711 3063 2944 3130 quadam
2997 3063 3438 3118 Turco-Grteciae.

1778 3192 1826 3256 α
1863 3151 2064 3206 inserta
2103 3166 2158 3220 p.
2191 3152 2260 3207 99
2283 3151 2476 3223 βλατὶοι
2502 3154 2683 3221 χρυσᾶ
2710 3154 2806 3208 καὶ
2847 3152 3085 3223 ὲξάμετα
3110 3171 3124 3206 :
3154 3153 3245 3208 ubi
3288 3152 3427 3207 Cru-

1859 3241 1978 3300 sius
2013 3243 2227 3314 gt'tldine
2262 3242 2410 3298 πᾶσι
2443 3245 2549 3296 ιιιιά
2579 3241 2813 3298 damast.
2849 3243 3076 3299 Alesius
3109 3243 3427 3297 Comnenns

1857 3333 2107 3388 mittebat
2129 3349 2196 3401 ex
2221 3348 2379 3403 pacto
2407 3333 2643 3388 Henrico
2673 3333 2742 3388 lV
2775 3336 2885 3405 regi
2908 3344 2964 3392 ct
2999 3335 3312 3404 imperatori
3339 3334 3426 3400 ιιι,

1857 3433 2050 3493 praeter
2105 3423 2397 3493 plurimam
2451 3427 2758 3494 pecuniam,
2821 3427 3019 3480 ἑκατὸν
3093 3426 3337 3496 βλαττία,
3371 3438 3426 3478 ιιι

1857 3517 2018 3586 237
2036 3516 2226 3571 scribit
2248 3517 2405 3572 Anna
2424 3517 2723 3584 Comnena‘,
2758 3518 2795 3572 Ι.
2827 3535 2887 3572 ιιι
2919 3519 3166 3572 Διεςοὲαά.
3203 3518 3431 3573 Crusius

1858 3608 2312 3676 interpretaretur
2361 3611 2591 3664 huudert
2623 3611 2840 3680 gildine
2873 3609 3024 3664 striclt
3056 3609 3199 3664 tuch.
3230 3607 3431 3664 Posses

1855 3701 2018 3758 etiam
2073 3702 2414 3770 interpretari
2475 3711 2684 3755 centum
2725 3716 3019 3768 purpureas
3049 3710 3238 3755 vestes.
3270 3699 3430 3768 Apud

1857 3794 2124 3849 Codinum
2174 3803 2423 3850 nostrum
2459 3810 2512 3848 c.
2543 3793 2579 3846 4
2610 3793 2777 3849 babes
2813 3794 3112 3848 καΰὸἀδιον
3158 3792 3427 3862 Bue-tm.

1857 3886 2200 3952 Purpureum
2253 3884 2342 3940 nie
2370 3886 2491 3940 sine
2541 3886 2654 3939 ullo
2692 3885 3040 3939 incommodo
3073 3886 3302 3940 reddere
3331 3900 3440 3953 [ιο-ι

1861 3985 1960 4033 tes.
1985 3977 2184 4032 Eodem
2214 3992 2266 4032 c.
2304 3978 2547 4032 occurrit
2596 3976 2836 4046 βλάτιον,
2886 3977 2975 4029 ubi
3008 3976 3214 4030 dicitur
3242 3985 3429 4044 proto-

1858 4068 2060 4124 sebasti
2087 4069 2259 4138 pileus
2289 4082 2409 4122 esse
2436 4067 2588 4122 aurci
2616 4077 2670 4122 et
2693 4067 2900 4134 prasini
2931 4068 3157 4130 coloris,
3179 4068 3319 4137 πλὴν
3358 4071 3424 4119 τὸ

1859 4162 2069 4231 stippa,
2093 4161 2152 4214 ob
2184 4160 2243 4213 τὺ
2269 4159 2506 4228 βλάτιον.
2531 4159 2753 4222 Junius,
2789 4168 3147 4213 verumtamen
3170 4169 3425 4228 syrmate,

1858 4269 1962 4306 non
2020 4261 2199 4305 autem
2238 4259 2412 4317 textu,
2461 4251 2590 4322 quia
2623 4251 2789 4307 Junio
2825 4251 3048 4322 βλάτιον
3084 4253 3223 4307 nihil
3259 4253 3419 4306 aliud

1857 4353 1961 4410 est,
1987 4359 2154 4415 quam
2186 4359 2315 4413 opus
2345 4344 2544 4399 textile.
2572 4343 2834 4410 Quocirca
2867 4345 3068 4416 ubique
3092 4346 3184 4400 ubi
3227 4348 3430 4400 mentio

1858 4437 1926 4491 de
1963 4437 2148 4502 blatio,
2210 4436 2278 4489 ad
2331 4444 2534 4490 textum
2579 4445 2632 4490 et
2673 4437 2966 4491 textrinam
3000 4437 3270 4507 confugit.
3323 4437 3432 4491 Sed

201 4525 559 4596 τοὸεστιάριος
586 4527 656 4578 τὰ
689 4530 799 4588 τοῖς
842 4527 1052 4591 πολλοῖς
1101 4527 1460 4601 ἑτερόχρωμα
1510 4529 1753 4586 καθυπο-

1862 4529 2148 4598 legendum
2177 4527 2216 4582 l.
2245 4543 2296 4582 c.
2338 4528 2480 4598 πλὴν
2530 4530 2593 4582 τὸ
2630 4530 2838 4601 σύρμα,
2871 4531 3031 4586 τοῦτο
3069 4533 3306 4602 βλάτιον,
3341 4547 3440 4585 e1:-

138 4657 147 4665 .
199 4613 449 4683 δούμενος
470 4618 677 4671 πέδιλα.
701 4618 898 4692 Com]

259 4705 730 4766 Ibid.B.tcirtfor.
749 4712 883 4768 Cod.
903 4715 1100 4771 Boii-us
1119 4715 1358 4788 βλατίον,
1383 4718 1504 4774 aliis
1520 4717 1755 4788 βλάτιον.

201 4793 336 4865 Saepe
371 4801 621 4854 occurrit
677 4801 728 4855 in
771 4803 873 4858 boc
923 4812 978 4858 et
1009 4805 1060 4858 in
1109 4807 1231 4861 aliis
1281 4807 1604 4875 posterioris
1658 4806 1758 4862 aevi

197 4890 598 4958 scriptoribus;
641 4907 739 4946 nec
798 4895 926 4967 quid
991 4897 1081 4960 sit,
1123 4895 1280 4952 facile
1330 4898 1596 4968 explicato
1653 4907 1756 4954 est.

201 4977 342 5034 Prius
401 4982 658 5038 dicamus
713 4987 842 5054 quid
876 4989 948 5042 sit
1002 4990 1140 5058 epod
1189 4990 1428 5056 Latinos,
1467 4991 1665 5044 deinde
1691 4991 1759 5046 ad

198 5070 404 5130 Graecos
462 5076 771 5132 veniamus.
827 5077 1030 5134 Savaro
1072 5079 1128 5136 in
1165 5081 1296 5135 illud
1331 5082 1542 5136 Sidonii
1582 5083 1620 5136 ι.
1683 5097 1759 5149 ιιι,

197 5165 344 5232 epist.
378 5168 476 5220 t3:
499 5166 816 5239 Rutilasque
838 5182 974 5226 veste
993 5172 1212 5236 blattas,
1238 5175 1289 5229 id
1323 5183 1406 5231 est
1436 5189 1760 5242 purpuram.

197 5253 390 5312 Paulus
435 5257 710 5314 Diaconus
761 5261 814 5314 in
854 5262 1088 5330 glossis:
1123 5262 1294 5317 blatta
1349 5279 1520 5332 genus
1559 5278 1764 5332 purpu-

201 5361 337 5401 reum
369 5349 602 5403 vermis.
638 5348 700 5402 Et
729 5351 855 5405 l..tx
893 5353 1016 5407 cod.
1051 5354 1120 5407 dc
1179 5355 1542 5423 murilegnlis.
1576 5356 1618 5407 A
1653 5370 1761 5426 qua

201 5438 406 5493 blatleae
451 5441 653 5493 tunica
708 5441 1015 5510 Capitolino
1048 5453 1102 5499 et
1142 5443 1399 5514 Vopisco,
1445 5456 1498 5498 et
1529 5445 1763 5499 btatteus

202 5529 337 5584 color
362 5531 576 5584 Isidoro
608 5530 643 5583 l.
670 5547 768 5598 sn,
799 5549 848 5587 c.
885 5536 980 5588 ult.
1009 5544 1066 5590 et
1101 5535 1136 5590 ι.
1163 5552 1312 5603 ms,
1340 5552 1390 5592 c.
1423 5538 1508 5601 l8,
1547 5549 1601 5592 et
1627 5539 1764 5593 blat-

204 5623 309 5686 tifer
329 5636 575 5686 senatus,
612 5614 713 5677 Ιιῖιο
750 5633 831 5678 est
858 5642 1189 5697 purpureus,
1214 5629 1356 5697 apud
1387 5630 1638 5685 eumdem
1674 5630 1762 5686 Si-

207 5714 433 5769 donium.
476 5715 779 5770 Venantius
813 5718 1170 5787 Fortunatus,
1199 5721 1234 5775 l.
1266 5738 1302 5775 ιι
1347 5721 1540 5792 Epigr:
1577 5713 1778 5777 Serica‘

205 5809 277 5858 ιιιὶ
311 5808 474 5861 nit-eis
528 5818 724 5874 agnata
757 5823 828 5863 est
853 5810 1045 5872 blattea
1092 5810 1234 5866 telis.
1270 5812 1342 5866 De
1376 5828 1615 5884 purpura
1658 5829 1754 5869 seu

1861 4630 2008 4688 cepto
2037 4628 2271 4688 syrmate
2299 4631 2319 4671 :
2347 4627 2446 4674 hoc
2476 4620 2614 4672 enim
2642 4635 2968 4688 purpureum
3000 4631 3099 4676 est.
3119 4668 3122 4670 .
3144 4619 3278 4674 Nam
3309 4623 3388 4689 pri
3412 4650 3438 4660 ο

1858 4711 1967 4765 oris
1990 4711 2274 4780 scriptura:
2309 4710 2491 4766 nullus
2525 4721 2608 4765 est
2652 4727 2870 4768 sensus.
2928 4712 3132 4768 Eodem
3163 4729 3212 4768 c.
3263 4715 3442 4768 habes

1858 4803 2050 4857 λευκὸν
2079 4803 2314 4874 statuo».
2368 4805 2558 4859 Albam
2591 4805 2754 4859 telam
2811 4809 2992 4862 reddit
3043 4807 3258 4862 Junius.
3291 4807 3438 4861 Malo

1861 4898 2042 4952 album
2077 4913 2330 4970 pannum,
2374 4907 2432 4952 ut
2469 4899 2668 4951 blation
2725 4899 3023 4966 generatim
3076 4898 3147 4952 sit
3195 4913 3428 4966 pannus,

1861 4992 1954 5048 sed
1990 4991 2094 5045 hoc
2128 4990 2248 5044 loco
2277 4989 2559 5043 candidus.
2592 4992 2718 5045 Mox
2753 4993 2818 5044 ἐκ
2859 4989 2968 5042 τῶν
2998 4990 3246 5059 συνήθως
3277 4991 3438 5041 πολι-ο

1859 5083 2168 5149 ’σευομένων
2225 5080 2482 5150 βλατίων,
2512 5081 2603 5135 ubi
2665 5081 2862 5150 βλάτια
2919 5081 3222 5152 generatim
3273 5084 3433 5135 vesti-

1861 5184 2092 5227 mentum
2122 5182 2331 5227 vertere
2349 5182 2525 5242 potes.
2548 5175 2756 5229 Sensus
2786 5175 2928 5228 enim
2955 5184 3039 5230 est
3069 5175 3437 5230 :cabbadinm

1862 5265 2028 5334 hujus
2053 5267 2341 5337 Iogothetre
2363 5282 2482 5320 esse
2510 5283 2676 5320 unum
2707 5283 2772 5321 ex
2806 5270 2869 5322 iis
2901 5271 3126 5339 vestibus
3159 5284 3279 5335 qua-
3303 5284 3439 5323 con-

1863 5370 2018 5414 sueto
2051 5374 2202 5414 more
2246 5363 2522 5412 feruntur.
2577 5358 2790 5415 Rursus
2825 5377 2877 5416 c.
2917 5362 3004 5426 l7,
3041 5361 3270 5431 erigitur
3303 5378 3437 5414 ana.-

1865 5453 2079 5511 batbra.
2113 5466 2344 5521 eamque
2377 5461 2566 5523 tegunt
2597 5463 2650 5507 et
2678 5466 2878 5507 ornant
2909 5454 2999 5506 διὰ
3038 5454 3274 5522 βλατιων
3309 5451 3440 5522 ἐρυ-

1863 5543 2030 5613 θρῶν,
2052 5543 2228 5596 rubris
2260 5535 2494 5612 pannis;
2526 5544 2616 5598 ubi
2655 5545 2852 5599 iterum
2875 5545 3096 5615 βλὰτιον
3127 5560 3229 5616 pro
3261 5559 3441 5611 panno

1867 5643 2187 5701 Itsurpatum
2222 5635 2394 5690 vides.
2442 5634 2643 5690 Junius
2693 5638 2858 5691 vertit
2893 5637 3135 5691 bracteas
3194 5636 3388 5687 rubras
3416 5649 3438 5686 :

1865 5727 1958 5781 sed
1984 5728 2119 5782 velis
2145 5736 2199 5782 et
2235 5727 2681 5797 peripetasmatis
2730 5732 3049 5784 anabathra:
3081 5728 3230 5782 indui
3262 5728 3440 5780 vesti-

1867 5817 2021 5888 rique
2051 5819 2254 5886 solent,
2284 5835 2388 5876 non
2421 5820 2658 5876 bracteis
2690 5833 2744 5877 et
2769 5821 3005 5876 laminis.
3045 5819 3182 5872 Alibi
3217 5835 3268 5886 p.
3310 5819 3434 5878 ιω,
