  <div class='ocr_page' id='page_1' title='image "/cluster/home/n/w/nwhite01/storage/ocr_20150623/157/hvd.32044019307677/177.png"; bbox 0 0 3936 6590; ppageno 0'>
   <div class='ocr_carea' id='block_1_1' title="bbox 581 400 684 463">
    <p class='ocr_par' dir='ltr' id='par_1_1' title="bbox 581 400 684 463">
     <span class='ocr_line' id='line_1_1' title="bbox 581 400 684 463; baseline 0.019 -3"><span class='ocrx_word' id='word_1_1' title='bbox 581 400 684 463; x_wconf 66' lang='grc'><strong>959</strong></span> 
     </span>
    </p>
   </div>
   <div class='ocr_carea' id='block_1_2' title="bbox 1684 403 2746 468">
    <p class='ocr_par' dir='ltr' id='par_1_2' title="bbox 1684 403 2746 468">
     <span class='ocr_line' id='line_1_2' title="bbox 1684 403 2746 468; baseline 0.005 -6"><span class='ocrx_word' id='word_1_2' title='bbox 1684 403 1759 464; x_wconf 75' lang='grc' dir='ltr'><strong>ΙΝ</strong></span> <span class='ocrx_word' id='word_1_3' title='bbox 1803 403 2100 464; x_wconf 75' lang='lat' dir='ltr'><strong>LIBRUM</strong></span> <span class='ocrx_word' id='word_1_4' title='bbox 2139 404 2235 464; x_wconf 91' lang='lat' dir='ltr'><strong>DE</strong></span> <span class='ocrx_word' id='word_1_5' title='bbox 2273 405 2602 468; x_wconf 81' lang='lat' dir='ltr'><strong>OFFICIIS</strong></span> <span class='ocrx_word' id='word_1_6' title='bbox 2639 406 2746 467; x_wconf 86' lang='lat' dir='ltr'><strong>CP.</strong></span> 
     </span>
    </p>
   </div>
   <div class='ocr_carea' id='block_1_3' title="bbox 3710 422 3813 484">
    <p class='ocr_par' dir='ltr' id='par_1_3' title="bbox 3710 422 3813 484">
     <span class='ocr_line' id='line_1_3' title="bbox 3710 422 3813 484; baseline 0 0"><span class='ocrx_word' id='word_1_7' title='bbox 3710 422 3813 484; x_wconf 66' lang='lat'><strong>960</strong></span> 
     </span>
    </p>
   </div>
   <div class='ocr_carea' id='block_1_4' title="bbox 651 514 3806 593">
    <p class='ocr_par' dir='ltr' id='par_1_4' title="bbox 651 514 3806 593">
     <span class='ocr_line' id='line_1_4' title="bbox 651 514 3806 593; baseline 0.005 -23"><span class='ocrx_word' id='word_1_8' title='bbox 651 515 898 589; x_wconf 76' lang='grc' dir='ltr'><strong>[Κόμσος</strong></span> <span class='ocrx_word' id='word_1_9' title='bbox 926 525 983 573; x_wconf 90' lang='lat' dir='ltr'><strong>et</strong></span> <span class='ocrx_word' id='word_1_10' title='bbox 1009 517 1260 580; x_wconf 77' lang='grc' dir='ltr'>κόνδυλος</span> <span class='ocrx_word' id='word_1_11' title='bbox 1303 514 1436 577; x_wconf 89' lang='lat' dir='ltr'><strong>situ,</strong></span> <span class='ocrx_word' id='word_1_12' title='bbox 1474 527 1580 568; x_wconf 89' lang='lat' dir='ltr'><strong>non</strong></span> <span class='ocrx_word' id='word_1_13' title='bbox 1623 523 1841 576; x_wconf 88' lang='lat' dir='ltr'><strong>natura,</strong></span> <span class='ocrx_word' id='word_1_14' title='bbox 1865 514 2144 567; x_wconf 79' lang='lat' dir='ltr'><strong>ditl‘erunt-</strong></span> <span class='ocrx_word' id='word_1_15' title='bbox 2176 522 2223 578; x_wconf 63' lang='grc' dir='ltr'>Α</span> <span class='ocrx_word' id='word_1_16' title='bbox 2254 517 2546 584; x_wconf 81' lang='lat' dir='ltr'><strong>potestatis</strong></span> <span class='ocrx_word' id='word_1_17' title='bbox 2595 517 2896 588; x_wconf 74' lang='lat' dir='ltr'><strong>particeps,</strong></span> <span class='ocrx_word' id='word_1_18' title='bbox 2952 521 3120 577; x_wconf 83' lang='lat' dir='ltr'><strong>animi</strong></span> <span class='ocrx_word' id='word_1_19' title='bbox 3175 525 3458 593; x_wconf 88' lang='lat' dir='ltr'><strong>conscius,</strong></span> <span class='ocrx_word' id='word_1_20' title='bbox 3505 527 3806 587; x_wconf 87' lang='lat' dir='ltr'><strong>iacinorum</strong></span> 
     </span>
    </p>
   </div>
   <div class='ocr_carea' id='block_1_5' title="bbox 577 605 2144 666">
    <p class='ocr_par' dir='ltr' id='par_1_5' title="bbox 577 605 2144 666">
     <span class='ocr_line' id='line_1_5' title="bbox 577 605 2144 666; baseline -0.001 -7"><span class='ocrx_word' id='word_1_21' title='bbox 577 611 723 663; x_wconf 77' lang='lat' dir='ltr'><strong>velut</strong></span> <span class='ocrx_word' id='word_1_22' title='bbox 755 611 935 666; x_wconf 88' lang='lat' dir='ltr'><strong>nodus</strong></span> <span class='ocrx_word' id='word_1_23' title='bbox 981 621 1036 665; x_wconf 88' lang='lat' dir='ltr'><strong>et</strong></span> <span class='ocrx_word' id='word_1_24' title='bbox 1068 623 1276 663; x_wconf 86' lang='lat' dir='ltr'><strong>ramus.</strong></span> <span class='ocrx_word' id='word_1_25' title='bbox 1319 605 1552 660; x_wconf 72' lang='lat' dir='ltr'><strong>(Zlarius.</strong></span> <span class='ocrx_word' id='word_1_26' title='bbox 1589 605 1852 660; x_wconf 80' lang='lat' dir='ltr'><strong>Calamus</strong></span> <span class='ocrx_word' id='word_1_27' title='bbox 1876 605 2032 660; x_wconf 86' lang='lat' dir='ltr'><strong>nodis</strong></span> <span class='ocrx_word' id='word_1_28' title='bbox 2059 605 2144 658; x_wconf 78' lang='lat' dir='ltr'><strong>in-</strong></span> 
     </span>
    </p>
   </div>
   <div class='ocr_carea' id='block_1_6' title="bbox 577 697 2148 768">
    <p class='ocr_par' dir='ltr' id='par_1_6' title="bbox 577 697 2148 768">
     <span class='ocr_line' id='line_1_6' title="bbox 577 697 2148 768; baseline 0.001 -19"><span class='ocrx_word' id='word_1_29' title='bbox 577 698 895 754; x_wconf 65' lang='lat' dir='ltr'><strong>terstfnctus</strong></span> <span class='ocrx_word' id='word_1_30' title='bbox 925 700 1094 755; x_wconf 84' lang='lat' dir='ltr'><strong>variis</strong></span> <span class='ocrx_word' id='word_1_31' title='bbox 1127 697 1497 768; x_wconf 69' lang='lat' dir='ltr'><strong>compingitur</strong></span> <span class='ocrx_word' id='word_1_32' title='bbox 1524 697 1722 751; x_wconf 84' lang='lat' dir='ltr'><strong>ﬁstulis</strong></span> <span class='ocrx_word' id='word_1_33' title='bbox 1751 697 1986 768; x_wconf 87' lang='lat' dir='ltr'><strong>(ilstulas</strong></span> <span class='ocrx_word' id='word_1_34' title='bbox 2012 710 2148 750; x_wconf 88' lang='lat' dir='ltr'><strong>voco</strong></span> 
     </span>
    </p>
   </div>
   <div class='ocr_carea' id='block_1_7' title="bbox 574 787 2144 859">
    <p class='ocr_par' dir='ltr' id='par_1_7' title="bbox 574 787 2144 859">
     <span class='ocr_line' id='line_1_7' title="bbox 574 787 2144 859; baseline -0.002 -17"><span class='ocrx_word' id='word_1_35' title='bbox 574 805 667 844; x_wconf 86' lang='lat' dir='ltr'><strong>cas</strong></span> <span class='ocrx_word' id='word_1_36' title='bbox 689 799 742 845; x_wconf 93' lang='lat' dir='ltr'><strong>et</strong></span> <span class='ocrx_word' id='word_1_37' title='bbox 778 791 1021 859; x_wconf 84' lang='lat' dir='ltr'><strong>singulas</strong></span> <span class='ocrx_word' id='word_1_38' title='bbox 1051 790 1248 846; x_wconf 85' lang='lat' dir='ltr'><strong>calami</strong></span> <span class='ocrx_word' id='word_1_39' title='bbox 1280 797 1462 859; x_wconf 90' lang='lat' dir='ltr'><strong>partes</strong></span> <span class='ocrx_word' id='word_1_40' title='bbox 1487 788 1644 842; x_wconf 91' lang='lat' dir='ltr'><strong>nodis</strong></span> <span class='ocrx_word' id='word_1_41' title='bbox 1670 788 1876 843; x_wconf 87' lang='lat' dir='ltr'><strong>divisas</strong></span> <span class='ocrx_word' id='word_1_42' title='bbox 1902 787 2144 842; x_wconf 86' lang='lat' dir='ltr'><strong>eisdem-</strong></span> 
     </span>
    </p>
   </div>
   <div class='ocr_carea' id='block_1_8' title="bbox 576 877 2148 948">
    <p class='ocr_par' dir='ltr' id='par_1_8' title="bbox 576 877 2148 948">
     <span class='ocr_line' id='line_1_8' title="bbox 576 877 2148 948; baseline -0.001 -15"><span class='ocrx_word' id='word_1_43' title='bbox 576 895 684 948; x_wconf 86' lang='lat' dir='ltr'><strong>que</strong></span> <span class='ocrx_word' id='word_1_44' title='bbox 733 881 798 934; x_wconf 89' lang='lat' dir='ltr'><strong>atl</strong></span> <span class='ocrx_word' id='word_1_45' title='bbox 839 881 1072 936; x_wconf 79' lang='lat' dir='ltr'><strong>invicem</strong></span> <span class='ocrx_word' id='word_1_46' title='bbox 1109 879 1454 948; x_wconf 73' lang='lat' dir='ltr'><strong>connexos):</strong></span> <span class='ocrx_word' id='word_1_47' title='bbox 1509 893 1604 934; x_wconf 84' lang='lat' dir='ltr'><strong>eas</strong></span> <span class='ocrx_word' id='word_1_48' title='bbox 1643 877 1933 938; x_wconf 79' lang='grc' dir='ltr'><strong>κονδύλους</strong></span> <span class='ocrx_word' id='word_1_49' title='bbox 1957 892 2148 931; x_wconf 78' lang='lat' dir='ltr'><strong>recen-</strong></span> 
     </span>
    </p>
   </div>
   <div class='ocr_carea' id='block_1_9' title="bbox 577 968 2146 1038">
    <p class='ocr_par' dir='ltr' id='par_1_9' title="bbox 577 968 2146 1038">
     <span class='ocr_line' id='line_1_9' title="bbox 577 968 2146 1038; baseline 0 -14"><span class='ocrx_word' id='word_1_50' title='bbox 577 971 746 1026; x_wconf 89' lang='lat' dir='ltr'><strong>tiorcs</strong></span> <span class='ocrx_word' id='word_1_51' title='bbox 772 971 946 1026; x_wconf 75' lang='lat' dir='ltr'><strong>Graeci</strong></span> <span class='ocrx_word' id='word_1_52' title='bbox 1001 979 1220 1034; x_wconf 89' lang='lat' dir='ltr'><strong>vocant,</strong></span> <span class='ocrx_word' id='word_1_53' title='bbox 1282 973 1456 1023; x_wconf 78' lang='lat' dir='ltr'><strong>notios</strong></span> <span class='ocrx_word' id='word_1_54' title='bbox 1512 978 1693 1024; x_wconf 82' lang='lat' dir='ltr'><strong>autem</strong></span> <span class='ocrx_word' id='word_1_55' title='bbox 1751 968 1998 1038; x_wconf 73' lang='grc' dir='ltr'>κύμϐους</span> <span class='ocrx_word' id='word_1_56' title='bbox 2032 970 2146 1024; x_wconf 81' lang='lat' dir='ltr'><strong>sive</strong></span> 
     </span>
    </p>
   </div>
   <div class='ocr_carea' id='block_1_10' title="bbox 577 1051 2146 1132">
    <p class='ocr_par' dir='ltr' id='par_1_10' title="bbox 577 1051 2146 1132">
     <span class='ocr_line' id='line_1_10' title="bbox 577 1051 2146 1132; baseline 0 -16"><span class='ocrx_word' id='word_1_57' title='bbox 577 1069 846 1132; x_wconf 81' lang='grc' dir='ltr'>κόμπους.</span> <span class='ocrx_word' id='word_1_58' title='bbox 869 1064 1056 1119; x_wconf 86' lang='lat' dir='ltr'><strong>Simon</strong></span> <span class='ocrx_word' id='word_1_59' title='bbox 1119 1051 1344 1118; x_wconf 72' lang='lat' dir='ltr'><strong>Fortius</strong></span> <span class='ocrx_word' id='word_1_60' title='bbox 1376 1063 1430 1116; x_wconf 91' lang='lat' dir='ltr'><strong>in</strong></span> <span class='ocrx_word' id='word_1_61' title='bbox 1468 1063 1668 1116; x_wconf 79' lang='lat' dir='ltr'><strong>Lexico</strong></span> <span class='ocrx_word' id='word_1_62' title='bbox 1715 1060 2146 1116; x_wconf 71' lang='lat' dir='ltr'><strong>Grmcobarharo</strong></span> 
     </span>
    </p>
   </div>
   <div class='ocr_carea' id='block_1_11' title="bbox 577 1149 2149 1222">
    <p class='ocr_par' dir='ltr' id='par_1_11' title="bbox 577 1149 2149 1222">
     <span class='ocr_line' id='line_1_11' title="bbox 577 1149 2149 1222; baseline -0.003 -17"><span class='ocrx_word' id='word_1_63' title='bbox 577 1152 794 1206; x_wconf 76' lang='grc' dir='ltr'>κονδῦλι</span> <span class='ocrx_word' id='word_1_64' title='bbox 829 1151 1150 1222; x_wconf 79' lang='grc' dir='ltr'>(κονδύλων,</span> <span class='ocrx_word' id='word_1_65' title='bbox 1181 1151 1454 1218; x_wconf 81' lang='grc' dir='ltr'><strong>κόνδυλος)</strong></span> <span class='ocrx_word' id='word_1_66' title='bbox 1489 1151 1726 1220; x_wconf 76' lang='grc' dir='ltr'>καλάμι,</span> <span class='ocrx_word' id='word_1_67' title='bbox 1759 1149 2032 1218; x_wconf 73' lang='grc' dir='ltr'>κάλαμος,</span> <span class='ocrx_word' id='word_1_68' title='bbox 2064 1150 2149 1202; x_wconf 77' lang='grc' dir='ltr'><strong>δύο</strong></span> 
     </span>
    </p>
   </div>
   <div class='ocr_carea' id='block_1_12' title="bbox 575 1238 2143 1311">
    <p class='ocr_par' dir='ltr' id='par_1_12' title="bbox 575 1238 2143 1311">
     <span class='ocr_line' id='line_1_12' title="bbox 575 1238 2143 1311; baseline -0.003 -16"><span class='ocrx_word' id='word_1_69' title='bbox 575 1241 694 1308; x_wconf 77' lang='grc' dir='ltr'>ναξ,</span> <span class='ocrx_word' id='word_1_70' title='bbox 731 1243 992 1297; x_wconf 86' lang='lat' dir='ltr'><strong>calamus.</strong></span> <span class='ocrx_word' id='word_1_71' title='bbox 1054 1243 1122 1296; x_wconf 84' lang='lat' dir='ltr'><strong>Et</strong></span> <span class='ocrx_word' id='word_1_72' title='bbox 1157 1242 1394 1311; x_wconf 78' lang='grc' dir='ltr'>κόμπος,</span> <span class='ocrx_word' id='word_1_73' title='bbox 1422 1242 1644 1311; x_wconf 77' lang='grc' dir='ltr'><strong>δεσμὸς,</strong></span> <span class='ocrx_word' id='word_1_74' title='bbox 1688 1241 1875 1311; x_wconf 73' lang='grc' dir='ltr'><strong>ἅμμα,</strong></span> <span class='ocrx_word' id='word_1_75' title='bbox 1913 1238 2143 1309; x_wconf 74' lang='grc' dir='ltr'>κόμσος,</span> 
     </span>
    </p>
   </div>
   <div class='ocr_carea' id='block_1_13' title="bbox 575 1332 2144 1400">
    <p class='ocr_par' dir='ltr' id='par_1_13' title="bbox 575 1332 2144 1400">
     <span class='ocr_line' id='line_1_13' title="bbox 575 1332 2144 1400; baseline -0.003 -12"><span class='ocrx_word' id='word_1_76' title='bbox 575 1334 721 1400; x_wconf 73' lang='grc' dir='ltr'>ὄζος,</span> <span class='ocrx_word' id='word_1_77' title='bbox 755 1337 945 1397; x_wconf 85' lang='lat' dir='ltr'><strong>nodus,</strong></span> <span class='ocrx_word' id='word_1_78' title='bbox 981 1349 1167 1398; x_wconf 72' lang='lat' dir='ltr'><strong>nexus,</strong></span> <span class='ocrx_word' id='word_1_79' title='bbox 1205 1335 1577 1387; x_wconf 74' lang='lat' dir='ltr'><strong>commissura.</strong></span> <span class='ocrx_word' id='word_1_80' title='bbox 1613 1332 1687 1386; x_wconf 80' lang='lat' dir='ltr'><strong>Ex</strong></span> <span class='ocrx_word' id='word_1_81' title='bbox 1737 1332 1934 1386; x_wconf 80' lang='lat' dir='ltr'><strong>calami</strong></span> <span class='ocrx_word' id='word_1_82' title='bbox 1965 1345 2144 1384; x_wconf 88' lang='lat' dir='ltr'><strong>tamen</strong></span> 
     </span>
    </p>
   </div>
   <div class='ocr_carea' id='block_1_14' title="bbox 577 1421 2146 1478">
    <p class='ocr_par' dir='ltr' id='par_1_14' title="bbox 577 1421 2146 1478">
     <span class='ocr_line' id='line_1_14' title="bbox 577 1421 2146 1478; baseline -0.003 0"><span class='ocrx_word' id='word_1_83' title='bbox 577 1425 642 1478; x_wconf 85' lang='lat' dir='ltr'><strong>ad</strong></span> <span class='ocrx_word' id='word_1_84' title='bbox 671 1424 862 1477; x_wconf 81' lang='lat' dir='ltr'><strong>nodum</strong></span> <span class='ocrx_word' id='word_1_85' title='bbox 893 1424 1304 1478; x_wconf 77' lang='lat' dir='ltr'><strong>necessitudine</strong></span> <span class='ocrx_word' id='word_1_86' title='bbox 1334 1438 1502 1475; x_wconf 89' lang='lat' dir='ltr'><strong>unum</strong></span> <span class='ocrx_word' id='word_1_87' title='bbox 1527 1423 1757 1476; x_wconf 84' lang='lat' dir='ltr'><strong>alterius</strong></span> <span class='ocrx_word' id='word_1_88' title='bbox 1794 1422 1914 1476; x_wconf 87' lang='lat' dir='ltr'><strong>vice</strong></span> <span class='ocrx_word' id='word_1_89' title='bbox 1944 1421 2146 1476; x_wconf 83' lang='lat' dir='ltr'><strong>substi-</strong></span> 
     </span>
    </p>
   </div>
   <div class='ocr_carea' id='block_1_15' title="bbox 577 1512 2146 1577">
    <p class='ocr_par' dir='ltr' id='par_1_15' title="bbox 577 1512 2146 1577">
     <span class='ocr_line' id='line_1_15' title="bbox 577 1512 2146 1577; baseline -0.001 -11"><span class='ocrx_word' id='word_1_90' title='bbox 577 1516 652 1567; x_wconf 91' lang='lat' dir='ltr'><strong>tui</strong></span> <span class='ocrx_word' id='word_1_91' title='bbox 681 1515 885 1568; x_wconf 88' lang='lat' dir='ltr'><strong>iniltias</strong></span> <span class='ocrx_word' id='word_1_92' title='bbox 915 1530 1020 1568; x_wconf 91' lang='lat' dir='ltr'><strong>non</strong></span> <span class='ocrx_word' id='word_1_93' title='bbox 1054 1515 1188 1568; x_wconf 84' lang='lat' dir='ltr'><strong>iero.</strong></span> <span class='ocrx_word' id='word_1_94' title='bbox 1214 1514 1312 1568; x_wconf 80' lang='lat' dir='ltr'><strong>Hic</strong></span> <span class='ocrx_word' id='word_1_95' title='bbox 1338 1514 1720 1577; x_wconf 84' lang='lat' dir='ltr'><strong>nihilominus,</strong></span> <span class='ocrx_word' id='word_1_96' title='bbox 1749 1513 1838 1566; x_wconf 89' lang='lat' dir='ltr'><strong>ubi</strong></span> <span class='ocrx_word' id='word_1_97' title='bbox 1865 1513 2016 1566; x_wconf 87' lang='lat' dir='ltr'><strong>varia</strong></span> <span class='ocrx_word' id='word_1_98' title='bbox 2049 1512 2146 1566; x_wconf 81' lang='lat' dir='ltr'><strong>tri-</strong></span> 
     </span>
    </p>
   </div>
   <div class='ocr_carea' id='block_1_16' title="bbox 575 1583 2146 1671">
    <p class='ocr_par' dir='ltr' id='par_1_16' title="bbox 575 1583 2146 1671">
     <span class='ocr_line' id='line_1_16' title="bbox 575 1583 2146 1671; baseline 0 -17"><span class='ocrx_word' id='word_1_99' title='bbox 575 1583 821 1656; x_wconf 80' lang='lat' dir='ltr'><strong>buuntur</strong></span> <span class='ocrx_word' id='word_1_100' title='bbox 853 1602 1128 1670; x_wconf 87' lang='lat' dir='ltr'><strong>utrisque.</strong></span> <span class='ocrx_word' id='word_1_101' title='bbox 1172 1602 1489 1671; x_wconf 82' lang='lat' dir='ltr'><strong>promiscue</strong></span> <span class='ocrx_word' id='word_1_102' title='bbox 1518 1617 1624 1655; x_wconf 92' lang='lat' dir='ltr'><strong>non</strong></span> <span class='ocrx_word' id='word_1_103' title='bbox 1681 1602 1949 1656; x_wconf 85' lang='lat' dir='ltr'><strong>sumenda</strong></span> <span class='ocrx_word' id='word_1_104' title='bbox 1977 1603 2146 1654; x_wconf 85' lang='lat' dir='ltr'><strong>bene-</strong></span> 
     </span>
    </p>
   </div>
   <div class='ocr_carea' id='block_1_17' title="bbox 575 1692 2144 1759">
    <p class='ocr_par' dir='ltr' id='par_1_17' title="bbox 575 1692 2144 1759">
     <span class='ocr_line' id='line_1_17' title="bbox 575 1692 2144 1759; baseline 0 -13"><span class='ocrx_word' id='word_1_105' title='bbox 575 1692 731 1747; x_wconf 73' lang='lat' dir='ltr'><strong>volus</strong></span> <span class='ocrx_word' id='word_1_106' title='bbox 764 1692 934 1746; x_wconf 91' lang='lat' dir='ltr'><strong>lector</strong></span> <span class='ocrx_word' id='word_1_107' title='bbox 972 1695 1255 1758; x_wconf 87' lang='lat' dir='ltr'><strong>advertet;</strong></span> <span class='ocrx_word' id='word_1_108' title='bbox 1291 1708 1354 1746; x_wconf 82' lang='lat' dir='ltr'><strong>ac</strong></span> <span class='ocrx_word' id='word_1_109' title='bbox 1388 1693 1440 1746; x_wconf 92' lang='lat' dir='ltr'><strong>in</strong></span> <span class='ocrx_word' id='word_1_110' title='bbox 1473 1692 1814 1759; x_wconf 80' lang='grc' dir='ltr'>δικανικιοις,</span> <span class='ocrx_word' id='word_1_111' title='bbox 1847 1693 1914 1748; x_wconf 85' lang='lat' dir='ltr'><strong>de</strong></span> <span class='ocrx_word' id='word_1_112' title='bbox 1941 1692 2144 1759; x_wconf 79' lang='lat' dir='ltr'><strong>quibus</strong></span> 
     </span>
    </p>
   </div>
   <div class='ocr_carea' id='block_1_18' title="bbox 572 1784 2138 1854">
    <p class='ocr_par' dir='ltr' id='par_1_18' title="bbox 572 1784 2138 1854">
     <span class='ocr_line' id='line_1_18' title="bbox 572 1784 2138 1854; baseline -0.002 -14"><span class='ocrx_word' id='word_1_113' title='bbox 572 1799 777 1850; x_wconf 80' lang='lat' dir='ltr'><strong>sermo,</strong></span> <span class='ocrx_word' id='word_1_114' title='bbox 831 1785 973 1853; x_wconf 85' lang='lat' dir='ltr'><strong>quod</strong></span> <span class='ocrx_word' id='word_1_115' title='bbox 1003 1786 1058 1838; x_wconf 92' lang='lat' dir='ltr'><strong>in</strong></span> <span class='ocrx_word' id='word_1_116' title='bbox 1103 1785 1431 1854; x_wconf 79' lang='lat' dir='ltr'><strong>pontiﬁcum</strong></span> <span class='ocrx_word' id='word_1_117' title='bbox 1474 1786 1860 1852; x_wconf 84' lang='lat' dir='ltr'><strong>viatorumque</strong></span> <span class='ocrx_word' id='word_1_118' title='bbox 1905 1784 2138 1848; x_wconf 76' lang='lat' dir='ltr'><strong>baculis,</strong></span> 
     </span>
    </p>
   </div>
   <div class='ocr_carea' id='block_1_19' title="bbox 577 1872 2146 1944">
    <p class='ocr_par' dir='ltr' id='par_1_19' title="bbox 577 1872 2146 1944">
     <span class='ocr_line' id='line_1_19' title="bbox 577 1872 2146 1944; baseline -0.003 -16"><span class='ocrx_word' id='word_1_119' title='bbox 577 1875 759 1944; x_wconf 79' lang='lat' dir='ltr'><strong>spatia</strong></span> <span class='ocrx_word' id='word_1_120' title='bbox 787 1875 1008 1944; x_wconf 80' lang='lat' dir='ltr'><strong>singula</strong></span> <span class='ocrx_word' id='word_1_121' title='bbox 1040 1876 1350 1937; x_wconf 83' lang='grc' dir='ltr'>κονδύλους,</span> <span class='ocrx_word' id='word_1_122' title='bbox 1373 1876 1566 1943; x_wconf 74' lang='lat' dir='ltr'><strong>globos</strong></span> <span class='ocrx_word' id='word_1_123' title='bbox 1587 1874 1830 1942; x_wconf 83' lang='lat' dir='ltr'><strong>singulos</strong></span> <span class='ocrx_word' id='word_1_124' title='bbox 1859 1873 2035 1941; x_wconf 87' lang='lat' dir='ltr'><strong>spatia</strong></span> <span class='ocrx_word' id='word_1_125' title='bbox 2061 1872 2146 1925; x_wconf 88' lang='lat' dir='ltr'><strong>di-</strong></span> 
     </span>
    </p>
   </div>
   <div class='ocr_carea' id='block_1_20' title="bbox 575 1965 2143 2035">
    <p class='ocr_par' dir='ltr' id='par_1_20' title="bbox 575 1965 2143 2035">
     <span class='ocr_line' id='line_1_20' title="bbox 575 1965 2143 2035; baseline 0.001 -19"><span class='ocrx_word' id='word_1_126' title='bbox 575 1967 827 2021; x_wconf 80' lang='lat' dir='ltr'><strong>videntes</strong></span> <span class='ocrx_word' id='word_1_127' title='bbox 844 1966 1087 2035; x_wconf 75' lang='grc' dir='ltr'>κόμὸους</span> <span class='ocrx_word' id='word_1_128' title='bbox 1119 1968 1187 2019; x_wconf 91' lang='lat' dir='ltr'><strong>ab</strong></span> <span class='ocrx_word' id='word_1_129' title='bbox 1213 1975 1442 2019; x_wconf 86' lang='lat' dir='ltr'><strong>auctore</strong></span> <span class='ocrx_word' id='word_1_130' title='bbox 1485 1973 1706 2019; x_wconf 85' lang='lat' dir='ltr'><strong>vocatos</strong></span> <span class='ocrx_word' id='word_1_131' title='bbox 1737 1965 2143 2018; x_wconf 86' lang='lat' dir='ltr'><strong>recordahitur.</strong></span> 
     </span>
    </p>
   </div>
   <div class='ocr_carea' id='block_1_21' title="bbox 650 2053 2146 2128">
    <p class='ocr_par' dir='ltr' id='par_1_21' title="bbox 650 2053 2146 2128">
     <span class='ocr_line' id='line_1_21' title="bbox 650 2053 2146 2128; baseline 0.001 -21"><span class='ocrx_word' id='word_1_132' title='bbox 650 2055 794 2110; x_wconf 74' lang='lat' dir='ltr'><strong>Ibid.</strong></span> <span class='ocrx_word' id='word_1_133' title='bbox 837 2055 1284 2128; x_wconf 76' lang='grc' dir='ltr'><strong>[Ἱνοκοπητῶν.</strong></span> <span class='ocrx_word' id='word_1_134' title='bbox 1337 2053 1470 2108; x_wconf 86' lang='lat' dir='ltr'><strong>Viee</strong></span> <span class='ocrx_word' id='word_1_135' title='bbox 1531 2055 1838 2121; x_wconf 82' lang='grc' dir='ltr'>ὲγκοπτῶν,</span> <span class='ocrx_word' id='word_1_136' title='bbox 1889 2055 1994 2107; x_wconf 75' lang='lat' dir='ltr'><strong>nisi</strong></span> <span class='ocrx_word' id='word_1_137' title='bbox 2043 2055 2146 2108; x_wconf 83' lang='lat' dir='ltr'><strong>tibi</strong></span> 
     </span>
    </p>
   </div>
   <div class='ocr_carea' id='block_1_22' title="bbox 577 2146 2147 2215">
    <p class='ocr_par' dir='ltr' id='par_1_22' title="bbox 577 2146 2147 2215">
     <span class='ocr_line' id='line_1_22' title="bbox 577 2146 2147 2215; baseline -0.001 -15"><span class='ocrx_word' id='word_1_138' title='bbox 577 2149 866 2215; x_wconf 78' lang='grc' dir='ltr'>ὲγκοπέως</span> <span class='ocrx_word' id='word_1_139' title='bbox 896 2147 1059 2205; x_wconf 82' lang='lat' dir='ltr'><strong>simul</strong></span> <span class='ocrx_word' id='word_1_140' title='bbox 1084 2157 1139 2201; x_wconf 90' lang='lat' dir='ltr'><strong>et</strong></span> <span class='ocrx_word' id='word_1_141' title='bbox 1163 2148 1402 2215; x_wconf 73' lang='grc' dir='ltr'>ὲγκόπου</span> <span class='ocrx_word' id='word_1_142' title='bbox 1432 2146 1728 2209; x_wconf 59' lang='lat' dir='ltr'><strong>laboriosa},</strong></span> <span class='ocrx_word' id='word_1_143' title='bbox 1754 2146 1963 2199; x_wconf 80' lang='lat' dir='ltr'><strong>subtilis</strong></span> <span class='ocrx_word' id='word_1_144' title='bbox 1993 2154 2042 2198; x_wconf 81' lang='lat' dir='ltr'><strong>ct</strong></span> <span class='ocrx_word' id='word_1_145' title='bbox 2065 2161 2147 2198; x_wconf 84' lang='lat' dir='ltr'><strong>ar-</strong></span> 
     </span>
    </p>
   </div>
   <div class='ocr_carea' id='block_1_23' title="bbox 570 2235 2145 2307">
    <p class='ocr_par' dir='ltr' id='par_1_23' title="bbox 570 2235 2145 2307">
     <span class='ocr_line' id='line_1_23' title="bbox 570 2235 2145 2307; baseline -0.001 -16"><span class='ocrx_word' id='word_1_146' title='bbox 570 2239 818 2307; x_wconf 70' lang='lat' dir='ltr'><strong>tificiosae</strong></span> <span class='ocrx_word' id='word_1_147' title='bbox 847 2239 1124 2292; x_wconf 72' lang='lat' dir='ltr'><strong>cwlatura:</strong></span> <span class='ocrx_word' id='word_1_148' title='bbox 1144 2253 1366 2292; x_wconf 84' lang='lat' dir='ltr'><strong>sensum</strong></span> <span class='ocrx_word' id='word_1_149' title='bbox 1391 2237 1733 2305; x_wconf 70' lang='lat' dir='ltr'><strong>degenerans</strong></span> <span class='ocrx_word' id='word_1_150' title='bbox 1757 2236 1810 2288; x_wconf 91' lang='lat' dir='ltr'><strong>in</strong></span> <span class='ocrx_word' id='word_1_151' title='bbox 1839 2235 2145 2289; x_wconf 78' lang='lat' dir='ltr'><strong>barbariem</strong></span> 
     </span>
    </p>
   </div>
   <div class='ocr_carea' id='block_1_24' title="bbox 576 2319 1744 2399">
    <p class='ocr_par' dir='ltr' id='par_1_24' title="bbox 576 2319 1744 2399">
     <span class='ocr_line' id='line_1_24' title="bbox 576 2319 1744 2399; baseline -0.001 -19"><span class='ocrx_word' id='word_1_152' title='bbox 576 2343 678 2383; x_wconf 77' lang='lat' dir='ltr'><strong>vox</strong></span> <span class='ocrx_word' id='word_1_153' title='bbox 719 2329 1036 2399; x_wconf 74' lang='grc' dir='ltr'>ενοκοπητός</span> <span class='ocrx_word' id='word_1_154' title='bbox 1073 2335 1447 2396; x_wconf 75' lang='lat' dir='ltr'><strong>reprresentat.</strong></span> <span class='ocrx_word' id='word_1_155' title='bbox 1741 2319 1744 2321; x_wconf 12' lang='grc' dir='ltr'><strong>Α</strong></span> 
     </span>
    </p>
   </div>
   <div class='ocr_carea' id='block_1_25' title="bbox 653 2415 2144 2490">
    <p class='ocr_par' dir='ltr' id='par_1_25' title="bbox 653 2415 2144 2490">
     <span class='ocr_line' id='line_1_25' title="bbox 653 2415 2144 2490; baseline 0.001 -19"><span class='ocrx_word' id='word_1_156' title='bbox 653 2415 740 2471; x_wconf 83' lang='lat' dir='ltr'><strong>Ib.</strong></span> <span class='ocrx_word' id='word_1_157' title='bbox 767 2418 878 2490; x_wconf 82' lang='grc' dir='ltr'><strong>[Τὸ</strong></span> <span class='ocrx_word' id='word_1_158' title='bbox 911 2418 1312 2485; x_wconf 73' lang='grc' dir='ltr'>σκορόνικον.</span> <span class='ocrx_word' id='word_1_159' title='bbox 1365 2417 1480 2471; x_wconf 80' lang='lat' dir='ltr'><strong>Soli</strong></span> <span class='ocrx_word' id='word_1_160' title='bbox 1512 2416 1748 2486; x_wconf 78' lang='lat' dir='ltr'><strong>Georgio</strong></span> <span class='ocrx_word' id='word_1_161' title='bbox 1789 2417 2010 2472; x_wconf 87' lang='lat' dir='ltr'><strong>Codino</strong></span> <span class='ocrx_word' id='word_1_162' title='bbox 2041 2434 2144 2473; x_wconf 73' lang='lat' dir='ltr'><strong>vox</strong></span> 
     </span>
    </p>
   </div>
   <div class='ocr_carea' id='block_1_26' title="bbox 575 2509 2145 2580">
    <p class='ocr_par' dir='ltr' id='par_1_26' title="bbox 575 2509 2145 2580">
     <span class='ocr_line' id='line_1_26' title="bbox 575 2509 2145 2580; baseline 0 -16"><span class='ocrx_word' id='word_1_163' title='bbox 575 2521 865 2576; x_wconf 76' lang='lat' dir='ltr'><strong>usurpata,</strong></span> <span class='ocrx_word' id='word_1_164' title='bbox 931 2511 1030 2565; x_wconf 89' lang='lat' dir='ltr'><strong>soli</strong></span> <span class='ocrx_word' id='word_1_165' title='bbox 1099 2510 1334 2580; x_wconf 84' lang='lat' dir='ltr'><strong>Georgio</strong></span> <span class='ocrx_word' id='word_1_166' title='bbox 1391 2509 1620 2564; x_wconf 85' lang='lat' dir='ltr'><strong>Coresio</strong></span> <span class='ocrx_word' id='word_1_167' title='bbox 1677 2518 1828 2573; x_wconf 79' lang='lat' dir='ltr'><strong>nota,</strong></span> <span class='ocrx_word' id='word_1_168' title='bbox 1853 2511 1960 2566; x_wconf 93' lang='lat' dir='ltr'><strong>hoc</strong></span> <span class='ocrx_word' id='word_1_169' title='bbox 1984 2523 2145 2580; x_wconf 88' lang='lat' dir='ltr'><strong>pacto</strong></span> 
     </span>
    </p>
   </div>
   <div class='ocr_carea' id='block_1_27' title="bbox 577 2596 2141 2668">
    <p class='ocr_par' dir='ltr' id='par_1_27' title="bbox 577 2596 2141 2668">
     <span class='ocr_line' id='line_1_27' title="bbox 577 2596 2141 2668; baseline -0.001 -17"><span class='ocrx_word' id='word_1_170' title='bbox 577 2599 710 2651; x_wconf 89' lang='lat' dir='ltr'><strong>mihi</strong></span> <span class='ocrx_word' id='word_1_171' title='bbox 736 2599 1034 2667; x_wconf 65' lang='lat' dir='ltr'><strong>esponitur</strong></span> <span class='ocrx_word' id='word_1_172' title='bbox 1059 2599 1111 2651; x_wconf 93' lang='lat' dir='ltr'><strong>in</strong></span> <span class='ocrx_word' id='word_1_173' title='bbox 1141 2599 1443 2662; x_wconf 80' lang='lat' dir='ltr'><strong>rescriptis.</strong></span> <span class='ocrx_word' id='word_1_174' title='bbox 1465 2598 1808 2668; x_wconf 81' lang='grc' dir='ltr'>Σκαρὰνικον</span> <span class='ocrx_word' id='word_1_175' title='bbox 1835 2596 2141 2651; x_wconf 78' lang='lat' dir='ltr'><strong>vestimenti</strong></span> 
     </span>
    </p>
   </div>
   <div class='ocr_carea' id='block_1_28' title="bbox 575 2690 2146 2760">
    <p class='ocr_par' dir='ltr' id='par_1_28' title="bbox 575 2690 2146 2760">
     <span class='ocr_line' id='line_1_28' title="bbox 575 2690 2146 2760; baseline -0.003 -18"><span class='ocrx_word' id='word_1_176' title='bbox 575 2705 752 2760; x_wconf 71' lang='lat' dir='ltr'><strong>genus</strong></span> <span class='ocrx_word' id='word_1_177' title='bbox 786 2699 868 2742; x_wconf 89' lang='lat' dir='ltr'><strong>est</strong></span> <span class='ocrx_word' id='word_1_178' title='bbox 892 2705 998 2742; x_wconf 85' lang='lat' dir='ltr'><strong>non</strong></span> <span class='ocrx_word' id='word_1_179' title='bbox 1034 2703 1142 2742; x_wconf 90' lang='lat' dir='ltr'><strong>uno</strong></span> <span class='ocrx_word' id='word_1_180' title='bbox 1163 2705 1342 2755; x_wconf 85' lang='lat' dir='ltr'><strong>panno</strong></span> <span class='ocrx_word' id='word_1_181' title='bbox 1366 2690 1640 2752; x_wconf 78' lang='lat' dir='ltr'><strong>continui,</strong></span> <span class='ocrx_word' id='word_1_182' title='bbox 1690 2701 1745 2741; x_wconf 90' lang='lat' dir='ltr'><strong>ut</strong></span> <span class='ocrx_word' id='word_1_183' title='bbox 1782 2704 1882 2742; x_wconf 92' lang='lat' dir='ltr'><strong>nec</strong></span> <span class='ocrx_word' id='word_1_184' title='bbox 1905 2703 2017 2742; x_wconf 87' lang='lat' dir='ltr'><strong>uno</strong></span> <span class='ocrx_word' id='word_1_185' title='bbox 2050 2703 2146 2742; x_wconf 82' lang='lat' dir='ltr'><strong>co-</strong></span> 
     </span>
    </p>
   </div>
   <div class='ocr_carea' id='block_1_29' title="bbox 576 2778 2145 2849">
    <p class='ocr_par' dir='ltr' id='par_1_29' title="bbox 576 2778 2145 2849">
     <span class='ocr_line' id='line_1_29' title="bbox 576 2778 2145 2849; baseline -0.003 -15"><span class='ocrx_word' id='word_1_186' title='bbox 576 2781 691 2834; x_wconf 85' lang='lat' dir='ltr'><strong>lore</strong></span> <span class='ocrx_word' id='word_1_187' title='bbox 718 2780 1023 2847; x_wconf 89' lang='lat' dir='ltr'><strong>conspicui,</strong></span> <span class='ocrx_word' id='word_1_188' title='bbox 1054 2778 1210 2849; x_wconf 80' lang='lat' dir='ltr'><strong>cujus</strong></span> <span class='ocrx_word' id='word_1_189' title='bbox 1231 2781 1472 2832; x_wconf 79' lang='lat' dir='ltr'><strong>exterior</strong></span> <span class='ocrx_word' id='word_1_190' title='bbox 1498 2781 1708 2847; x_wconf 83' lang='lat' dir='ltr'><strong>species</strong></span> <span class='ocrx_word' id='word_1_191' title='bbox 1737 2780 1920 2841; x_wconf 87' lang='lat' dir='ltr'><strong>rubra,</strong></span> <span class='ocrx_word' id='word_1_192' title='bbox 1954 2778 2145 2831; x_wconf 68' lang='lat' dir='ltr'><strong>tmnia-</strong></span> 
     </span>
    </p>
   </div>
   <div class='ocr_carea' id='block_1_30' title="bbox 578 2870 2143 2941">
    <p class='ocr_par' dir='ltr' id='par_1_30' title="bbox 578 2870 2143 2941">
     <span class='ocr_line' id='line_1_30' title="bbox 578 2870 2143 2941; baseline -0.002 -15"><span class='ocrx_word' id='word_1_193' title='bbox 578 2873 672 2926; x_wconf 89' lang='lat' dir='ltr'><strong>tim</strong></span> <span class='ocrx_word' id='word_1_194' title='bbox 705 2882 760 2927; x_wconf 82' lang='lat' dir='ltr'><strong>et</strong></span> <span class='ocrx_word' id='word_1_195' title='bbox 803 2887 900 2941; x_wconf 85' lang='lat' dir='ltr'><strong>per</strong></span> <span class='ocrx_word' id='word_1_196' title='bbox 924 2871 1038 2926; x_wconf 86' lang='lat' dir='ltr'><strong>lora</strong></span> <span class='ocrx_word' id='word_1_197' title='bbox 1085 2872 1284 2936; x_wconf 84' lang='lat' dir='ltr'><strong>divisa,</strong></span> <span class='ocrx_word' id='word_1_198' title='bbox 1317 2871 1604 2924; x_wconf 81' lang='lat' dir='ltr'><strong>candidam</strong></span> <span class='ocrx_word' id='word_1_199' title='bbox 1666 2870 1980 2925; x_wconf 86' lang='lat' dir='ltr'><strong>interiorem</strong></span> <span class='ocrx_word' id='word_1_200' title='bbox 2014 2871 2143 2924; x_wconf 85' lang='lat' dir='ltr'><strong>sub-</strong></span> 
     </span>
    </p>
   </div>
   <div class='ocr_carea' id='block_1_31' title="bbox 575 2963 2139 3033">
    <p class='ocr_par' dir='ltr' id='par_1_31' title="bbox 575 2963 2139 3033">
     <span class='ocr_line' id='line_1_31' title="bbox 575 2963 2139 3033; baseline -0.003 -15"><span class='ocrx_word' id='word_1_201' title='bbox 575 2965 798 3020; x_wconf 83' lang='lat' dir='ltr'><strong>ductam</strong></span> <span class='ocrx_word' id='word_1_202' title='bbox 865 2981 986 3020; x_wconf 86' lang='lat' dir='ltr'><strong>sese</strong></span> <span class='ocrx_word' id='word_1_203' title='bbox 1029 2975 1254 3018; x_wconf 79' lang='lat' dir='ltr'><strong>vetuiste</strong></span> <span class='ocrx_word' id='word_1_204' title='bbox 1289 2965 1534 3033; x_wconf 80' lang='lat' dir='ltr'><strong>proferre</strong></span> <span class='ocrx_word' id='word_1_205' title='bbox 1565 2973 1618 3017; x_wconf 90' lang='lat' dir='ltr'><strong>et</strong></span> <span class='ocrx_word' id='word_1_206' title='bbox 1656 2964 1806 3017; x_wconf 86' lang='lat' dir='ltr'><strong>velut</strong></span> <span class='ocrx_word' id='word_1_207' title='bbox 1837 2963 2139 3016; x_wconf 88' lang='lat' dir='ltr'><strong>latitantem</strong></span> 
     </span>
    </p>
   </div>
   <div class='ocr_carea' id='block_1_32' title="bbox 573 3055 2140 3126">
    <p class='ocr_par' dir='ltr' id='par_1_32' title="bbox 573 3055 2140 3126">
     <span class='ocr_line' id='line_1_32' title="bbox 573 3055 2140 3126; baseline -0.003 -15"><span class='ocrx_word' id='word_1_208' title='bbox 573 3062 812 3111; x_wconf 83' lang='lat' dir='ltr'><strong>educere</strong></span> <span class='ocrx_word' id='word_1_209' title='bbox 855 3057 1153 3125; x_wconf 81' lang='lat' dir='ltr'><strong>permittit:</strong></span> <span class='ocrx_word' id='word_1_210' title='bbox 1209 3071 1316 3126; x_wconf 88' lang='lat' dir='ltr'><strong>qua</strong></span> <span class='ocrx_word' id='word_1_211' title='bbox 1362 3055 1429 3109; x_wconf 88' lang='lat' dir='ltr'><strong>de</strong></span> <span class='ocrx_word' id='word_1_212' title='bbox 1461 3081 1464 3085; x_wconf 89' lang='lat'><strong><em>-</em></strong></span> <span class='ocrx_word' id='word_1_213' title='bbox 1495 3070 1661 3110; x_wconf 88' lang='lat' dir='ltr'><strong>causa</strong></span> <span class='ocrx_word' id='word_1_214' title='bbox 1707 3070 1828 3108; x_wconf 89' lang='lat' dir='ltr'><strong>cum</strong></span> <span class='ocrx_word' id='word_1_215' title='bbox 1878 3055 2140 3123; x_wconf 76' lang='grc' dir='ltr'><strong>ἐσχάρας,</strong></span> 
     </span>
    </p>
   </div>
   <div class='ocr_carea' id='block_1_33' title="bbox 2251 607 3809 684">
    <p class='ocr_par' dir='ltr' id='par_1_33' title="bbox 2251 607 3809 684">
     <span class='ocr_line' id='line_1_33' title="bbox 2251 607 3809 684; baseline 0.012 -22"><span class='ocrx_word' id='word_1_216' title='bbox 2251 607 2482 676; x_wconf 79' lang='lat' dir='ltr'><strong>Collega,</strong></span> <span class='ocrx_word' id='word_1_217' title='bbox 2544 611 2782 679; x_wconf 88' lang='lat' dir='ltr'><strong>suscepti</strong></span> <span class='ocrx_word' id='word_1_218' title='bbox 2829 611 2897 666; x_wconf 91' lang='lat' dir='ltr'><strong>ab</strong></span> <span class='ocrx_word' id='word_1_219' title='bbox 2960 629 3026 667; x_wconf 90' lang='lat' dir='ltr'><strong>eo</strong></span> <span class='ocrx_word' id='word_1_220' title='bbox 3065 618 3326 684; x_wconf 85' lang='lat' dir='ltr'><strong>propositi</strong></span> <span class='ocrx_word' id='word_1_221' title='bbox 3381 619 3736 678; x_wconf 81' lang='lat' dir='ltr'><strong>ﬁdelissimus</strong></span> <span class='ocrx_word' id='word_1_222' title='bbox 3759 637 3809 679; x_wconf 90' lang='lat' dir='ltr'><strong>et</strong></span> 
     </span>
    </p>
   </div>
   <div class='ocr_carea' id='block_1_34' title="bbox 2251 697 3804 780">
    <p class='ocr_par' dir='ltr' id='par_1_34' title="bbox 2251 697 3804 780">
     <span class='ocr_line' id='line_1_34' title="bbox 2251 697 3804 780; baseline 0.012 -29"><span class='ocrx_word' id='word_1_223' title='bbox 2251 697 2588 755; x_wconf 77' lang='lat' dir='ltr'><strong>fortissimus</strong></span> <span class='ocrx_word' id='word_1_224' title='bbox 2617 706 3222 775; x_wconf 46' lang='lat' dir='ltr'><strong>exsecutor,‘sculptam</strong></span> <span class='ocrx_word' id='word_1_225' title='bbox 3254 709 3375 778; x_wconf 84' lang='lat' dir='ltr'><strong>ejus</strong></span> <span class='ocrx_word' id='word_1_226' title='bbox 3421 711 3721 780; x_wconf 73' lang='lat' dir='ltr'><strong>imaginem</strong></span> <span class='ocrx_word' id='word_1_227' title='bbox 3756 716 3804 770; x_wconf 94' lang='lat' dir='ltr'><strong>in</strong></span> 
     </span>
    </p>
   </div>
   <div class='ocr_carea' id='block_1_35' title="bbox 2250 794 3804 868">
    <p class='ocr_par' dir='ltr' id='par_1_35' title="bbox 2250 794 3804 868">
     <span class='ocr_line' id='line_1_35' title="bbox 2250 794 3804 868; baseline 0.012 -28"><span class='ocrx_word' id='word_1_228' title='bbox 2250 798 2470 857; x_wconf 89' lang='lat' dir='ltr'><strong>pectore</strong></span> <span class='ocrx_word' id='word_1_229' title='bbox 2527 801 2724 857; x_wconf 79' lang='lat' dir='ltr'><strong>gestat,</strong></span> <span class='ocrx_word' id='word_1_230' title='bbox 2785 802 2844 846; x_wconf 94' lang='lat' dir='ltr'><strong>ut</strong></span> <span class='ocrx_word' id='word_1_231' title='bbox 2891 794 3112 865; x_wconf 77' lang='grc' dir='ltr'><strong>προθεὶς</strong></span> <span class='ocrx_word' id='word_1_232' title='bbox 3137 798 3235 868; x_wconf 78' lang='grc' dir='ltr'><strong>τὴν</strong></span> <span class='ocrx_word' id='word_1_233' title='bbox 3269 800 3471 864; x_wconf 75' lang='grc' dir='ltr'>εικόνα,</span> <span class='ocrx_word' id='word_1_234' title='bbox 3513 801 3804 859; x_wconf 83' lang='lat' dir='ltr'><strong>Herudiani</strong></span> 
     </span>
    </p>
   </div>
   <div class='ocr_carea' id='block_1_36' title="bbox 2250 878 3810 964">
    <p class='ocr_par' dir='ltr' id='par_1_36' title="bbox 2250 878 3810 964">
     <span class='ocr_line' id='line_1_36' title="bbox 2250 878 3810 964; baseline 0.01 -36"><span class='ocrx_word' id='word_1_235' title='bbox 2250 878 2434 932; x_wconf 82' lang='lat' dir='ltr'><strong>verbis</strong></span> <span class='ocrx_word' id='word_1_236' title='bbox 2492 894 2636 944; x_wconf 79' lang='lat' dir='ltr'><strong>litor,</strong></span> <span class='ocrx_word' id='word_1_237' title='bbox 2677 878 2964 949; x_wconf 79' lang='grc' dir='ltr'>στεφάνοις</span> <span class='ocrx_word' id='word_1_238' title='bbox 2991 889 3090 938; x_wconf 80' lang='grc' dir='ltr'><strong>καὶ</strong></span> <span class='ocrx_word' id='word_1_239' title='bbox 3116 887 3346 956; x_wconf 80' lang='grc' dir='ltr'><strong>δάφναις</strong></span> <span class='ocrx_word' id='word_1_240' title='bbox 3383 896 3810 964; x_wconf 70' lang='grc' dir='ltr'><strong>κεκοσμημένην</strong></span> 
     </span>
    </p>
   </div>
   <div class='ocr_carea' id='block_1_37' title="bbox 2249 969 3809 1058">
    <p class='ocr_par' dir='ltr' id='par_1_37' title="bbox 2249 969 3809 1058">
     <span class='ocr_line' id='line_1_37' title="bbox 2249 969 3809 1058; baseline 0.022 -38"><span class='ocrx_word' id='word_1_241' title='bbox 2249 969 2410 1032; x_wconf 76' lang='grc' dir='ltr'><strong>αὑτός</strong></span> <span class='ocrx_word' id='word_1_242' title='bbox 2456 971 2504 1024; x_wconf 83' lang='grc' dir='ltr'><strong>τ’</strong></span> <span class='ocrx_word' id='word_1_243' title='bbox 2541 974 2838 1047; x_wconf 71' lang='grc' dir='ltr'><strong>εὒφημήσῃ</strong></span> <span class='ocrx_word' id='word_1_244' title='bbox 2878 980 2971 1031; x_wconf 77' lang='grc' dir='ltr'>καὶ</span> <span class='ocrx_word' id='word_1_245' title='bbox 3023 982 3150 1044; x_wconf 77' lang='grc' dir='ltr'><strong>τοὺς</strong></span> <span class='ocrx_word' id='word_1_246' title='bbox 3210 983 3552 1054; x_wconf 79' lang='grc' dir='ltr'><strong>στρατιώτας</strong></span> <span class='ocrx_word' id='word_1_247' title='bbox 3610 987 3809 1058; x_wconf 73' lang='grc' dir='ltr'><strong>ἀξιώσῃ</strong></span> 
     </span>
    </p>
   </div>
   <div class='ocr_carea' id='block_1_38' title="bbox 2247 1061 3810 1141">
    <p class='ocr_par' dir='ltr' id='par_1_38' title="bbox 2247 1061 3810 1141">
     <span class='ocr_line' id='line_1_38' title="bbox 2247 1061 3810 1141; baseline 0.012 -30"><span class='ocrx_word' id='word_1_248' title='bbox 2247 1061 2513 1130; x_wconf 78' lang='grc' dir='ltr'><strong>γνωρίσαι</strong></span> <span class='ocrx_word' id='word_1_249' title='bbox 2559 1066 2659 1116; x_wconf 77' lang='grc' dir='ltr'><strong>καὶ</strong></span> <span class='ocrx_word' id='word_1_250' title='bbox 2703 1065 3041 1138; x_wconf 77' lang='grc' dir='ltr'><strong>εὖφημῆσαι.</strong></span> <span class='ocrx_word' id='word_1_251' title='bbox 3079 1071 3273 1126; x_wconf 78' lang='lat' dir='ltr'><strong>Oblata</strong></span> <span class='ocrx_word' id='word_1_252' title='bbox 3311 1075 3645 1141; x_wconf 82' lang='lat' dir='ltr'><strong>imperatoris</strong></span> <span class='ocrx_word' id='word_1_253' title='bbox 3681 1080 3810 1129; x_wconf 67' lang='lat' dir='ltr'><strong>ima.</strong></span> 
     </span>
    </p>
   </div>
   <div class='ocr_carea' id='block_1_39' title="bbox 2246 1153 3812 1236">
    <p class='ocr_par' dir='ltr' id='par_1_39' title="bbox 2246 1153 3812 1236">
     <span class='ocr_line' id='line_1_39' title="bbox 2246 1153 3812 1236; baseline 0.01 -32"><span class='ocrx_word' id='word_1_254' title='bbox 2246 1153 2364 1220; x_wconf 82' lang='lat' dir='ltr'><strong>gine</strong></span> <span class='ocrx_word' id='word_1_255' title='bbox 2419 1156 2626 1206; x_wconf 73' lang='lat' dir='ltr'><strong>coronis</strong></span> <span class='ocrx_word' id='word_1_256' title='bbox 2659 1165 2707 1208; x_wconf 85' lang='lat' dir='ltr'><strong>ct</strong></span> <span class='ocrx_word' id='word_1_257' title='bbox 2755 1157 2953 1211; x_wconf 78' lang='lat' dir='ltr'><strong>laureis</strong></span> <span class='ocrx_word' id='word_1_258' title='bbox 3005 1171 3216 1224; x_wconf 82' lang='lat' dir='ltr'><strong>ornata.</strong></span> <span class='ocrx_word' id='word_1_259' title='bbox 3247 1167 3447 1232; x_wconf 78' lang='lat' dir='ltr'><strong>primus</strong></span> <span class='ocrx_word' id='word_1_260' title='bbox 3477 1167 3588 1234; x_wconf 83' lang='lat' dir='ltr'><strong>ipse</strong></span> <span class='ocrx_word' id='word_1_261' title='bbox 3627 1168 3812 1236; x_wconf 76' lang='lat' dir='ltr'><strong>faustis</strong></span> 
     </span>
    </p>
   </div>
   <div class='ocr_carea' id='block_1_40' title="bbox 2248 1244 3810 1336">
    <p class='ocr_par' dir='ltr' id='par_1_40' title="bbox 2248 1244 3810 1336">
     <span class='ocr_line' id='line_1_40' title="bbox 2248 1244 3810 1336; baseline 0.01 -38"><span class='ocrx_word' id='word_1_262' title='bbox 2248 1244 3116 1336; x_wconf 53' lang='lat' dir='ltr'><strong>acclamationibusprosequatur</strong></span> <span class='ocrx_word' id='word_1_263' title='bbox 3180 1266 3228 1308; x_wconf 89' lang='lat' dir='ltr'><strong>et</strong></span> <span class='ocrx_word' id='word_1_264' title='bbox 3285 1255 3476 1312; x_wconf 79' lang='lat' dir='ltr'><strong>milites</strong></span> <span class='ocrx_word' id='word_1_265' title='bbox 3535 1275 3810 1328; x_wconf 56' lang='lat' dir='ltr'><strong>agnoscnre</strong></span> 
     </span>
    </p>
   </div>
   <div class='ocr_carea' id='block_1_41' title="bbox 2247 1337 3813 1416">
    <p class='ocr_par' dir='ltr' id='par_1_41' title="bbox 2247 1337 3813 1416">
     <span class='ocr_line' id='line_1_41' title="bbox 2247 1337 3813 1416; baseline 0.01 -28"><span class='ocrx_word' id='word_1_266' title='bbox 2247 1343 2297 1388; x_wconf 84' lang='lat' dir='ltr'><strong>ct</strong></span> <span class='ocrx_word' id='word_1_267' title='bbox 2330 1337 2458 1389; x_wconf 84' lang='lat' dir='ltr'><strong>votis</strong></span> <span class='ocrx_word' id='word_1_268' title='bbox 2478 1338 2650 1406; x_wconf 70' lang='lat' dir='ltr'><strong>facere</strong></span> <span class='ocrx_word' id='word_1_269' title='bbox 2676 1340 3322 1414; x_wconf 81' lang='lat' dir='ltr'><strong>adhortc.&#39;ttr.&#39;Eapropter</strong></span> <span class='ocrx_word' id='word_1_270' title='bbox 3348 1349 3644 1416; x_wconf 67' lang='lat' dir='ltr'><strong>praefectis,</strong></span> <span class='ocrx_word' id='word_1_271' title='bbox 3667 1352 3813 1403; x_wconf 84' lang='lat' dir='ltr'><strong>duci-</strong></span> 
     </span>
    </p>
   </div>
   <div class='ocr_carea' id='block_1_42' title="bbox 2250 1427 3809 1508">
    <p class='ocr_par' dir='ltr' id='par_1_42' title="bbox 2250 1427 3809 1508">
     <span class='ocr_line' id='line_1_42' title="bbox 2250 1427 3809 1508; baseline 0.01 -28"><span class='ocrx_word' id='word_1_272' title='bbox 2250 1427 2373 1489; x_wconf 90' lang='lat' dir='ltr'><strong>bus,</strong></span> <span class='ocrx_word' id='word_1_273' title='bbox 2402 1429 2700 1484; x_wconf 88' lang='lat' dir='ltr'><strong>comitibus</strong></span> <span class='ocrx_word' id='word_1_274' title='bbox 2723 1443 3020 1488; x_wconf 88' lang='lat' dir='ltr'><strong>coronatas</strong></span> <span class='ocrx_word' id='word_1_275' title='bbox 3040 1437 3347 1505; x_wconf 84' lang='lat' dir='ltr'><strong>principum</strong></span> <span class='ocrx_word' id='word_1_276' title='bbox 3381 1439 3653 1508; x_wconf 77' lang='lat' dir='ltr'><strong>imagines</strong></span> <span class='ocrx_word' id='word_1_277' title='bbox 3673 1441 3809 1497; x_wconf 84' lang='lat' dir='ltr'><strong>inter</strong></span> 
     </span>
    </p>
   </div>
   <div class='ocr_carea' id='block_1_43' title="bbox 2251 1521 3859 1602">
    <p class='ocr_par' dir='ltr' id='par_1_43' title="bbox 2251 1521 3859 1602">
     <span class='ocr_line' id='line_1_43' title="bbox 2251 1521 3859 1602; baseline 0.009 -30"><span class='ocrx_word' id='word_1_278' title='bbox 2251 1521 2551 1588; x_wconf 70' lang='lat' dir='ltr'><strong>praecipuas</strong></span> <span class='ocrx_word' id='word_1_279' title='bbox 2607 1521 2908 1591; x_wconf 74' lang='lat' dir='ltr'><strong>insignium</strong></span> <span class='ocrx_word' id='word_1_280' title='bbox 2964 1537 3150 1594; x_wconf 88' lang='lat' dir='ltr'><strong>partes</strong></span> <span class='ocrx_word' id='word_1_281' title='bbox 3195 1529 3250 1582; x_wconf 93' lang='lat' dir='ltr'><strong>in</strong></span> <span class='ocrx_word' id='word_1_282' title='bbox 3293 1529 3420 1597; x_wconf 88' lang='lat' dir='ltr'><strong>pilis</strong></span> <span class='ocrx_word' id='word_1_283' title='bbox 3474 1531 3713 1587; x_wconf 86' lang='lat' dir='ltr'><strong>donatas</strong></span> <span class='ocrx_word' id='word_1_284' title='bbox 3755 1535 3859 1602; x_wconf 66' lang='lat' dir='ltr'><strong>in.</strong></span> 
     </span>
    </p>
   </div>
   <div class='ocr_carea' id='block_1_44' title="bbox 2249 1611 3811 1679">
    <p class='ocr_par' dir='ltr' id='par_1_44' title="bbox 2249 1611 3811 1679">
     <span class='ocr_line' id='line_1_44' title="bbox 2249 1611 3811 1679; baseline 0.01 -17"><span class='ocrx_word' id='word_1_285' title='bbox 2249 1611 2460 1679; x_wconf 89' lang='lat' dir='ltr'><strong>imperii</strong></span> <span class='ocrx_word' id='word_1_286' title='bbox 2518 1611 2743 1679; x_wconf 84' lang='lat' dir='ltr'><strong>Notitia,</strong></span> <span class='ocrx_word' id='word_1_287' title='bbox 2774 1615 3020 1669; x_wconf 84' lang='lat' dir='ltr'><strong>vestibus</strong></span> <span class='ocrx_word' id='word_1_288' title='bbox 3066 1617 3253 1674; x_wconf 81' lang='lat' dir='ltr'><strong>alIixas</strong></span> <span class='ocrx_word' id='word_1_289' title='bbox 3280 1630 3406 1674; x_wconf 87' lang='lat' dir='ltr'><strong>ante</strong></span> <span class='ocrx_word' id='word_1_290' title='bbox 3440 1620 3642 1676; x_wconf 83' lang='lat' dir='ltr'><strong>Justiui</strong></span> <span class='ocrx_word' id='word_1_291' title='bbox 3674 1633 3811 1676; x_wconf 81' lang='lat' dir='ltr'><strong>tem-</strong></span> 
     </span>
    </p>
   </div>
   <div class='ocr_carea' id='block_1_45' title="bbox 2248 1700 3812 1780">
    <p class='ocr_par' dir='ltr' id='par_1_45' title="bbox 2248 1700 3812 1780">
     <span class='ocr_line' id='line_1_45' title="bbox 2248 1700 3812 1780; baseline 0.01 -29"><span class='ocrx_word' id='word_1_292' title='bbox 2248 1714 2378 1768; x_wconf 86' lang='lat' dir='ltr'><strong>pora</strong></span> <span class='ocrx_word' id='word_1_293' title='bbox 2419 1715 2528 1754; x_wconf 91' lang='lat' dir='ltr'><strong>non</strong></span> <span class='ocrx_word' id='word_1_294' title='bbox 2589 1700 2729 1769; x_wconf 79' lang='lat' dir='ltr'><strong>lego.</strong></span> <span class='ocrx_word' id='word_1_295' title='bbox 2786 1703 3009 1772; x_wconf 79' lang='lat' dir='ltr'><strong>Angelis</strong></span> <span class='ocrx_word' id='word_1_296' title='bbox 3053 1706 3138 1760; x_wconf 89' lang='lat' dir='ltr'><strong>hic</strong></span> <span class='ocrx_word' id='word_1_297' title='bbox 3180 1710 3409 1774; x_wconf 72' lang='lat' dir='ltr'><strong>stipatas</strong></span> <span class='ocrx_word' id='word_1_298' title='bbox 3458 1711 3640 1776; x_wconf 80' lang='lat' dir='ltr'><strong>video,</strong></span> <span class='ocrx_word' id='word_1_299' title='bbox 3675 1728 3812 1780; x_wconf 88' lang='lat' dir='ltr'><strong>quos</strong></span> 
     </span>
    </p>
   </div>
   <div class='ocr_carea' id='block_1_46' title="bbox 2247 1791 3809 1861">
    <p class='ocr_par' dir='ltr' id='par_1_46' title="bbox 2247 1791 3809 1861">
     <span class='ocr_line' id='line_1_46' title="bbox 2247 1791 3809 1861; baseline 0.01 -19"><span class='ocrx_word' id='word_1_300' title='bbox 2247 1791 2727 1861; x_wconf 73' lang='grc' dir='ltr'><strong>ἀρχιστρατήγους</strong></span> <span class='ocrx_word' id='word_1_301' title='bbox 2758 1809 2908 1855; x_wconf 76' lang='lat' dir='ltr'><strong>reor</strong></span> <span class='ocrx_word' id='word_1_302' title='bbox 2978 1798 3046 1850; x_wconf 92' lang='lat' dir='ltr'><strong>ob</strong></span> <span class='ocrx_word' id='word_1_303' title='bbox 3096 1812 3441 1854; x_wconf 87' lang='lat' dir='ltr'><strong>communem</strong></span> <span class='ocrx_word' id='word_1_304' title='bbox 3491 1800 3809 1857; x_wconf 63' lang='lat' dir='ltr'><strong>Graecorum</strong></span> 
     </span>
    </p>
   </div>
   <div class='ocr_carea' id='block_1_47' title="bbox 2247 1869 3844 1952">
    <p class='ocr_par' dir='ltr' id='par_1_47' title="bbox 2247 1869 3844 1952">
     <span class='ocr_line' id='line_1_47' title="bbox 2247 1869 3844 1952; baseline 0.01 -19"><span class='ocrx_word' id='word_1_305' title='bbox 2247 1882 2491 1934; x_wconf 87' lang='lat' dir='ltr'><strong>omnium</strong></span> <span class='ocrx_word' id='word_1_306' title='bbox 2522 1898 2647 1952; x_wconf 76' lang='lat' dir='ltr'><strong>erga</strong></span> <span class='ocrx_word' id='word_1_307' title='bbox 2677 1899 2772 1938; x_wconf 86' lang='lat' dir='ltr'><strong>eos</strong></span> <span class='ocrx_word' id='word_1_308' title='bbox 2807 1887 3040 1942; x_wconf 90' lang='lat' dir='ltr'><strong>cultum.</strong></span> <span class='ocrx_word' id='word_1_309' title='bbox 3075 1887 3389 1946; x_wconf 76' lang='lat' dir='ltr'><strong>Michaelem</strong></span> <span class='ocrx_word' id='word_1_310' title='bbox 3421 1893 3568 1947; x_wconf 86' lang='lat' dir='ltr'><strong>enim</strong></span> <span class='ocrx_word' id='word_1_311' title='bbox 3606 1869 3844 1950; x_wconf 38' lang='lat' dir='ltr'><strong>habent.</strong></span> 
     </span>
    </p>
   </div>
   <div class='ocr_carea' id='block_1_48' title="bbox 2248 1969 3811 2055">
    <p class='ocr_par' dir='ltr' id='par_1_48' title="bbox 2248 1969 3811 2055">
     <span class='ocr_line' id='line_1_48' title="bbox 2248 1969 3811 2055; baseline 0.012 -33"><span class='ocrx_word' id='word_1_312' title='bbox 2248 1969 2302 2022; x_wconf 88' lang='lat' dir='ltr'><strong>in</strong></span> <span class='ocrx_word' id='word_1_313' title='bbox 2344 1970 2520 2038; x_wconf 87' lang='lat' dir='ltr'><strong>primo</strong></span> <span class='ocrx_word' id='word_1_314' title='bbox 2559 1975 2760 2027; x_wconf 80' lang='lat' dir='ltr'><strong>vexillo</strong></span> <span class='ocrx_word' id='word_1_315' title='bbox 2801 1976 3076 2046; x_wconf 87' lang='lat' dir='ltr'><strong>depictum</strong></span> <span class='ocrx_word' id='word_1_316' title='bbox 3142 1979 3286 2036; x_wconf 82' lang='lat' dir='ltr'><strong>inira</strong></span> <span class='ocrx_word' id='word_1_317' title='bbox 3336 1997 3388 2037; x_wconf 89' lang='lat' dir='ltr'><strong>c.</strong></span> <span class='ocrx_word' id='word_1_318' title='bbox 3433 1983 3488 2049; x_wconf 88' lang='lat'><strong>6,</strong></span> <span class='ocrx_word' id='word_1_319' title='bbox 3517 1986 3811 2055; x_wconf 73' lang='lat' dir='ltr'><strong>eidemque</strong></span> 
     </span>
    </p>
   </div>
   <div class='ocr_carea' id='block_1_49' title="bbox 2247 2059 3816 2133">
    <p class='ocr_par' dir='ltr' id='par_1_49' title="bbox 2247 2059 3816 2133">
     <span class='ocr_line' id='line_1_49' title="bbox 2247 2059 3816 2133; baseline 0.011 -20"><span class='ocrx_word' id='word_1_320' title='bbox 2247 2059 2399 2124; x_wconf 86' lang='lat' dir='ltr'><strong>olim,</strong></span> <span class='ocrx_word' id='word_1_321' title='bbox 2439 2065 2706 2133; x_wconf 87' lang='lat' dir='ltr'><strong>scriptore</strong></span> <span class='ocrx_word' id='word_1_322' title='bbox 2739 2067 3010 2131; x_wconf 87' lang='lat' dir='ltr'><strong>Cedreno.</strong></span> <span class='ocrx_word' id='word_1_323' title='bbox 3061 2068 3313 2128; x_wconf 79' lang='lat' dir='ltr'><strong>Justinus</strong></span> <span class='ocrx_word' id='word_1_324' title='bbox 3351 2077 3705 2130; x_wconf 78' lang='lat' dir='ltr'><strong>consecravit</strong></span> <span class='ocrx_word' id='word_1_325' title='bbox 3731 2094 3816 2129; x_wconf 72' lang='lat' dir='ltr'><strong>er-</strong></span> 
     </span>
    </p>
   </div>
   <div class='ocr_carea' id='block_1_50' title="bbox 2245 2149 3804 2227">
    <p class='ocr_par' dir='ltr' id='par_1_50' title="bbox 2245 2149 3804 2227">
     <span class='ocr_line' id='line_1_50' title="bbox 2245 2149 3804 2227; baseline 0.009 -24"><span class='ocrx_word' id='word_1_326' title='bbox 2245 2149 2466 2204; x_wconf 85' lang='lat' dir='ltr'><strong>clesiam</strong></span> <span class='ocrx_word' id='word_1_327' title='bbox 2495 2167 2509 2206; x_wconf 90' lang='lat'><strong>:</strong></span> <span class='ocrx_word' id='word_1_328' title='bbox 2542 2154 2760 2223; x_wconf 88' lang='lat' dir='ltr'><strong>utrique</strong></span> <span class='ocrx_word' id='word_1_329' title='bbox 2800 2156 2959 2227; x_wconf 79' lang='lat'><strong>235</strong></span> <span class='ocrx_word' id='word_1_330' title='bbox 3013 2175 3142 2215; x_wconf 88' lang='lat' dir='ltr'><strong>vero</strong></span> <span class='ocrx_word' id='word_1_331' title='bbox 3175 2159 3423 2217; x_wconf 80' lang='lat' dir='ltr'><strong>Mit-haeli</strong></span> <span class='ocrx_word' id='word_1_332' title='bbox 3453 2174 3506 2217; x_wconf 89' lang='lat' dir='ltr'><strong>ct</strong></span> <span class='ocrx_word' id='word_1_333' title='bbox 3533 2162 3804 2224; x_wconf 86' lang='lat' dir='ltr'><strong>Gabrieli.</strong></span> 
     </span>
    </p>
   </div>
   <div class='ocr_carea' id='block_1_51' title="bbox 2247 2240 3807 2328">
    <p class='ocr_par' dir='ltr' id='par_1_51' title="bbox 2247 2240 3807 2328">
     <span class='ocr_line' id='line_1_51' title="bbox 2247 2240 3807 2328; baseline 0.011 -34"><span class='ocrx_word' id='word_1_334' title='bbox 2247 2240 2490 2297; x_wconf 78' lang='lat' dir='ltr'><strong>ccclesiis</strong></span> <span class='ocrx_word' id='word_1_335' title='bbox 2561 2245 2768 2299; x_wconf 61' lang='lat' dir='ltr'><strong>militie</strong></span> <span class='ocrx_word' id='word_1_336' title='bbox 2827 2249 3201 2320; x_wconf 82' lang='lat' dir='ltr'><strong>principibus,</strong></span> <span class='ocrx_word' id='word_1_337' title='bbox 3279 2253 3518 2328; x_wconf 67' lang='lat' dir='ltr'><strong>Basilius</strong></span> <span class='ocrx_word' id='word_1_338' title='bbox 3593 2257 3807 2328; x_wconf 80' lang='lat' dir='ltr'><strong>regiam</strong></span> 
     </span>
    </p>
   </div>
   <div class='ocr_carea' id='block_1_52' title="bbox 2247 2334 3814 2413">
    <p class='ocr_par' dir='ltr' id='par_1_52' title="bbox 2247 2334 3814 2413">
     <span class='ocr_line' id='line_1_52' title="bbox 2247 2334 3814 2413; baseline 0.008 -27"><span class='ocrx_word' id='word_1_339' title='bbox 2247 2334 2420 2386; x_wconf 71' lang='lat' dir='ltr'><strong>aedem</strong></span> <span class='ocrx_word' id='word_1_340' title='bbox 2493 2337 2676 2409; x_wconf 60' lang='lat' dir='ltr'><strong>posuit</strong></span> <span class='ocrx_word' id='word_1_341' title='bbox 2746 2335 2856 2388; x_wconf 82' lang='grc' dir='ltr'><strong>τῶν</strong></span> <span class='ocrx_word' id='word_1_342' title='bbox 2893 2339 3372 2413; x_wconf 59' lang='grc' dir='ltr'><strong>Ἀρχιστρατήγων</strong></span> <span class='ocrx_word' id='word_1_343' title='bbox 3427 2345 3659 2400; x_wconf 78' lang='lat' dir='ltr'><strong>dictam.</strong></span> <span class='ocrx_word' id='word_1_344' title='bbox 3746 2349 3814 2401; x_wconf 77' lang='lat' dir='ltr'><strong>De</strong></span> 
     </span>
    </p>
   </div>
   <div class='ocr_carea' id='block_1_53' title="bbox 2247 2423 3811 2500">
    <p class='ocr_par' dir='ltr' id='par_1_53' title="bbox 2247 2423 3811 2500">
     <span class='ocr_line' id='line_1_53' title="bbox 2247 2423 3811 2500; baseline 0.008 -23"><span class='ocrx_word' id='word_1_345' title='bbox 2247 2423 2492 2489; x_wconf 63' lang='lat' dir='ltr'><strong>Tmat‘tm,</strong></span> <span class='ocrx_word' id='word_1_346' title='bbox 2523 2428 2602 2478; x_wconf 85' lang='lat' dir='ltr'><strong>vel</strong></span> <span class='ocrx_word' id='word_1_347' title='bbox 2640 2434 2693 2478; x_wconf 90' lang='lat' dir='ltr'><strong>ut</strong></span> <span class='ocrx_word' id='word_1_348' title='bbox 2726 2425 3008 2484; x_wconf 77' lang='lat' dir='ltr'><strong>Ccdrenus</strong></span> <span class='ocrx_word' id='word_1_349' title='bbox 3041 2431 3243 2500; x_wconf 80' lang='lat' dir='ltr'><strong>profert</strong></span> <span class='ocrx_word' id='word_1_350' title='bbox 3273 2431 3508 2498; x_wconf 82' lang='lat' dir='ltr'><strong>Tzatho,</strong></span> <span class='ocrx_word' id='word_1_351' title='bbox 3541 2436 3811 2491; x_wconf 70' lang='lat' dir='ltr'><strong>Lazarum</strong></span> 
     </span>
    </p>
   </div>
   <div class='ocr_carea' id='block_1_54' title="bbox 2247 2517 3812 2600">
    <p class='ocr_par' dir='ltr' id='par_1_54' title="bbox 2247 2517 3812 2600">
     <span class='ocr_line' id='line_1_54' title="bbox 2247 2517 3812 2600; baseline 0.007 -29"><span class='ocrx_word' id='word_1_352' title='bbox 2247 2535 2372 2587; x_wconf 68' lang='lat' dir='ltr'><strong>rrge</strong></span> <span class='ocrx_word' id='word_1_353' title='bbox 2422 2520 2485 2573; x_wconf 82' lang='lat' dir='ltr'><strong>ad</strong></span> <span class='ocrx_word' id='word_1_354' title='bbox 2524 2517 2797 2575; x_wconf 83' lang='lat' dir='ltr'><strong>.Iustinuni</strong></span> <span class='ocrx_word' id='word_1_355' title='bbox 2855 2521 3100 2592; x_wconf 82' lang='lat' dir='ltr'><strong>proiecto</strong></span> <span class='ocrx_word' id='word_1_356' title='bbox 3137 2525 3531 2596; x_wconf 85' lang='lat' dir='ltr'><strong>Theophanes:</strong></span> <span class='ocrx_word' id='word_1_357' title='bbox 3589 2527 3812 2600; x_wconf 80' lang='grc' dir='ltr'><strong>Ἔγημε</strong></span> 
     </span>
    </p>
   </div>
   <div class='ocr_carea' id='block_1_55' title="bbox 2247 2610 3800 2690">
    <p class='ocr_par' dir='ltr' id='par_1_55' title="bbox 2247 2610 3800 2690">
     <span class='ocr_line' id='line_1_55' title="bbox 2247 2610 3800 2690; baseline 0.006 -28"><span class='ocrx_word' id='word_1_358' title='bbox 2247 2610 2481 2674; x_wconf 78' lang='grc' dir='ltr'>Ταίαοος</span> <span class='ocrx_word' id='word_1_359' title='bbox 2536 2616 2768 2680; x_wconf 80' lang='grc' dir='ltr'>γυναῖκα</span> <span class='ocrx_word' id='word_1_360' title='bbox 2811 2614 3084 2686; x_wconf 78' lang='grc' dir='ltr'><strong>Ῥωμαίαν</strong></span> <span class='ocrx_word' id='word_1_361' title='bbox 3110 2617 3204 2670; x_wconf 71' lang='grc' dir='ltr'><strong>καὶ</strong></span> <span class='ocrx_word' id='word_1_362' title='bbox 3244 2618 3466 2687; x_wconf 75' lang='grc' dir='ltr'>ἔγγονον</span> <span class='ocrx_word' id='word_1_363' title='bbox 3502 2621 3644 2690; x_wconf 70' lang='grc' dir='ltr'>ὁμοῧ</span> <span class='ocrx_word' id='word_1_364' title='bbox 3705 2620 3800 2674; x_wconf 80' lang='grc' dir='ltr'><strong>τοῦ</strong></span> 
     </span>
    </p>
   </div>
   <div class='ocr_carea' id='block_1_56' title="bbox 2246 2706 3816 2782">
    <p class='ocr_par' dir='ltr' id='par_1_56' title="bbox 2246 2706 3816 2782">
     <span class='ocr_line' id='line_1_56' title="bbox 2246 2706 3816 2782; baseline 0.008 -24"><span class='ocrx_word' id='word_1_365' title='bbox 2246 2706 2352 2758; x_wconf 77' lang='grc' dir='ltr'><strong>ἀπὸ</strong></span> <span class='ocrx_word' id='word_1_366' title='bbox 2386 2706 2814 2773; x_wconf 75' lang='grc' dir='ltr'>κουροπαλάτου.</span> <span class='ocrx_word' id='word_1_367' title='bbox 2845 2707 2907 2762; x_wconf 84' lang='grc' dir='ltr'><strong>Ει</strong></span> <span class='ocrx_word' id='word_1_368' title='bbox 2935 2710 3107 2766; x_wconf 78' lang='lat' dir='ltr'><strong>inira:</strong></span> <span class='ocrx_word' id='word_1_369' title='bbox 3142 2710 3551 2782; x_wconf 71' lang='grc' dir='ltr'><strong>Προχεερισθεὶς</strong></span> <span class='ocrx_word' id='word_1_370' title='bbox 3576 2717 3816 2779; x_wconf 74' lang='grc' dir='ltr'><strong>Ταέαθος</strong></span> 
     </span>
    </p>
   </div>
   <div class='ocr_carea' id='block_1_57' title="bbox 2249 2795 3814 2877">
    <p class='ocr_par' dir='ltr' id='par_1_57' title="bbox 2249 2795 3814 2877">
     <span class='ocr_line' id='line_1_57' title="bbox 2249 2795 3814 2877; baseline 0.007 -30"><span class='ocrx_word' id='word_1_371' title='bbox 2249 2795 2498 2864; x_wconf 61' lang='grc' dir='ltr'><strong>βασιλεὺς</strong></span> <span class='ocrx_word' id='word_1_372' title='bbox 2556 2797 2664 2850; x_wconf 84' lang='grc' dir='ltr'><strong>τῶν</strong></span> <span class='ocrx_word' id='word_1_373' title='bbox 2719 2796 2932 2864; x_wconf 69' lang='grc' dir='ltr'>Λαζῶν,</span> <span class='ocrx_word' id='word_1_374' title='bbox 2987 2803 3228 2872; x_wconf 79' lang='grc' dir='ltr'><strong>φορέσας</strong></span> <span class='ocrx_word' id='word_1_375' title='bbox 3256 2807 3520 2874; x_wconf 78' lang='grc' dir='ltr'>στέφανον</span> <span class='ocrx_word' id='word_1_376' title='bbox 3547 2807 3645 2861; x_wconf 75' lang='grc' dir='ltr'>καὶ</span> <span class='ocrx_word' id='word_1_377' title='bbox 3678 2807 3814 2877; x_wconf 79' lang='grc' dir='ltr'>χλα-</span> 
     </span>
    </p>
   </div>
   <div class='ocr_carea' id='block_1_58' title="bbox 2250 2885 3814 2964">
    <p class='ocr_par' dir='ltr' id='par_1_58' title="bbox 2250 2885 3814 2964">
     <span class='ocr_line' id='line_1_58' title="bbox 2250 2885 3814 2964; baseline 0.006 -27"><span class='ocrx_word' id='word_1_378' title='bbox 2250 2886 2389 2952; x_wconf 78' lang='grc' dir='ltr'><strong>μύδα</strong></span> <span class='ocrx_word' id='word_1_379' title='bbox 2417 2885 2706 2955; x_wconf 76' lang='grc' dir='ltr'>βασιλικὴν</span> <span class='ocrx_word' id='word_1_380' title='bbox 2735 2888 2948 2959; x_wconf 74' lang='grc' dir='ltr'><strong>ἄσπρην</strong></span> <span class='ocrx_word' id='word_1_381' title='bbox 2980 2889 3209 2960; x_wconf 70' lang='grc' dir='ltr'>ἔχουσαν</span> <span class='ocrx_word' id='word_1_382' title='bbox 3235 2892 3424 2945; x_wconf 66' lang='lat' dir='ltr'><strong>totqu</strong></span> <span class='ocrx_word' id='word_1_383' title='bbox 3459 2911 3561 2964; x_wconf 72' lang='grc' dir='ltr'><strong>χρυ</strong></span> <span class='ocrx_word' id='word_1_384' title='bbox 3574 2892 3728 2958; x_wconf 71' lang='grc' dir='ltr'>τοῦν,</span> <span class='ocrx_word' id='word_1_385' title='bbox 3757 2899 3814 2947; x_wconf 79' lang='grc' dir='ltr'>ἐν</span> 
     </span>
    </p>
   </div>
   <div class='ocr_carea' id='block_1_59' title="bbox 2243 2968 3812 3054">
    <p class='ocr_par' dir='ltr' id='par_1_59' title="bbox 2243 2968 3812 3054">
     <span class='ocr_line' id='line_1_59' title="bbox 2243 2968 3812 3054; baseline 0.007 -26"><span class='ocrx_word' id='word_1_386' title='bbox 2243 2968 2288 3043; x_wconf 82' lang='grc' dir='ltr'>ᾧ</span> <span class='ocrx_word' id='word_1_387' title='bbox 2317 2979 2379 3029; x_wconf 78' lang='grc' dir='ltr'>ἐκ</span> <span class='ocrx_word' id='word_1_388' title='bbox 2408 2977 2668 3048; x_wconf 80' lang='grc' dir='ltr'><strong>κεντητοῦ</strong></span> <span class='ocrx_word' id='word_1_389' title='bbox 2720 2980 3060 3050; x_wconf 74' lang='grc' dir='ltr'>ἐκεχάρακτο</span> <span class='ocrx_word' id='word_1_390' title='bbox 3106 2981 3338 3051; x_wconf 68' lang='grc' dir='ltr'><strong>ήεῐκὼν</strong></span> <span class='ocrx_word' id='word_1_391' title='bbox 3390 2983 3484 3037; x_wconf 72' lang='grc' dir='ltr'>τοῦ</span> <span class='ocrx_word' id='word_1_392' title='bbox 3539 2984 3812 3054; x_wconf 73' lang='grc' dir='ltr'><strong>βασιλέως</strong></span> 
     </span>
    </p>
   </div>
   <div class='ocr_carea' id='block_1_60' title="bbox 2258 3067 3816 3148">
    <p class='ocr_par' dir='ltr' id='par_1_60' title="bbox 2258 3067 3816 3148">
     <span class='ocr_line' id='line_1_60' title="bbox 2258 3067 3816 3148; baseline 0.008 -31"><span class='ocrx_word' id='word_1_393' title='bbox 2258 3067 2585 3130; x_wconf 80' lang='grc' dir='ltr'>Ίουστίνου,</span> <span class='ocrx_word' id='word_1_394' title='bbox 2643 3070 2737 3122; x_wconf 70' lang='grc' dir='ltr'><strong>καὶ</strong></span> <span class='ocrx_word' id='word_1_395' title='bbox 2798 3070 3050 3141; x_wconf 82' lang='grc' dir='ltr'><strong>στιχάριν</strong></span> <span class='ocrx_word' id='word_1_396' title='bbox 3115 3074 3326 3144; x_wconf 78' lang='grc' dir='ltr'>ἄσπρον</span> <span class='ocrx_word' id='word_1_397' title='bbox 3387 3075 3508 3147; x_wconf 75' lang='grc' dir='ltr'>ἔχον</span> <span class='ocrx_word' id='word_1_398' title='bbox 3568 3077 3816 3148; x_wconf 70' lang='grc' dir='ltr'>πλουμὶα</span> 
     </span>
    </p>
   </div>
   <div class='ocr_carea' id='block_1_61' title="bbox 571 3145 2137 3238">
    <p class='ocr_par' dir='ltr' id='par_1_61' title="bbox 571 3145 2137 3217">
     <span class='ocr_line' id='line_1_61' title="bbox 571 3145 2137 3217; baseline -0.003 -14"><span class='ocrx_word' id='word_1_399' title='bbox 571 3150 852 3203; x_wconf 70' lang='lat' dir='ltr'><strong>craticula:</strong></span> <span class='ocrx_word' id='word_1_400' title='bbox 870 3150 1110 3217; x_wconf 85' lang='lat' dir='ltr'><strong>piscibus</strong></span> <span class='ocrx_word' id='word_1_401' title='bbox 1140 3148 1450 3202; x_wconf 87' lang='lat' dir='ltr'><strong>ustulandis</strong></span> <span class='ocrx_word' id='word_1_402' title='bbox 1480 3147 1718 3210; x_wconf 71' lang='lat' dir='ltr'><strong>idoneae,</strong></span> <span class='ocrx_word' id='word_1_403' title='bbox 1756 3145 1990 3200; x_wconf 78' lang='lat' dir='ltr'><strong>formam</strong></span> <span class='ocrx_word' id='word_1_404' title='bbox 2017 3146 2137 3199; x_wconf 86' lang='lat' dir='ltr'><strong>imi-</strong></span> 
     </span>
    </p>
   </div>
   <div class='ocr_carea' id='block_1_62' title="bbox 2241 3145 3812 3238">
    <p class='ocr_par' dir='ltr' id='par_1_62' title="bbox 2245 3145 3812 3238">
     <span class='ocr_line' id='line_1_62' title="bbox 2245 3145 3812 3238; baseline 0.01 -32"><span class='ocrx_word' id='word_1_405' title='bbox 2245 3157 2418 3225; x_wconf 81' lang='grc' dir='ltr'>χρυσᾶ</span> <span class='ocrx_word' id='word_1_406' title='bbox 2465 3158 2555 3209; x_wconf 77' lang='grc' dir='ltr'><strong>καὶ</strong></span> <span class='ocrx_word' id='word_1_407' title='bbox 2587 3158 2771 3210; x_wconf 76' lang='grc' dir='ltr'>εἰκόνα</span> <span class='ocrx_word' id='word_1_408' title='bbox 2808 3158 2900 3212; x_wconf 81' lang='grc' dir='ltr'>τοῦ</span> <span class='ocrx_word' id='word_1_409' title='bbox 2935 3159 3202 3230; x_wconf 80' lang='grc' dir='ltr'><strong>βασιλέως</strong></span> <span class='ocrx_word' id='word_1_410' title='bbox 3232 3179 3246 3224; x_wconf 70' lang='grc' dir='ltr'>τ</span> <span class='ocrx_word' id='word_1_411' title='bbox 3309 3165 3378 3218; x_wconf 63' lang='grc' dir='ltr'><strong>τὰ</strong></span> <span class='ocrx_word' id='word_1_412' title='bbox 3411 3145 3518 3238; x_wconf 42' lang='lat' dir='ltr'><strong>vi?</strong></span> <span class='ocrx_word' id='word_1_413' title='bbox 3565 3145 3812 3237; x_wconf 43' lang='grc' dir='ltr'><strong>τζαγῆἔα</strong></span> 
     </span>
    </p>
   </div>
   <div class='ocr_carea' id='block_1_63' title="bbox 575 3236 2139 3305">
    <p class='ocr_par' dir='ltr' id='par_1_63' title="bbox 575 3236 2139 3305">
     <span class='ocr_line' id='line_1_63' title="bbox 575 3236 2139 3305; baseline -0.003 -12"><span class='ocrx_word' id='word_1_414' title='bbox 575 3251 742 3301; x_wconf 70' lang='lat' dir='ltr'><strong>to-tur,</strong></span> <span class='ocrx_word' id='word_1_415' title='bbox 801 3242 887 3293; x_wconf 88' lang='lat' dir='ltr'><strong>vel</strong></span> <span class='ocrx_word' id='word_1_416' title='bbox 933 3241 1173 3294; x_wconf 78' lang='lat' dir='ltr'><strong>colorem</strong></span> <span class='ocrx_word' id='word_1_417' title='bbox 1227 3240 1421 3294; x_wconf 88' lang='lat' dir='ltr'><strong>subtus</strong></span> <span class='ocrx_word' id='word_1_418' title='bbox 1462 3240 1794 3293; x_wconf 87' lang='lat' dir='ltr'><strong>residentem</strong></span> <span class='ocrx_word' id='word_1_419' title='bbox 1853 3236 2139 3305; x_wconf 73' lang='grc' dir='ltr'>σκαριζειν</span> 
     </span>
    </p>
   </div>
   <div class='ocr_carea' id='block_1_64' title="bbox 564 3312 2138 3400">
    <p class='ocr_par' dir='ltr' id='par_1_64' title="bbox 564 3312 2138 3400">
     <span class='ocr_line' id='line_1_64' title="bbox 564 3312 2138 3400; baseline -0.002 -16"><span class='ocrx_word' id='word_1_420' title='bbox 564 3331 791 3384; x_wconf 76' lang='lat' dir='ltr'><strong>ebullire</strong></span> <span class='ocrx_word' id='word_1_421' title='bbox 805 3341 984 3400; x_wconf 81' lang='lat' dir='ltr'><strong>cogat,</strong></span> <span class='ocrx_word' id='word_1_422' title='bbox 1003 3331 1355 3398; x_wconf 72' lang='lat' dir='ltr'><strong>_oxapavixoo</strong></span> <span class='ocrx_word' id='word_1_423' title='bbox 1382 3312 1580 3384; x_wconf 83' lang='lat' dir='ltr'><strong>nomen</strong></span> <span class='ocrx_word' id='word_1_424' title='bbox 1613 3329 1790 3400; x_wconf 83' lang='lat' dir='ltr'><strong>potuit</strong></span> <span class='ocrx_word' id='word_1_425' title='bbox 1815 3328 2138 3397; x_wconf 85' lang='lat' dir='ltr'><strong>promereri.</strong></span> 
     </span>
    </p>
   </div>
   <div class='ocr_carea' id='block_1_65' title="bbox 565 3417 2136 3488">
    <p class='ocr_par' dir='ltr' id='par_1_65' title="bbox 565 3417 2136 3488">
     <span class='ocr_line' id='line_1_65' title="bbox 565 3417 2136 3488; baseline -0.001 -15"><span class='ocrx_word' id='word_1_426' title='bbox 565 3418 699 3474; x_wconf 61' lang='lat' dir='ltr'><strong>Haec</strong></span> <span class='ocrx_word' id='word_1_427' title='bbox 728 3420 840 3483; x_wconf 89' lang='lat' dir='ltr'><strong>ille,</strong></span> <span class='ocrx_word' id='word_1_428' title='bbox 865 3421 956 3488; x_wconf 87' lang='lat' dir='ltr'><strong>qui</strong></span> <span class='ocrx_word' id='word_1_429' title='bbox 988 3421 1150 3474; x_wconf 88' lang='lat' dir='ltr'><strong>etiam</strong></span> <span class='ocrx_word' id='word_1_430' title='bbox 1181 3419 1350 3488; x_wconf 87' lang='lat' dir='ltr'><strong>ignoti</strong></span> <span class='ocrx_word' id='word_1_431' title='bbox 1375 3420 1705 3488; x_wconf 76' lang='lat' dir='ltr'><strong>exemplaris</strong></span> <span class='ocrx_word' id='word_1_432' title='bbox 1723 3417 1925 3473; x_wconf 73' lang='lat' dir='ltr'><strong>Nicetes</strong></span> <span class='ocrx_word' id='word_1_433' title='bbox 1951 3418 2136 3472; x_wconf 84' lang='lat' dir='ltr'><strong>locum</strong></span> 
     </span>
    </p>
   </div>
   <div class='ocr_carea' id='block_1_66' title="bbox 561 3508 2134 3581">
    <p class='ocr_par' dir='ltr' id='par_1_66' title="bbox 561 3508 2134 3581">
     <span class='ocr_line' id='line_1_66' title="bbox 561 3508 2134 3581; baseline -0.001 -17"><span class='ocrx_word' id='word_1_434' title='bbox 561 3512 875 3580; x_wconf 63' lang='lat' dir='ltr'><strong>subiungit:</strong></span> <span class='ocrx_word' id='word_1_435' title='bbox 927 3508 1085 3580; x_wconf 76' lang='grc' dir='ltr'><strong>Εῐχεν</strong></span> <span class='ocrx_word' id='word_1_436' title='bbox 1117 3512 1334 3580; x_wconf 76' lang='grc' dir='ltr'>ἱμάτιον</span> <span class='ocrx_word' id='word_1_437' title='bbox 1385 3513 1607 3581; x_wconf 76' lang='grc' dir='ltr'><strong>σχιστὸν</strong></span> <span class='ocrx_word' id='word_1_438' title='bbox 1641 3511 1804 3581; x_wconf 80' lang='grc' dir='ltr'><strong>μέχρι</strong></span> <span class='ocrx_word' id='word_1_439' title='bbox 1829 3510 1940 3562; x_wconf 85' lang='grc' dir='ltr'><strong>τῶν</strong></span> <span class='ocrx_word' id='word_1_440' title='bbox 1971 3511 2134 3578; x_wconf 67' lang='grc' dir='ltr'>γονάν</span> 
     </span>
    </p>
   </div>
   <div class='ocr_carea' id='block_1_67' title="bbox 559 3600 2137 3671">
    <p class='ocr_par' dir='ltr' id='par_1_67' title="bbox 559 3600 2137 3671">
     <span class='ocr_line' id='line_1_67' title="bbox 559 3600 2137 3671; baseline 0 -17"><span class='ocrx_word' id='word_1_441' title='bbox 559 3619 697 3655; x_wconf 82' lang='grc' dir='ltr'><strong>των.</strong></span> <span class='ocrx_word' id='word_1_442' title='bbox 726 3600 844 3656; x_wconf 87' lang='lat' dir='ltr'><strong>Huc</strong></span> <span class='ocrx_word' id='word_1_443' title='bbox 873 3617 972 3671; x_wconf 81' lang='lat' dir='ltr'><strong>ego</strong></span> <span class='ocrx_word' id='word_1_444' title='bbox 993 3601 1172 3658; x_wconf 81' lang='lat' dir='ltr'><strong>refero</strong></span> <span class='ocrx_word' id='word_1_445' title='bbox 1202 3602 1395 3662; x_wconf 75' lang='grc' dir='ltr'><strong>στολὰς</strong></span> <span class='ocrx_word' id='word_1_446' title='bbox 1427 3602 1776 3671; x_wconf 73' lang='grc' dir='ltr'><strong>σωληνωεά,·,</strong></span> <span class='ocrx_word' id='word_1_447' title='bbox 1805 3600 2137 3654; x_wconf 81' lang='lat' dir='ltr'><strong>canalicula-</strong></span> 
     </span>
    </p>
   </div>
   <div class='ocr_carea' id='block_1_68' title="bbox 561 3691 2128 3754">
    <p class='ocr_par' dir='ltr' id='par_1_68' title="bbox 561 3691 2128 3754">
     <span class='ocr_line' id='line_1_68' title="bbox 561 3691 2128 3754; baseline 0.001 -10"><span class='ocrx_word' id='word_1_448' title='bbox 561 3703 655 3748; x_wconf 83' lang='lat' dir='ltr'><strong>tas</strong></span> <span class='ocrx_word' id='word_1_449' title='bbox 718 3703 956 3754; x_wconf 51' lang='grc' dir='ltr'><strong>ηεαρδ.</strong></span> <span class='ocrx_word' id='word_1_450' title='bbox 988 3691 1236 3746; x_wconf 65' lang='lat' dir='ltr'><strong>Cedreno</strong></span> <span class='ocrx_word' id='word_1_451' title='bbox 1285 3692 1338 3744; x_wconf 92' lang='lat' dir='ltr'><strong>in</strong></span> <span class='ocrx_word' id='word_1_452' title='bbox 1389 3693 1610 3746; x_wconf 81' lang='lat' dir='ltr'><strong>Tiberio</strong></span> <span class='ocrx_word' id='word_1_453' title='bbox 1657 3701 2010 3753; x_wconf 81' lang='lat' dir='ltr'><strong>memoratas.</strong></span> <span class='ocrx_word' id='word_1_454' title='bbox 2061 3691 2128 3746; x_wconf 89' lang='lat' dir='ltr'><strong>de</strong></span> 
     </span>
    </p>
   </div>
   <div class='ocr_carea' id='block_1_69' title="bbox 555 3783 2134 3852">
    <p class='ocr_par' dir='ltr' id='par_1_69' title="bbox 555 3783 2134 3852">
     <span class='ocr_line' id='line_1_69' title="bbox 555 3783 2134 3852; baseline 0.001 -17"><span class='ocrx_word' id='word_1_455' title='bbox 555 3785 769 3846; x_wconf 61' lang='lat' dir='ltr'><strong>quibus</strong></span> <span class='ocrx_word' id='word_1_456' title='bbox 825 3783 995 3836; x_wconf 82' lang='lat' dir='ltr'><strong>editio</strong></span> <span class='ocrx_word' id='word_1_457' title='bbox 1023 3783 1191 3851; x_wconf 79' lang='lat' dir='ltr'><strong>Regia</strong></span> <span class='ocrx_word' id='word_1_458' title='bbox 1226 3799 1338 3837; x_wconf 86' lang='lat' dir='ltr'><strong>non</strong></span> <span class='ocrx_word' id='word_1_459' title='bbox 1374 3785 1608 3838; x_wconf 81' lang='lat' dir='ltr'><strong>obscure</strong></span> <span class='ocrx_word' id='word_1_460' title='bbox 1640 3785 1692 3837; x_wconf 92' lang='lat' dir='ltr'><strong>in</strong></span> <span class='ocrx_word' id='word_1_461' title='bbox 1729 3783 2134 3852; x_wconf 86' lang='lat' dir='ltr'><strong>posterioribus</strong></span> 
     </span>
    </p>
   </div>
   <div class='ocr_carea' id='block_1_70' title="bbox 559 3875 2132 3944">
    <p class='ocr_par' dir='ltr' id='par_1_70' title="bbox 559 3875 2132 3944">
     <span class='ocr_line' id='line_1_70' title="bbox 559 3875 2132 3944; baseline 0.001 -17"><span class='ocrx_word' id='word_1_462' title='bbox 559 3875 1084 3944; x_wconf 77' lang='lat' dir='ltr'><strong>=notis,~codemque</strong></span> <span class='ocrx_word' id='word_1_463' title='bbox 1117 3875 1221 3928; x_wconf 92' lang='lat' dir='ltr'><strong>loci</strong></span> <span class='ocrx_word' id='word_1_464' title='bbox 1269 3891 1528 3928; x_wconf 87' lang='lat' dir='ltr'><strong>revocare</strong></span> <span class='ocrx_word' id='word_1_465' title='bbox 1576 3877 1790 3930; x_wconf 88' lang='lat' dir='ltr'><strong>coniido</strong></span> <span class='ocrx_word' id='word_1_466' title='bbox 1835 3875 2132 3930; x_wconf 76' lang='lat' dir='ltr'><strong>Andronici</strong></span> 
     </span>
    </p>
   </div>
   <div class='ocr_carea' id='block_1_71' title="bbox 564 3967 2130 4037">
    <p class='ocr_par' dir='ltr' id='par_1_71' title="bbox 564 3967 2130 4037">
     <span class='ocr_line' id='line_1_71' title="bbox 564 3967 2130 4037; baseline -0.001 -17"><span class='ocrx_word' id='word_1_467' title='bbox 564 3969 884 4036; x_wconf 78' lang='grc' dir='ltr'><strong>ἀμπεχόνην</strong></span> <span class='ocrx_word' id='word_1_468' title='bbox 932 3970 987 4028; x_wconf 84' lang='grc' dir='ltr'><strong>ὲς</strong></span> <span class='ocrx_word' id='word_1_469' title='bbox 1041 3967 1264 4034; x_wconf 78' lang='grc' dir='ltr'>γλουτὸν</span> <span class='ocrx_word' id='word_1_470' title='bbox 1315 3968 1622 4037; x_wconf 77' lang='grc' dir='ltr'><strong>ἀμφισχιδῆ</strong></span> <span class='ocrx_word' id='word_1_471' title='bbox 1669 3967 2130 4032; x_wconf 71' lang='grc' dir='ltr'>καταϐαίνουσαν,</span> 
     </span>
    </p>
   </div>
   <div class='ocr_carea' id='block_1_72' title="bbox 547 4057 2134 4128">
    <p class='ocr_par' dir='ltr' id='par_1_72' title="bbox 547 4057 2134 4128">
     <span class='ocr_line' id='line_1_72' title="bbox 547 4057 2134 4128; baseline -0.001 -16"><span class='ocrx_word' id='word_1_472' title='bbox 547 4059 633 4112; x_wconf 79' lang='lat' dir='ltr'><strong>~de</strong></span> <span class='ocrx_word' id='word_1_473' title='bbox 665 4075 775 4128; x_wconf 88' lang='lat' dir='ltr'><strong>qua</strong></span> <span class='ocrx_word' id='word_1_474' title='bbox 823 4057 1040 4112; x_wconf 68' lang='lat' dir='ltr'><strong>Hicetas</strong></span> <span class='ocrx_word' id='word_1_475' title='bbox 1068 4062 1119 4112; x_wconf 88' lang='lat' dir='ltr'><strong>in</strong></span> <span class='ocrx_word' id='word_1_476' title='bbox 1154 4061 1369 4118; x_wconf 84' lang='lat' dir='ltr'><strong>eodem.</strong></span> <span class='ocrx_word' id='word_1_477' title='bbox 1397 4061 1436 4112; x_wconf 89' lang='lat' dir='ltr'><strong>l.</strong></span> <span class='ocrx_word' id='word_1_478' title='bbox 1468 4077 1530 4115; x_wconf 86' lang='lat' dir='ltr'><strong>ll.</strong></span> <span class='ocrx_word' id='word_1_479' title='bbox 1558 4061 1640 4113; x_wconf 83' lang='lat' dir='ltr'><strong>An</strong></span> <span class='ocrx_word' id='word_1_480' title='bbox 1671 4061 1890 4114; x_wconf 89' lang='lat' dir='ltr'><strong>demum</strong></span> <span class='ocrx_word' id='word_1_481' title='bbox 1923 4059 2134 4126; x_wconf 82' lang='grc' dir='ltr'><strong>σκαρά-</strong></span> 
     </span>
    </p>
   </div>
   <div class='ocr_carea' id='block_1_73' title="bbox 564 4150 2133 4222">
    <p class='ocr_par' dir='ltr' id='par_1_73' title="bbox 564 4150 2133 4222">
     <span class='ocr_line' id='line_1_73' title="bbox 564 4150 2133 4222; baseline 0 -19"><span class='ocrx_word' id='word_1_482' title='bbox 564 4169 716 4204; x_wconf 80' lang='grc' dir='ltr'>νικον</span> <span class='ocrx_word' id='word_1_483' title='bbox 739 4151 881 4204; x_wconf 84' lang='lat' dir='ltr'><strong>idem</strong></span> <span class='ocrx_word' id='word_1_484' title='bbox 913 4153 984 4206; x_wconf 85' lang='lat' dir='ltr'><strong>sit</strong></span> <span class='ocrx_word' id='word_1_485' title='bbox 1017 4153 1162 4222; x_wconf 84' lang='lat' dir='ltr'><strong>quod</strong></span> <span class='ocrx_word' id='word_1_486' title='bbox 1193 4153 1619 4221; x_wconf 75' lang='grc' dir='ltr'><strong>σκαραμάγγιον</strong></span> <span class='ocrx_word' id='word_1_487' title='bbox 1642 4151 1666 4204; x_wconf 80' lang='lat' dir='ltr'><strong>‘i</strong></span> <span class='ocrx_word' id='word_1_488' title='bbox 1688 4150 2133 4204; x_wconf 81' lang='lat' dir='ltr'><strong>AtiirtnatMenr-</strong></span> 
     </span>
    </p>
   </div>
   <div class='ocr_carea' id='block_1_74' title="bbox 555 4241 2131 4310">
    <p class='ocr_par' dir='ltr' id='par_1_74' title="bbox 555 4241 2131 4310">
     <span class='ocr_line' id='line_1_74' title="bbox 555 4241 2131 4310; baseline -0.003 -12"><span class='ocrx_word' id='word_1_489' title='bbox 555 4243 699 4306; x_wconf 68' lang='lat' dir='ltr'><strong>eius,</strong></span> <span class='ocrx_word' id='word_1_490' title='bbox 728 4252 886 4310; x_wconf 74' lang='lat' dir='ltr'><strong>negat</strong></span> <span class='ocrx_word' id='word_1_491' title='bbox 913 4241 1223 4295; x_wconf 79' lang='lat' dir='ltr'><strong>Gretserus.</strong></span> <span class='ocrx_word' id='word_1_492' title='bbox 1252 4242 1564 4308; x_wconf 86' lang='lat' dir='ltr'><strong>Utrumque</strong></span> <span class='ocrx_word' id='word_1_493' title='bbox 1590 4242 1894 4308; x_wconf 88' lang='lat' dir='ltr'><strong>amplector</strong></span> <span class='ocrx_word' id='word_1_494' title='bbox 1919 4260 1932 4294; x_wconf 89' lang='lat'>:</span> <span class='ocrx_word' id='word_1_495' title='bbox 1971 4257 2131 4295; x_wconf 89' lang='lat' dir='ltr'><strong>men-</strong></span> 
     </span>
    </p>
   </div>
   <div class='ocr_carea' id='block_1_75' title="bbox 553 4331 2128 4392">
    <p class='ocr_par' dir='ltr' id='par_1_75' title="bbox 553 4331 2128 4392">
     <span class='ocr_line' id='line_1_75' title="bbox 553 4331 2128 4392; baseline 0.002 -8"><span class='ocrx_word' id='word_1_496' title='bbox 553 4343 672 4385; x_wconf 79' lang='lat' dir='ltr'><strong>tem</strong></span> <span class='ocrx_word' id='word_1_497' title='bbox 690 4332 837 4383; x_wconf 87' lang='lat' dir='ltr'><strong>enim</strong></span> <span class='ocrx_word' id='word_1_498' title='bbox 866 4331 1014 4384; x_wconf 85' lang='lat' dir='ltr'><strong>illius</strong></span> <span class='ocrx_word' id='word_1_499' title='bbox 1032 4340 1209 4392; x_wconf 71' lang='grc' dir='ltr'><strong>ιυηθο,</strong></span> <span class='ocrx_word' id='word_1_500' title='bbox 1236 4333 1502 4385; x_wconf 89' lang='lat' dir='ltr'><strong>rationem</strong></span> <span class='ocrx_word' id='word_1_501' title='bbox 1527 4339 1706 4384; x_wconf 87' lang='lat' dir='ltr'><strong>tamen</strong></span> <span class='ocrx_word' id='word_1_502' title='bbox 1729 4346 1854 4385; x_wconf 88' lang='lat' dir='ltr'><strong>cum</strong></span> <span class='ocrx_word' id='word_1_503' title='bbox 1871 4331 2128 4387; x_wconf 84' lang='lat' dir='ltr'><strong>Gretsero</strong></span> 
     </span>
    </p>
   </div>
   <div class='ocr_carea' id='block_1_76' title="bbox 547 4420 2127 4490">
    <p class='ocr_par' dir='ltr' id='par_1_76' title="bbox 547 4420 2127 4490">
     <span class='ocr_line' id='line_1_76' title="bbox 547 4420 2127 4490; baseline 0.001 -15"><span class='ocrx_word' id='word_1_504' title='bbox 547 4421 814 4475; x_wconf 80' lang='lat' dir='ltr'><strong>exsibilo.</strong></span> <span class='ocrx_word' id='word_1_505' title='bbox 849 4420 986 4485; x_wconf 82' lang='lat' dir='ltr'><strong>Quis</strong></span> <span class='ocrx_word' id='word_1_506' title='bbox 1017 4421 1164 4474; x_wconf 90' lang='lat' dir='ltr'><strong>enim</strong></span> <span class='ocrx_word' id='word_1_507' title='bbox 1215 4437 1340 4475; x_wconf 87' lang='lat' dir='ltr'><strong>cum</strong></span> <span class='ocrx_word' id='word_1_508' title='bbox 1379 4421 1614 4476; x_wconf 77' lang='lat' dir='ltr'><strong>Meursio</strong></span> <span class='ocrx_word' id='word_1_509' title='bbox 1644 4422 1979 4490; x_wconf 75' lang='lat' dir='ltr'><strong>exctnplaria</strong></span> <span class='ocrx_word' id='word_1_510' title='bbox 2012 4423 2127 4477; x_wconf 88' lang='lat' dir='ltr'><strong>ubi-</strong></span> 
     </span>
    </p>
   </div>
   <div class='ocr_carea' id='block_1_77' title="bbox 2245 3243 3815 3331">
    <p class='ocr_par' dir='ltr' id='par_1_77' title="bbox 2245 3243 3815 3331">
     <span class='ocr_line' id='line_1_77' title="bbox 2245 3243 3815 3331; baseline 0.009 -33"><span class='ocrx_word' id='word_1_511' title='bbox 2245 3246 2410 3299; x_wconf 77' lang='grc' dir='ltr'>αὐτοῦ</span> <span class='ocrx_word' id='word_1_512' title='bbox 2466 3247 2660 3318; x_wconf 81' lang='grc' dir='ltr'>ρούσια</span> <span class='ocrx_word' id='word_1_513' title='bbox 2700 3243 2863 3321; x_wconf 75' lang='grc' dir='ltr'>ἦσαν,</span> <span class='ocrx_word' id='word_1_514' title='bbox 2899 3251 3091 3322; x_wconf 79' lang='grc' dir='ltr'>ἔχοντα</span> <span class='ocrx_word' id='word_1_515' title='bbox 3155 3258 3501 3327; x_wconf 76' lang='grc' dir='ltr'><strong>μαργαρίτας</strong></span> <span class='ocrx_word' id='word_1_516' title='bbox 3551 3259 3815 3331; x_wconf 74' lang='grc' dir='ltr'><strong>Περσικῷ</strong></span> 
     </span>
    </p>
   </div>
   <div class='ocr_carea' id='block_1_78' title="bbox 2247 3339 3813 3423">
    <p class='ocr_par' dir='ltr' id='par_1_78' title="bbox 2247 3339 3813 3423">
     <span class='ocr_line' id='line_1_78' title="bbox 2247 3339 3813 3423; baseline 0.011 -34"><span class='ocrx_word' id='word_1_517' title='bbox 2247 3339 2490 3408; x_wconf 76' lang='grc' dir='ltr'><strong>σχήματι</strong></span> <span class='ocrx_word' id='word_1_518' title='bbox 2519 3354 2534 3369; x_wconf 78' lang='grc' dir='ltr'><strong>ο</strong></span> <span class='ocrx_word' id='word_1_519' title='bbox 2565 3340 2765 3408; x_wconf 77' lang='grc' dir='ltr'><strong>ὁμοίως</strong></span> <span class='ocrx_word' id='word_1_520' title='bbox 2796 3345 2829 3412; x_wconf 74' lang='grc' dir='ltr'><strong>ἡ</strong></span> <span class='ocrx_word' id='word_1_521' title='bbox 2893 3343 3033 3415; x_wconf 78' lang='grc' dir='ltr'>ζώνη</span> <span class='ocrx_word' id='word_1_522' title='bbox 3059 3346 3225 3398; x_wconf 78' lang='grc' dir='ltr'>αὐτοῦ</span> <span class='ocrx_word' id='word_1_523' title='bbox 3249 3344 3316 3418; x_wconf 75' lang='grc' dir='ltr'>ἦν</span> <span class='ocrx_word' id='word_1_524' title='bbox 3339 3349 3516 3419; x_wconf 77' lang='grc' dir='ltr'>χρυσῆ</span> <span class='ocrx_word' id='word_1_525' title='bbox 3539 3350 3631 3404; x_wconf 74' lang='grc' dir='ltr'><strong>διὰ</strong></span> <span class='ocrx_word' id='word_1_526' title='bbox 3668 3369 3813 3423; x_wconf 82' lang='grc' dir='ltr'><strong>μαρ-</strong></span> 
     </span>
    </p>
   </div>
   <div class='ocr_carea' id='block_1_79' title="bbox 2243 3430 3815 3512">
    <p class='ocr_par' dir='ltr' id='par_1_79' title="bbox 2243 3430 3815 3512">
     <span class='ocr_line' id='line_1_79' title="bbox 2243 3430 3815 3512; baseline 0.014 -33"><span class='ocrx_word' id='word_1_527' title='bbox 2243 3430 2502 3501; x_wconf 71' lang='grc' dir='ltr'><strong>γαρξτων.</strong></span> <span class='ocrx_word' id='word_1_528' title='bbox 2562 3431 2829 3488; x_wconf 65' lang='lat' dir='ltr'><strong>Caeterum</strong></span> <span class='ocrx_word' id='word_1_529' title='bbox 2871 3435 3237 3492; x_wconf 88' lang='lat' dir='ltr'><strong>nobilioribus</strong></span> <span class='ocrx_word' id='word_1_530' title='bbox 3265 3439 3403 3495; x_wconf 70' lang='lat' dir='ltr'><strong>aula:</strong></span> <span class='ocrx_word' id='word_1_531' title='bbox 3436 3441 3540 3494; x_wconf 73' lang='grc' dir='ltr'><strong>(ΣΡ.</strong></span> <span class='ocrx_word' id='word_1_532' title='bbox 3563 3445 3815 3512; x_wconf 78' lang='lat' dir='ltr'><strong>proceri-</strong></span> 
     </span>
    </p>
   </div>
   <div class='ocr_carea' id='block_1_80' title="bbox 2244 3518 3814 3589">
    <p class='ocr_par' dir='ltr' id='par_1_80' title="bbox 2244 3518 3814 3589">
     <span class='ocr_line' id='line_1_80' title="bbox 2244 3518 3814 3589; baseline 0.01 -19"><span class='ocrx_word' id='word_1_533' title='bbox 2244 3518 2344 3571; x_wconf 90' lang='lat' dir='ltr'><strong>bus</strong></span> <span class='ocrx_word' id='word_1_534' title='bbox 2394 3519 2614 3574; x_wconf 81' lang='lat' dir='ltr'><strong>viliores</strong></span> <span class='ocrx_word' id='word_1_535' title='bbox 2663 3523 3020 3578; x_wconf 79' lang='lat' dir='ltr'><strong>ecclesiarmu</strong></span> <span class='ocrx_word' id='word_1_536' title='bbox 3061 3525 3116 3579; x_wconf 92' lang='lat' dir='ltr'><strong>iu</strong></span> <span class='ocrx_word' id='word_1_537' title='bbox 3158 3526 3348 3583; x_wconf 88' lang='lat' dir='ltr'><strong>Galliis</strong></span> <span class='ocrx_word' id='word_1_538' title='bbox 3401 3532 3641 3586; x_wconf 87' lang='lat' dir='ltr'><strong>ministri</strong></span> <span class='ocrx_word' id='word_1_539' title='bbox 3681 3535 3814 3589; x_wconf 89' lang='lat' dir='ltr'><strong>licet</strong></span> 
     </span>
    </p>
   </div>
   <div class='ocr_carea' id='block_1_81' title="bbox 2243 3607 3815 3682">
    <p class='ocr_par' dir='ltr' id='par_1_81' title="bbox 2243 3607 3815 3682">
     <span class='ocr_line' id='line_1_81' title="bbox 2243 3607 3815 3682; baseline 0.011 -22"><span class='ocrx_word' id='word_1_540' title='bbox 2243 3623 2349 3661; x_wconf 89' lang='lat' dir='ltr'><strong>non</strong></span> <span class='ocrx_word' id='word_1_541' title='bbox 2398 3607 2529 3662; x_wconf 87' lang='lat' dir='ltr'><strong>mihi</strong></span> <span class='ocrx_word' id='word_1_542' title='bbox 2570 3621 2898 3665; x_wconf 87' lang='lat' dir='ltr'><strong>censeantur</strong></span> <span class='ocrx_word' id='word_1_543' title='bbox 2928 3616 3271 3682; x_wconf 71' lang='lat' dir='ltr'><strong>exaequandi,</strong></span> <span class='ocrx_word' id='word_1_544' title='bbox 3317 3619 3370 3672; x_wconf 90' lang='lat' dir='ltr'><strong>in</strong></span> <span class='ocrx_word' id='word_1_545' title='bbox 3395 3619 3462 3674; x_wconf 87' lang='lat' dir='ltr'><strong>iis</strong></span> <span class='ocrx_word' id='word_1_546' title='bbox 3489 3629 3676 3676; x_wconf 88' lang='lat' dir='ltr'><strong>tamen</strong></span> <span class='ocrx_word' id='word_1_547' title='bbox 3716 3625 3815 3678; x_wconf 88' lang='lat' dir='ltr'><strong>ob-</strong></span> 
     </span>
    </p>
   </div>
   <div class='ocr_carea' id='block_1_82' title="bbox 2239 3701 3838 3778">
    <p class='ocr_par' dir='ltr' id='par_1_82' title="bbox 2239 3701 3838 3778">
     <span class='ocr_line' id='line_1_82' title="bbox 2239 3701 3838 3778; baseline 0.011 -28"><span class='ocrx_word' id='word_1_548' title='bbox 2239 3711 2398 3751; x_wconf 81' lang='lat' dir='ltr'><strong>servo</strong></span> <span class='ocrx_word' id='word_1_549' title='bbox 2442 3701 2758 3767; x_wconf 88' lang='lat' dir='ltr'><strong>bicolorem,</strong></span> <span class='ocrx_word' id='word_1_550' title='bbox 2798 3703 2865 3756; x_wconf 91' lang='lat' dir='ltr'><strong>de</strong></span> <span class='ocrx_word' id='word_1_551' title='bbox 2913 3719 3016 3772; x_wconf 77' lang='lat' dir='ltr'><strong>qua</strong></span> <span class='ocrx_word' id='word_1_552' title='bbox 3068 3715 3198 3761; x_wconf 90' lang='lat' dir='ltr'><strong>nota</strong></span> <span class='ocrx_word' id='word_1_553' title='bbox 3240 3712 3514 3778; x_wconf 86' lang='lat' dir='ltr'><strong>sequenti,</strong></span> <span class='ocrx_word' id='word_1_554' title='bbox 3538 3715 3838 3774; x_wconf 59' lang='lat' dir='ltr'><strong>tunicam.«</strong></span> 
     </span>
    </p>
   </div>
   <div class='ocr_carea' id='block_1_83' title="bbox 2239 3788 3812 3862">
    <p class='ocr_par' dir='ltr' id='par_1_83' title="bbox 2239 3788 3812 3862">
     <span class='ocr_line' id='line_1_83' title="bbox 2239 3788 3812 3862; baseline 0.012 -23"><span class='ocrx_word' id='word_1_555' title='bbox 2239 3788 2478 3840; x_wconf 73' lang='grc' dir='ltr'><strong>διϐολέον</strong></span> <span class='ocrx_word' id='word_1_556' title='bbox 2529 3793 2884 3861; x_wconf 79' lang='grc' dir='ltr'>σκαράνικον,</span> <span class='ocrx_word' id='word_1_557' title='bbox 2909 3797 3083 3850; x_wconf 88' lang='lat' dir='ltr'><strong>sancti</strong></span> <span class='ocrx_word' id='word_1_558' title='bbox 3109 3798 3266 3862; x_wconf 87' lang='lat' dir='ltr'><strong>cujus</strong></span> <span class='ocrx_word' id='word_1_559' title='bbox 3327 3799 3588 3857; x_wconf 62' lang='lat' dir='ltr'><strong>Ecclesiae</strong></span> <span class='ocrx_word' id='word_1_560' title='bbox 3638 3805 3812 3858; x_wconf 85' lang='lat' dir='ltr'><strong>mini-</strong></span> 
     </span>
    </p>
   </div>
   <div class='ocr_carea' id='block_1_84' title="bbox 2237 3877 3810 3961">
    <p class='ocr_par' dir='ltr' id='par_1_84' title="bbox 2237 3877 3810 3961">
     <span class='ocr_line' id='line_1_84' title="bbox 2237 3877 3810 3961; baseline 0.012 -29"><span class='ocrx_word' id='word_1_561' title='bbox 2237 3890 2416 3935; x_wconf 83' lang='lat' dir='ltr'><strong>strant</strong></span> <span class='ocrx_word' id='word_1_562' title='bbox 2445 3883 2766 3955; x_wconf 76' lang='grc' dir='ltr'>ινοκοπητὺν</span> <span class='ocrx_word' id='word_1_563' title='bbox 2786 3886 2970 3940; x_wconf 68' lang='grc' dir='ltr'>εἰκόνα</span> <span class='ocrx_word' id='word_1_564' title='bbox 2986 3877 3298 3958; x_wconf 51' lang='grc' dir='ltr'><strong>ἔμπροσθεν</strong></span> <span class='ocrx_word' id='word_1_565' title='bbox 3320 3895 3526 3961; x_wconf 81' lang='lat' dir='ltr'><strong>pectori</strong></span> <span class='ocrx_word' id='word_1_566' title='bbox 3559 3895 3810 3960; x_wconf 76' lang='lat' dir='ltr'><strong>afﬁxam.</strong></span> 
     </span>
    </p>
   </div>
   <div class='ocr_carea' id='block_1_85' title="bbox 2237 3970 3813 4058">
    <p class='ocr_par' dir='ltr' id='par_1_85' title="bbox 2237 3970 3813 4058">
     <span class='ocr_line' id='line_1_85' title="bbox 2237 3970 3813 4058; baseline 0.013 -36"><span class='ocrx_word' id='word_1_567' title='bbox 2237 3970 2535 4026; x_wconf 78' lang='grc' dir='ltr'>δικανίκιον</span> <span class='ocrx_word' id='word_1_568' title='bbox 2570 3977 2784 4030; x_wconf 83' lang='lat' dir='ltr'><strong>tandem</strong></span> <span class='ocrx_word' id='word_1_569' title='bbox 2827 3979 2882 4032; x_wconf 86' lang='lat' dir='ltr'><strong>in</strong></span> <span class='ocrx_word' id='word_1_570' title='bbox 2904 3973 3090 4036; x_wconf 80' lang='lat' dir='ltr'><strong>eorum</strong></span> <span class='ocrx_word' id='word_1_571' title='bbox 3121 3983 3374 4039; x_wconf 89' lang='lat' dir='ltr'><strong>manibus</strong></span> <span class='ocrx_word' id='word_1_572' title='bbox 3397 3986 3555 4040; x_wconf 85' lang='lat' dir='ltr'><strong>nodis</strong></span> <span class='ocrx_word' id='word_1_573' title='bbox 3606 4002 3813 4058; x_wconf 80' lang='lat' dir='ltr'><strong>argen-</strong></span> 
     </span>
    </p>
   </div>
   <div class='ocr_carea' id='block_1_86' title="bbox 2239 4061 3814 4142">
    <p class='ocr_par' dir='ltr' id='par_1_86' title="bbox 2239 4061 3814 4142">
     <span class='ocr_line' id='line_1_86' title="bbox 2239 4061 3814 4142; baseline 0.011 -29"><span class='ocrx_word' id='word_1_574' title='bbox 2239 4061 2340 4115; x_wconf 90' lang='lat' dir='ltr'><strong>teis</strong></span> <span class='ocrx_word' id='word_1_575' title='bbox 2417 4065 2753 4134; x_wconf 78' lang='lat' dir='ltr'><strong>calamisque</strong></span> <span class='ocrx_word' id='word_1_576' title='bbox 2823 4070 3057 4127; x_wconf 79' lang='lat' dir='ltr'><strong>diversis</strong></span> <span class='ocrx_word' id='word_1_577' title='bbox 3121 4075 3507 4142; x_wconf 83' lang='lat' dir='ltr'><strong>conspicuum,</strong></span> <span class='ocrx_word' id='word_1_578' title='bbox 3561 4079 3814 4133; x_wconf 79' lang='grc' dir='ltr'><strong>σκιάδιον</strong></span> 
     </span>
    </p>
   </div>
   <div class='ocr_carea' id='block_1_87' title="bbox 2236 4157 3814 4234">
    <p class='ocr_par' dir='ltr' id='par_1_87' title="bbox 2236 4157 3814 4234">
     <span class='ocr_line' id='line_1_87' title="bbox 2236 4157 3814 4234; baseline 0.015 -31"><span class='ocrx_word' id='word_1_579' title='bbox 2236 4168 2454 4220; x_wconf 85' lang='lat' dir='ltr'><strong>quoque</strong></span> <span class='ocrx_word' id='word_1_580' title='bbox 2487 4157 2554 4209; x_wconf 87' lang='lat' dir='ltr'><strong>ab</strong></span> <span class='ocrx_word' id='word_1_581' title='bbox 2579 4158 2702 4212; x_wconf 82' lang='lat' dir='ltr'><strong>aliis</strong></span> <span class='ocrx_word' id='word_1_582' title='bbox 2735 4160 3013 4216; x_wconf 86' lang='lat' dir='ltr'><strong>diversum</strong></span> <span class='ocrx_word' id='word_1_583' title='bbox 3038 4178 3054 4226; x_wconf 89' lang='lat'><strong>;</strong></span> <span class='ocrx_word' id='word_1_584' title='bbox 3083 4165 3285 4232; x_wconf 87' lang='lat' dir='ltr'><strong>quibus</strong></span> <span class='ocrx_word' id='word_1_585' title='bbox 3311 4166 3458 4222; x_wconf 84' lang='lat' dir='ltr'><strong>aliud</strong></span> <span class='ocrx_word' id='word_1_586' title='bbox 3499 4171 3814 4234; x_wconf 71' lang='lat' dir='ltr'><strong>praemissis</strong></span> 
     </span>
    </p>
   </div>
   <div class='ocr_carea' id='block_1_88' title="bbox 2227 4244 3040 4324">
    <p class='ocr_par' dir='ltr' id='par_1_88' title="bbox 2227 4244 3040 4324">
     <span class='ocr_line' id='line_1_88' title="bbox 2227 4244 3040 4324; baseline 0.014 -29"><span class='ocrx_word' id='word_1_587' title='bbox 2227 4244 2470 4298; x_wconf 85' lang='lat' dir='ltr'><strong>similius</strong></span> <span class='ocrx_word' id='word_1_588' title='bbox 2505 4259 2616 4301; x_wconf 90' lang='lat' dir='ltr'><strong>n0n</strong></span> <span class='ocrx_word' id='word_1_589' title='bbox 2645 4248 2821 4303; x_wconf 88' lang='lat' dir='ltr'><strong>video.</strong></span> <span class='ocrx_word' id='word_1_590' title='bbox 2845 4251 3040 4324; x_wconf 71' lang='grc' dir='ltr'><strong>ϐοΑιι.]</strong></span> 
     </span>
    </p>
   </div>
   <div class='ocr_carea' id='block_1_89' title="bbox 2305 4332 3813 4422">
    <p class='ocr_par' dir='ltr' id='par_1_89' title="bbox 2305 4332 3813 4422">
     <span class='ocr_line' id='line_1_89' title="bbox 2305 4332 3813 4422; baseline 0.017 -36"><span class='ocrx_word' id='word_1_591' title='bbox 2305 4332 2448 4388; x_wconf 80' lang='lat' dir='ltr'><strong>Ibid.</strong></span> <span class='ocrx_word' id='word_1_592' title='bbox 2517 4337 2621 4390; x_wconf 81' lang='grc' dir='ltr'>Ἐκ</span> <span class='ocrx_word' id='word_1_593' title='bbox 2643 4339 2860 4402; x_wconf 78' lang='grc' dir='ltr'><strong>δεξιῶν</strong></span> <span class='ocrx_word' id='word_1_594' title='bbox 2893 4343 3118 4408; x_wconf 72' lang='grc' dir='ltr'><strong>μέντοι.</strong></span> <span class='ocrx_word' id='word_1_595' title='bbox 3145 4346 3342 4403; x_wconf 79' lang='lat' dir='ltr'><strong>Junius</strong></span> <span class='ocrx_word' id='word_1_596' title='bbox 3366 4349 3525 4419; x_wconf 83' lang='lat' dir='ltr'><strong>plane</strong></span> <span class='ocrx_word' id='word_1_597' title='bbox 3545 4342 3813 4422; x_wconf 77' lang='lat' dir='ltr'><strong>perverse</strong></span> 
     </span>
    </p>
   </div>
   <div class='ocr_carea' id='block_1_90' title="bbox 2239 4424 3810 4513">
    <p class='ocr_par' dir='ltr' id='par_1_90' title="bbox 2239 4424 3810 4513">
     <span class='ocr_line' id='line_1_90' title="bbox 2239 4424 3810 4513; baseline 0.015 -38"><span class='ocrx_word' id='word_1_598' title='bbox 2239 4427 2517 4492; x_wconf 84' lang='lat' dir='ltr'><strong>pervertit,</strong></span> <span class='ocrx_word' id='word_1_599' title='bbox 2559 4431 2780 4484; x_wconf 88' lang='lat' dir='ltr'><strong>mutatis</strong></span> <span class='ocrx_word' id='word_1_600' title='bbox 2811 4433 3010 4502; x_wconf 79' lang='lat' dir='ltr'><strong>angelis</strong></span> <span class='ocrx_word' id='word_1_601' title='bbox 3059 4437 3113 4489; x_wconf 89' lang='lat' dir='ltr'><strong>in</strong></span> <span class='ocrx_word' id='word_1_602' title='bbox 3151 4424 3419 4497; x_wconf 69' lang='lat' dir='ltr'><strong>nuntios:</strong></span> <span class='ocrx_word' id='word_1_603' title='bbox 3481 4445 3612 4513; x_wconf 86' lang='lat' dir='ltr'><strong>quia</strong></span> <span class='ocrx_word' id='word_1_604' title='bbox 3655 4449 3810 4501; x_wconf 79' lang='lat' dir='ltr'><strong>enim</strong></span> 
     </span>
    </p>
   </div>
   <div class='ocr_carea' id='block_1_91' title="bbox 551 4512 3815 4600">
    <p class='ocr_par' dir='ltr' id='par_1_91' title="bbox 551 4512 3815 4600">
     <span class='ocr_line' id='line_1_91' title="bbox 551 4512 3815 4600; baseline 0.008 -36"><span class='ocrx_word' id='word_1_605' title='bbox 551 4527 668 4581; x_wconf 81' lang='lat' dir='ltr'><strong>que</strong></span> <span class='ocrx_word' id='word_1_606' title='bbox 695 4513 878 4566; x_wconf 83' lang='lat' dir='ltr'><strong>credat</strong></span> <span class='ocrx_word' id='word_1_607' title='bbox 908 4515 982 4566; x_wconf 86' lang='lat' dir='ltr'><strong>ita</strong></span> <span class='ocrx_word' id='word_1_608' title='bbox 1013 4523 1268 4582; x_wconf 87' lang='lat' dir='ltr'><strong>corrupta</strong></span> <span class='ocrx_word' id='word_1_609' title='bbox 1305 4522 1363 4566; x_wconf 92' lang='lat' dir='ltr'><strong>ut</strong></span> <span class='ocrx_word' id='word_1_610' title='bbox 1384 4514 1807 4583; x_wconf 67' lang='grc' dir='ltr'><strong>σκαραμαγγίου</strong></span> <span class='ocrx_word' id='word_1_611' title='bbox 1831 4515 1946 4569; x_wconf 84' lang='lat' dir='ltr'><strong>vice</strong></span> <span class='ocrx_word' id='word_1_612' title='bbox 1972 4531 2128 4584; x_wconf 77' lang='lat' dir='ltr'><strong>repo-</strong></span> <span class='ocrx_word' id='word_1_613' title='bbox 2157 4512 2206 4567; x_wconf 81' lang='lat' dir='ltr'><strong>D</strong></span> <span class='ocrx_word' id='word_1_614' title='bbox 2231 4525 2478 4570; x_wconf 81' lang='lat' dir='ltr'><strong>summus</strong></span> <span class='ocrx_word' id='word_1_615' title='bbox 2503 4520 2795 4589; x_wconf 81' lang='lat' dir='ltr'><strong>imaginum</strong></span> <span class='ocrx_word' id='word_1_616' title='bbox 2818 4525 2989 4581; x_wconf 78' lang='lat' dir='ltr'><strong>hostis</strong></span> <span class='ocrx_word' id='word_1_617' title='bbox 3011 4541 3148 4588; x_wconf 87' lang='lat' dir='ltr'><strong>erat.</strong></span> <span class='ocrx_word' id='word_1_618' title='bbox 3170 4530 3308 4585; x_wconf 86' lang='lat' dir='ltr'><strong>hanc</strong></span> <span class='ocrx_word' id='word_1_619' title='bbox 3332 4512 3649 4600; x_wconf 79' lang='lat' dir='ltr'><strong>angelorum</strong></span> <span class='ocrx_word' id='word_1_620' title='bbox 3674 4539 3815 4592; x_wconf 89' lang='lat' dir='ltr'><strong>ima-</strong></span> 
     </span>
    </p>
   </div>
   <div class='ocr_carea' id='block_1_92' title="bbox 561 4605 3813 4692">
    <p class='ocr_par' dir='ltr' id='par_1_92' title="bbox 561 4605 3813 4692">
     <span class='ocr_line' id='line_1_92' title="bbox 561 4605 3813 4692; baseline 0.007 -34"><span class='ocrx_word' id='word_1_621' title='bbox 561 4608 727 4658; x_wconf 87' lang='lat' dir='ltr'><strong>situm</strong></span> <span class='ocrx_word' id='word_1_622' title='bbox 769 4606 932 4660; x_wconf 63' lang='lat' dir='ltr'><strong>fuerit</strong></span> <span class='ocrx_word' id='word_1_623' title='bbox 963 4606 1339 4677; x_wconf 69' lang='grc' dir='ltr'>σκαράνικονῖ</span> <span class='ocrx_word' id='word_1_624' title='bbox 1390 4605 1570 4660; x_wconf 76' lang='lat' dir='ltr'><strong>Placet</strong></span> <span class='ocrx_word' id='word_1_625' title='bbox 1600 4607 1958 4662; x_wconf 87' lang='lat' dir='ltr'><strong>nihilominus</strong></span> <span class='ocrx_word' id='word_1_626' title='bbox 1987 4609 2132 4661; x_wconf 81' lang='lat' dir='ltr'><strong>illius</strong></span> <span class='ocrx_word' id='word_1_627' title='bbox 2219 4605 2455 4673; x_wconf 49' lang='lat' dir='ltr'><strong>finibus</strong></span> <span class='ocrx_word' id='word_1_628' title='bbox 2490 4610 2542 4662; x_wconf 88' lang='lat' dir='ltr'><strong>in</strong></span> <span class='ocrx_word' id='word_1_629' title='bbox 2573 4615 2858 4668; x_wconf 84' lang='lat' dir='ltr'><strong>scaranico</strong></span> <span class='ocrx_word' id='word_1_630' title='bbox 2892 4620 3072 4685; x_wconf 80' lang='lat' dir='ltr'><strong>magni</strong></span> <span class='ocrx_word' id='word_1_631' title='bbox 3098 4621 3380 4678; x_wconf 61' lang='lat' dir='ltr'><strong>doinestici</strong></span> <span class='ocrx_word' id='word_1_632' title='bbox 3400 4617 3628 4692; x_wconf 82' lang='lat' dir='ltr'><strong>gloriam</strong></span> <span class='ocrx_word' id='word_1_633' title='bbox 3660 4627 3813 4681; x_wconf 83' lang='lat' dir='ltr'><strong>invi-</strong></span> 
     </span>
    </p>
   </div>
   <div class='ocr_carea' id='block_1_93' title="bbox 557 4696 2133 4770">
    <p class='ocr_par' dir='ltr' id='par_1_93' title="bbox 557 4696 2133 4770">
     <span class='ocr_line' id='line_1_93' title="bbox 557 4696 2133 4770; baseline 0.003 -21"><span class='ocrx_word' id='word_1_634' title='bbox 557 4696 617 4749; x_wconf 82' lang='lat' dir='ltr'><strong>in</strong></span> <span class='ocrx_word' id='word_1_635' title='bbox 659 4697 824 4765; x_wconf 91' lang='lat' dir='ltr'><strong>hujus</strong></span> <span class='ocrx_word' id='word_1_636' title='bbox 862 4697 1226 4767; x_wconf 64' lang='lat' dir='ltr'><strong>degetirrasse</strong></span> <span class='ocrx_word' id='word_1_637' title='bbox 1273 4698 1655 4767; x_wconf 83' lang='lat' dir='ltr'><strong>prolationem.</strong></span> <span class='ocrx_word' id='word_1_638' title='bbox 1714 4707 1770 4752; x_wconf 89' lang='lat' dir='ltr'><strong>et</strong></span> <span class='ocrx_word' id='word_1_639' title='bbox 1809 4701 2133 4770; x_wconf 63' lang='lat' dir='ltr'><strong>oatapaptir-</strong></span> 
     </span>
    </p>
   </div>
   <div class='ocr_carea' id='block_1_94' title="bbox 553 4785 2156 4857">
    <p class='ocr_par' dir='ltr' id='par_1_94' title="bbox 553 4785 2156 4857">
     <span class='ocr_line' id='line_1_94' title="bbox 553 4785 2156 4857; baseline 0.002 -20"><span class='ocrx_word' id='word_1_640' title='bbox 553 4788 679 4853; x_wconf 70' lang='grc' dir='ltr'>γιον</span> <span class='ocrx_word' id='word_1_641' title='bbox 703 4787 892 4841; x_wconf 71' lang='lat' dir='ltr'><strong>Bardte</strong></span> <span class='ocrx_word' id='word_1_642' title='bbox 922 4786 1124 4843; x_wconf 69' lang='lat' dir='ltr'><strong>Caesari</strong></span> <span class='ocrx_word' id='word_1_643' title='bbox 1151 4803 1180 4840; x_wconf 90' lang='lat' dir='ltr'><strong>a</strong></span> <span class='ocrx_word' id='word_1_644' title='bbox 1211 4786 1406 4842; x_wconf 79' lang='lat' dir='ltr'><strong>Leone.</strong></span> <span class='ocrx_word' id='word_1_645' title='bbox 1428 4785 1799 4842; x_wconf 83' lang='lat' dir='ltr'><strong>Grammatico</strong></span> <span class='ocrx_word' id='word_1_646' title='bbox 1829 4790 2156 4857; x_wconf 77' lang='lat' dir='ltr'><strong>ascriptum-</strong></span> 
     </span>
    </p>
   </div>
   <div class='ocr_carea' id='block_1_95' title="bbox 555 4875 2130 4947">
    <p class='ocr_par' dir='ltr' id='par_1_95' title="bbox 555 4875 2130 4947">
     <span class='ocr_line' id='line_1_95' title="bbox 555 4875 2130 4947; baseline 0.002 -18"><span class='ocrx_word' id='word_1_647' title='bbox 555 4892 589 4929; x_wconf 85' lang='lat' dir='ltr'><strong>a</strong></span> <span class='ocrx_word' id='word_1_648' title='bbox 619 4875 830 4932; x_wconf 82' lang='lat' dir='ltr'><strong>Codiuo</strong></span> <span class='ocrx_word' id='word_1_649' title='bbox 853 4877 1033 4946; x_wconf 89' lang='lat' dir='ltr'><strong>capite</strong></span> <span class='ocrx_word' id='word_1_650' title='bbox 1055 4878 1327 4946; x_wconf 88' lang='lat' dir='ltr'><strong>superiori</strong></span> <span class='ocrx_word' id='word_1_651' title='bbox 1349 4878 1680 4947; x_wconf 78' lang='grc' dir='ltr'>σκαράνικον</span> <span class='ocrx_word' id='word_1_652' title='bbox 1708 4878 1936 4931; x_wconf 65' lang='grc' dir='ltr'><strong>(Ζωςπίς</strong></span> <span class='ocrx_word' id='word_1_653' title='bbox 1958 4876 2130 4932; x_wconf 80' lang='lat' dir='ltr'><strong>fuisse</strong></span> 
     </span>
    </p>
   </div>
   <div class='ocr_carea' id='block_1_96' title="bbox 559 4967 2131 5046">
    <p class='ocr_par' dir='ltr' id='par_1_96' title="bbox 559 4967 2131 5046">
     <span class='ocr_line' id='line_1_96' title="bbox 559 4967 2131 5046; baseline 0.003 -26"><span class='ocrx_word' id='word_1_654' title='bbox 559 4967 1004 5046; x_wconf 54' lang='lat' dir='ltr'><strong>vocatutn..Vide</strong></span> <span class='ocrx_word' id='word_1_655' title='bbox 1057 4979 1214 5024; x_wconf 88' lang='lat' dir='ltr'><strong>notas</strong></span> <span class='ocrx_word' id='word_1_656' title='bbox 1267 4969 1324 5023; x_wconf 90' lang='lat' dir='ltr'><strong>in</strong></span> <span class='ocrx_word' id='word_1_657' title='bbox 1355 4980 1517 5038; x_wconf 88' lang='lat' dir='ltr'><strong>caput</strong></span> <span class='ocrx_word' id='word_1_658' title='bbox 1575 4971 1850 5045; x_wconf 70' lang='lat' dir='ltr'><strong>quintum.</strong></span> <span class='ocrx_word' id='word_1_659' title='bbox 1883 4971 1954 5024; x_wconf 89' lang='lat' dir='ltr'><strong>De</strong></span> <span class='ocrx_word' id='word_1_660' title='bbox 2012 4987 2131 5024; x_wconf 84' lang='lat' dir='ltr'><strong>sca-</strong></span> 
     </span>
    </p>
   </div>
   <div class='ocr_carea' id='block_1_97' title="bbox 551 5059 2128 5129">
    <p class='ocr_par' dir='ltr' id='par_1_97' title="bbox 551 5059 2128 5129">
     <span class='ocr_line' id='line_1_97' title="bbox 551 5059 2128 5129; baseline 0 -18"><span class='ocrx_word' id='word_1_661' title='bbox 551 5060 848 5129; x_wconf 58' lang='lat' dir='ltr'><strong>ramang‘io</strong></span> <span class='ocrx_word' id='word_1_662' title='bbox 876 5059 1244 5115; x_wconf 77' lang='lat' dir='ltr'><strong>Leunclarius</strong></span> <span class='ocrx_word' id='word_1_663' title='bbox 1278 5063 1332 5116; x_wconf 90' lang='lat' dir='ltr'><strong>in</strong></span> <span class='ocrx_word' id='word_1_664' title='bbox 1381 5061 1770 5116; x_wconf 79' lang='lat' dir='ltr'><strong>Onomastico:</strong></span> <span class='ocrx_word' id='word_1_665' title='bbox 1803 5062 2128 5116; x_wconf 75' lang='lat' dir='ltr'><strong>Scarumau-</strong></span> 
     </span>
    </p>
   </div>
   <div class='ocr_carea' id='block_1_98' title="bbox 546 5147 2124 5218">
    <p class='ocr_par' dir='ltr' id='par_1_98' title="bbox 546 5147 2124 5218">
     <span class='ocr_line' id='line_1_98' title="bbox 546 5147 2124 5218; baseline 0 -19"><span class='ocrx_word' id='word_1_666' title='bbox 546 5148 699 5216; x_wconf 77' lang='lat' dir='ltr'><strong>gium</strong></span> <span class='ocrx_word' id='word_1_667' title='bbox 734 5164 831 5201; x_wconf 74' lang='lat' dir='ltr'><strong>vox</strong></span> <span class='ocrx_word' id='word_1_668' title='bbox 877 5147 1114 5210; x_wconf 84' lang='lat' dir='ltr'><strong>Persica,</strong></span> <span class='ocrx_word' id='word_1_669' title='bbox 1167 5163 1285 5216; x_wconf 72' lang='lat' dir='ltr'><strong>quae</strong></span> <span class='ocrx_word' id='word_1_670' title='bbox 1332 5159 1524 5201; x_wconf 77' lang='lat' dir='ltr'><strong>vestem</strong></span> <span class='ocrx_word' id='word_1_671' title='bbox 1561 5149 1794 5216; x_wconf 71' lang='lat' dir='ltr'><strong>pluviam</strong></span> <span class='ocrx_word' id='word_1_672' title='bbox 1832 5149 2124 5218; x_wconf 77' lang='lat' dir='ltr'><strong>signiﬁca:.</strong></span> 
     </span>
    </p>
   </div>
   <div class='ocr_carea' id='block_1_99' title="bbox 549 5237 2123 5306">
    <p class='ocr_par' dir='ltr' id='par_1_99' title="bbox 549 5237 2123 5306">
     <span class='ocr_line' id='line_1_99' title="bbox 549 5237 2123 5306; baseline 0.002 -18"><span class='ocrx_word' id='word_1_673' title='bbox 549 5237 650 5288; x_wconf 70' lang='lat' dir='ltr'><strong>hoc</strong></span> <span class='ocrx_word' id='word_1_674' title='bbox 677 5247 755 5290; x_wconf 82' lang='lat' dir='ltr'><strong>cst</strong></span> <span class='ocrx_word' id='word_1_675' title='bbox 789 5253 904 5290; x_wconf 83' lang='lat' dir='ltr'><strong>eam</strong></span> <span class='ocrx_word' id='word_1_676' title='bbox 937 5254 1053 5306; x_wconf 59' lang='lat' dir='ltr'><strong>qtae</strong></span> <span class='ocrx_word' id='word_1_677' title='bbox 1085 5238 1278 5306; x_wconf 81' lang='lat' dir='ltr'><strong>pluviis</strong></span> <span class='ocrx_word' id='word_1_678' title='bbox 1333 5248 1426 5292; x_wconf 78' lang='lat' dir='ltr'><strong>aut</strong></span> <span class='ocrx_word' id='word_1_679' title='bbox 1457 5241 1688 5293; x_wconf 76' lang='lat' dir='ltr'><strong>hibernis</strong></span> <span class='ocrx_word' id='word_1_680' title='bbox 1735 5239 2123 5306; x_wconf 75' lang='lat' dir='ltr'><strong>tempestatibus</strong></span> 
     </span>
    </p>
   </div>
   <div class='ocr_carea' id='block_1_100' title="bbox 545 5329 1280 5396">
    <p class='ocr_par' dir='ltr' id='par_1_100' title="bbox 545 5329 1280 5396">
     <span class='ocr_line' id='line_1_100' title="bbox 545 5329 1280 5396; baseline 0.001 -16"><span class='ocrx_word' id='word_1_681' title='bbox 545 5329 758 5380; x_wconf 65' lang='lat' dir='ltr'><strong>caneris</strong></span> <span class='ocrx_word' id='word_1_682' title='bbox 793 5329 1098 5396; x_wconf 84' lang='lat' dir='ltr'><strong>superinjici</strong></span> <span class='ocrx_word' id='word_1_683' title='bbox 1128 5329 1280 5382; x_wconf 82' lang='lat' dir='ltr'><strong>solet.</strong></span> 
     </span>
    </p>
   </div>
   <div class='ocr_carea' id='block_1_101' title="bbox 627 5418 2123 5490">
    <p class='ocr_par' dir='ltr' id='par_1_101' title="bbox 627 5418 2123 5490">
     <span class='ocr_line' id='line_1_101' title="bbox 627 5418 2123 5490; baseline 0.003 -18"><span class='ocrx_word' id='word_1_684' title='bbox 627 5418 712 5473; x_wconf 79' lang='lat' dir='ltr'><strong>1b.</strong></span> <span class='ocrx_word' id='word_1_685' title='bbox 737 5419 1086 5490; x_wconf 75' lang='grc' dir='ltr'><strong>Ιεικονικώς</strong></span> <span class='ocrx_word' id='word_1_686' title='bbox 1112 5421 1220 5474; x_wconf 81' lang='grc' dir='ltr'><strong>τὸν</strong></span> <span class='ocrx_word' id='word_1_687' title='bbox 1236 5419 1524 5485; x_wconf 74' lang='grc' dir='ltr'><strong>βασιλέα.</strong></span> <span class='ocrx_word' id='word_1_688' title='bbox 1545 5418 1812 5487; x_wconf 77' lang='lat' dir='ltr'><strong>Imagines</strong></span> <span class='ocrx_word' id='word_1_689' title='bbox 1833 5419 2123 5489; x_wconf 76' lang='lat' dir='ltr'><strong>imperato-</strong></span> 
     </span>
    </p>
   </div>
   <div class='ocr_carea' id='block_1_102' title="bbox 552 5508 2119 5578">
    <p class='ocr_par' dir='ltr' id='par_1_102' title="bbox 552 5508 2119 5578">
     <span class='ocr_line' id='line_1_102' title="bbox 552 5508 2119 5578; baseline 0.003 -18"><span class='ocrx_word' id='word_1_690' title='bbox 552 5524 678 5561; x_wconf 77' lang='lat' dir='ltr'><strong>rum</strong></span> <span class='ocrx_word' id='word_1_691' title='bbox 723 5509 901 5562; x_wconf 85' lang='lat' dir='ltr'><strong>rarius</strong></span> <span class='ocrx_word' id='word_1_692' title='bbox 953 5509 1005 5562; x_wconf 93' lang='lat' dir='ltr'><strong>in</strong></span> <span class='ocrx_word' id='word_1_693' title='bbox 1049 5509 1184 5563; x_wconf 81' lang='lat' dir='ltr'><strong>foris</strong></span> <span class='ocrx_word' id='word_1_694' title='bbox 1238 5509 1451 5577; x_wconf 65' lang='lat' dir='ltr'><strong>positae,</strong></span> <span class='ocrx_word' id='word_1_695' title='bbox 1501 5508 1554 5561; x_wconf 90' lang='lat' dir='ltr'><strong>in</strong></span> <span class='ocrx_word' id='word_1_696' title='bbox 1591 5509 1819 5563; x_wconf 86' lang='lat' dir='ltr'><strong>urbibus</strong></span> <span class='ocrx_word' id='word_1_697' title='bbox 1862 5513 2119 5578; x_wconf 50' lang='lat' dir='ltr'><strong>adoratae,</strong></span> 
     </span>
    </p>
   </div>
   <div class='ocr_carea' id='block_1_103' title="bbox 552 5599 2124 5669">
    <p class='ocr_par' dir='ltr' id='par_1_103' title="bbox 552 5599 2124 5669">
     <span class='ocr_line' id='line_1_103' title="bbox 552 5599 2124 5669; baseline 0.001 -14"><span class='ocrx_word' id='word_1_698' title='bbox 552 5615 722 5667; x_wconf 80' lang='lat' dir='ltr'><strong>quam</strong></span> <span class='ocrx_word' id='word_1_699' title='bbox 779 5601 832 5652; x_wconf 89' lang='lat' dir='ltr'><strong>in</strong></span> <span class='ocrx_word' id='word_1_700' title='bbox 860 5601 976 5653; x_wconf 88' lang='lat' dir='ltr'><strong>acie</strong></span> <span class='ocrx_word' id='word_1_701' title='bbox 1019 5600 1229 5654; x_wconf 70' lang='lat' dir='ltr'><strong>delatae.</strong></span> <span class='ocrx_word' id='word_1_702' title='bbox 1273 5599 1621 5653; x_wconf 83' lang='lat' dir='ltr'><strong>Domesticus</strong></span> <span class='ocrx_word' id='word_1_703' title='bbox 1656 5599 1841 5668; x_wconf 82' lang='lat' dir='ltr'><strong>itaque</strong></span> <span class='ocrx_word' id='word_1_704' title='bbox 1869 5608 1928 5654; x_wconf 92' lang='lat' dir='ltr'><strong>ut</strong></span> <span class='ocrx_word' id='word_1_705' title='bbox 1952 5601 2124 5669; x_wconf 85' lang='lat' dir='ltr'><strong>impe-</strong></span> 
     </span>
    </p>
   </div>
   <div class='ocr_carea' id='block_1_104' title="bbox 557 5689 2134 5758">
    <p class='ocr_par' dir='ltr' id='par_1_104' title="bbox 557 5689 2134 5758">
     <span class='ocr_line' id='line_1_104' title="bbox 557 5689 2134 5758; baseline 0.003 -15"><span class='ocrx_word' id='word_1_706' title='bbox 557 5690 776 5744; x_wconf 85' lang='lat' dir='ltr'><strong>rialium</strong></span> <span class='ocrx_word' id='word_1_707' title='bbox 817 5692 1160 5744; x_wconf 78' lang='lat' dir='ltr'><strong>exercituum</strong></span> <span class='ocrx_word' id='word_1_708' title='bbox 1210 5690 1523 5744; x_wconf 84' lang='lat' dir='ltr'><strong>moderator</strong></span> <span class='ocrx_word' id='word_1_709' title='bbox 1562 5703 1877 5758; x_wconf 83' lang='lat' dir='ltr'><strong>supremus,</strong></span> <span class='ocrx_word' id='word_1_710' title='bbox 1908 5702 1960 5745; x_wconf 87' lang='lat' dir='ltr'><strong>et</strong></span> <span class='ocrx_word' id='word_1_711' title='bbox 1993 5689 2134 5748; x_wconf 68' lang='lat' dir='ltr'><strong>viva&#39;</strong></span> 
     </span>
    </p>
   </div>
   <div class='ocr_carea' id='block_1_105' title="bbox 557 5777 2119 5854">
    <p class='ocr_par' dir='ltr' id='par_1_105' title="bbox 557 5777 2119 5854">
     <span class='ocr_line' id='line_1_105' title="bbox 557 5777 2119 5854; baseline -0.003 -16"><span class='ocrx_word' id='word_1_712' title='bbox 557 5777 752 5850; x_wconf 59' lang='lat' dir='ltr'><strong>ipsius,</strong></span> <span class='ocrx_word' id='word_1_713' title='bbox 791 5791 849 5836; x_wconf 90' lang='lat' dir='ltr'><strong>ut</strong></span> <span class='ocrx_word' id='word_1_714' title='bbox 877 5782 1108 5837; x_wconf 78' lang='lat' dir='ltr'><strong>inferius</strong></span> <span class='ocrx_word' id='word_1_715' title='bbox 1153 5793 1478 5852; x_wconf 78' lang='lat' dir='ltr'><strong>exponetur,</strong></span> <span class='ocrx_word' id='word_1_716' title='bbox 1517 5783 1569 5835; x_wconf 89' lang='lat' dir='ltr'><strong>in</strong></span> <span class='ocrx_word' id='word_1_717' title='bbox 1595 5784 1792 5836; x_wconf 80' lang='lat' dir='ltr'><strong>castris</strong></span> <span class='ocrx_word' id='word_1_718' title='bbox 1825 5787 2025 5854; x_wconf 76' lang='lat' dir='ltr'><strong>imago,</strong></span> <span class='ocrx_word' id='word_1_719' title='bbox 2061 5799 2119 5843; x_wconf 84' lang='grc' dir='ltr'>υι</span> 
     </span>
    </p>
   </div>
   <div class='ocr_carea' id='block_1_106' title="bbox 2230 4697 3811 4784">
    <p class='ocr_par' dir='ltr' id='par_1_106' title="bbox 2230 4697 3811 4784">
     <span class='ocr_line' id='line_1_106' title="bbox 2230 4697 3811 4784; baseline 0.014 -34"><span class='ocrx_word' id='word_1_720' title='bbox 2230 4697 2312 4750; x_wconf 85' lang='lat' dir='ltr'><strong>dit</strong></span> <span class='ocrx_word' id='word_1_721' title='bbox 2337 4714 2353 4762; x_wconf 91' lang='lat'><strong>;</strong></span> <span class='ocrx_word' id='word_1_722' title='bbox 2379 4698 2562 4769; x_wconf 86' lang='lat' dir='ltr'><strong>itaque</strong></span> <span class='ocrx_word' id='word_1_723' title='bbox 2583 4717 2649 4756; x_wconf 71' lang='lat' dir='ltr'><strong>et</strong></span> <span class='ocrx_word' id='word_1_724' title='bbox 2685 4707 2892 4772; x_wconf 82' lang='lat' dir='ltr'><strong>angelis</strong></span> <span class='ocrx_word' id='word_1_725' title='bbox 2929 4713 3143 4764; x_wconf 80' lang='lat' dir='ltr'><strong>nuntios</strong></span> <span class='ocrx_word' id='word_1_726' title='bbox 3187 4711 3337 4776; x_wconf 75' lang='lat' dir='ltr'><strong>fecit,</strong></span> <span class='ocrx_word' id='word_1_727' title='bbox 3368 4715 3525 4782; x_wconf 85' lang='lat' dir='ltr'><strong>quasi</strong></span> <span class='ocrx_word' id='word_1_728' title='bbox 3565 4719 3811 4784; x_wconf 79' lang='lat' dir='ltr'><strong>proximi</strong></span> 
     </span>
    </p>
   </div>
   <div class='ocr_carea' id='block_1_107' title="bbox 2231 4789 3810 4864">
    <p class='ocr_par' dir='ltr' id='par_1_107' title="bbox 2231 4789 3810 4864">
     <span class='ocr_line' id='line_1_107' title="bbox 2231 4789 3810 4864; baseline 0.014 -22"><span class='ocrx_word' id='word_1_729' title='bbox 2231 4790 2300 4842; x_wconf 79' lang='lat' dir='ltr'><strong>ab</strong></span> <span class='ocrx_word' id='word_1_730' title='bbox 2322 4789 2672 4858; x_wconf 84' lang='lat' dir='ltr'><strong>imperatoria</strong></span> <span class='ocrx_word' id='word_1_731' title='bbox 2711 4794 2973 4863; x_wconf 81' lang='lat' dir='ltr'><strong>dignitate</strong></span> <span class='ocrx_word' id='word_1_732' title='bbox 2993 4815 3119 4853; x_wconf 85' lang='lat' dir='ltr'><strong>eum</strong></span> <span class='ocrx_word' id='word_1_733' title='bbox 3146 4801 3407 4857; x_wconf 80' lang='lat' dir='ltr'><strong>honorem</strong></span> <span class='ocrx_word' id='word_1_734' title='bbox 3433 4807 3548 4861; x_wconf 89' lang='lat' dir='ltr'><strong>suis</strong></span> <span class='ocrx_word' id='word_1_735' title='bbox 3587 4813 3810 4864; x_wconf 84' lang='lat' dir='ltr'><strong>nuntiis</strong></span> 
     </span>
    </p>
   </div>
   <div class='ocr_carea' id='block_1_108' title="bbox 2229 4884 3810 4966">
    <p class='ocr_par' dir='ltr' id='par_1_108' title="bbox 2229 4884 3810 4966">
     <span class='ocr_line' id='line_1_108' title="bbox 2229 4884 3810 4966; baseline 0.011 -32"><span class='ocrx_word' id='word_1_736' title='bbox 2229 4895 2282 4934; x_wconf 88' lang='lat' dir='ltr'><strong>et</strong></span> <span class='ocrx_word' id='word_1_737' title='bbox 2313 4891 2374 4934; x_wconf 89' lang='lat' dir='ltr'><strong>ut</strong></span> <span class='ocrx_word' id='word_1_738' title='bbox 2397 4895 2590 4937; x_wconf 84' lang='lat' dir='ltr'><strong>vocant</strong></span> <span class='ocrx_word' id='word_1_739' title='bbox 2613 4884 2954 4956; x_wconf 82' lang='lat' dir='ltr'><strong>brcoigcrulis</strong></span> <span class='ocrx_word' id='word_1_740' title='bbox 2981 4901 3037 4944; x_wconf 88' lang='lat' dir='ltr'><strong>et</strong></span> <span class='ocrx_word' id='word_1_741' title='bbox 3065 4892 3364 4949; x_wconf 81' lang='lat' dir='ltr'><strong>tabellariis</strong></span> <span class='ocrx_word' id='word_1_742' title='bbox 3394 4896 3715 4966; x_wconf 84' lang='lat' dir='ltr'><strong>habuerint,</strong></span> <span class='ocrx_word' id='word_1_743' title='bbox 3749 4912 3810 4955; x_wconf 88' lang='lat' dir='ltr'><strong>ut</strong></span> 
     </span>
    </p>
   </div>
   <div class='ocr_carea' id='block_1_109' title="bbox 2229 4973 3809 5054">
    <p class='ocr_par' dir='ltr' id='par_1_109' title="bbox 2229 4973 3809 5054">
     <span class='ocr_line' id='line_1_109' title="bbox 2229 4973 3809 5054; baseline 0.014 -32"><span class='ocrx_word' id='word_1_744' title='bbox 2229 4985 2322 5026; x_wconf 87' lang='lat' dir='ltr'><strong>eos</strong></span> <span class='ocrx_word' id='word_1_745' title='bbox 2373 4987 2471 5026; x_wconf 81' lang='lat' dir='ltr'><strong>sua</strong></span> <span class='ocrx_word' id='word_1_746' title='bbox 2521 4973 2574 5026; x_wconf 92' lang='lat' dir='ltr'><strong>in</strong></span> <span class='ocrx_word' id='word_1_747' title='bbox 2609 4985 2756 5029; x_wconf 81' lang='lat' dir='ltr'><strong>veste</strong></span> <span class='ocrx_word' id='word_1_748' title='bbox 2792 4977 3092 5048; x_wconf 79' lang='lat' dir='ltr'><strong>eﬂigiarent</strong></span> <span class='ocrx_word' id='word_1_749' title='bbox 3117 4992 3171 5036; x_wconf 87' lang='lat' dir='ltr'><strong>et</strong></span> <span class='ocrx_word' id='word_1_750' title='bbox 3217 4986 3529 5054; x_wconf 80' lang='lat' dir='ltr'><strong>margaritis</strong></span> <span class='ocrx_word' id='word_1_751' title='bbox 3557 5004 3809 5044; x_wconf 78' lang='lat' dir='ltr'><strong>exorna-</strong></span> 
     </span>
    </p>
   </div>
   <div class='ocr_carea' id='block_1_110' title="bbox 2231 5063 3805 5145">
    <p class='ocr_par' dir='ltr' id='par_1_110' title="bbox 2231 5063 3805 5145">
     <span class='ocr_line' id='line_1_110' title="bbox 2231 5063 3805 5145; baseline 0.013 -31"><span class='ocrx_word' id='word_1_752' title='bbox 2231 5075 2369 5115; x_wconf 87' lang='lat' dir='ltr'><strong>rent.</strong></span> <span class='ocrx_word' id='word_1_753' title='bbox 2407 5063 2764 5133; x_wconf 64' lang='lat' dir='ltr'><strong>0bserva,bic</strong></span> <span class='ocrx_word' id='word_1_754' title='bbox 2809 5084 3014 5124; x_wconf 88' lang='lat' dir='ltr'><strong>morem</strong></span> <span class='ocrx_word' id='word_1_755' title='bbox 3051 5074 3282 5145; x_wconf 83' lang='lat' dir='ltr'><strong>addeudi</strong></span> <span class='ocrx_word' id='word_1_756' title='bbox 3315 5077 3654 5134; x_wconf 82' lang='lat' dir='ltr'><strong>vestimentis</strong></span> <span class='ocrx_word' id='word_1_757' title='bbox 3691 5096 3805 5135; x_wconf 86' lang='lat' dir='ltr'><strong>non</strong></span> 
     </span>
    </p>
   </div>
   <div class='ocr_carea' id='block_1_111' title="bbox 2231 5156 3805 5231">
    <p class='ocr_par' dir='ltr' id='par_1_111' title="bbox 2231 5156 3805 5231">
     <span class='ocr_line' id='line_1_111' title="bbox 2231 5156 3805 5231; baseline 0.014 -26"><span class='ocrx_word' id='word_1_758' title='bbox 2231 5163 2437 5207; x_wconf 84' lang='lat' dir='ltr'><strong>tantum</strong></span> <span class='ocrx_word' id='word_1_759' title='bbox 2479 5156 2769 5226; x_wconf 85' lang='lat' dir='ltr'><strong>imaginem</strong></span> <span class='ocrx_word' id='word_1_760' title='bbox 2821 5160 3189 5231; x_wconf 86' lang='lat' dir='ltr'><strong>imperatoris,</strong></span> <span class='ocrx_word' id='word_1_761' title='bbox 3232 5167 3326 5220; x_wconf 88' lang='lat' dir='ltr'><strong>sed</strong></span> <span class='ocrx_word' id='word_1_762' title='bbox 3381 5178 3438 5222; x_wconf 83' lang='lat' dir='ltr'><strong>et</strong></span> <span class='ocrx_word' id='word_1_763' title='bbox 3479 5180 3805 5227; x_wconf 86' lang='lat' dir='ltr'><strong>sanctorum</strong></span> 
     </span>
    </p>
   </div>
   <div class='ocr_carea' id='block_1_112' title="bbox 2182 5246 3806 5322">
    <p class='ocr_par' dir='ltr' id='par_1_112' title="bbox 2182 5246 3806 5322">
     <span class='ocr_line' id='line_1_112' title="bbox 2182 5246 3806 5322; baseline 0.01 -21"><span class='ocrx_word' id='word_1_764' title='bbox 2182 5277 2201 5301; x_wconf 88' lang='lat'><strong>.-</strong></span> <span class='ocrx_word' id='word_1_765' title='bbox 2227 5246 2568 5313; x_wconf 75' lang='lat' dir='ltr'><strong>angelorum.</strong></span> <span class='ocrx_word' id='word_1_766' title='bbox 2594 5247 2708 5302; x_wconf 87' lang='lat' dir='ltr'><strong>imo</strong></span> <span class='ocrx_word' id='word_1_767' title='bbox 2735 5251 2862 5304; x_wconf 82' lang='lat' dir='ltr'><strong>olim</strong></span> <span class='ocrx_word' id='word_1_768' title='bbox 2892 5253 3050 5322; x_wconf 80' lang='lat' dir='ltr'><strong>vulgo</strong></span> <span class='ocrx_word' id='word_1_769' title='bbox 3071 5255 3236 5309; x_wconf 81' lang='lat' dir='ltr'><strong>etiam</strong></span> <span class='ocrx_word' id='word_1_770' title='bbox 3275 5260 3545 5313; x_wconf 82' lang='lat' dir='ltr'><strong>variorum</strong></span> <span class='ocrx_word' id='word_1_771' title='bbox 3577 5275 3806 5318; x_wconf 84' lang='lat' dir='ltr'><strong>sancto-</strong></span> 
     </span>
    </p>
   </div>
   <div class='ocr_carea' id='block_1_113' title="bbox 2228 5343 3807 5424">
    <p class='ocr_par' dir='ltr' id='par_1_113' title="bbox 2228 5343 3807 5424">
     <span class='ocr_line' id='line_1_113' title="bbox 2228 5343 3807 5424; baseline 0.013 -36"><span class='ocrx_word' id='word_1_772' title='bbox 2228 5351 2346 5388; x_wconf 90' lang='lat' dir='ltr'><strong>rum</strong></span> <span class='ocrx_word' id='word_1_773' title='bbox 2399 5347 2449 5390; x_wconf 83' lang='lat' dir='ltr'><strong>el</strong></span> <span class='ocrx_word' id='word_1_774' title='bbox 2507 5350 2808 5408; x_wconf 79' lang='lat' dir='ltr'><strong>martyrum</strong></span> <span class='ocrx_word' id='word_1_775' title='bbox 2854 5343 3063 5414; x_wconf 84' lang='lat' dir='ltr'><strong>ciiigies</strong></span> <span class='ocrx_word' id='word_1_776' title='bbox 3100 5347 3497 5404; x_wconf 76' lang='lat' dir='ltr'><strong>suis‘vestibus</strong></span> <span class='ocrx_word' id='word_1_777' title='bbox 3534 5355 3807 5424; x_wconf 81' lang='lat' dir='ltr'><strong>appinge-</strong></span> 
     </span>
    </p>
   </div>
   <div class='ocr_carea' id='block_1_114' title="bbox 2227 5428 3805 5511">
    <p class='ocr_par' dir='ltr' id='par_1_114' title="bbox 2227 5428 3805 5511">
     <span class='ocr_line' id='line_1_114' title="bbox 2227 5428 3805 5511; baseline 0.013 -31"><span class='ocrx_word' id='word_1_778' title='bbox 2227 5428 2375 5489; x_wconf 84' lang='lat' dir='ltr'><strong>bant,</strong></span> <span class='ocrx_word' id='word_1_779' title='bbox 2420 5437 2559 5482; x_wconf 78' lang='lat' dir='ltr'><strong>ntex</strong></span> <span class='ocrx_word' id='word_1_780' title='bbox 2611 5432 3094 5511; x_wconf 65' lang='lat' dir='ltr'><strong>AsteriiAmaseni</strong></span> <span class='ocrx_word' id='word_1_781' title='bbox 3143 5436 3376 5494; x_wconf 82' lang='lat' dir='ltr'><strong>Homilia</strong></span> <span class='ocrx_word' id='word_1_782' title='bbox 3397 5443 3630 5511; x_wconf 82' lang='lat' dir='ltr'><strong>quadam</strong></span> <span class='ocrx_word' id='word_1_783' title='bbox 3661 5461 3805 5499; x_wconf 86' lang='lat' dir='ltr'><strong>con-</strong></span> 
     </span>
    </p>
   </div>
   <div class='ocr_carea' id='block_1_115' title="bbox 2225 5502 3804 5598">
    <p class='ocr_par' dir='ltr' id='par_1_115' title="bbox 2225 5502 3804 5598">
     <span class='ocr_line' id='line_1_115' title="bbox 2225 5502 3804 5598; baseline 0.011 -26"><span class='ocrx_word' id='word_1_784' title='bbox 2225 5529 2354 5572; x_wconf 88' lang='lat' dir='ltr'><strong>stat.</strong></span> <span class='ocrx_word' id='word_1_785' title='bbox 2387 5519 2573 5575; x_wconf 84' lang='lat' dir='ltr'><strong>Sacris</strong></span> <span class='ocrx_word' id='word_1_786' title='bbox 2607 5523 2854 5578; x_wconf 85' lang='lat' dir='ltr'><strong>vestibus</strong></span> <span class='ocrx_word' id='word_1_787' title='bbox 2873 5502 3064 5582; x_wconf 60' lang='lat' dir='ltr'><strong>&#39;sacras</strong></span> <span class='ocrx_word' id='word_1_788' title='bbox 3098 5527 3364 5598; x_wconf 83' lang='lat' dir='ltr'><strong>imagines</strong></span> <span class='ocrx_word' id='word_1_789' title='bbox 3390 5502 3593 5586; x_wconf 57' lang='lat' dir='ltr'><strong>addere</strong></span> <span class='ocrx_word' id='word_1_790' title='bbox 3617 5537 3804 5597; x_wconf 74' lang='lat' dir='ltr'><strong>usita-</strong></span> 
     </span>
    </p>
   </div>
   <div class='ocr_carea' id='block_1_116' title="bbox 2227 5611 3804 5697">
    <p class='ocr_par' dir='ltr' id='par_1_116' title="bbox 2227 5611 3804 5697">
     <span class='ocr_line' id='line_1_116' title="bbox 2227 5611 3804 5697; baseline 0.012 -35"><span class='ocrx_word' id='word_1_791' title='bbox 2227 5611 2497 5664; x_wconf 82' lang='lat' dir='ltr'><strong>tissimum</strong></span> <span class='ocrx_word' id='word_1_792' title='bbox 2535 5624 2694 5678; x_wconf 86' lang='lat' dir='ltr'><strong>erat;</strong></span> <span class='ocrx_word' id='word_1_793' title='bbox 2726 5614 2962 5682; x_wconf 85' lang='lat' dir='ltr'><strong>plurima</strong></span> <span class='ocrx_word' id='word_1_794' title='bbox 2999 5619 3160 5688; x_wconf 81' lang='lat' dir='ltr'><strong>hujus</strong></span> <span class='ocrx_word' id='word_1_795' title='bbox 3195 5622 3270 5675; x_wconf 90' lang='lat' dir='ltr'><strong>rei</strong></span> <span class='ocrx_word' id='word_1_796' title='bbox 3302 5625 3548 5694; x_wconf 78' lang='lat' dir='ltr'><strong>exempla</strong></span> <span class='ocrx_word' id='word_1_797' title='bbox 3573 5641 3804 5697; x_wconf 71' lang='lat' dir='ltr'><strong>suppe-</strong></span> 
     </span>
    </p>
   </div>
   <div class='ocr_carea' id='block_1_117' title="bbox 2223 5701 3801 5773">
    <p class='ocr_par' dir='ltr' id='par_1_117' title="bbox 2223 5701 3801 5773">
     <span class='ocr_line' id='line_1_117' title="bbox 2223 5701 3801 5773; baseline 0.011 -17"><span class='ocrx_word' id='word_1_798' title='bbox 2223 5703 2361 5756; x_wconf 82' lang='lat' dir='ltr'><strong>ditat</strong></span> <span class='ocrx_word' id='word_1_799' title='bbox 2415 5703 2739 5760; x_wconf 84' lang='lat' dir='ltr'><strong>Anastasius</strong></span> <span class='ocrx_word' id='word_1_800' title='bbox 2767 5707 2822 5760; x_wconf 85' lang='lat' dir='ltr'><strong>in</strong></span> <span class='ocrx_word' id='word_1_801' title='bbox 2853 5706 3173 5766; x_wconf 77' lang='lat' dir='ltr'><strong>Pontiﬁcum</strong></span> <span class='ocrx_word' id='word_1_802' title='bbox 3205 5712 3361 5769; x_wconf 84' lang='lat' dir='ltr'><strong>Vitis.</strong></span> <span class='ocrx_word' id='word_1_803' title='bbox 3391 5716 3446 5770; x_wconf 87' lang='lat' dir='ltr'><strong>in</strong></span> <span class='ocrx_word' id='word_1_804' title='bbox 3477 5717 3662 5772; x_wconf 85' lang='lat' dir='ltr'><strong>Leone</strong></span> <span class='ocrx_word' id='word_1_805' title='bbox 3685 5701 3757 5773; x_wconf 76' lang='lat' dir='ltr'><strong>lli</strong></span> <span class='ocrx_word' id='word_1_806' title='bbox 3788 5739 3801 5773; x_wconf 90' lang='lat'><strong>:</strong></span> 
     </span>
    </p>
   </div>
   <div class='ocr_carea' id='block_1_118' title="bbox 2226 5790 3800 5876">
    <p class='ocr_par' dir='ltr' id='par_1_118' title="bbox 2226 5790 3800 5876">
     <span class='ocr_line' id='line_1_118' title="bbox 2226 5790 3800 5876; baseline 0.011 -33"><span class='ocrx_word' id='word_1_807' title='bbox 2226 5790 2370 5845; x_wconf 78' lang='lat' dir='ltr'><strong>Fecit</strong></span> <span class='ocrx_word' id='word_1_808' title='bbox 2404 5793 2458 5846; x_wconf 82' lang='lat' dir='ltr'><strong>in</strong></span> <span class='ocrx_word' id='word_1_809' title='bbox 2509 5795 2728 5848; x_wconf 77' lang='lat' dir='ltr'><strong>ecclesia</strong></span> <span class='ocrx_word' id='word_1_810' title='bbox 2777 5796 3010 5852; x_wconf 83' lang='lat' dir='ltr'><strong>doctoris</strong></span> <span class='ocrx_word' id='word_1_811' title='bbox 3049 5805 3231 5855; x_wconf 78' lang='lat' dir='ltr'><strong>mundi</strong></span> <span class='ocrx_word' id='word_1_812' title='bbox 3264 5805 3325 5857; x_wconf 80' lang='grc' dir='ltr'><strong>Β.</strong></span> <span class='ocrx_word' id='word_1_813' title='bbox 3357 5805 3514 5859; x_wconf 78' lang='lat' dir='ltr'><strong>Pauli</strong></span> <span class='ocrx_word' id='word_1_814' title='bbox 3562 5813 3800 5876; x_wconf 68' lang='grc' dir='ltr'><strong>αροεωιι</strong></span> 
     </span>
    </p>
   </div>
  </div>
