3936 6620
243 422 319 487 261
1291 415 1670 475 euersum
1713 412 1804 471 ET
1836 412 2072 501 coitu
2113 414 2346 475 nom.
2392 487 2401 494 ,

3327 404 3432 469 262

247 530 455 587 tetravela
491 527 772 582 ttoluserica
814 527 1040 581 alit/tina
1073 539 1325 598 quatuor,
1358 538 1407 581 et
1442 537 1630 582 vestem
1660 544 1755 581 διι-
1781 532 1828 588 Λ
1858 541 2131 596 purpurea
2161 537 2311 582 veste
2340 525 2573 596 intelligi
2600 526 2796 583 debere
2820 528 2977 584 testis
3008 536 3091 584 est
3127 528 3427 600 Eutropius

238 641 309 693 per
341 622 490 675 altare
515 618 683 672 albam
721 618 1138 689 chrysoclavam,
1169 620 1443 672 habentem
1468 619 1748 672 historiam

239 727 397 766 sancta:
430 710 831 763 resurrectionis.
866 708 935 762 Et
994 709 1159 762 aliant
1220 719 1405 763 restem
1448 709 1751 778 clirysoela-

238 804 620 868 rant,‘ltubentem
659 803 943 854 historiam
985 801 1284 853 nativitatis
1326 799 1536 853 Domini
1558 810 1606 852 et
1638 798 1745 853 SS.

235 894 562 947 Innocentium.
599 889 716 942 lnto
749 900 797 943 et
853 892 1021 944 aliam
1061 900 1248 944 vestem
1290 889 1523 959 Tyriam,
1556 890 1751 943 habeti-

236 997 313 1037 trm
360 982 617 1036 historiam
675 985 801 1035 ca'ci
860 983 1152 1037 illuminati
1184 994 1233 1037 et
1290 985 1747 1037 resurrectionem.

237 1077 350 1129 Idem
372 1086 527 1127 autem
561 1076 926 1129 sanctissimus
957 1075 1153 1143 prwsul
1186 1076 1305 1144 fecit
1332 1077 1385 1128 in
1416 1075 1637 1128 basilica
1682 1075 1746 1129 Β.

235 1166 388 1218 Maria:
416 1166 481 1217 ad
513 1162 750 1230 Pnrsepe
782 1176 969 1218 restem
1009 1165 1185 1218 albam
1215 1166 1628 1234 clirgsoclavam,
1656 1166 1751 1219 Ita-

232 1258 389 1308 bentezu
413 1256 676 1308 historiam
700 1266 897 1309 sancta:
917 1257 1342 1310 resurrectionis.
1368 1257 1470 1310 Sed
1499 1266 1549 1310 et
1577 1256 1746 1309 aliam

231 1356 380 1398 restent
410 1346 458 1397 in
488 1344 737 1398 orbiculis
784 1346 1162 1415 cltrysoclavis,
1198 1347 1468 1419 habentem
1496 1346 1747 1400 historias

232 1435 602 1487 ammntiationis
661 1446 711 1487 et
741 1433 846 1488 SS.
899 1434 1123 1488 Joachin
1168 1445 1216 1488 et
1270 1438 1457 1492 Anna’.
1496 1437 1635 1491 idem
1680 1436 1749 1492 de

229 1527 412 1579 eodem:
444 1523 501 1576 In
534 1526 688 1578 titulo
719 1525 1045 1580 Pammachii
1073 1544 1231 1595 super
1255 1528 1427 1581 altare
1451 1527 1559 1583 SS.
1578 1526 1741 1581 Joan-

229 1618 289 1668 nis
311 1626 351 1669 et
379 1615 521 1669 Pauli
562 1618 687 1684 fecit
713 1629 900 1671 vestem
952 1619 1130 1672 albam
1185 1620 1553 1685 Itolosericam,
1584 1636 1747 1673 orna-

228 1718 310 1761 tam
336 1710 381 1761 in
406 1726 527 1778 gyro
577 1711 641 1761 de
670 1710 916 1777 fundato,
946 1694 1525 1770 habentent-Iiistoriam
1554 1711 1745 1766 Cruci-

225 1798 314 1863 ﬁsi,
340 1798 657 1852 Ascensionis
688 1811 735 1853 et
776 1801 1125 1855 Pentecostes.
1165 1801 1370 1856 Gnsrs.

1853 619 1907 672 in
1930 617 2165 683 Nerone,
2197 620 2322 687 quia
2358 618 2503 687 quod
2535 620 2833 675 Suetonius
2861 623 2959 685 ait,
2989 619 3261 676 Neronem
3297 638 3426 691 puro

1853 725 1987 779 pura
2024 724 2301 778 coccoque
2330 709 2551 776 lintribus
2583 711 2737 764 nexis
2763 711 3055 778 piscatum,
3092 712 3196 766 hoc
3224 711 3425 765 Eutro-

1853 799 1975 866 pius
2008 797 2220 851 btatteis
2273 799 2433 853 dixit.
2467 798 2625 866 Apud
2675 798 3051 869 Lampridium
3090 801 3143 855 in
3176 800 3429 870 Helioga-

1852 888 1976 942 balo
2003 888 2155 956 [uites
2191 888 2359 941 blatta
2394 900 2443 941 et
2478 891 2646 942 serico
2680 892 2887 943 intorti.
2924 890 3079 945 Unde
3107 893 3424 947 serieobtat-

1854 986 1990 1030 team
2026 987 2232 1031 vestem
2284 978 2563 1047 accipiunt
2605 980 2853 1032 nonnulli
2888 996 3009 1034 eam
3060 997 3180 1049 qua:
3214 998 3423 1052 purpu-

1854 1068 1928 1121 rei
1968 1068 2166 1121 coloris
2224 1078 2306 1122 est
2360 1077 2413 1121 et
2460 1069 2565 1123 tilis
2617 1070 2797 1123 aureis
2834 1070 3036 1124 variata
3078 1071 3113 1124 1.
3148 1087 3199 1137 x,
3250 1088 3299 1126 c.
3357 1074 3424 1125 de

1851 1158 2213 1229 murilegulis,
2249 1167 2303 1213 et
2334 1160 2370 1211 l.
2400 1174 2449 1213 c.
2472 1158 2679 1216 'i‘lteod.
2710 1160 2832 1213 eod.
2864 1158 2989 1213 Haec
3014 1160 3301 1216 Browerus
3325 1179 3423 1217 no-

1851 1256 1963 1300 ster
2028 1249 2093 1300 ad
2164 1246 2514 1303 Venantium.
2572 1249 2725 1317 Apud
2775 1246 3154 1303 Turonensem
3213 1250 3418 1305 llistor.

1849 1335 2046 1392 Franc.
2082 1353 2141 1403 tt,
2175 1338 2243 1392 38
2274 1339 2474 1391 btattea
2529 1342 2710 1392 tunica
2760 1340 2877 1394 sine
2917 1340 3084 1394 dubio
3147 1356 3421 1410 purpurea

1849 1439 1953 1484 est.
1992 1429 2047 1482 In
2100 1429 2327 1483 historia
2364 1431 2641 1485 Anastasii
2695 1432 2762 1484 de
2795 1429 2931 1486 Vitis
2969 1432 3309 1501 pontiﬁcum,
3364 1436 3418 1486 in

1849 1518 2122 1587 Paschali,
2150 1521 2315 1575 habes
2334 1538 2539 1574 erucem
2567 1523 2628 1577 de
2659 1524 3165 1593 btattin,perictysin
3193 1524 3255 1577 de
3284 1525 3424 1578 blat—

1849 1614 1925 1665 tin
1948 1602 2123 1681 fquae
2162 1615 2325 1666 etiam
2350 1614 2432 1666 'in
2465 1613 2649 1669 Leone
2683 1615 2748 1669 111
2784 1618 2984 1683 saepius
3035 1616 3303 1669 invenies.
3338 1618 3419 1669 Ad

1848 1700 2250 1754 distinctionem
2272 1702 2492 1755 additur
2517 1703 2785 1758 interdum
2813 1706 2875 1758 de
2900 1704 3092 1756 blattin
3125 1703 3418 1773 Byzanteo,

1848 1791 1913 1844 de
1945 1791 2132 1844 blattin
2164 1791 2541 1861 Neapolitano.
2587 1794 2659 1849 De
2702 1794 2884 1849 Leone
2914 1794 3016 1849 lll:
3048 1793 3197 1847 Fecit
3227 1803 3420 1847 vestem

279 1888 683 1960 Ιὺ.[.1ιΰολέον.
733 1894 802 1947 De
845 1894 1007 1947 simili
1063 1895 1301 1961 bicolore
1352 1895 1513 1949 Ducze
1557 1894 1740 1949 tunica
1780 1862 1821 1917 Β
1848 1880 2243 1949 chrysoclabam
2292 1897 2356 1934 ea:
2390 1882 2583 1935 btattin
2613 1882 2907 1953 Byzaateo,
2934 1884 3209 1937 habentem
3240 1884 3418 1937 histo-

228 1995 490 2035 sermonem
529 1984 691 2039 liabet
719 1982 934 2038 Nic-etas
966 1985 1262 2039 Andronici
1294 1986 1330 2049 ι.
1360 2002 1397 2041 ιι
1436 2002 1451 2041 :
1484 1985 1557 2037 Τὸ
1586 1986 1743 2055 σῶμα

224 2073 371 2143 ὶωπξῳ
396 2074 653 2145 διχρώμῳ
680 2078 889 2145 συνεῖχε
916 2077 1158 2147 περὶτὴν
1181 2078 1298 2143 ἰξὺν
1330 2078 1740 2142 καταϐαίνοντι,

224 2166 373 2217 ἔκτοτε
400 2166 451 2218 δὲ
480 2166 845 2237 διαιρουμὲνῳ
869 2167 1013 2237 διχῆ.
1045 2167 1160 2222 Alia
1199 2168 1355 2223 lectio
1378 2169 1531 2238 ponit
1562 2168 1742 2239 φορῶν

224 2255 379 2324 μῦχον
406 2257 621 2326 σλιστδν
676 2261 738 2310 ἑκ
782 2259 1096 2329 χρωμάτων
1122 2259 1237 2315 δύο.
1279 2260 1603 2315 Bevocanda
1636 2260 1741 2315 huc

224 2348 436 2400 utiunulla
466 2364 529 2400 ex
568 2349 760 2417 positis
795 2360 918 2403 nota
947 2351 1228 2425 superiore
1258 2352 1322 2405 ad
1360 2366 1413 2419 p.
1436 2351 1523 2405 17.

274 2436 320 2490 Ρ.
350 2439 424 2492 18.
455 2437 561 2509 [Τὰ
591 2439 942 2509 ὑποδήματα
999 2441 1105 2495 τοῦ
1159 2441 1739 2509 πανυπερσεϐάστου

219 2530 426 2592 κίτρινα.
471 2532 557 2587 Ah
614 2532 932 2588 Andronico
982 2532 1210 2588 Seniore
1277 2532 1494 2588 inventa
1558 2543 1745 2588 narrat

219 2623 575 2692 Gregoras,vu,
595 2626 695 2680 28:
730 2625 1078 2697 Ἐτετιμήκει
1105 2626 1173 2693 se,
1190 2626 1439 2693 Ἰωάννην
1455 2626 1615 2688 εὐθὺς
1648 2627 1743 2679 καὶ

218 2714 275 2782 τῷ
303 2714 383 2769 τοῦ
420 2719 944 2787 πανυπερσεὸάστου
962 2704 1271 2788 ’ἀξιώματα
1299 2718 1326 2769 ὃ
1361 2717 1453 2771 νῦν
1478 2718 1569 2771 καὶ
1595 2716 1744 2787 αὐτῷ

218 2805 284 2858 διὰ
306 2808 390 2875 τὴν
418 2810 553 2880 πρὸς
589 2811 751 2865 αὗτὶν
780 2810 1015 2880 στοργὴν
1044 2809 1385 2880 ἐνδοξότερον
1409 2810 1443 2879 ἢ
1480 2810 1744 2879 πρότερον

218 2894 305 2966 εἶχε
350 2901 523 2971 πολλῷ
561 2906 953 2973 κατεστήσατοο
989 2902 1253 2971 ἐνδύμασι
1295 2904 1405 2974 γὰρ
1444 2903 1540 2955 καὶ
1600 2901 1747 2955 πεδί-

218 2987 305 3050 λοις
333 2991 513 3053 αὑτοῦ,
547 2993 651 3049 ὅσα
680 2993 770 3045 τὸν
805 2994 970 3047 ἵππον
997 2993 1163 3048 αὐτοῦ
1198 2997 1411 3066 κοσμεῖ,
1434 2994 1597 3065 236
1627 2996 1748 3065 κιῤ-

216 3080 305 3147 ῥοίς
330 3084 431 3144 τοῖς
465 3082 639 3137 ἅπασι
672 3084 906 3153 χρῆσθαι
948 3085 1293 3155 κεχάρισται,
1328 3085 1395 3137 i'v‘
1483 3085 1746 3155 διασημό-

214 3185 342 3233 τατος
366 3175 419 3226 ὲν
447 3177 560 3236 rei;
583 3175 710 3245 περὶ
742 3176 833 3227 τὸν
871 3175 1097 3245 βασιλέα
1142 3178 1407 3245 εὐγενὲσι.

267 3258 390 3318 Ibid.
432 3265 811 3324 'TnooéJtor.
848 3268 1161 3324 Δικανίκιον
1221 3269 1615 3337 protovestiarii
1642 3285 1742 3323 au-

217 3350 355 3407 riticio
382 3369 545 3425 apere
586 3360 962 3428 χρυσοχοῖκόν,
992 3360 1306 3431 quuatoque
1345 3361 1504 3416 viridi
1533 3361 1597 3415 ad
1632 3361 1750 3431 pig—

215 3453 419 3498 uentum
440 3450 666 3502 metallo
700 3450 902 3504 vitrum
934 3453 1181 3508 imitante
1200 3452 1505 3517 brrobéitov,
1535 3468 1599 3507 ac
1626 3453 1749 3507 ideo

214 3537 352 3589 viride
381 3539 543 3593 simul
580 3555 644 3593 ac
672 3556 897 3595 aureum
935 3545 1394 3614 χρυσοπράσινον.

261 3623 379 3681 Ibid.
404 3625 512 3698 [Ta
566 3627 920 3697 ὑποδήματα
971 3632 1159 3685 αὑτοῦ
1203 3634 1493 3703 πράσινα.
1539 3637 1747 3703 Quibus

212 3726 459 3771 attestatur
496 3717 714 3774 Niceth
740 3723 791 3775 in
827 3724 1017 3777 Alexio
1056 3727 1282 3796 Angelo,
1312 3728 1597 3798 eidemque
1626 3745 1748 3797 pro-

214 3810 494 3864 torestiario
537 3814 830 3868 tentorium
865 3817 1141 3887 proprium
1186 3817 1476 3873 concedit:
1510 3823 1572 3873 υἱ
1614 3822 1745 3891 βάρ-

211 3896 338 3967 διροι
368 3902 425 3953 τὸ
476 3906 918 3972 νυκτιφυ).ακοῦν
940 3908 1282 3979 ςστρατευμα
1304 3915 1373 3979 τῇ
1405 3911 1500 3965 τοῦ
1534 3930 1747 3982 πρωτο-

211 3989 490 4061 εεστιαρίου
535 3994 782 4048 Ἰωάννου
814 4000 985 4069 σκηνῇ
1013 3999 1211 4068 φεῦγον
1236 4002 1651 4068 ἐπικατέλαὸον,
1671 4003 1746 4066 ὡς

210 4084 285 4133 καὶ
304 4086 481 4138 τοῦτον
503 4086 875 4156 Θορυὸηθέντα
898 4089 1278 4160 ἐξαναστῆναι.
1298 4090 1362 4144 Ει
1385 4090 1523 4145 infra
1550 4108 1564 4147 :
1586 4094 1667 4145 Τὰ
1687 4094 1746 4145 ἐν

207 4177 259 4243 τῇ
288 4184 444 4249 σκηνῇ
494 4180 819 4244 διελόμενοι,
852 4180 909 4230 ἔν
937 4174 1017 4243 οἷς
1058 4176 1124 4249 ἦν
1164 4182 1261 4235 καὶ
1285 4180 1351 4233 τὰ
1382 4181 1658 4252 βατράχια
1685 4184 1747 4235 τὸ

206 4266 369 4335 χρῶμα
389 4272 582 4325 πέδιλα
602 4270 692 4323 τοῦ
722 4270 1240 4342 πρωτοϐεπιαρεου,
1260 4274 1389 4345 ὃλην
1412 4275 1625 4343 ἐκείνην
1648 4276 1746 4347 τὴν

206 4354 344 4405 νύκτα
378 4360 432 4408 ἐν
458 4358 675 4429 μωκείᾳ.
698 4359 785 4411 καὶ
807 4362 1006 4426 γέλωτι
1040 4361 1109 4413 τὰ
1169 4362 1462 4433 Ῥωμαίων
1493 4366 1744 4420 ἐτίθεσαν

206 4445 494 4512 πράγματα..
548 4447 689 4502 Idem
727 4450 777 4503 in
808 4451 1013 4505 lsaacio
1040 4461 1095 4505 et
1130 4453 1335 4521 Angela
1366 4452 1427 4507 F.
1504 4456 1563 4507 '0
1596 4473 1744 4524 πρωο

1851 1970 1989 2026 riam
2017 1973 2312 2025 nativitatis
2348 1983 2396 2026 et
2428 1972 2487 2028 S.
2542 1973 2827 2028 Simeonis.
2865 1976 2964 2031 Ubi
3000 1978 3227 2030 materia
3260 1991 3289 2028 a
3320 1976 3421 2045 By-

1850 2062 2029 2117 zantio
2062 2078 2262 2116 nomen
2292 2065 2486 2118 sortita
2530 2065 2797 2120 innititur.
2829 2066 2970 2132 Quid
3004 2067 3225 2121 Graeci?
3256 2066 3417 2120 Glos-

1850 2155 2095 2210 sarium:
2150 2155 2375 2210 Βλάτιον
2408 2156 2601 2211 blatta.
2657 2159 2950 2214 Actuarius
2980 2177 2992 2213 :
3026 2159 3284 2212 Βλάττιον
3315 2158 3420 2211 Βυ-

1851 2242 2065 2307 ζάντιον
2098 2243 2289 2297 ὀστοῦν
2325 2245 2423 2313 τῆς
2456 2246 2603 2316 ῥινὸς
2633 2248 2732 2316 τῆς
2762 2249 3071 2317 πορφύρας⁵
3096 2247 3277 2301 Blatta
3316 2248 3419 2317 By-

1852 2335 2032 2386 zantia
2072 2344 2145 2388 est
2175 2350 2233 2387 os
2265 2350 2329 2387 ea:
2364 2352 2495 2389 naso
2526 2354 2797 2405 purpurae.
2836 2338 3011 2406 Saepe,
3056 2339 3232 2408 inquit
3266 2338 3422 2393 Clos-

1850 2427 2076 2491 sarium,
2125 2431 2365 2485 occurrit
2392 2434 2531 2500 apud
2556 2432 2856 2497 Codinum,
2920 2431 3189 2499 Nicetam,
3219 2432 3422 2487 Cedro-

1852 2535 2007 2578 nurn.
2040 2520 2193 2589 Saepe
2245 2524 2508 2588 occurrit,
2548 2523 2759 2578 lateor:
2825 2524 2920 2579 sed
2951 2540 3079 2578 num
3113 2538 3330 2594 semper
3356 2540 3419 2578 ea

1853 2628 2016 2680 quam
2051 2628 2113 2666 ex
2140 2615 2405 2667 Actuario
2428 2614 2613 2678 aﬂ‘ers,
2635 2596 3036 2684 signiﬁcatione
3059 2616 3081 2668 ‘l
3108 2616 3287 2680 Quare
3309 2630 3417 2670 non

1852 2704 2078 2772 exponis
2112 2706 2242 2772 quid
2303 2705 2374 2759 sit
2423 2706 2668 2760 absolute
2727 2706 2985 2775 βλάττιον
3028 2716 3082 2760 et
3116 2706 3420 2775 βλάτινονῗ

1850 2797 2007 2866 Apud
2055 2796 2325 2851 Codinum
2357 2808 2506 2852 certe
2528 2815 2633 2852 non
2676 2808 2853 2867 potest
2881 2816 3002 2856 esse
3038 2816 3093 2853 os
3119 2804 3238 2855 nasi
3294 2817 3423 2869 pur-

1850 2906 2016 2959 purat.
2041 2890 2306 2947 Nimirum
2330 2895 2614 2967 antiquum
2641 2904 2828 2951 tenes:
2863 2897 3043 2952 abdita
3072 2897 3233 2967 fugis,
3259 2898 3425 2951 obvia

1852 2995 1905 3039 et
1938 2985 2180 3050 vulgaria
2225 2986 2544 3055 plerumque
2583 2989 2837 3043 sectaris.
2875 2988 3220 3044 Theodosius
3250 2988 3423 3059 Zygo-

1854 3075 2025 3131 malas
2061 3075 2288 3131 Graecus
2316 3076 2369 3130 in
2420 3079 2653 3146 epistola
2704 3081 2936 3148 quadam
2990 3082 3427 3137 Turco-Grieciie

1771 3208 1817 3271 α
1856 3167 2056 3222 inserta
2096 3183 2151 3237 p.
2183 3169 2253 3223 99
2276 3168 2469 3240 βλατεα
2495 3172 2675 3239 χρυσᾶ
2703 3172 2798 3225 καὶ
2839 3171 3078 3241 eaeam
3103 3191 3117 3226 :
3147 3172 3238 3227 ubi
3281 3172 3420 3227 Cru-

1852 3257 1971 3315 sius
2006 3259 2219 3329 gtildine
2255 3260 2401 3314 sttick
2436 3263 2542 3313 und
2572 3260 2805 3316 damast.
2842 3262 3069 3317 Alesius
3102 3263 3419 3317 Comneuus

1849 3350 2099 3404 mittebat
2122 3366 2187 3405 es
2215 3366 2371 3419 pacto
2400 3351 2635 3406 Henrico
2666 3352 2734 3406 lV
2767 3355 2877 3424 regi
2901 3363 2957 3410 ct
2992 3355 3304 3423 imperatori
3331 3354 3418 3419 Ill,

1848 3449 2043 3509 praeter
2098 3440 2389 3509 plurimam
2444 3444 2750 3511 pecuniam.
2813 3446 3011 3498 ἑκατὸν
3085 3446 3328 3515 pila-retu,
3364 3457 3418 3498 ut

1849 3533 2009 3601 237
2028 3533 2217 3588 scribit
2240 3534 2396 3589 Anna
2417 3535 2715 3602 Coninena‘,
2750 3536 2786 3591 1.
2819 3553 2879 3591 ιιι
2910 3538 3157 3591 Alexiad.
3194 3538 3423 3592 Crusius

1850 3624 2303 3692 interpretaretur
2353 3628 2582 3681 Itundert
2614 3629 2832 3698 gittdine
2864 3628 3015 3683 stricti
3048 3629 3190 3682 tuclt.
3222 3627 3423 3684 Posses

1847 3717 2009 3775 etiam
2065 3718 2405 3787 interpretari
2466 3729 2675 3773 centum
2716 3736 3010 3787 purpureas
3040 3729 3229 3774 vestes.
3262 3718 3421 3788 Apud

1847 3810 2115 3865 Codinum
2165 3820 2414 3865 nostrum
2451 3827 2503 3866 c.
2535 3811 2570 3864 4
2601 3812 2769 3867 habes
2805 3813 3102 3867 καὸσάδιον
3149 3812 3419 3881 meum.

1848 3902 2191 3968 Purpureum
2243 3902 2333 3957 hic
2361 3903 2482 3957 sine
2532 3904 2644 3957 ullo
2684 3904 3031 3958 incommodo
3064 3905 3293 3960 reddere
3322 3920 3429 3973 po-A

1851 4002 1950 4049 tes.
1976 3993 2173 4048 Eodem
2204 4009 2257 4049 c.
2294 3996 2537 4049 occurrit
2587 3995 2827 4065 βλάτιον,
2877 3997 2966 4048 ubi
2999 3996 3204 4050 dicitur
3233 4006 3420 4064 proto-

1848 4084 2049 4140 sehasti
2078 4086 2249 4155 pileus
2279 4099 2400 4140 esse
2427 4086 2578 4139 aurei
2607 4096 2661 4140 et
2684 4086 2889 4153 prasini
2922 4088 3147 4150 coloris,
3170 4088 3309 4157 πλὴν
3348 4092 3415 4139 τὸ

1850 4179 2058 4248 stippa,
2082 4178 2142 4230 ob
2174 4178 2232 4230 τὸ
2260 4177 2497 4246 βλάτιον.
2522 4178 2743 4241 Junius,
2779 4188 3137 4232 uerumtamen
3160 4190 3415 4247 syrmate,

1848 4285 1951 4323 non
2010 4278 2188 4323 autem
2228 4277 2401 4335 textu,
2452 4270 2580 4340 quia
2614 4270 2779 4326 Junio
2815 4270 3037 4341 βλάτιον
3074 4272 3212 4327 nihil
3250 4274 3403 4327 aliud

1847 4370 1950 4427 est,
1977 4377 2143 4431 quam
2175 4377 2304 4430 opus
2334 4363 2534 4417 textile.
2562 4362 2824 4428 Quocirca
2857 4364 3057 4435 ubique
3082 4365 3172 4419 ubi
3215 4368 3419 4419 mentio

1847 4453 1915 4507 de
1951 4454 2137 4519 blatio,
2199 4454 2267 4506 ad
2320 4462 2524 4507 textum
2569 4464 2622 4508 et
2663 4456 2954 4510 textrinam
2990 4457 3259 4526 confugit.
3312 4457 3421 4511 Sed

203 4535 547 4608 τοεεπιάριος
575 4541 645 4591 τὰ
678 4543 788 4602 τοῖς
832 4541 1041 4605 πολλοῖς
1090 4542 1449 4615 ἑτερόχρωμα
1499 4546 1743 4600 καθυπο-

1852 4545 2137 4614 legendum
2167 4544 2205 4599 l.
2234 4560 2285 4598 c.
2328 4546 2469 4615 πλὴν
2519 4548 2582 4600 τὸ
2620 4548 2828 4618 stippa,
2860 4550 3020 4604 τοῦτο
3058 4552 3295 4620 piam.
3330 4567 3429 4605 ea:-

146 4666 153 4672 .
202 4622 429 4693 ὗούμενος
452 4631 665 4684 πέδιλα.
691 4632 886 4705 ϐοιιι]

257 4716 718 4779 Ιὸἱάᾘλάτινον.
738 4726 870 4782 Cod.
892 4729 1088 4785 Boirus
1107 4730 1347 4801 βλατὶον,
1372 4732 1492 4787 aliis
1509 4732 1744 4803 βλᾶιιον.

201 4803 327 4875 Szpe
359 4815 608 4867 occurrit
665 4815 717 4867 in
759 4816 860 4871 hoc
910 4826 966 4872 et
997 4819 1048 4871 iu
1097 4821 1219 4875 aliis
1270 4822 1593 4889 posterioris
1647 4822 1746 4876 aevi

199 4901 586 4970 scriptoribus;
628 4921 727 4960 nec
785 4910 913 4980 quid
978 4911 1067 4973 sit,
1109 4910 1267 4965 facile
1318 4912 1584 4982 explicato
1642 4923 1745 4969 est.

201 4986 331 5045 Prius
385 4996 644 5052 dicamus
701 5001 829 5067 quid
862 5003 934 5055 sit
989 5004 1127 5072 apud
1177 5004 1416 5070 Latinos,
1455 5006 1652 5059 deinde
1680 5006 1747 5061 ad

198 5079 388 5142 Graecos
445 5090 757 5145 veniamus.
813 5091 1017 5147 Savaro
1059 5093 1115 5148 in
1152 5096 1282 5149 illud
1319 5096 1530 5150 Sidonii
1569 5098 1607 5150 1.
1670 5112 1746 5164 lx,

195 5176 335 5241 epist.
365 5181 459 5233 t3:
483 5180 802 5251 Rutitasque
824 5196 961 5239 veste
980 5186 1199 5250 blattas,
1224 5189 1276 5243 id
1310 5198 1393 5245 est
1423 5204 1747 5257 purpuram.

196 5262 375 5323 Paulus
418 5270 696 5326 Diaconos
746 5275 799 5326 in
839 5276 1075 5343 glossis:
1109 5276 1281 5331 blatta
1336 5294 1507 5347 genus
1546 5293 1750 5347 purpu-

197 5371 327 5411 reum
356 5363 587 5415 vermis.
624 5361 685 5414 Et
715 5364 841 5418 l..tx
879 5366 1001 5420 cod.
1038 5368 1106 5421 de
1165 5370 1528 5438 murilegulis.
1563 5371 1604 5421 A
1639 5385 1747 5440 qua

196 5447 389 5504 blatta:
434 5453 638 5505 tunica:
694 5454 1000 5523 Capitolino
1033 5466 1088 5512 et
1129 5457 1385 5527 Vopisco,
1431 5470 1484 5513 et
1515 5460 1748 5514 btatteus

195 5538 326 5593 color
350 5543 560 5596 lsidoro
593 5542 627 5596 1.
655 5560 752 5611 ιιι,
784 5562 832 5601 c.
871 5549 966 5601 ult.
995 5558 1051 5603 et
1087 5550 1121 5605 l.
1148 5566 1298 5617 nix,
1326 5566 1376 5607 c.
1410 5553 1493 5615 l8,
1532 5564 1585 5607 et
1612 5554 1749 5607 blat-

199 5633 298 5694 tifer
318 5649 558 5699 senatus,
596 5627 697 5691 Ιιῖιο
734 5647 815 5692 est
843 5656 1174 5710 purpureus,
1199 5643 1342 5711 apud
1372 5645 1622 5699 eumdem
1659 5645 1746 5700 Si-

199 5723 418 5781 donium.
461 5728 762 5785 Venautius
797 5732 1154 5801 Fortunatus,
1184 5736 1219 5790 l.
1252 5752 1287 5789 ιι
1336 5736 1524 5807 Epigr:
1561 5728 1763 5793 Serica~

196 5819 267 5867 nti
298 5820 457 5872 ttit'eis
514 5831 707 5888 agnata
740 5837 811 5877 est
837 5824 1029 5886 blattea
1076 5826 1219 5881 telis.
1255 5827 1328 5880 De
1362 5843 1599 5898 purpura
1642 5845 1739 5884 seu

1849 4646 1997 4703 cepto
2026 4645 2259 4704 syrmate
2288 4649 2308 4688 :
2336 4645 2435 4690 hoc
2465 4638 2603 4690 enim
2632 4654 2957 4706 purpureum
2989 4650 3087 4695 est.
3133 4639 3267 4694 Nam
3297 4643 3376 4709 pri
3400 4670 3425 4679 -

1846 4728 1955 4780 oris
1979 4728 2262 4796 scripturae
2298 4728 2479 4783 nullus
2514 4739 2597 4782 est
2642 4746 2858 4786 sensus.
2916 4730 3120 4786 Eodem
3152 4748 3200 4787 c.
3251 4735 3429 4788 habes

1846 4819 2037 4872 λευκὸν
2067 4820 2303 4889 βλάτιον.
2356 4822 2546 4875 Albam
2580 4824 2742 4876 telam
2799 4827 2981 4880 reddit
3032 4826 3245 4881 Junius.
3280 4827 3427 4881 Malo

1848 4914 2030 4967 album
2065 4929 2318 4986 pannum,
2363 4924 2420 4968 ut
2456 4915 2657 4968 blation
2714 4917 3011 4984 generatim
3065 4918 3136 4971 sit
3184 4932 3415 4985 pannus,

1848 5007 1941 5062 sed
1977 5006 2081 5059 hoc
2117 5006 2236 5060 loco
2266 5006 2546 5059 candidus.
2580 5009 2705 5061 Mox
2741 5010 2805 5060 ἐκ
2847 5008 2956 5060 τῶν
2986 5009 3234 5078 συνήθως
3265 5011 3425 5061 πολι-

1846 5098 2155 5163 τευομένων
2213 5096 2590 5166 β).ατίων,ιι1)ἰ
2653 5097 2850 5167 βλάτια
2907 5100 3209 5168 generatim
3261 5104 3421 5154 vesti-

1848 5199 2079 5242 mentum
2109 5198 2318 5242 vertere
2336 5197 2512 5258 potes.
2535 5191 2744 5246 Sensus
2773 5192 2916 5245 enim
2944 5202 3027 5247 est
3058 5193 3425 5249 :cabbsdium

1849 5280 2015 5349 hujus
2040 5282 2327 5352 logothetre
2349 5298 2469 5336 esse
2497 5299 2663 5336 unum
2694 5300 2758 5338 ex
2793 5287 2856 5338 iis
2888 5288 3115 5355 vestibus
3147 5302 3266 5353 qua-
3290 5302 3427 5341 cou-

1849 5386 2004 5429 sueto
2038 5390 2188 5429 more
2233 5378 2507 5429 feruntur.
2564 5375 2777 5431 Rursus
2812 5394 2862 5432 c.
2904 5379 2991 5443 17,
3028 5379 3257 5448 erigitur
3290 5396 3424 5432 ana-

1852 5468 2065 5526 bathra.
2099 5481 2330 5536 eamque
2364 5478 2552 5539 tegunt
2583 5480 2636 5523 et
2665 5482 2864 5523 ornant
2894 5471 2986 5523 διὰ
3025 5471 3261 5539 mat-tim;
3295 5470 3427 5540 ἒρυ-

1849 5558 2015 5627 θρῶν,
2038 5558 2213 5611 rubris
2246 5552 2480 5627 pannis;
2512 5560 2601 5615 ubi
2642 5562 2838 5615 iterum
2862 5561 3082 5631 βλάτιον
3115 5578 3216 5633 pro
3248 5578 3427 5629 panno

1852 5660 2173 5717 usurpatum
2207 5650 2380 5705 vides.
2428 5650 2629 5706 Junius
2678 5654 2844 5707 vertit
2878 5654 3121 5707 bracteas
3181 5653 3373 5705 rubras
3401 5666 3424 5702 :

1850 5743 1942 5797 sed
1970 5743 2104 5797 velis
2130 5752 2183 5797 et
2221 5744 2666 5813 peripetasmatis
2716 5748 3034 5801 anabathra:
3066 5745 3215 5799 indui
3253 5744 3424 5795 vesti-

1852 5833 2006 5903 rique
2036 5834 2237 5899 solent,
2269 5851 2374 5891 non
2407 5836 2644 5893 bracteis
2675 5850 2729 5894 et
2755 5839 2989 5893 laminis.
3030 5837 3168 5889 Alibi
3202 5851 3253 5902 p.
3296 5835 3419 5893 liti.
