3936 6584
498 379 607 444 263

1521 445 1526 450 .
1584 384 1666 444 ΙΝ
1701 385 2008 449 LIBRUM
2055 390 2150 452 DE
2185 389 2526 454 OFFICIIS
2568 395 2676 454 ΕΡ.

3649 398 3751 463 264

500 492 590 554 Π,
640 493 696 547 in
747 491 988 548 triclinio
1027 492 1375 563 imperatoris
1411 494 1660 551 vestiunt
1722 498 2081 554 anabatltram
2115 510 2157 564 Α
2193 502 2528 560 Describitur
2562 507 2874 562 accuratius
2897 522 2924 560 a
2968 507 3230 580 Grcgora,
3264 525 3339 576 rt,
3374 511 3426 577 l,
3459 512 3751 572 Muzalonis

501 587 700 656 βλατίῳ
730 585 986 655 κοκκίνῳ.
1017 583 1239 648 Junius,
1263 587 1426 640 linteo
1459 587 1712 644 coccino:
1750 590 1843 644 sed
1882 593 2078 648 melius

498 694 672 746 panno
702 679 962 732 coccineo.
991 678 1053 732 (Σ.
1085 677 1118 731 6
1153 686 1302 733 tenet
1332 678 1630 748 imperator
1662 695 1825 735 manu
1853 682 2076 738 sinistra

499 769 721 838 βλάτιον
779 770 976 822 κώδικι
1033 770 1261 832 ἑοικόςε
1314 771 1406 823 ubi
1453 770 1680 840 βλάτιον
1725 783 1806 826 est
1838 773 2080 828 volumen

499 859 614 913 sive
637 859 972 913 involucrum
1004 859 1302 929 obligatum
1331 862 1568 916 mantili.
1602 862 1657 916 id
1679 861 1753 915 ita
1776 877 1920 925 esse,
1949 879 2081 917 ocu-

497 952 564 1006 lis
602 953 876 1020 inspicere
894 961 1060 1021 .potes
1088 953 1140 1005 in
1189 952 1368 1008 tribus
1402 953 1735 1023 imaginibus
1783 954 2080 1020 imperato-

496 1059 615 1096 rum
643 1043 802 1096 initio
831 1042 1106 1112 Gregorte,
1140 1054 1195 1098 et
1226 1044 1282 1097 in
1318 1059 1540 1099 nummo
1572 1044 1885 1110 Theodosii,
1916 1063 2076 1116 quem

494 1149 627 1191 tom.
671 1137 740 1193 Ill
772 1139 839 1192 de
881 1137 938 1191 S.
969 1139 1165 1204 Cruce,
1198 1153 1236 1205 ι,
1273 1139 1357 1201 14,
1392 1140 1758 1208 vulgavimus.
1803 1139 1869 1196 C.
1909 1143 1944 1196 4
1979 1143 2076 1196 ha-

493 1230 591 1284 bes
625 1231 868 1284 σκιάδιον
910 1229 1129 1301 βλάτιον
1168 1217 1432 1286 δισολέον.

567 1320 642 1375 De
685 1323 854 1376 blatio
885 1323 956 1375 ita
995 1321 1236 1376 Junius:
1273 1322 1518 1387 Βλάτιον,
1555 1339 1648 1393 per
1676 1340 1937 1394 syncopen
1982 1341 2076 1391 pro

498 1415 770 1484 βολάτιον,
805 1409 957 1484 πᾶρὰ
984 1415 1045 1466 τὸ
1077 1413 1314 1483 βάλλειν,
1349 1425 1424 1468 est
1452 1415 1556 1470 tela
1601 1432 1692 1469 seu
1725 1416 1926 1469 textilis
1962 1433 2076 1469 ma-

493 1506 630 1558 teria
649 1506 846 1574 qumvis
881 1513 929 1557 et
967 1520 1098 1571 opus
1133 1513 1356 1564 textum,
1384 1504 1485 1556 sive
1519 1504 1782 1568 unicolor,
1807 1507 1911 1557 sive
1930 1505 2074 1588 ξισο-

489 1594 634 1664 λέος,
658 1595 792 1647 bilis:
811 1604 860 1649 et
888 1595 1110 1659 bicolor,
1139 1595 1242 1648 sive
1257 1588 1571 1663 τριϐολέονξ
1588 1597 1737 1650 ινὶίίεο
1757 1606 1806 1650 et
1823 1597 2068 1662 tricolor,

489 1688 596 1739 sive
632 1686 957 1752 πολύμιτον,
994 1686 1282 1741 multitium
1332 1697 1488 1756 atque
1528 1688 1858 1743 multicolor.
1903 1690 2072 1758 Atque

489 1777 610 1830 hinc
643 1776 886 1846 βλάτινος
926 1779 1147 1831 textilis.
1187 1776 1310 1830 Haec
1333 1777 1443 1830 ille.
1471 1775 1574 1831 Sed
1609 1779 1749 1832 unde
1774 1781 1936 1832 habet
1968 1780 2068 1834 iste

2183 595 2476 666 logotheta:
2520 597 2804 668 iungentis
2839 599 3016 654 olIicio
3051 602 3111 654 τδ
3169 602 3434 688 σκιάδιον.
3466 599 3584 658 ,Ἦν
3637 607 3694 660 δὲ
3724 610 3750 660 ὁ

2179 689 2486 753 Μουζάλων
2528 692 2698 772 τιμήν
2749 710 2871 746 τινα
2918 694 3120 762 ταύτην
3156 695 3293 764 ἔχων
3331 696 3625 767 ἐξαίρετον,
3657 700 3752 768 μό-

2180 797 2267 841 νος
2309 781 2418 830 τὼν
2452 781 2625 834 πάλαι
2655 783 2716 858 εδ
2768 783 2958 852 ὅμοιον
2998 785 3149 854 αὑτῷ
3194 787 3605 856 προειληφότων
3634 790 3749 856 ἀξί-

2141 905 2143 907 .
2180 884 2328 936 ωμα,
2360 869 2682 941 καλύπτραν
2717 876 2905 942 φορεῖν
2933 874 3028 925 ἐπὶ
3063 874 3307 944 κεφαλῆς
3336 879 3748 948 χρυσοκοκκίνῳ

2180 959 2610 1029 κεκαλυμμένην
2644 962 2926 1032 ὲνδύματι,
2949 964 3073 1018 ὅσον
3126 966 3186 1018 τὸ
3215 966 3327 1020 ἄνω
3354 971 3450 1021 καὶ
3498 971 3638 1039 προς
3682 977 3744 1040 τῇ

2179 1051 2446 1120 πυραμίδι
2481 1052 2580 1123 τῆς
2635 1055 2962 1122 ἐπιφανείας
2994 1057 3208 1128 σχῆμα,
3242 1060 3299 1111 ὲν
3328 1059 3504 1130 τούτῳ
3541 1048 3750 1130 παραὶ.-

2178 1140 2484 1197 λάττουσαν
2535 1146 2681 1215 μόνῳ
2720 1145 2820 1200 τοῦ
2879 1137 3272 1219 παραπλησίαν
3304 1145 3445 1204 εἶναι
3483 1151 3744 1217 καθάπαξ

2178 1237 2242 1306 τῇ
2273 1235 2383 1288 τῶν
2403 1235 2498 1290 τοῦ
2526 1236 2806 1306 βασιλέως
2831 1240 3094 1307 ἐγγόνων,
3123 1243 3206 1293 ὅτι
3234 1241 3310 1312 μὴ
3340 1243 3434 1296 καὶ
3467 1242 3566 1313 τὴν
3601 1245 3751 1298 κάτω

2178 1331 2271 1381 καὶ
2304 1329 2496 1400 κοίλην
2540 1331 2870 1400 ἐπιφάνειαν
2903 1329 3016 1404 εἶχε
3055 1333 3368 1398 κυκλίσκοις
3401 1336 3751 1407 πεποικιλμέ-

2179 1437 2276 1489 νην
2317 1425 2709 1492 χρυσπιδέσιν,
2741 1424 2878 1478 ἀλλὰ
2927 1426 3076 1480 λείαν
3125 1427 3348 1489 τελέως.
3407 1427 3747 1483 Coulereuda

2181 1511 2296 1564 haec
2352 1527 2477 1566 cum
2517 1513 2678 1568 dictis
2723 1515 2888 1584 hujus
2925 1525 2980 1569 et
3023 1516 3326 1585 superioris
3375 1516 3570 1584 capitis
3625 1527 3750 1568 uota

2177 1601 2371 1668 prima.
2409 1601 2797 1656 Castamunitas
2852 1604 3143 1672 logothette
3198 1605 3462 1659 inusitata
3516 1601 3748 1669 insignia

2176 1692 2436 1745 describit
2496 1690 2712 1744 Nicetas
2773 1691 2968 1746 Isaacii
3004 1690 3216 1760 Angeli,
3257 1691 3294 1744 l.
3333 1707 3428 1744 ttt:
3485 1688 3748 1761 ιιροῖέναι

2176 1785 2286 1853 γὰρ
2315 1783 2411 1836 καὶ
2442 1784 2658 1852 φάλαρα
2704 1783 2952 1854 ὀξυϐαφῆ
2986 1784 3135 1848 αὑτῷ
3166 1784 3428 1836 ἐνέδωκεν
3454 1783 3620 1853 ἔχειν,
3649 1777 3748 1836 τηῦ

491 1886 652 1924 suum
682 1869 930 1939 βολάτιον
957 1887 985 1924 a
1015 1871 1268 1940 βάλλεινῗ
1305 1873 1378 1925 Ex
1403 1887 1512 1940 quo
1541 1871 1842 1938 scriptore?
1872 1887 1936 1924 ex
1963 1887 2070 1938 quo

2181 1852 2328 1945 ἱεροῦ
2371 1876 2756 1946 σχοινίσματος
2806 1852 3250 1945 ὄντι-πρότερον,
3297 1878 3398 1929 καὶ
3454 1852 3747 1946 ἐφεστρίδα

490 1961 668 2016 lcxico
695 1961 719 2014 ‘l
747 1977 812 2015 ex
846 1978 952 2030 quo
975 1963 1244 2031 glossario
1267 1961 1289 2013 ?
1318 1960 1490 2016 Multo
1515 1961 1847 2030 probabilius
1867 1963 2070 2016 dicitur

489 2051 710 2107 Graecos
750 2051 1017 2105 'Latinam
1056 2067 1249 2106 vocem
1284 2051 1536 2106 blatteam
1572 2052 1622 2105 in
1669 2067 1822 2106 suam
1877 2052 2069 2105 civita-

491 2153 600 2199 tem
656 2143 957 2207 ascivisse;
992 2144 1073 2197 vel
1133 2143 1350 2214 βλάτιον
1382 2159 1412 2197 a
1457 2141 1631 2196 πλατύ
1675 2141 1966 2220 formasse,
2010 2151 2069 2196 ut

491 2237 765 2305 signiticet
812 2235 1073 2304 quidquid
1133 2235 1302 2290 latum
1356 2244 1410 2290 et
1456 2250 1760 2306 expansum
1791 2245 1897 2290 est.
1929 2234 2069 2291 llinc

489 2326 740 2379 blattium
786 2327 927 2391 auri,
959 2327 1194 2395 argenti,
1233 2325 1384 2388 ferri,
1418 2328 1641 2381 clutrtze.
1681 2326 1789 2382 Nec
1835 2337 1920 2381 sat
1951 2327 2066 2381 scio

489 2433 558 2472 an
602 2431 708 2471 non
740 2418 846 2472 huc
888 2417 1075 2472 itidem
1127 2416 1292 2471 faciat
1333 2416 1719 2474 Germanicum
1765 2418 1923 2484 blatt,
1955 2431 2066 2488 quo

489 2510 860 2577 significamus
893 2509 1062 2562 latum
1091 2516 1145 2562 et
1178 2520 1469 2562 extensum.
1508 2508 1715 2564 Gne'rs.

560 2597 868 2672 [Βλὰτινον,
907 2599 1296 2668 bombycinum.
1337 2599 1564 2654 Βλατίον
1612 2609 1792 2654 autem
1852 2614 2066 2669 pannus

490 2692 724 2749 sericus.
751 2690 920 2744 vestis
943 2690 1269 2760 bombycina
1296 2699 1399 2754 est,
1424 2691 1756 2760 quandoque
1802 2692 1957 2759 placa
1983 2707 2068 2744 ra-

490 2791 682 2845 saque,
715 2791 1109 2844 nonnunquam
1147 2776 1314 2830 variis
1363 2777 1551 2846 llguris
1599 2777 1889 2844 deliueata,
1926 2795 2064 2832 non-

490 2879 774 2931 nunquam
808 2879 944 2917 auro
987 2864 1304 2917 interIeXIa.
1337 2863 1586 2922 Hislocis
1617 2879 1751 2917 auro
1774 2879 1879 2917 non
1910 2865 2066 2918 intel-

491 2955 676 3024 ligitur
708 2954 1018 3023 conjugata,
1075 2953 1358 3010 Chouiatae
1427 2953 1482 3008 in
1519 2954 1706 3008 Alexio
1757 2953 2062 3017 Comneuo,

387 3035 396 3042 ’
489 3048 525 3101 Ι.
552 3062 611 3102 ιιι
644 3047 772 3102 ἄνευ
801 3048 912 3100 τῶν
937 3046 1175 3117 βλατίων
1202 3065 1217 3112 ;
1249 3062 1372 3100 nam
1406 3047 1512 3100 alia
1548 3048 1708 3101 lectio
1744 3045 2066 3114 simpliciter

491 3140 651 3194 habet
680 3139 821 3208 πλὴν
874 3140 983 3192 τῶν
1025 3139 1276 3209 σηρικῶν
1319 3140 1581 3208 νημάτων
1633 3147 1824 3207 ρηιιεετ
1868 3140 2065 3192 sericas

491 3239 757 3292 texturas,
778 3204 839 3283 id
870 3236 955 3284 est
981 3204 1319 3298 bonibycinos
1349 3243 1556 3296 pannos
1589 3245 1602 3291 ;
1633 3225 1868 3282 Cedreni
1893 3229 1946 3281 in
1977 3228 2062 3282 Ti-
2097 3204 2138 3262 θ

491 3320 643 3372 berio
675 3319 836 3382 tertio
860 3337 874 3374 :
899 3318 1103 3382 Στολὰς
1134 3319 1461 3388 σωληνωτὰς
1489 3319 1599 3372 ἀπὸ
1620 3319 1874 3388 βλαττίου
1905 3323 1955 3388 (τ
1981 3336 2072 3390 ge-

490 3410 684 3474 minat)
731 3410 906 3475 ὀξὲος,
965 3419 1129 3463 testes
1176 3409 1566 3464 canaliculatas
1620 3411 1853 3464 violaceo
1904 3413 2072 3465 serico

489 3500 758 3568 confectas
783 3516 803 3566 ;
827 3500 1026 3555 C'odinl
1061 3501 1227 3570 paulo
1257 3502 1490 3556 inferius
1518 3501 1588 3555 τὰ
1624 3502 1876 3572 συνήθως
1921 3505 2073 3556 πολι-

489 3593 763 3661 τευόμενα
794 3592 996 3663 βλατία
1025 3593 1322 3649 scribentis
1352 3611 1367 3649 :
1401 3593 1547 3648 inter
1570 3603 1861 3650 consuetos
1889 3605 2070 3649 autem

492 3680 763 3738 multitios
804 3683 892 3737 vel
925 3693 1104 3739 textos
1134 3700 1350 3755 pannos
1395 3699 1554 3740 rasos
1605 3685 1787 3754 plures
1823 3701 1850 3738 a
1885 3684 2074 3755 ﬁguris

493 3774 621 3826 nudi
658 3773 1098 3843 conspiciuntur.
1139 3775 1236 3831 His
1266 3786 1447 3832 tamen
1479 3777 1604 3833 aliis
1625 3791 1655 3832 a
1681 3775 1870 3832 Niceta
1898 3780 2070 3848 scrip-

489 3863 561 3918 tis
593 3879 730 3919 auro
764 3865 930 3936 238
966 3867 1214 3921 noscitur
1268 3877 1522 3922 ornatum
1584 3877 1642 3922 et
1695 3867 2068 3923 intermistum

491 3953 734 4021 βλατίον.
763 3953 969 4008 Βλατία
1003 3956 1176 4009 πολλὰ
1204 3959 1407 4027 χρυσᾶ,
1452 3972 1575 4026 qua!
1603 3957 1713 4012 alia
1749 3959 1912 4024 lectio
1941 3960 2071 4013 red-

487 4043 573 4098 dit
607 4045 813 4115 σηρικὰ
837 4045 1232 4118 διαπλεχθέντα
1255 4051 1445 4120 χρυσῷ
1469 4067 1483 4104 :
1509 4052 1638 4105 item
1668 4054 1808 4121 μετὰ
1835 4051 2069 4120 βλατίων

487 4133 732 4202 χρυσῶν,
771 4133 874 4188 alia
912 4134 1074 4190 lectio
1112 4135 1344 4199 πέπλοις
1379 4138 1744 4207 χρυςοῦφέσι.
1787 4136 1892 4192 Ubi
1933 4139 2068 4206 legi-

486 4233 576 4276 tur
605 4223 883 4292 ἀμφόδους
908 4225 1161 4290 ἔπίπλοις
1191 4228 1286 4280 καὶ
1312 4228 1521 4298 τάπησι
1573 4229 1928 4298 διεκόσμουν,
1960 4230 2064 4282 alia

491 4313 655 4366 lt-ctio
713 4315 855 4380 μετὰ
909 4314 1141 4382 βλατίων
1197 4315 1444 4384 χρυσῶν.
1520 4317 1751 4385 Insuper
1801 4319 2066 4387 τρυφῶσα

493 4403 657 4474 ἐσθής
688 4404 927 4473 quodam
964 4405 1085 4460 loco
1117 4407 1398 4470 scribitur,
1427 4421 1588 4473 quem
1635 4408 1737 4461 alia
1783 4409 1945 4463 lectio
1975 4424 2068 4463 cx-

492 4497 638 4562 pouit
684 4496 880 4565 βλατία
909 4499 1090 4567 χρυσᾶ
1147 4497 1240 4551 καὶ
1266 4497 1499 4563 ἐξάμιτα
1531 4499 1624 4552 καὶ
1651 4499 1815 4570 ἕτερα
1849 4501 2065 4572 βλατία.
2101 4541 2144 4596 ο
2172 4524 2322 4576 (Μαι,

493 4587 737 4658 Denique
761 4591 1178 4661 περιπόρφυρος
1220 4592 1427 4654 πέπλος
1458 4593 1601 4662 apud
1639 4608 1764 4648 eum
1790 4611 2068 4650 memora-

489 4687 584 4730 tur
634 4680 894 4748 χρυσέοις
954 4679 1194 4750 β).ατίοις
1235 4683 1331 4735 καὶ
1368 4683 1646 4752 ὲξαμίτοις
1682 4687 2071 4749 κατάστικτος.

496 4767 570 4823 De
603 4769 770 4826 blatio
801 4769 1072 4828 Meursius
1125 4775 1289 4828 nimis
1315 4774 1526 4844 jcjuue,
1560 4774 1853 4832 Grctserus
1886 4778 1951 4831 ad
1985 4794 2076 4832 sa.

491 4861 764 4927 tietatetn,
798 4865 1062 4921 adversus
1095 4865 1390 4920 Meursiqu
1421 4875 1475 4921 et
1504 4865 1728 4921 .lunium
1756 4887 1769 4922 :
1812 4884 1914 4924 nos
1935 4880 2073 4925 tetu~

497 4966 776 5025 perauter,
813 4968 876 5011 ut
905 4974 972 5012 eo
1010 4960 1225 5027 prolato
1250 4958 1542 5014 c0ul‘estim
1581 4976 1904 5029 purpureum
1933 4977 2071 5031 pan-

492 5062 619 5100 num
644 5048 807 5101 menti
838 5064 945 5101 non
965 5049 1334 5116 objicicndum
1364 5067 1798 5121 suggereremus.

562 5135 621 5189 P.
666 5136 752 5190 18.
787 5135 1210 5208 [Ἐγκοπτούς.
1243 5139 1392 5205 Quos
1425 5142 1680 5195 nimirum
1729 5143 1884 5198 initio
1922 5145 2076 5213 capi-

502 5227 570 5280 tis
601 5230 914 5293 corruptius
943 5229 1157 5283 dixerat
1211 5231 1588 5302 ivonm'qtoﬁc.
1620 5230 1755 5288 Vide
1790 5243 1977 5289 notam
2021 5236 2077 5290 in

497 5317 600 5371 hoc
633 5328 796 5385 caput
821 5317 886 5370 ad
919 5333 972 5387 p.
1007 5321 1096 5374 l7.

568 5409 714 5463 Ibid.
745 5408 886 5481 [Τοῦ
921 5409 989 5463 δὲ
1021 5411 1362 5468 δικανικίου
1409 5417 1617 5472 αὐτοῦ.
1652 5417 2078 5478 Protostratoris

496 5500 751 5556 baculum
800 5515 1066 5559 memorat
1095 5505 1390 5575 Gregoras,
1439 5523 1534 5569 vu,
1575 5509 1639 5563 ιι
1672 5524 1687 5562 :
1730 5512 1827 5574 ’ος
1859 5516 1949 5564 καὶ
1974 5513 2074 5585 τὴν

501 5595 1061 5666 πρωτοστρατορικὴν
1093 5597 1246 5666 παρὰ
1287 5597 1555 5668 βασιλέως
1610 5600 1838 5671 ὕστερον
1873 5621 2076 5674 παρει-

491 5685 678 5754 ληφὼς
708 5681 775 5758 ἦν
810 5686 1140 5759 βακτηρίαν.

566 5776 625 5832 Ρ.
663 5778 748 5832 l9.
787 5777 928 5850 [Τοῦ
973 5781 1244 5850 μεγάλου
1286 5784 1610 5852 λογοθέτου
1667 5786 1729 5839 τὸ
1776 5787 2077 5842 σκιάδιον.

2176 1967 2438 2037 τοιαύτην
2465 1969 2522 2021 ἑν
2551 1969 2628 2038 τῷ
2673 1969 2927 2020 ἱππεύειν
2963 1967 3295 2032 κεκτῆσθαι,
3329 1969 3421 2021 καὶ
3447 1968 3532 2020 διὰ
3565 1966 3748 2037 βαφῆς

2177 2063 2369 2132 ὁμοίας
2415 2063 2882 2132 ἐπισημαίνεσθαι
2920 2046 3046 2125 τοὺς
3092 2060 3296 2130 τόμους
3321 2062 3426 2122 τῶν
3469 2061 3748 2132 δημοσίων

2176 2153 2348 2222 λόγων
2380 2157 2474 2209 καὶ
2501 2157 2569 2207 τὰ
2590 2154 2940 2224 γραμμάτια.

2246 2247 2332 2302 Ib.
2355 2248 2886 2315 Βερικοκκόχροον.
2922 2247 3144 2320 [Malum
3198 2249 3579 2303 Armeniacum
3621 2247 3748 2302 Cri-

2176 2339 2364 2409 spinus
2394 2350 2581 2395 censct
2606 2355 2733 2395 esse
2777 2339 3122 2410 βερίκοκκον,
3148 2341 3404 2404 arbricot,
3428 2342 3578 2397 vocis
3607 2341 3750 2396 allu-

2176 2430 2336 2485 sione
2368 2429 2648 2501 decepius,
2688 2447 2794 2500 qua
2845 2430 3048 2486 certius
3081 2431 3135 2484 in
3190 2446 3432 2486 errorem
3473 2431 3748 2486 abductus

2175 2522 2370 2578 luisset
2397 2523 2442 2578 si
2493 2523 2839 2578 arbricoccoli
2871 2523 3112 2577 Italicum
3141 2523 3193 2574 in
3225 2531 3454 2576 tuentem
3489 2537 3749 2576 revocas-

2174 2624 2277 2670 set.
2319 2612 2503 2673 Favet
2555 2615 2899 2671 Democritus
2937 2613 3183 2683 Geopon.
3216 2614 3252 2668 I.
3300 2630 3334 2669 ι
3383 2613 3526 2682 apud
3558 2611 3745 2668 Meur-

2175 2706 2318 2762 sium
2351 2723 2366 2760 :
2402 2707 2762 2776 Ἀρμενιακόν
2789 2707 2906 2758 ἐστι
2936 2705 2997 2758 τδ
3025 2705 3370 2776 βερίκοκκον.
3401 2704 3746 2773 Suﬂ'ragatur

2179 2798 2368 2852 Simon
2403 2797 2620 2853 Portius
2651 2817 2664 2852 :
2695 2779 3004 2870 Βέρίκωκον
3034 2800 3336 2869 (corrupte)
3368 2799 3746 2853 Armeniacum

2176 2891 2398 2946 malum.
2430 2891 2792 2960 ’Δρμενιακδν
2819 2889 3012 2960 μῆλον.
3045 2893 3236 2946 Obstat
3260 2891 3458 2946 Suidas
3483 2908 3496 2944 :
3527 2890 3751 2943 Κοκκύο

2177 2981 2324 3051 μηλα
2354 2977 2498 3045 εἶδος
2532 2982 2787 3053 ὀπωρῶν,
2817 2983 2885 3035 τὰ
2917 2982 3051 3053 παρ’
3081 2984 3215 3051 ἡμῖν
3269 2982 3537 3051 λεγόμενα
3602 2981 3752 3052 βερί-

2175 3090 2376 3128 κοκκα.
2407 3074 2751 3144 Κοκκύμηλα
2778 3089 2903 3129 vero
2927 3082 3053 3128 sunt
3081 3088 3277 3144 pruna,
3308 3072 3374 3126 de
3394 3072 3593 3140 quibus
3620 3070 3752 3123 Dio-

2177 3164 2442 3228 scorides,
2479 3163 2669 3232 1,137,
2694 3165 2776 3218 vel
2806 3163 2960 3234 juxta
2999 3163 3264 3217 Matthioli
3289 3162 3584 3216 editionem
3618 3161 3748 3214 1⁸74.

2177 3253 2482 3323 Βερίκοκκα
2515 3256 2696 3324 itaque
2724 3272 2919 3324 pruna,
2957 3263 3011 3308 at
3043 3269 3149 3309 non
3183 3252 3458 3322 quaelibet,
3503 3252 3600 3306 sed
3626 3267 3753 3320 quae

2175 3354 2474 3396 nascuntur
2504 3343 2555 3397 in
2591 3359 2721 3412 agro
2753 3343 3116 3408 Damasceno,
3138 3342 3470 3414 δαμασκηνά
3494 3345 3749 3411 proprie.

2174 3433 2250 3488 Ea
2278 3448 2407 3490 vero
2441 3444 2572 3490 sunt
2602 3435 2837 3490 ﬂammei
2864 3436 3066 3491 coloris
3096 3436 3150 3490 in
3176 3437 3357 3491 album
3389 3435 3749 3500 declinantis,

2173 3541 2296 3580 cum
2329 3526 2411 3580 ori
2448 3537 2663 3581 matura
2715 3543 2991 3598 manuque
3041 3529 3282 3584 nondum
3318 3537 3584 3584 .contacta
3620 3542 3752 3582 rore

2174 3618 2358 3672 nativo
2382 3629 2435 3674 et
2464 3619 2565 3676 levi
2608 3621 2835 3690 picturae
2881 3622 3006 3678 luco
3031 3629 3421 3691 resperguntur
3448 3622 3512 3676 ad
3537 3630 3751 3686 cutem,

2173 3720 2226 3762 et
2247 3720 2374 3766 sunt
2421 3712 2793 3781 φλογὸλευκα,
2840 3724 2896 3768 et
2928 3723 2988 3769 ut
3032 3730 3154 3769 cum
3196 3713 3494 3784 baphiariis
3539 3713 3751 3768 Graecis

2174 3795 2390 3863 loquar,
2420 3799 2891 3870 ἀσπροφεσκέτια.
2934 3801 3052 3858 Uno
3080 3805 3248 3858 verbo
3275 3803 3391 3874 ipsa
3442 3803 3754 3873 βερέκοκκα

2171 3895 2302 3942 sunt
2333 3888 2768 3962 βερικοκκόχροα
2793 3893 2936 3961 μέσα
2964 3894 3216 3946 κοκκίνου
3251 3895 3345 3948 καὶ
3369 3893 3590 3958 λευκοῦ,
3619 3909 3749 3963 (μω

2171 3975 2416 4046 Geopon.
2460 3990 2651 4034 auctor
2681 3980 2786 4035 hoc
2803 3997 2965 4037 sensu
2995 3998 3252 4052 germane
3273 3983 3546 4038 vocaverit
3572 3983 3754 4054 δαμαο

2174 4069 2349 4136 σκηνὰ
2397 4069 2770 4140 βερικοκκίας.

2242 4159 2804 4232 Ib.[Ata7-s.1da'tov.
2841 4163 3094 4220 Nonnulli
3143 4170 3404 4240 principis
3451 4171 3747 4242 imaginem

2170 4260 2229 4305 ut
2255 4253 2582 4308 arridentem
2621 4265 2676 4308 et
2708 4271 2899 4312 serena
2933 4259 3217 4328 majestate
3243 4276 3528 4317 coruscam
3561 4263 3752 4333 διαγέ-
3801 4331 3807 4335 ι

2171 4341 2368 4395 λαστον
2395 4352 2610 4397 vocant.
2629 4344 2710 4398 An
2750 4361 2855 4400 non
2891 4349 3071 4403 verius
3089 4349 3438 4417 διαγέλαστον
3468 4368 3564 4408 ceu
3598 4355 3752 4410 risus

2169 4441 2224 4484 et
2257 4431 2455 4486 laetitiae
2484 4433 2536 4485 iu
2563 4435 2938 4504 spectantibus
2953 4451 3174 4491 causam
3201 4439 3537 4511 lutrumque
3562 4443 3753 4498 riden-

2353 4523 2426 4576 Τὸ
2453 4524 2809 4592 διαγελάστου
2827 4527 2971 4582 enim
3000 4529 3064 4582 ad
3091 4532 3375 4586 materiam
3405 4532 3607 4596 ὑελίου,
3633 4551 3748 4590 non

2173 4614 2240 4668 ad
2278 4616 2660 4684 imperatorem
2685 4616 2910 4686 βασιλέα
2932 4619 3157 4676 referes.
3181 4622 3250 4674 At
3296 4639 3421 4677 cum
3459 4625 3756 4680 ὑποῦέλιον

2173 4706 2496 4776 pigmentum
2548 4708 2875 4764 metallicum
2905 4711 2997 4778 sit,
3040 4714 3187 4782 quod
3220 4714 3397 4767 ὕέλιον
3432 4731 3655 4784 quoque
3679 4720 3755 4772 ob

2174 4798 2584 4855 similitudinem
2608 4817 2732 4876 cum
2758 4804 2897 4858 vitro
2918 4815 3288 4876 nuncupatur,
3305 4807 3392 4861 διὰ
3411 4809 3589 4862 ὑέλιον
3609 4825 3758 4878 quo-

2175 4905 2319 4967 que,
2354 4893 2511 4960 quasi
2543 4893 2634 4946 διὰ
2675 4895 2857 4965 ὕελίου,
2880 4913 2946 4970 ᾳ
2982 4899 3118 4952 vitro
3149 4898 3465 4967 conﬂatum,
3497 4900 3606 4954 dici
3651 4917 3758 4970 po-

2180 4982 2298 5035 luit.
2338 4982 2474 5038 Ilinc
2497 4985 2609 5039 διαο
2647 4987 2915 5055 ῦέλιστον,
2941 5000 2992 5042 et
3033 4989 3104 5043 ob
3155 4991 3476 5058 prolationis
3510 4989 3757 5046 aﬂinita-

2178 5083 2284 5127 tem
2318 5074 2656 5142 διαγέλιστον
2687 5075 2928 5148 (Portius
2961 5081 3108 5134 enim
3172 5083 3286 5150 ipse
3340 5083 3591 5153 γερανιός
3629 5084 3758 5136 vice

2178 5157 2439 5226 ἧιράνεος
2464 5169 2521 5214 et
2550 5161 2696 5228 γιαλί
2738 5165 2854 5217 vice
2872 5165 3007 5227 ὑελί,
3036 5165 3181 5234 quod
3217 5166 3512 5226 οειύέλιον,
3532 5168 3759 5234 scribit)

2180 5257 2233 5303 et
2271 5251 2486 5305 tandem
2523 5251 2901 5320 διαγέλαστον,
2929 5268 2989 5310 ut
3031 5256 3328 5325 jucundius
3387 5259 3660 5326 quoddam
3695 5268 3756 5313 et

2179 5335 2384 5405 gratius
2415 5347 2593 5391 ortum
2625 5349 2728 5394 est.
3147 5362 3157 5372 ·

2253 5425 2416 5496 239
2442 5427 2500 5482 P.
2549 5429 2640 5486 20.
2683 5431 2896 5503 [Τοῦτο
2920 5433 3194 5496 ,ϐλατιόν.
3231 5432 3294 5486 Ni
3321 5435 3473 5503 juxta
3523 5432 3758 5504 Regium

2185 5526 2477 5586 utrumque
2500 5520 2740 5575 codicem
2781 5524 2842 5575 οὐ
2879 5527 2940 5576 τὸ
2971 5525 3190 5596 βλατίον
3222 5527 3561 5595 reposueris,
3592 5527 3756 5584 locus

2183 5617 2476 5678 corruptus
2509 5622 2561 5664 et
2598 5627 2793 5666 sensus
2824 5615 3140 5684 perseverat
3186 5618 3558 5688 imperfectus.

2256 5696 2340 5751 Ib.
2369 5701 2733 5758 Δικανίκιον.
2759 5704 3004 5776 [Virgam
3029 5723 3248 5763 auream
3279 5723 3379 5764 ccu
3417 5709 3634 5778 preprie
3673 5709 3762 5765 in-

2189 5791 2344 5860 signe
2391 5797 2615 5863 gerebat
2662 5800 2791 5853 olim
2818 5816 2945 5855 cura
2987 5803 3209 5869 palatii,
3265 5804 3356 5873 qui
3407 5805 3763 5870 curopalates
