3936 6602
218 479 312 545 265
1262 476 1651 540 GRETSERI
1694 472 1752 539 E'

1864 475 2058 536 ιοΑιιι
2107 472 2344 536 ΝυΤᾸΞι
3306 470 3411 535 266

218 593 338 661 apud
368 588 743 647 Cassiodorum
807 589 933 648 Var.
966 600 1037 645 Vn
1072 589 1145 644 5:
1183 588 1332 643 Illud
1386 605 1588 659 quoque
1614 605 1745 642 con-
1771 599 1823 660 Α
1848 590 2074 652 bebant;
2109 587 2243 641 nihil
2269 588 2407 640 enim
2460 584 2606 639 aliud
2628 591 2703 638 est
2741 594 2898 654 quam
2930 582 3180 652 superula
3208 584 3416 639 thoraci

220 688 391 752 sidera,
425 702 526 755 qua
555 686 945 756 gratiﬁcatione
980 686 1246 747 tracteris.
1300 694 1358 739 ut
1409 702 1571 739 aurea
1601 686 1744 754 virga

1864 677 2165 749 iuperindqui
2201 677 2384 731 solita.
2436 673 2655 729 Notavit
2678 675 2826 729 hunc
2850 674 3108 729 eumdem
3168 689 3413 729 errorem

219 780 463 834 decoratus
492 779 626 833 inter
657 779 905 848 obsequia
930 795 1210 833 numerosa
1249 788 1371 832 ante
1395 778 1548 847 pcdes
1577 778 1746 848 regios
1848 770 1997 828 Junii
2029 780 2154 825 ante
2183 768 2520 825 Glossarium
2569 766 3091 822 Graeco-Barbarum
3146 766 3422 835 Rigaltius

218 871 387 937 primus
414 870 635 923 videaris
660 870 917 933 incedere,
954 868 1030 924 vel
1054 871 1136 923 uti
1162 869 1276 938 ipso
1303 870 1595 924 testimonio
1618 869 1746 923 uici-
1850 864 1905 920 in
1936 879 2037 919 suo
2058 862 2337 919 Glossario
2360 861 2581 915 Tactico
2616 859 3017 915 mixobarbaro.
3052 858 3115 913 Et
3142 859 3416 929 quamvis,

222 962 382 1014 uitatis
404 971 597 1014 nostra:
649 977 995 1033 agnoscamus
1029 961 1127 1015 tibi
1166 960 1370 1029 palatia
1402 961 1742 1015 commisisse.
1849 956 1896 1010 si
1926 954 2151 1010 verbum
2207 953 2375 1008 verbo
2411 951 2547 1007 velis
2580 952 2832 1016 reddere,
2863 951 3044 1020 potius
3077 952 3151 1007 sit
3177 950 3417 1019 superla-

220 1051 275 1105 At
296 1050 361 1105 nil
391 1061 620 1105 mentem
672 1062 904 1121 occupat
947 1060 1043 1105 aut
1095 1049 1515 1105 admirationem
1566 1058 1750 1107 movet
1851 1048 2133 1112 ricarium,
2189 1046 2293 1103 hoc
2322 1053 2409 1102 est
2436 1061 2498 1100 ea
2530 1046 2700 1100 vestis
2728 1058 2850 1113 quae
2874 1058 3040 1114 super
3075 1044 3301 1100 loricam
3335 1045 3424 1099 in-

220 1140 264 1196 in
290 1140 577 1213 principum
626 1142 796 1198 curiis
825 1142 931 1197 nisi
981 1143 1124 1213 quod
1176 1157 1403 1209 novum,
1449 1142 1748 1210 insuetum,

1864 1139 2189 1203 luitur,cum
2209 1140 2467 1210 λώρικον,
2499 1137 2662 1209 25.0
2692 1136 2967 1206 λωρίκιον,
2987 1134 3221 1207 λωρίκη.
3243 1135 3423 1203 λούρι-

218 1242 293 1287 aut
318 1233 459 1288 facile
486 1242 665 1302 potest
707 1235 837 1289 oriri
867 1249 932 1291 ac
963 1234 1127 1289 elabi.
1851 1249 1969 1299 κον,
2002 1232 2278 1301 λουρῐκιον
2299 1230 2369 1288 sit
2399 1230 2669 1301 ipsissima
2700 1230 3016 1286 Latinorum
3038 1230 3225 1295 lorica,
3256 1230 3421 1285 latius

275 1323 348 1379 Ib.
377 1324 831 1397 [Χρυσάσπρον.
879 1327 1122 1396 Ἀσπρος
1151 1327 1412 1383 candidus
1438 1335 1522 1383 est
1548 1325 1751 1382 Graecis

1864 1333 2032 1381 tamen
2056 1324 2279 1380 nomina
2321 1325 2436 1379 lucc
2469 1324 2557 1379 bic
2584 1333 2939 1395 usurpantur,
2970 1323 3230 1378 nimirum
3263 1323 3428 1377 abso-

218 1416 628 1479 recentioribus;
663 1417 806 1486 apud
845 1432 982 1487 quos
1015 1418 1177 1472 etiam
1209 1428 1521 1485 argenteam
1570 1433 1755 1474 mone-
1855 1414 1967 1471 lute
2017 1429 2116 1483 pro
2172 1418 2446 1470 thorace:
2511 1429 2696 1482 neque
2747 1415 2892 1470 enim
2949 1414 3247 1471 verisimile
3307 1421 3425 1479 est,
3491 1428 3501 1435 ‘

219 1516 306 1561 tam
339 1507 570 1577 quinque
598 1508 679 1562 vel
700 1523 795 1563 sex
828 1506 1165 1563 minutorum
1198 1510 1553 1564 denariorum
1591 1509 1751 1580 pretii
1852 1506 2073 1576 Quando
2094 1520 2348 1575 proceres
2387 1508 2440 1559 in
2473 1505 2674 1575 palatio
2700 1506 3037 1576 temporibus
3068 1507 3217 1575 pacis
3239 1514 3421 1573 gesta-

216 1598 393 1665 ἇσπρον
418 1598 487 1652 ob
516 1598 813 1653 candorem
868 1598 1068 1653 dictam
1105 1600 1327 1656 audies:
1370 1616 1432 1657 ea
1486 1610 1568 1657 est
1594 1602 1753 1671 quiu-
1853 1598 1987 1654 bant
2064 1598 2362 1668 epilorica.
2422 1599 2585 1654 simul
2649 1599 2811 1652 etiam
2890 1607 3134 1669 gestasse
3200 1598 3423 1652 loricas.

220 1703 334 1743 cunt
366 1688 682 1755 Francicus,
738 1705 809 1743 un
837 1688 1011 1756 blauc,
1041 1690 1182 1758 piece
1211 1693 1273 1747 de
1295 1709 1551 1763 monnoye
1597 1694 1752 1747 blan-

1864 1691 2079 1747 l‘zetzes
2141 1690 2194 1745 in
2251 1689 2593 1745 Hesiodum:
2622 1689 2803 1745 Χιτὼν
2850 1692 2940 1743 καί
2996 1690 3170 1759 φᾶρός
3215 1690 3333 1744 ἐστι
3361 1689 3423 1742 τὸ

217 1780 304 1842 the,
324 1779 372 1833 in
395 1794 500 1849 quo
529 1794 706 1835 suave
731 1796 935 1839 sonans
959 1798 1065 1837 vox
1094 1782 1303 1838 Gallica
1334 1785 1391 1838 in
1426 1800 1588 1841 sensu
1622 1800 1749 1841 cum

1864 1783 2231 1853 Βιεσχισμένον
2260 1782 2416 1853 ἱμάτι
2429 1799 2513 1845 ον,
2569 1780 2598 1834 ὃ
2629 1779 2904 1850 καλοῦμεν
2937 1780 3287 1848 ὲπιλὼρικον.
3320 1777 3423 1833 Ubi

218 1868 368 1926 Graeca
426 1872 780 1927 concordiam
815 1873 936 1939 init,
978 1874 1261 1946 etignarm
1304 1878 1507 1932 mentis
1534 1878 1747 1948 asperi-
1780 1928 1825 1948 η
1856 1876 2010 1931 vides
2063 1878 2134 1929 ab
2186 1874 2292 1932 hoc
2341 1884 2566 1930 auctore
2609 1874 2919 1943 epiloricum
2979 1870 3165 1927 vocari
3216 1879 3423 1925 vestem

217 1972 369 2027 tatem,
390 1963 605 2034 ἆσπρον
628 1964 781 2035 quasi
846 1928 1105 2035 asperum;
1130 1968 1197 2023 ab
1230 1969 1433 2037 asperis
1464 1928 1751 2025 cineraricte-
1780 1928 1827 1988 Β
1856 1968 2146 2024 discissam
2175 1983 2190 2033 ;
2234 1966 2415 2037 qualis
2445 1928 2735 2021 Germanis
2774 1973 2858 2022 est
2889 1966 2971 2020 ein
2996 1962 3199 2018 Kollor.
3229 1961 3421 2017 Gaure.

217 2054 339 2110 ribus
367 2064 601 2111 monetae
630 2055 829 2113 inustis
849 2056 1057 2113 dictum
1091 2059 1496 2129 contendentis,
1525 2062 1730 2131 arguit.
1925 2056 1986 2112 P.
2014 2058 2104 2113 22.
2129 2057 2404 2131 ιΛὼρικον
2433 2068 2487 2114 et
2509 2058 2765 2130 λωρικιον
2796 2060 2964 2112 lorica
2980 2065 3083 2117 est,
3116 2055 3353 2125 pectoris
3372 2062 3428 2109 et

214 2146 372 2221 ϐολι]

1864 2148 2005 2205 dorsi
2036 2158 2343 2205 armatura.
2403 2148 2804 2220 Theophanes:
2842 2148 3076 2204 Ἐλαϐον
3104 2149 3170 2202 τὰ
3192 2147 3427 2217 implut:

267 2237 315 2293 P.
348 2240 432 2293 21.
460 2238 823 2311 Συϐαλταρέα
880 2239 1214 2308 subalterna,
1249 2240 1580 2311 alternatim,
1612 2242 1751 2298 alter

1864 2241 1953 2293 καὶ
2012 2241 2111 2305 τὰς
2168 2242 2398 2305 κασίδας
2443 2242 2632 2295 αὐτῶν
2680 2242 2777 2296 καὶ
2840 2242 3023 2295 πάντα
3078 2240 3148 2292 τὰ
3176 2240 3425 2310 ἅρματα.

221 2331 293 2384 sub
338 2331 546 2398 altero;
612 2347 718 2388 vos
772 2348 839 2390 ex
900 2329 1101 2389 Latino
1178 2334 1448 2391 vocabulo
1504 2335 1741 2391 detorta.

218 2421 379 2479 Csars.
1732 2498 1735 2501 ν

268 2513 555 2586 [Corrupta
586 2532 695 2571 vox
720 2516 829 2572 ἀπὸ
856 2516 951 2573 τοῦ
985 2518 1281 2590 συμϐάλλω
1301 2519 1591 2586 committo,
1623 2534 1751 2575 con-

212 2606 361 2679 iunge,
414 2610 752 2665 commisceo.
814 2610 1019 2668 Calami
1076 2626 1207 2682 ergo
1260 2610 1579 2668 baeulorum
1623 2627 1748 2669 eum

212 2701 393 2769 quidam
418 2701 632 2758 tortiles
686 2711 892 2767 essent,
918 2702 1375 2776 ὲντετυλιγμένοι
1406 2702 1495 2757 διὰ
1532 2720 1749 2775 σχοινο-

218 2792 433 2861 πλοκιου.
453 2795 592 2850 adeo
650 2803 710 2849 ut
767 2793 980 2849 iunium
1036 2810 1175 2865 opus
1223 2796 1593 2864 imitarentur,
1652 2792 1746 2850 alii

220 2882 328 2936 λεῖοι
349 2885 732 2951 lmves,ultimi
752 2886 969 2942 tandem
1000 2886 1444 2958 συμϐαλλόμενοι
1470 2904 1537 2944 ex
1564 2888 1752 2959 parti-

215 2975 293 3031 bus
315 2977 375 3031 ad
400 2978 630 3033 invicem
659 2978 970 3034 commissis
988 2986 1042 3034 et
1065 2987 1374 3035 storearum
1417 2996 1568 3037 more
1587 2986 1753 3044 textis

212 3069 455 3141 compositi
488 3069 876 3139 συϐαλταρέοι,
897 3071 1064 3125 tissus
1085 3087 1147 3125 en
1172 3080 1315 3125 natte
1341 3086 1751 3144 nuncupantur,

212 3159 283 3226 qui
328 3157 521 3215 clarius
558 3154 978 3229 συμϐαλλωτοε;
1033 3173 1158 3229 qua).
1206 3175 1313 3217 vox
1350 3176 1500 3217 mere
1558 3162 1750 3221 Graea

213 3265 311 3305 cum
340 3253 661 3308 subatternis
709 3250 794 3308 vel
841 3252 1150 3307 alternatim
1201 3267 1312 3309 uno
1370 3253 1623 3310 videlicet
1651 3256 1755 3312 sub
1783 3277 1825 3336 ρ

214 3340 347 3396 altera
388 3344 602 3414 positis,
638 3343 845 3397 nullam
876 3357 945 3398 ex
988 3346 1293 3415 proposito,
1343 3346 1443 3403 sed
1468 3345 1753 3405 fortuitam

208 3431 483 3491 alliuitatem
514 3446 681 3491 nacta
709 3443 813 3492 est.
838 3433 1039 3507 Gesn.)

266 3527 336 3583 Ib.
368 3528 467 3586 Pro
497 3530 680 3600 μέγας
718 3530 890 3584 codex
925 3528 1126 3585 Boicus
1160 3528 1393 3601 μαῦρος,
1431 3531 1579 3602 quod
1598 3529 1754 3591 Gm-

208 3620 271 3675 eis
300 3637 431 3677 nunc
489 3633 577 3678 est
605 3621 836 3691 nigrum.
870 3616 1012 3677 Hinc
1051 3619 1265 3677 Pontus
1286 3622 1537 3682 Euxinus
1564 3628 1750 3698 appel-

208 3712 323 3768 latur
345 3714 802 3783 Haurotltalassa,
832 3713 1040 3784 nigrum
1099 3731 1265 3784 mare,
1303 3716 1632 3775 Germanice
1651 3720 1748 3775 das

206 3806 433 3863 seltwarze
453 3824 620 3863 metr.

262 3900 334 3953 Ib.
379 3901 478 3957 Pro
507 3901 884 3972 χρυσόλευκον
939 3900 1065 3956 cod.
1127 3900 1330 3958 Boicus
1371 3902 1748 3973 χρυσάσπροψ

208 4001 272 4046 est
287 3997 415 4049 enim
442 4011 592 4049 nunc
617 3992 821 4048 Graecis
836 3993 1048 4063 ἇσπρον
1067 3994 1267 4062 album,
1292 4003 1343 4050 et
1369 3996 1517 4064 aspri
1541 3994 1751 4052 nummi

209 4098 370 4152 genus.
405 4097 459 4141 et
490 4083 795 4155 ἁσπρίζειν
823 4084 1087 4141 dealbare.

264 4174 335 4230 Ib.
363 4176 543 4232 Habes
576 4175 669 4230 hic
692 4174 929 4244 βλάτιον,
966 4175 1059 4229 ubi
1086 4172 1375 4230 manifeste
1402 4176 1620 4244 ponitur
1652 4191 1751 4246 pro

205 4265 295 4318 lato
320 4268 490 4333 spatio
510 4281 610 4321 seu
638 4278 735 4335 pro
770 4262 1067 4318 latitudine
1098 4262 1366 4319 scaranici
1389 4277 1405 4317 :
1426 4263 1534 4317 Das
1566 4264 1749 4335 breite,

204 4358 252 4413 τὸ
272 4358 431 4412 πλατὺ
456 4357 553 4411 τοῦ
590 4356 951 4427 σκαρανεκου.
985 4353 1189 4409 ibidem
1220 4354 1339 4423 lego
1369 4355 1751 4425 χρυσοκλαϐα-

207 4452 334 4515 ρικόν
362 4450 783 4512 auriclaaatum,
817 4461 927 4501 non
965 4445 1563 4516 χρυσοκλαδάρικον,ιιι
1589 4446 1752 4502 habet

207 4533 395 4603 Junius,
456 4539 552 4610 qui
590 4552 715 4592 cum
746 4551 905 4590 aureo
940 4551 1092 4589 ramo
1126 4549 1223 4589 seu
1264 4537 1567 4589 ramuscula
1600 4550 1750 4589 cum-

1869 2328 2232 2401 Ἓπιλώρικον
2262 2332 2495 2385 militare
2520 2348 2706 2400 sagum
2725 2339 2829 2393 est,
2856 2329 3228 2384 castrensibus
3256 2337 3429 2383 tesse-

1858 2420 1935 2475 ris
1966 2421 2128 2493 juxta
2163 2429 2375 2475 turmas
2394 2420 2641 2491 singulas
2664 2419 3120 2481 discriminatum,
3146 2427 3207 2473 ut
3226 2418 3426 2472 milites

1860 2509 2233 2567 internoscaut
2255 2512 2441 2576 duces,
2474 2528 2702 2582 casuque
2728 2512 2979 2565 d'armes.
3011 2510 3196 2567 Armis
3220 2525 3419 2578 super-

1856 2604 2105 2661 lnduitur
2130 2606 2285 2675 juxta
2334 2615 2598 2676 etymum.
2632 2602 2744 2659 Leo
2770 2606 2823 2659 in
2849 2602 3091 2659 Tacticis
3123 2603 3343 2658 constit.
3370 2601 3426 2667 6,

1859 2699 2150 2769 descriptis
2201 2707 2493 2753 armatura:
2537 2695 2773 2768 singulis
2827 2684 3103 2767 partibus:
3144 2696 3429 2765 Χρήσιμον

1859 2788 2007 2862 ἔχειν
2034 2789 2363 2860 ὲπιλώρικα,
2389 2790 2476 2843 ὅτε
2506 2786 2692 2860 χρεία,
2718 2787 3114 2857 ιπενδυόμενα.
3148 2786 3296 2842 Pars‘
3310 2787 3430 2859 ejus

1858 2883 2104 2939 anterior
2132 2898 2160 2935 a
2196 2881 2499 2953 posteriore
2541 2882 2729 2938 dissita
2777 2892 2863 2937 est
2891 2892 2944 2935 ct
2972 2881 3182 2948 libera;
3213 2896 3276 2935 ac
3302 2896 3428 2947 pro-

1861 2982 2046 3045 pterea
2070 2972 2448 3042 διεσχισμένον
2474 2972 2692 3041 ἱμάτιον
2714 2981 2876 3025 vocat
2899 2959 3126 3026 Taetaes
3151 2971 3204 3024 in
3232 2970 3430 3025 Hesio-

1860 3066 2013 3124 dum.
2048 3065 2320 3122 Describit
2370 3064 2587 3121 Nicetas
2618 3068 2671 3120 in
2704 3064 2973 3130 Mauuele,
3022 3063 3061 3118 l.
3104 3080 3181 3129 vt,
3220 3064 3427 3132 regium

1860 3157 2178 3230 bujusmodi
2216 3173 2443 3229 sagum:
2484 3157 2843 3228 ϐιασάμενος
2874 3156 2933 3210 δὲ
2962 3155 3181 3226 Γαϐρᾶς
3215 3157 3282 3227 ἢν
3311 3150 3430 3226 εἶχε

1861 3235 2090 3309 στολδδα
2124 3255 2152 3307 ὁ
2199 3251 2454 3323 βασιλεὺς
2505 3251 2603 3323 τὴν
2644 3253 2836 3322 χροιὰν
2895 3250 3280 3321 χολοϐἀφινον,
3312 3251 3429 3304 οὐκ

1860 3344 2201 3415 ιύσύμϐολον
2264 3344 2325 3398 τὸ
2354 3344 2554 3415 χρῶμα
2612 3342 2793 3409 τοῦτο,
2847 3345 3036 3415 φησὶν.
3106 3336 3425 3412 ὦβασιλεΰ,

1859 3436 1996 3491 ἀλλὰ
2044 3437 2141 3490 καὶ
2191 3435 2314 3489 λίαν
2371 3435 2514 3489 κατὰ
2542 3436 2644 3506 τὴν
2694 3434 2846 3504 ὥραν
2896 3435 2991 3488 τοῦ
3034 3435 3274 3505 πολέμου
3306 3436 3429 3497 ταῖς

1859 3523 2098 3591 ἀγαθαῖς
2159 3524 2355 3595 τύχαις
2408 3526 2798 3595 ἀντιπρᾶττον.
2854 3526 3028 3587 asse;
3053 3525 3098 3579 δ’
3160 3526 3256 3578 ἐπὶ
3311 3526 3427 3586 τοῖς

1858 3616 2173 3686 εἰρημένοις
2221 3616 2398 3687 βραχὺ
2450 3618 2546 3672 καὶ
2587 3616 2946 3687 βεϐιασμένον
2990 3616 3295 3683 μειδιάσας,
3326 3616 3426 3686 τὴν

1859 3708 2229 3779 ἑπιϐωράιιιον
2271 3710 2467 3780 στολὴν
2495 3711 2695 3773 ἀποδὺς
2733 3710 2929 3779 ὶκείνῳ
2954 3711 3139 3765 δίδωσι
3171 3710 3429 3782 ᾒρφῦρᾲ

1862 3800 1960 3854 καὶ
1995 3802 2184 3871 χρυσῷ
2209 3802 2622 3873 διηνθισμένην.
2650 3804 2715 3857 At
2756 3820 2863 3859 non
2885 3813 3187 3859 castrorum
3215 3814 3426 3860 tantum

1859 3901 1917 3946 et
1937 3892 2176 3957 militiae,
2213 3907 2400 3948 verum
2434 3909 2652 3963 quoque
2679 3896 2830 3964 pacis
2857 3905 2909 3949 et
2928 3896 3094 3950 curia:
3128 3897 3428 3952 vestimen-

1858 3993 1973 4039 tum
1990 3993 2074 4040 est
2089 3983 2415 4055 ὲπιλώρικον
2437 4001 2453 4051 ;
2474 3984 2620 4039 unde
2639 3992 2692 4037 et
2709 3985 3070 4054 quodcunque
3087 3986 3424 4054 huiusmodi.

1856 4078 1903 4134 si
1940 4076 2106 4132 modo
2161 4076 2395 4132 scissum
2435 4084 2518 4131 est
2547 4084 2603 4131 et
2636 4076 2897 4140 divisum,
2936 4076 3041 4130 tale
3085 4091 3284 4132 nomen
3308 4093 3428 4134 sor-

1858 4170 2013 4226 titur.
2035 4169 2263 4226 Tzetzes
2299 4168 2500 4224 citatus
2525 4185 2540 4223 :
2601 4167 2780 4236 Φᾶρός
2805 4169 2921 4221 ἐστι
2969 4169 3030 4221 τὸ
3050 4168 3427 4238 διεσχισμένον

1861 4260 2102 4331 ἱμάτιον,
2137 4259 2167 4313 ὃ
2198 4258 2474 4331 καλοῦμεν
2501 4258 2852 4331 ιπιλώρικον,
2895 4261 2991 4313 καὶ
3039 4262 3149 4315 πᾶν
3195 4262 3257 4313 τὸ
3282 4260 3426 4316 οὕτω

1856 4353 2254 4425 διεσχισμένον.
2297 4353 2504 4410 Auctor
2542 4367 2781 4425 quoque.
2814 4368 2939 4409 cum
2981 4353 3178 4424 placet,
3224 4356 3428 4412 asserit

1856 4445 1945 4501 hic
1973 4447 2106 4517 geri.
2134 4445 2271 4502 Cum
2340 4446 2593 4503 bellicum
2631 4456 2716 4504 est
2765 4454 2976 4501 tantum
3003 4459 3057 4503 et
3114 4456 3423 4504 castrorum

1858 4537 2165 4606 proprium,
2220 4536 2476 4593 κλίϐανον
2501 4551 2596 4594 aut
2625 4538 2907 4593 κλιϐάνων
2933 4539 3142 4594 dictum
3185 4541 3427 4609 reperies

205 4644 282 4695 que
326 4630 475 4696 pictis
525 4628 789 4684 Itcliribus
851 4620 1082 4681 mirifice
1116 4641 1175 4681 se
1227 4625 1487 4681 oblectat.
1548 4627 1751 4682 Ibidem
1787 4626 1998 4696 Dapud
2024 4626 2263 4681 Leonem
2304 4627 2361 4681 in
2415 4627 2653 4684 Tacticis
2699 4638 2749 4684 et
2809 4628 3055 4684 Nieetam
3107 4628 3428 4685 Grmcobar—

206 4719 331 4789 lego:
397 4720 523 4773 Ἐπὶ
586 4718 782 4789 Θρόνου
844 4717 1051 4789 χρυσοῦ
1108 4718 1411 4777 ἀναϐατοῦ.
1466 4717 1532 4770 In
1564 4718 1753 4773 throno

205 4827 337 4864 aureo
366 4811 609 4875 sublimi,
640 4810 695 4864 in
741 4825 890 4879 quem
924 4824 1014 4877 per
1041 4810 1248 4878 aliquos
1285 4808 1481 4879 gradus
1514 4809 1756 4864 ascendi-

213 4914 298 4961 lar.
334 4905 615 4963 Lectionis
652 4904 886 4975 vulgata:
933 4911 1091 4973 aptus
1135 4917 1332 4958 sensus
1360 4902 1510 4957 reddi
1544 4903 1753 4972 nequit.

205 4996 379 5055 Csars.
1104 5018 1113 5021 -

263 5089 341 5147 Ib.
366 5090 810 5163 [Substantivum
832 5087 1105 5143 ἁνάϐατον
1135 5089 1454 5158 fermentum
1478 5096 1579 5154 est,
1603 5087 1749 5158 quod

204 5195 256 5236 eo
277 5182 751 5254 turgeat,;inftetur
777 5190 832 5237 et
852 5183 1111 5237 ascendat
1132 5194 1339 5236 massa.
1369 5179 1507 5235 Hine
1531 5186 1749 5251 azyma,

205 5274 432 5328 sacriﬁcii
486 5274 601 5329 ritu
638 5272 832 5329 Latino
860 5271 1119 5328 celebrati
1159 5272 1468 5336 materiam,
1493 5269 1755 5325 λιιπανά·

207 5361 347 5430 ὕεται.
394 5369 602 5439 quibus
641 5365 974 5421 fermentum
1008 5363 1185 5429 deest,
1216 5361 1525 5417 vocitavere
1550 5360 1751 5417 Graeci.

209 5453 529 5521 Adjectivum
581 5455 853 5521 ἀναϐατός
884 5454 1087 5508 throno
1129 5466 1405 5508 annexum
1456 5452 1750 5508 scansilem

211 5556 315 5597 cum
361 5554 415 5599 et
434 5543 737 5605 elevatum.
756 5552 812 5598 ut
842 5543 901 5595 tv
923 5538 1219 5611 προκύψιι,
1240 5539 1308 5595 de
1330 5554 1438 5609 qua
1469 5552 1571 5596 nos
1596 5540 1753 5606 alibi,

213 5631 544 5691 demonstrat.
581 5630 784 5705 Ceam]

270 5730 322 5785 Ρ.
346 5730 438 5786 22.
480 5727 849 5799 Ἔπιλὼρικον
883 5740 979 5782 seu
1010 5722 1357 5796 ὲπιλούρικον
1387 5732 1443 5779 et
1474 5720 1752 5792 ιπιλουρξ-

216 5836 334 5877 κων.
363 5822 476 5877 Viri
509 5824 676 5886 docti,
720 5821 899 5889 inquit
929 5817 1298 5882 Glossarium,
1332 5815 1387 5869 id
1423 5822 1508 5869 est
1533 5811 1752 5876 Junius,

210 5916 604 5987 interpretantur
662 5923 976 5983 prwtextam
1010 5912 1255 5963 vittatam
1303 5906 1452 5963 loris.
1503 5902 1626 5959 Non
1659 5908 1754 5959 de-

508 6014 780 6073 ParaoL.
825 6013 939 6073 Gtt.
981 6007 1219 6070 CLVII.

1858 4717 2056 4773 barum
2091 4716 2212 4773 loco
2252 4719 2510 4788 superius
2567 4720 2836 4775 adducto:
2883 4719 3029 4774 Ἰδὼν
3057 4719 3112 4774 δὲ
3146 4720 3175 4772 ὁ
3209 4720 3429 4789 Γαϐρᾶς

1856 4810 1948 4863 καὶ
1975 4810 2037 4862 τὸ
2066 4809 2254 4866 ἐπάνω
2288 4811 2566 4877 κλίϐανον,
2612 4812 2641 4865 ὃ
2674 4814 2703 4865 ὁ
2759 4810 3016 4881 βασιλεὺς
3068 4810 3258 4866 ἐπάνω
3310 4812 3425 4864 τῶν

1856 4900 2124 4971 ἁρμάτων
2193 4902 2358 4956 αὑτοῦ
2404 4903 2613 4973 ἐφόρει.
2669 4903 2741 4958 At
2793 4903 2860 4958 de
2888 4903 3107 4958 clibano
3131 4902 3285 4956 alibi.
3315 4902 3427 4956 Cur

1856 4999 2115 5045 caeterum
2151 4999 2343 5046 auctor
2389 4989 2761 5060 ἔπιλούρικον,
2788 4990 2878 5044 alii
2929 5004 3059 5045 vero
3090 4987 3425 5059 ὲπιλὼρικον

1853 5083 2123 5149 scribant,
2147 5083 2455 5151 expositum
2487 5081 2727 5153 reperies
2754 5080 3057 5151 superioris
3076 5080 3272 5151 capitis
3295 5088 3423 5135 nota

1854 5176 1922 5232 ad
1946 5191 1999 5244 p.
2032 5174 2122 5231 14.

1925 5270 2008 5325 Ib.
2046 5268 2186 5343 [Τοῦ
2227 5266 2499 5339 μεγάλου
2554 5266 2955 5335 ἐταιριάρχου.
3024 5263 3181 5319 llunc
3208 5278 3429 5335 quoque

1854 5362 2073 5434 cingulo
2091 5360 2314 5416 militari
2334 5358 2602 5429 (pretioso
2622 5359 2812 5427 utique
2836 5366 2890 5412 et
2912 5354 3235 5425 conspicuo)
3259 5356 3401 5409 dona

1855 5458 1972 5505 tum
2017 5446 2265 5518 suggerit
2316 5445 2535 5502 Nicetas
2566 5445 2621 5500 in
2670 5444 2864 5502 Alexio
2902 5442 3169 5500 Manuelis
3209 5441 3280 5497 F:
3318 5442 3431 5496 Καὶ

1854 5539 1956 5608 τὴν
1974 5539 2071 5608 τῆς
2099 5535 2486 5609 ἑταιραρχείας
2509 5536 2689 5603 ζώνην
2716 5534 2883 5605 εχιιν.

1929 5629 2015 5685 ιο.
2052 5628 2565 5703 [Χρυσοηέρανον.
2600 5627 2767 5683 Aurei
2799 5626 3088 5698 glaucique
3116 5622 3319 5680 coloris
3344 5621 3428 5675 in-

1854 5718 2187 5773 termistum.
2209 5716 2410 5789 Ceam]

1931 5808 2017 5865 Ib.
2052 5810 2381 5875 Φακεωλίς,
2407 5820 2462 5865 et
2491 5810 2632 5865 infra
2678 5824 2732 5865 c.
2753 5810 3128 5879 ϐφακεώλιον,
3164 5800 3427 5862 scribitur

1858 5900 2022 5957 etiam
2057 5898 2347 5969 φακεόλιον
2373 5909 2427 5956 et
2461 5901 2763 5973 φακιόλιον.
2794 5900 2995 5957 Junius
3035 5899 3235 5967 ubique
3264 5891 3427 5950 vertit

3032 5998 3072 6057 9
