3936 6612
169 547 258 614 tts
1221 547 1602 608 GuE'l‘SEuI
1647 550 1711 607 ιγ]

1820 545 2010 606 ΟΑΒΙ
2052 547 2284 610 ΝΟΤΕ-

3275 539 3380 603 Ξῖι)

178 676 334 722 l’atttr:
364 673 442 718 est
473 662 620 718 enim
655 662 816 716 trulla
847 678 944 719 seu
980 662 1179 718 trullon
1215 679 1308 717 seu
1370 663 1559 716 trullas
1594 663 1706 716 lor-
1735 669 1777 724 Λ
1809 673 1943 732 guut
1969 663 2118 718 vocis
2172 660 2335 730 hujus
2393 674 2635 715 sensum.
2703 656 3001 712 Siromaste
3052 656 3378 737 s'romasten

181 757 250 808 nix
280 754 381 808 sive
409 754 831 816 concameratio;
885 763 948 808 ut
1003 761 1154 823 patet
1186 770 1251 808 ex
1304 753 1513 809 Codino
1561 754 1598 806 l.
1640 753 1708 808 de

179 844 407 915 Originib.
435 843 760 915 Cpolitanis,
787 845 874 900 ubi
905 845 1016 916 agit
1039 845 1104 900 de
1125 845 1285 900 trulla
1313 845 1514 915 Magnae
1539 845 1710 900 eccle-

181 937 255 992 size
273 945 569 992 constructa
602 952 631 990 a
669 934 978 992 Iustiniano
1024 946 1080 992 et
1132 947 1381 1006 reparata
1409 952 1439 990 a
1463 933 1705 1016 Justino,

181 1027 289 1084 Hinc
312 1028 462 1083 etiam
490 1029 734 1100 synodus
785 1026 1048 1083 Trullana
1101 1043 1198 1084 seu
1234 1029 1288 1082 iu
1336 1025 1546 1090 Trullo,
1577 1027 1707 1098 quia

183 1121 331 1174 habita
357 1131 434 1175 est
463 1120 513 1175 iu
537 1122 830 1176 secretario
874 1112 1082 1191 palatii,
1111 1120 1255 1190 quod
1315 1120 1618 1182 trullatum.
1650 1127 1708 1176 ut

181 1213 241 1267 sic
257 1211 437 1276 dicam,
453 1227 551 1265 seu
580 1221 1026 1266 concamaratum
1050 1215 1186 1266 erat;
1219 1209 1396 1265 Verbo
1421 1209 1710 1282 τρουλ).οὖ-

185 1305 279 1357 σθαι
300 1319 388 1374 pro
402 1303 901 1372 trullam’tediﬂcare
932 1304 1096 1360 utitur
1113 1301 1352 1359 Godinus
1371 1303 1410 1358 l.
1431 1318 1478 1358 c.
1500 1302 1704 1358 Gnsrs.

238 1393 480 1466 [Τροῦλαν
523 1397 641 1452 sive
669 1391 938 1466 «poena
963 1405 1020 1452 et
1073 1393 1708 1468 τροῦλλονςοιιοαιιιεηο

183 1497 270 1539 tum
296 1502 420 1554 opus
453 1476 655 1541 referre
679 1486 862 1541 nullus
892 1485 1125 1555 ignorat.
1152 1482 1285 1538 Eam
1323 1485 1394 1540 ob
1423 1499 1536 1538 rem
1576 1481 1703 1554 pilei

182 1593 266 1644 qua
297 1577 552 1632 clauditur
600 1587 654 1632 et
703 1577 860 1646 quasi
912 1583 1350 1640 concameratur,
1385 1589 1493 1632 non
1545 1575 1704 1631 modo

181 1682 409 1721 summam
434 1675 637 1736 partem
669 1665 874 1736 τροῦλα
922 1665 1216 1736 signiﬁcat,
1255 1664 1349 1721 sed
1410 1673 1583 1719 totum
1619 1663 1704 1733 pi-

181 1759 318 1821 leum,
342 1759 426 1828 qui
457 1767 600 1815 totus
640 1758 883 1828 τροῦλας
931 1759 1091 1826 cujus
1122 1755 1540 1827 descriptionem
1570 1755 1705 1812 satis

181 1851 330 1918 ample
356 1850 631 1919 posuimus
662 1849 860 1919 capitis
917 1847 1223 1918 superioris
1255 1847 1403 1904 notis
1436 1849 1612 1914 prima
1647 1855 1704 1901 et

181 1943 660 2012 secundamqpque
700 1941 753 1996 in
781 1940 1021 1996 secunda
1076 1949 1437 2003 memoratus,
1494 1938 1702 2010 estqui

1807 758 2057 824 exploro,
2091 763 2144 808 et
2189 755 2336 807 velut
2385 748 2989 818 κλεπτοτελωνούμενον
3035 749 3088 802 in
3126 747 3378 804 obscuris

1807 845 2023 902 Tzetzis
2051 845 2385 900 carminibus
2415 843 2577 915 (Chii.
2609 842 2694 903 l5,
2727 841 2811 898 tit.
2835 838 2961 910 ‘99.)
2985 839 3092 894 νοῶ
3122 841 3214 895 καὶ
3239 857 3376 909 κρα-

1805 937 1901 991 τῶ.
1925 935 2316 992 Mercatoribus
2337 949 2400 990 ex
2435 935 2658 990 Oriente
2685 948 2899 990 merces
2955 934 3378 1002 exportantibus

1808 1043 1916 1084 non
1946 1029 2096 1098 prius
2122 1028 2251 1083 licet
2283 1043 2377 1084 eas
2409 1027 2464 1083 in
2487 1041 2655 1082 naves
2677 1039 2975 1094 congerere
3025 1025 3112 1079 vel
3135 1039 3165 1079 e
3210 1032 3375 1094 portu

1807 1121 2100 1184 abducere.
2131 1109 2298 1190 quam
2353 1118 2710 1188 vectigalibus
2769 1115 3088 1186 colligendis
3134 1115 3376 1186 praefecti

1805 1227 2022 1282 eagmas
2050 1228 2242 1268 omnes
2273 1221 2330 1267 et
2356 1228 2483 1267 vasa
2514 1212 2849 1271 examinem.
2905 1225 2971 1264 ne
3027 1210 3380 1280 pretiosiores

1807 1304 1889 1358 vel
1937 1304 2214 1374 exportari
2253 1303 2557 1373 prohibitas
2614 1303 2717 1358 sub
2777 1286 3062 1357 vilioribus
3108 1313 3157 1358 et
3216 1300 3382 1358 licitis

1804 1395 2082 1466 occultent
2105 1395 2286 1459 illi,ut
2309 1397 2382 1449 ita
2413 1394 2498 1450 vel
2553 1395 2619 1450 de
2675 1395 3037 1464 vectigalium,
3074 1395 3248 1464 pretio
3288 1394 3386 1449 de-

1809 1485 2057 1542 fraudent
2081 1489 2161 1542 vel
2185 1487 2412 1557 principi
2431 1488 2600 1553 legem
2622 1487 2810 1542 ferenti
2836 1486 3092 1542 subtilius
3123 1486 3378 1544 illudaut.

1767 1592 1773 1598 ·
1807 1575 2114 1647 Explorant
2145 1578 2333 1647 itaque
2383 1579 2666 1648 publicani
2698 1594 2916 1650 saginas
2954 1589 3008 1634 et
3030 1589 3213 1635 strues
3258 1593 3380 1634 sar-

1805 1665 2071 1733 cinarias,
2102 1676 2158 1723 et
2192 1669 2475 1739 colligatus
2509 1671 2863 1740 quantumvis
2907 1670 3263 1725 strictissime
3293 1671 3380 1744 vet

1806 1758 2390 1829 tenacissimejunctas
2408 1761 2570 1830 longo
2590 1771 2857 1830 aeutoque
2880 1760 3022 1817 ferro
3045 1761 3378 1839 perfodiunt,

1803 1859 1856 1907 et
1886 1866 2052 1906 sensu
2077 1850 2218 1906 duce
2250 1851 2696 1922 experientiaque
2745 1854 3030 1922 magistra,
3089 1853 3236 1924 quod
3267 1853 3382 1924 ipse

1765 1997 1772 2004 ,
1804 1942 1922 1997 visu
1949 1958 2068 1998 sum
2093 1951 2370 2013 expertus.
2395 1959 2525 1997 num
2575 1944 2752 1999 serica
2788 1945 2875 1998 [ila
2905 1945 3052 1999 verbi
3099 1960 3265 1999 causa
3283 1945 3385 2000 sub

181 2032 356 2088 dicitur
378 2034 426 2087 in
454 2032 702 2102 praesenti
731 2031 902 2103 ἄκρον
935 2028 1033 2084 τοῦ
1091 2029 1358 2097 σκιαδίου,
1393 2029 1559 2100 γῦρος
1607 2032 1705 2103 τῆξ

1820 2034 2112 2104 gossipinis
2155 2035 2238 2089 vel
2274 2036 2489 2090 metalla
2520 2036 2618 2090 sub
2640 2050 2779 2091 certe
2827 2049 3007 2090 massa
3045 2035 3268 2098 lateant,
3305 2035 3384 2090 in-

181 2144 203 2177 τ
210 2126 400 2195 ρούλης.
429 2125 578 2181 COAB
604 2123 625 2197 ]

241 2220 294 2272 P.
333 2221 414 2274 23.
467 2217 693 2273 Variant
743 2217 831 2273 hic
875 2215 1328 2296 codices.Boici.
1408 2221 1468 2270 ut
1522 2213 1708 2283 notavi

191 2312 294 2363 olim
324 2312 370 2364 in
409 2311 550 2365 notis
586 2311 656 2363 ad
687 2307 982 2364 Codinum.
1019 2307 1126 2364 Sed
1164 2315 1250 2362 r’es
1291 2309 1426 2362 tanti
1459 2321 1564 2362 non
1595 2314 1708 2370 est;

190 2404 364 2468 vulgata
390 2401 548 2456 lectio
582 2400 752 2469 proba
785 2400 937 2455 mihi.

243 2491 295 2547 Ρ.
325 2494 407 2547 2|.
439 2493 788 2548 Siromasten.
828 2474 1023 2548 Junius
1048 2505 1155 2547 non
1210 2497 1354 2545 recte
1386 2489 1710 2560 interpreta-

186 2595 258 2638 tur
277 2585 481 2652 ferreum
509 2585 737 2647 clavam,
771 2593 830 2638 ut
861 2592 1008 2653 patet
1040 2599 1104 2638 ex
1135 2599 1186 2641 c.
1220 2583 1291 2637 25
1319 2581 1707 2648 Numerorum,

184 2677 258 2729 ubi
273 2676 532 2746 Scriptura
551 2677 615 2730 de
643 2676 874 2729 Phinees
898 2692 913 2728 :
937 2675 1045 2727 Καὶ
1062 2673 1244 2728 λαϐὼν
1272 2675 1639 2746 σειρομάστην
1653 2675 1711 2727 ἐν

189 2771 241 2837 τῇ
269 2771 424 2838 χειρί,
452 2777 567 2823 etc.
593 2768 704 2820 Καὶ
731 2767 1105 2837 ἀπεκέντησεν
1127 2765 1497 2836 ἀμφοτέρους,
1526 2766 1618 2819 τόν
1651 2782 1711 2818 τε

186 2861 432 2929 ἄνθρωπον
460 2861 552 2914 τὸν
597 2858 944 2931 ἰσραηλετην
975 2853 1070 2912 καὶ
1098 2859 1200 2928 τὴν
1230 2860 1468 2927 γυναῖκα
1494 2857 1585 2911 διὰ
1611 2859 1712 2928 τῆς

101 3000 108 3012 ,
189 2955 366 3021 μήτρας
391 2954 578 3020 αὐτῆς.
611 2950 728 3006 Non
757 2965 886 3020 ergo
914 2947 1012 3004 fuit
1042 2950 1212 3014 clava,
1241 2947 1336 3003 sed
1363 2949 1447 3003 vel
1468 2941 1708 3018 jaeulum

186 3045 250 3097 vel
281 3046 441 3099 hasta.
497 3043 633 3098 tlinc
660 3043 854 3111 Aquila
903 3042 1064 3095 vertit
1111 3041 1320 3105 κοντόν,
1351 3040 1711 3110 Symmachus

181 3136 307 3205 δᾶρυ.
363 3138 582 3207 Vulgata
644 3136 848 3192 editio:
906 3139 1130 3204 Arrepto
1183 3135 1409 3202 pugione
1477 3133 1711 3202 confodit

185 3229 352 3284 ambos.
407 3228 628 3284 Notavit
669 3230 815 3284 hunc
871 3226 1019 3282 Junii
1053 3240 1292 3280 errorem
1339 3223 1608 3293 Rigaltius
1656 3224 1708 3277 in

180 3317 387 3374 Clossar.
421 3336 473 3375 ν.
540 3318 887 3374 Siromastes.
933 3318 1087 3387 Apud
1121 3317 1447 3377 Cedrenum,
1489 3332 1544 3385 p.
1579 3315 1705 3380 700,

1817 2125 2043 2194 quirunt
2071 2133 2126 2179 et
2151 2126 2565 2194 deprehendunt
2587 2144 2601 2193 ;
2623 2137 2682 2180 ut
2701 2126 2890 2182 fraude
2920 2137 3198 2195 comperta
3219 2127 3384 2180 multa

1816 2216 2138 2286 pecuniaria
2157 2215 2239 2273 vel
2268 2217 2583 2273 verberibus
2615 2219 2867 2274 dolorum
2889 2219 3128 2274 artiﬁces
3157 2221 3390 2287 punian-

1815 2314 1928 2372 tur,
1959 2305 2023 2362 π
2049 2310 2339 2379 regiojure
2370 2308 2722 2379 detineantur
2749 2321 2960 2367 merces
2982 2320 3038 2366 et
3061 2311 3390 2366 addicantur

1817 2399 1974 2456 fisco.
1995 2401 2258 2457 Verutum
2287 2411 2470 2457 autem
2503 2402 2635 2458 illud
2668 2403 2888 2475 longius
2922 2413 2975 2459 et
3035 2405 3276 2470 acutius,
3323 2421 3389 2478 ex
3427 2447 3429 2449 .

1817 2492 1999 2564 aliqua
2028 2508 2150 2548 cum
2175 2495 2416 2565 pugione,
2443 2494 2567 2560 telo,
2594 2495 2748 2548 Itasta
2814 2494 3194 2560 similitudine,
3222 2513 3392 2562 σειρο-

1821 2587 2030 2657 μάστης
2060 2587 2138 2641 vel
2169 2586 2515 2655 σειρομάστις
2544 2585 2733 2642 audit:
2768 2589 2895 2656 quia
2916 2601 3045 2642 vero
3068 2585 3391 2660 pracipiteni

1819 2688 2186 2732 mercatorum
2233 2677 2286 2731 in
2319 2678 2676 2747 exportaudis
2723 2679 2997 2736 mercibus
3055 2677 3391 2750 diligentiam

1818 2768 2068 2838 reprimit
2091 2761 2144 2823 et
2162 2765 2379 2822 fraudes
2400 2779 2641 2834 coercet,
2661 2770 2884 2824 σαλίὸαν
2906 2771 2989 2826 vel
3009 2759 3260 2842 σαλιὸἀρι
3278 2775 3392 2827 vul-

1818 2875 1920 2931 gus
1976 2859 2236 2929 appellat,
2289 2861 2495 2929 [renum
2551 2861 2826 2917 videlicet.
2869 2862 3032 2918 Hisce
3093 2865 3395 2934 perspectis

1819 2951 1896 3006 nil
1928 2951 2261 3006 ditlicultatis
2288 2959 2534 3005 remanet
2583 2951 2640 3006 in
2672 2951 2867 3008 Tzetze
2902 2953 3394 3025 absqneinterpre‘

1821 3044 2028 3098 talione
2049 3059 2080 3096 a
2103 3041 2342 3111 Rigaltio
2361 3041 2604 3098 Meursio
2625 3055 2678 3096 et
2705 3043 2987 3107 Gretsero,
3010 3045 3282 3108 relato,nil
3301 3048 3395 3101 οι».

1820 3130 2103 3184 scuritatis
2129 3131 2180 3183 in
2206 3129 2501 3201 Hesychia,
2525 3131 2600 3185 nil
2627 3131 2771 3199 quod
2795 3147 3004 3186 moram
3032 3134 3195 3188 faciat
3217 3135 3390 3190 in‘Co-

1819 3221 1968 3274 diuo.
1991 3219 2303 3291 Hesychius
2337 3239 2351 3274 :
2384 3223 2758 3294 Σειρομάστης
2806 3223 3072 3288 σκεῦόςτι
3122 3227 3396 3298 σιδηροῦν,
3445 3281 3447 3283 ,

1819 3315 1956 3384 ὅπερ
1978 3315 2028 3366 οἱ
2057 3314 2435 3381 τιλῶναιπρὸς
2451 3314 2675 3384 ἔρευναν
2718 3317 2922 3386 ἔχουσι,
2968 3317 3139 3389 λαϐὴν
3181 3318 3397 3390 ξυλίνην

1415 3368 1707 3477 ἰιιέοςιᾷόξ
1739 3368 1783 3433 c'
1816 3368 2242 3476 εχοξλὶυτίιιωι
2275 3405 2326 3460 in
2347 3368 2494 3462 ὶοῖιέ
2527 3417 2680 3478 gerat
2733 3368 3398 3477 {ean—sius

180 3507 321 3565 stum,
350 3518 411 3556 ue
439 3502 755 3572 imperatori
796 3501 1117 3565 maledicat‘;
1174 3513 1280 3554 non
1311 3501 1702 3568 obtemperanti

181 3599 404 3665 imposuit
432 3597 640 3666 aliquot
679 3595 862 3665 plagas
893 3608 990 3648 seu
1022 3593 1181 3658 ictus,
1207 3592 1300 3646 τὸν
1334 3592 1705 3662 σειρομάστην

179 3689 405 3752 ἐνπενας.
459 3687 522 3742 S.
568 3686 951 3756 Hieronymus,
1009 3685 1169 3754 epist.
1223 3683 1328 3738 ὅδε
1403 3681 1527 3754 Legi
1567 3683 1705 3737 enim

179 3782 453 3836 siramasten
513 3779 758 3844 Phinees,
807 3777 1174 3831 austeritatem
1239 3773 1442 3841 Heliae;
1503 3776 1592 3830 ubi
1651 3784 1708 3830 et

177 3873 270 3940 ipse
293 3889 380 3941 pro
405 3875 557 3927 hasta
581 3872 790 3926 videtur
821 3865 1146 3926 siromasteu
1181 3871 1449 3938 accipere.
1477 3863 1716 3938 Joscph.

176 3963 330 4032 Amiq.
363 3979 434 4028 tv,
466 3963 521 4023 6.
558 3964 718 4016 vertit
747 3961 1104 4029 remp/uvam:
1147 3959 1330 4011 Παίων
1358 3960 1424 4029 τῇ
1460 3959 1708 4031 ῥομφαίᾳ

178 4056 459 4109 ἀπέκτεινε·
503 4052 812 4124 Hesychius
839 4053 917 4106 ait
965 4051 1334 4121 σειρομάστην
1393 4065 1514 4105 esse
1569 4046 1707 4113 εἶδος

175 4144 367 4214 λόγχης.
419 4143 478 4200 S.
544 4144 691 4201 Hier.
722 4145 776 4199 in
833 4159 884 4198 c.
943 4143 981 4197 2
1021 4143 1249 4198 Malach.
1308 4143 1716 4212 interpretatur“

175 4239 512 4305 szzpopaamv
532 4235 829 4304 pugionem,
862 4241 921 4287 ut
949 4242 1004 4288 et
1035 4233 1199 4288 Num.
1236 4249 1362 4299 xxv;
1396 4241 1452 4288 at
1482 4232 1549 4288 lll
1575 4233 1706 4303 Reg.

177 4326 242 4385 l8,
267 4338 315 4380 et
369 4329 406 4383 l.
445 4327 536 4391 Ν,
571 4343 624 4382 c.
657 4327 1002 4390 1|,Itastam.
1035 4325 1238 4381 Su’idas
1281 4341 1295 4381 :
1331 4327 1710 4398 Σειρομάστης

171 4411 288 4480 εἶδος
317 4420 591 4485 ἀκοντίου,
627 4419 819 4490 λόγχη.
872 4417 1112 4475 Joannes
1164 4417 1391 4475 Tzetzes
1433 4438 1447 4474 :
1516 4421 1711 4474 Πολλοὶ

175 4508 254 4572 μὲν
275 4511 329 4562 τὸ
355 4511 604 4564 ἀκόντιον
637 4511 867 4564 καλοῦσι
909 4505 1283 4582 σειρομάστην
1350 4511 1540 4582 ὥσπερ
1608 4513 1720 4566 κάν

171 4597 224 4665 τῇ
244 4598 420 4660 Φινεὲς
457 4604 662 4655 νοεῖται
695 4600 933 4672 ιστορῖᾳ,
968 4614 1098 4666 etc.,
1165 4602 1377 4672 κυρίως
1432 4604 1490 4657 δὲ
1557 4603 1713 4674 σιδή-

1819 3497 2005 3554 timus.
2041 3494 2190 3552 Gesn
2220 3495 2240 3567 ]
2709 3531 2712 3534 ~

1888 3583 1972 3638 Ib.
2024 3585 2356 3655 Ἀμηράλιος
2396 3597 2452 3644 et
2506 3591 2800 3662 ἁμηράλης
2819 3599 3100 3664 prolectus
3123 3597 3306 3661 maris,
3327 3609 3398 3654 ea

1821 3681 2060 3736 Arabico
2081 3684 2256 3738 amira
2286 3699 2382 3740 seu
2411 3689 2637 3753 amirus,
2671 3689 2851 3759 inquit
2877 3689 3097 3758 Junius,
3121 3703 3178 3748 et
3208 3693 3398 3749 Graeco

1822 3773 1970 3836 ἅλιος
2001 3775 2268 3830 marinus.
2300 3776 2498 3832 Credat
2521 3781 2614 3848 qui
2645 3782 2789 3836 volet
2820 3800 2836 3837 :
2869 3799 2972 3853 ego
2993 3782 3277 3842 assensum
3300 3797 3398 3840 co.-

1817 3863 2001 3919 hibeo.
2034 3865 2278 3921 Transiit
2299 3883 2402 3924 vos
2431 3869 2548 3926 [nec
2579 3872 2644 3925 ad
2678 3872 2887 3938 Gallus,
2929 3876 3094 3931 italos
3121 3888 3178 3931 et
3231 3877 3398 3940 alios.

1817 3957 2019 4026 quibus
2043 3959 2242 4012 amiral
2267 3969 2351 4013 est
2377 3961 2672 4030 pra-tectus
2721 3967 2890 4022 maris
2932 3981 3028 4024 seu
3075 3969 3396 4027 thalassiar.

1819 4049 1978 4103 chus.
2007 4049 2162 4114 Quod
2189 4063 2387 4104 nomen
2419 4053 2534 4109 sive
2571 4053 2818 4109 absolute
2841 4070 2941 4124 pro
2971 4057 3221 4127 principe
3253 4075 3390 4126 geu-

1823 4141 1892 4194 tis
1914 4130 2028 4195 sive
2053 4140 2440 4211 propraefecto
2490 4146 2657 4200 maris
2705 4147 3029 4216 accipiatur,
3083 4150 3312 4207 mir-ilice
3359 4170 3392 4206 a

1821 4232 2030 4288 Latinis
2059 4235 2423 4303 scriptoribus
2443 4238 2712 4303 variatur,
2749 4225 3034 4296 utostendi
3073 4241 3236 4314 244
3257 4253 3390 4299 tum.

1821 4321 1864 4377 ll
1890 4323 1954 4378 de
1986 4325 2045 4379 S.
2066 4325 2262 4391 Cruce,
2281 4345 2329 4382 c.
2354 4329 2443 4386 l2.
2461 4327 2709 4404 Ἀμηρᾶς
2727 4321 2976 4404 princeps
3000 4342 3103 4397 est,
3129 4339 3390 4391 usitatum

1823 4430 2022 4469 nomen
2055 4419 2196 4486 apud
2226 4417 2636 4498 Muliometauos
2665 4415 2888 4489 Arabes,
2909 4435 2966 4478 ut
2993 4435 3048 4492 et
3081 4426 3398 4504 ἀυηραῖος,

1824 4507 2074 4574 quamvis
2103 4517 2157 4562 et
2182 4509 2284 4563 hoc
2311 4511 2410 4564 sub
2443 4526 2623 4584 amera
2649 4512 2887 4568 minores
2931 4517 3126 4578 duces,
3156 4503 3396 4580 denotet.

1824 4596 2137 4668 Sigebertus
2166 4601 2218 4653 in
2277 4599 2593 4658 Chronico:
2654 4600 2722 4657 In
2790 4623 2946 4676 regno
3005 4594 3404 4680 Saracenorum

174 4704 268 4752 ριον
297 4692 403 4745 τῶν
431 4693 685 4747 τελωνῶν
718 4693 976 4763 ὑπάρχει,
1007 4692 1082 4756 ὡς
1121 4693 1293 4762 μέγας
1320 4695 1604 4756 ὀδελῐσκος
1629 4713 1711 4759 τις

1825 4699 2053 4770 quatuor
2086 4702 2336 4764 pra’lores
2386 4697 2596 4759 statuit,
2629 4700 2719 4767 qui
2789 4700 2998 4754 omirwi
3052 4686 3398 4773 vocaburtiur,

173 4770 210 4844 ᾧ
235 4782 556 4854 πλήττοντες
588 4787 715 4846 τοὺς
741 4785 976 4847 σάκκους
1002 4787 1072 4837 τὰ
1130 4785 1718 4856 κλεπτοτελωνούμενα

173 4873 327 4926 νςοῦτι
352 4879 449 4930 καὶ
497 4875 813 4945 κρατοῦσιν.
860 4875 1083 4930 Videtur
1109 4879 1353 4931 omnium
1389 4861 1720 4932 commodis-

174 4963 290 5016 sime
319 4970 458 5022 verti
530 4967 677 5037 apud
720 4967 1098 5035 Curopalatam
1160 4969 1323 5022 telum
1391 4986 1484 5024 seu
1540 4971 1720 5040 pugio,

175 5058 595 5127 quandoquidem
627 5061 942 5115 siromastes
974 5060 1253 5114 ferebatur
1285 5076 1314 5114 a
1341 5077 1535 5130 magno
1566 5066 1724 5116 nau-

171 5146 236 5196 sio
262 5163 322 5203 ex
355 5152 579 5205 sinistra
611 5162 762 5221 parte
809 5159 976 5211 zonze‘.
1013 5152 1098 5207 Ait
1135 5154 1375 5208 Codiu‘us
1412 5153 1556 5207 hunc
1588 5154 1726 5208 siro-

173 5235 352 5294 rnasteu
384 5243 549 5313 vulgo
577 5243 761 5296 vocari
823 5242 1071 5299 salibam.
1112 5241 1220 5297 Leo
1260 5246 1389 5314 imp.
1424 5243 1716 5299 Cooslitut.

174 5325 230 5380 7:
257 5328 345 5397 Ei;
375 5335 437 5386 τὸ
480 5333 643 5404 ῥῖψαι
671 5335 912 5402 μηκόθεν
960 5337 1376 5406 ριπτάριονῗκαὶ
1409 5335 1722 5405 ματζοὸἀρά

172 5416 356 5486 ϐουλον,
387 5427 526 5492 ὅπερ
560 5427 787 5494 λέγεται
817 5427 912 5479 νῦν
948 5427 1143 5480 colitis:
1178 5429 1212 5497 ἦ
1248 5429 1340 5480 καὶ
1374 5429 1723 5500 τζηκούριον.

1824 4784 1932 4852 ipse
1950 4800 2065 4838 vero
2089 4788 2289 4838 amiras
2314 4786 2602 4840 vocabatur
2629 4787 2703 4841 vel
2727 4792 3177 4860 protosymoulus.

1895 4873 1994 4952 Ib.
2050 4876 2183 4930 Ἐπὶ
2239 4876 2358 4930 τῶν
2393 4875 2690 4944 δεήσεων.
2730 4877 2802 4934 Ita
2825 4896 3049 4936 omnino
3085 4883 3396 4954 legendum,

1823 4976 1876 5022 et
1895 4966 2026 5020 illud
2046 4968 2137 5020 imi
2160 4967 2265 5021 τῶν
2287 4970 2552 5024 δικάσεων
2581 4971 2767 5040 procul
2792 4973 3162 5042 relegandum.
3191 4977 3400 5044 (iners,

1900 5058 1986 5114 Ib.
2053 5059 2442 5132 [Χειρόρτιον.
2511 5060 2696 5116 Simon
2770 5053 3404 5138 PortidstCltirotltecu,

1825 5153 2068 5223 χερόκτι,
2105 5153 2346 5222 χερόρτι,
2381 5155 2704 5225 χειροϐἠκη.
2730 5155 3035 5224 Ἐγχείριον
3079 5159 3396 5229 διεσχισμέ-

1827 5262 1925 5314 νην
1951 5247 2027 5306 εἰς
2059 5243 2321 5296 δάκτυλον
2350 5246 2562 5298 vocavit
2581 5236 2797 5302 Nicetes
2819 5249 2870 5301 iu
2896 5249 3086 5304 Alexio
3117 5249 3398 5307 Comueuo

1827 5329 1864 5388 Ι.
1894 5352 1949 5388 ιιι
1982 5356 1996 5388 :
2039 5335 2099 5388 Ἦ
2136 5337 2179 5388 δ’
2209 5337 2349 5408 αὐτὴ
2382 5341 2475 5390 καί
2499 5328 2681 5412 δορὰν,
2707 5342 3087 5411 χρυσόπαστον
3125 5345 3398 5414 ἄγχειριον

1827 5426 1950 5496 ἔχου
1965 5447 2045 5490 τα,
2077 5416 2465 5501 διεσχισμένὴν
2497 5430 2550 5493 ἐς
2580 5431 2866 5496 δάκτυλον,
2901 5434 3196 5502 κονητίναν
3223 5430 3396 5504 Δεἶχεν

169 5507 483 5568 Glossarium
517 5518 714 5570 scribit
738 5517 1260 5586 ’μαρτζομάδουλον.
1313 5519 1626 5590 Auonymus
1658 5522 1711 5573 de

1829 5517 2039 5587 ὅρνιθα,
2069 5523 2161 5572 καὶ
2192 5520 2408 5583 ἐξιοῦσα.
2444 5521 2582 5590 πρὸς
2645 5523 2818 5592 Θήραν
2863 5525 3144 5590 ὲπὲκλωζέ
3182 5513 3254 5577 ’τε
3301 5519 3397 5579 καὶ

173 5598 291 5653 bello
315 5617 509 5657 sacro:
541 5603 780 5667 Σαλῑϐας
815 5603 960 5674 εϊχον
1009 5609 1332 5674 τουρκικάς.
1365 5607 1560 5662 Junius
1597 5611 1729 5663 dicit

180 5689 372 5746 σελίσιν
423 5710 550 5750 esse
580 5705 769 5749 vocem
821 5697 1130 5753 Arabic‘am.
1173 5701 1240 5751 At
1297 5702 1574 5768 quomodo
1627 5703 1729 5758 scit

179 5793 278 5833 esse
302 5784 614 5845 Arabicam.
651 5801 774 5839 cum
805 5789 1021 5841 nesciat”
1061 5789 1192 5858 quid
1247 5789 1560 5859 signiticet?
1606 5789 1724 5844 Non

172 5873 293 5927 enim
324 5886 407 5932 est
444 5878 706 5933 militaris
732 5880 908 5942 clava,
938 5891 995 5933 ut
1029 5891 1152 5935 ante
1204 5882 1467 5935 diximus.
1509 5882 1717 5938 (iners.

211 5965 944 6040 {Indicant-quiileursium
965 5984 1289 6042 sumuntur,
1325 5983 1379 6028 at
1401 5987 1526 6027 non
1561 5976 1721 6028 attin-

1838 5604 2138 5672 ἑπεθώῦζε.
2171 5609 2425 5678 Vulgaris
2459 5623 2638 5668 textus
2698 5615 2854 5668 habet
2887 5632 2901 5667 :
2948 5615 3006 5667 Ἠ
3044 5616 3099 5670 δὲ
3141 5615 3278 5683 αὐτὴ
3335 5615 3400 5667 τὸ

1836 5705 2143 5772 χειρσέρτιον
2184 5705 2562 5772 χρυσόπαστον
2631 5706 2851 5776 ἔχουσα,
2905 5707 3287 5776 διεσχισμένην
3317 5707 3398 5770 si;

1836 5793 2116 5860 δάκτυλον,
2144 5798 2431 5866 κονητίυαν
2462 5791 2606 5866 εἶχεν
2642 5787 2855 5866 ὅρνιθα.
2879 5796 3067 5865 Carpit
3095 5796 3180 5851 his
3216 5796 3397 5851 verbis

1831 5883 2053 5938 Nicrtas
2101 5886 2362 5940 indecens
2421 5887 2786 5957 imperatricis
2835 5888 3079 5942 facturn:
3135 5890 3396 5960 probrum

1833 5987 2012 6030 tamen
2048 5993 2158 6046 quo
2198 5992 2341 6045 eam,
2380 5980 2524 6034 velut
2561 5995 2686 6034 res
2717 5981 2853 6050 ipsa,
2879 5964 3111 6049 populus
3160 5981 3400 6037 insecta-
