3936 6586
525 455 627 525 ΞῊ

1623 452 1701 514 1N
1749 448 2052 515 LIBRUM
2096 445 2193 509 DE
2225 443 2553 510 OFFICllS
2586 445 2699 513 ΟΡ.

3666 452 3769 521 2⁸12

522 574 707 638 batur,
737 588 845 629 non
878 573 1107 629 advertit
1144 572 1418 642 interpres
1470 569 1694 627 Nicetes.
1762 570 1966 625 Locum
2032 581 2098 620 ne
2128 573 2168 626 Α
2204 564 2336 621 baro
2367 578 2419 623 et
2482 566 2776 623 bloursiutn
2835 565 2890 622 in
2936 580 3038 623 suo
3116 565 3582 625 Graeco-Barbare
3615 567 3770 629 ϐίοιο

522 667 809 736 Ignoretur
860 665 1115 719 adduco:
1184 666 1416 719 relatum
1481 664 1755 719 antecedit
1827 663 2094 732 proxime.

521 748 699 810 'vat
742 757 798 810 δὲ
830 756 935 809 τῶν
978 756 1254 826 ἀγοραίων
1297 757 1391 810 καὶ
1448 756 1517 810 τὰ.
1551 755 1770 826 μιμηλᾶ
1803 753 1913 807 τῶν
1953 768 2095 821 πτη-

522 851 649 913 νῶν,
684 851 775 902 καὶ
807 850 907 902 63a.
938 850 968 918 ἡ
997 849 1161 916 φύσις
1216 849 1497 919 ἑστόμωσε
1536 849 1672 917 πρὸς
1720 844 2094 917 μουσουργιαν

521 945 608 995 ἀεὶ
650 943 779 1012 μίαν
808 941 1204 1004 ὑποϐάλλοντες
1233 941 1493 1011 μάθησιν,
1526 940 1621 995 καὶ
1678 939 1884 1009 ταύτην
1916 938 2091 990 κοινό-

519 1031 729 1095 λεκτον,
764 1032 910 1103 ᾄδειν
937 1033 1031 1085 ἐπὶ
1059 1032 1349 1086 στενωπῶν
1369 1034 1462 1085 καὶ
1489 1031 1739 1103 τριόδων.
1786 1048 1804 1081 t
1835 1027 2092 1098 Πολιτικὴ

520 1128 581 1177 τὶ
608 1126 812 1177 δίκαιον
850 1143 867 1176 ι
907 1125 1315 1189 ξξεπαίδευσαν.
1348 1122 1686 1179 Edocuerunt
1712 1133 1768 1178 ut
1822 1130 2089 1188 canerent,

520 1218 775 1271 Meretrix
803 1217 1029 1286 pretium
1061 1233 1080 1271 :
1149 1216 1522 1285 subiutelliges
1547 1256 1562 1276 .
1614 1216 1763 1284 exige
1818 1213 2093 1283 prostituti

522 1311 781 1377 corporis.
815 1305 987 1362 Vertit
1010 1309 1277 1375 interpres
1301 1309 1479 1374 inepte
1505 1323 1518 1363 :
1550 1307 1777 1361 Politica
1794 1307 2091 1376 justitiam,

523 1403 808 1471 πολιτικήν
829 1400 1100 1471 siquidem
1123 1407 1319 1453 vocant
1351 1400 1599 1453 bodierni
1635 1398 1956 1452 meretricem
1988 1412 2088 1451 ccu

522 1503 633 1547 tota
685 1496 821 1548 urbe
877 1493 1093 1561 publice
1160 1492 1464 1563 expositam
1500 1506 1564 1545 ac
1625 1492 1724 1547 toti
1790 1492 1959 1544 curiae
2021 1492 2091 1548 ob

519 1587 768 1654 corporis
800 1586 1171 1655 prostibulum
1207 1596 1415 1651 notant,
1453 1583 1591 1639 Galli
1649 1585 1971 1638 courtisane.
2003 1584 2091 1637 Al-

516 1693 672 1729 καιον
695 1677 745 1730 i.l
764 1689 844 1730 est
859 1677 1002 1746 quod
1027 1686 1221 1732 auctor
1245 1692 1351 1730 non
1374 1691 1483 1729 uno
1502 1676 1622 1729 loco
1642 1683 1798 1730 vocat
1816 1673 2091 1745 δικαίωμα

518 1770 744 1838 pretium
760 1769 885 1837 jure
916 1767 1255 1822 reddendum.
1282 1764 1479 1839 Cosm]

2201 674 2348 714 sario

2266 749 2326 805 P.
2354 750 2445 808 9.5.
2476 749 2769 821 Prwfectus
2801 751 2984 820 alogii.
3016 751 3130 805 Non
3158 751 3293 806 satis
3328 751 3511 807 mirari
3548 766 3770 820 possum

2195 843 2325 913 quid
2353 843 2587 899 Junioin
2617 851 2851 898 mentem
2884 842 3110 910 venerit,
3142 854 3196 897 ut
3227 859 3411 899 vocem
3453 843 3652 912 ἄλογον
3706 842 3772 898 ab

2196 935 2419 991 Ilo-brrca
2451 937 2608 991 Italae
2638 938 2804 1008 (quod
2861 946 2946 994 est
2977 939 3054 993 ire
3084 938 3101 1009 )
3134 939 3439 1001 deduxerit,
3481 954 3610 993 cum
3651 939 3771 993 luce

2195 1028 2401 1084 clarius
2439 1028 2505 1084 sit
2536 1029 2731 1098 ἄλογον
2756 1044 2879 1084 esse
2905 1045 3094 1084 vocem
3126 1030 3394 1093 Graecam,
3427 1029 3587 1101 quasi
3623 1030 3769 1085 dicas

2194 1122 2514 1176 irrationale
2546 1137 2690 1191 ;quo
2722 1123 2941 1179 nomine
2999 1124 3330 1178 recentiores
3386 1122 3558 1177 ϐττιξεί
3612 1139 3770 1192 equos

2194 1214 2521 1284 signiﬁcant.
2558 1217 2875 1287 Anonymus
2894 1216 3034 1286 apud
3061 1215 3350 1284 Rigaltium
3376 1236 3389 1270 :
3422 1214 3634 1278 Ἀλογα
3657 1214 3769 1276 ζῶα

2194 1309 2491 1376 νωτοφόρα,
2526 1306 2822 1376 ἀχθοφόρα.
2846 1307 2908 1361 Et
2937 1306 3183 1362 absolute
3211 1323 3310 1377 pro
3328 1308 3484 1377 equis
3516 1307 3769 1361 invenies

2193 1399 2334 1469 apud
2370 1399 2716 1463 Mauricium,
2737 1398 2974 1453 Leonem
3004 1409 3058 1453 et
3092 1399 3247 1453 alios.
3267 1398 3451 1468 Itaque
3469 1396 3770 1453 Iunianum

2194 1490 2725 1560 Italocumablegotnr
2750 1488 2817 1544 ad
2841 1492 3095 1545 nuntium
3120 1506 3214 1546 seu
3255 1490 3542 1557 viatorem,
3580 1507 3768 1561 quem,

2196 1590 2253 1637 ut
2278 1580 2477 1637 Iunias
2502 1582 2696 1651 inquit,
2726 1581 2919 1637 Turca:
2988 1582 3262 1652 appellant
3303 1582 3481 1636 hulac.

2253 1674 2355 1751 .Ib.
2390 1674 2638 1729 Matzuca
2676 1671 2840 1730 Iunio
2871 1686 2955 1728 cst
2977 1676 3149 1736 clava,
3177 1690 3242 1730 ex
3271 1676 3457 1730 Italico
3489 1674 3675 1729 Massa
3692 1677 3773 1732 vel

2193 1770 2376 1841 potius
2401 1769 2605 1824 Gallico
2640 1769 2873 1833 Massue,
2921 1778 2977 1823 ιιι
3034 1770 3231 1838 inquit.
3291 1769 3561 1826 Scribitur
3603 1771 3770 1825 etiam

598 1879 686 1934 Ib.
728 1881 834 1936 Pro
869 1884 1089 1953 χαρτίον
1120 1882 1407 1951 legendum
1435 1881 1651 1935 videtur
1703 1881 1939 1953 χασδίον,
1969 1894 2091 1951 quae

2200 1859 2540 1931 ματζούκιον.
2582 1858 2783 1915 Ibidem
2815 1862 3058 1928 στηλειόν
3087 1862 3295 1931 aciipio
3326 1878 3423 1931 pro
3462 1873 3631 1919 conto
3676 1879 3772 1918 seu

521 1987 625 2030 τοι
655 1986 857 2029 vestem
891 1990 955 2033 ex
984 1976 1108 2045 pilis
1159 1975 1243 2030 vel
1307 1976 1449 2030 villis
1499 1974 1803 2031 coniectam
1847 1975 2089 2029 denotat.

522 2066 615 2121 Est
642 2074 700 2120 et
724 2066 993 2137 χασείδιον
1042 2067 1185 2137 apud
1238 2067 1559 2123 Acbmctetn
1614 2066 1992 2136 Oniropolam,
2038 2083 2090 2125 c.

520 2157 648 2219 220,
673 2158 761 2212 ubi
799 2158 1046 2213 invenies
1081 2160 1326 2237 χασειᾷια
1348 2159 1453 2212 ἀπ’
1511 2160 1699 2229 ἐρίων.
1761 2158 1819 2213 In
1881 2158 2093 2230 synodo

444 2302 447 2305 ,
522 2251 882 2308 Florentina:
947 2249 1172 2306 Sedebat
1219 2252 1431 2321 ineque
1489 2252 1861 2322 pulcherrimo,
1922 2252 2092 2323 nigro,

521 2345 615 2397 καὶ
643 2345 1075 2415 ιῦτρεπισμὲνου
1106 2344 1226 2411 μετ’
1257 2342 1490 2413 ὲρνοροῦ
1542 2343 1634 2398 καὶ
1674 2345 2088 2414 χρυσοῦφάντου

519 2435 761 2508 χασδίου,
793 2436 881 2507 qui
903 2445 1123 2490 ornatus
1149 2445 1265 2489 erat
1284 2436 1440 2490 rubro
1457 2449 1505 2489 et
1536 2436 1711 2490 aureis
1759 2436 1868 2503 ﬁlis
1896 2437 2091 2505 infecto

521 2538 851 2600 tegumenta;
885 2539 942 2583 ιιι
967 2530 1189 2601 proinde
1216 2531 1369 2587 locus
1402 2530 1504 2585 iste
1532 2527 1727 2584 Codini
1757 2529 1828 2582 ita
1861 2529 2092 2582 redden-

520 2621 623 2676 dus
664 2621 945 2677 videatur:
987 2620 1333 2677 Scarauicum
1359 2622 1473 2690 ejus
1507 2621 1751 2675 indutum
1784 2636 1875 2673 seu
1898 2619 2094 2688 suﬂul-

521 2723 631 2767 tum
667 2724 743 2767 est
771 2730 946 2783 panno
968 2729 1032 2770 ea:
1054 2714 1177 2784 pilis
1207 2731 1295 2769 seu
1321 2713 1448 2768 lana
1490 2713 1748 2782 confecto.
1781 2710 1988 2767 Csars.

595 2826 849 2901 [Xaoblov
872 2828 1114 2889 villosum
1150 2830 1395 2884 sericum.
1433 2828 1632 2885 Vocem
1675 2828 1843 2885 refert
1873 2828 2092 2885 concilii

520 2920 820 2977 Florentini
896 2932 1075 2978 textus
1142 2922 1391 2987 Graecus,
1450 2938 1639 2978 verum
1687 2922 1758 2978 ab
1795 2922 2096 2992 interprete

519 3016 781 3071 antissent
821 3031 838 3070 :
887 3016 948 3070 ὐ
995 3016 1094 3083 μὲν
1144 3016 1404 3087 βασιλεὺς
1467 3015 1762 3081 ἐκαθέζετο
1803 3016 1890 3083 ἐφ’
1922 3016 2094 3070 ἵππον

517 3109 855 3178 ὡραιοτάτον
893 3110 1123 3179 μέλανος
1176 3110 1272 3164 καὶ
1304 3110 1743 3180 εὐτρεπισμὲνου
1800 3110 1937 3178 μετὰ
1973 3111 2095 3181 ἐρυ-

521 3201 655 3271 θροῦ
685 3203 780 3256 καὶ
825 3203 1239 3271 χρυσοῦφάντου
1287 3202 1533 3271 χασδίου.
1596 3200 1865 3257 Insidebat
1936 3203 2095 3270 impe-

521 3304 668 3348 rator
689 3309 818 3364 equo
844 3293 1195 3363 pulcherrimo
1236 3293 1405 3364 nigro,
1435 3294 1527 3363 qui
1573 3308 1834 3361 purpureo
1878 3302 1926 3346 et
1963 3308 2095 3346 auro

516 3394 661 3441 testo
677 3385 923 3456 bombyce
942 3385 1288 3440 lieteromallo
1311 3396 1612 3440 constt-atus
1629 3395 1762 3440 erat.
1782 3384 2055 3453 lntcrpres
2076 3398 2095 3438 :

523 3476 624 3542 Qui
645 3494 903 3545 purpureo
950 3494 1216 3547 aureaque
1275 3479 1559 3533 intertexto
1617 3487 1922 3532 constratas
1980 3482 2096 3529 erat

522 3569 1026 3641 tegumento.Niltilo
1046 3570 1243 3628 melius
1264 3572 1356 3641 qui
1380 3570 1558 3640 posuit
1572 3579 1790 3623 ornatus
1807 3580 1921 3624 erat
1940 3569 2096 3622 rubro

522 3663 1106 3731 etaureisﬁlisiufecto
1134 3674 1468 3729 tegumento.
1532 3661 1777 3716 Pessime
1839 3662 2089 3715 omnium

523 3756 616 3825 qui
645 3754 863 3823 χασδίον
887 3771 1120 3822 pannum
1152 3771 1217 3809 ea:
1245 3755 1394 3823 pileis
1423 3771 1510 3808 seu
1530 3755 1656 3809 laua
1686 3758 1975 3824 conlectum
2000 3768 2098 3823 pu-

523 3854 623 3913 tat,
648 3856 703 3903 et
727 3846 1073 3914 ἐνδεδυμένον
1097 3847 1377 3915 suffultam
1413 3848 1600 3900 vertit.

592 3955 679 4012 Ib.
718 3955 993 4029 [Χρυσοῦν
1025 3958 1059 4028 ἢ
1097 3957 1375 4027 ἀργυροῦν
1413 3956 1671 4010 πετάλων
1719 3955 2096 4027 ζωγραφικόν,

521 4062 713 4101 aurum
748 4049 829 4103 νιιΙ
851 4058 1125 4119 argentum
1158 4048 1429 4116 foliatam,
1482 4049 1765 4101 subtilibus
1833 4047 2095 4101 nimirum

522 4139 801 4195 bracteolis
830 4142 975 4210 operi
1002 4141 1227 4209 pictorio
1257 4149 1553 4193 tenuatum.
1599 4135 1804 4207 Cone]

595 4252 679 4308 Ib.
701 4252 1008 4305 Φωσσάτον.
1042 4251 1315 4305 Scribitur
1342 4250 1503 4304 etiam
1529 4251 1822 4317 φοσσάτον,
1859 4268 1888 4305 a
1922 4251 2095 4309 fossa.

521 4344 751 4414 I'roprie
768 4344 1039 4414 significat
1072 4352 1254 4398 castra
1301 4342 1464 4397 fessis
1522 4342 1753 4409 inunita,
1791 4343 1915 4397 item
1943 4360 2100 4399 exer-

520 4437 693 4492 citum
726 4437 927 4508 ipsum.
982 4434 1412 4505 bloscltopulus:
1469 4436 1743 4491 Φοσσάτον
1770 4437 1798 4489 ὁ
1846 4438 2094 4506 στρατός.

524 4526 665 4582 Iliuc
679 4528 1036 4595 φοσσατεύιιν
1062 4526 1177 4580 sive
1196 4528 1558 4595 φουσιτεύειν
1574 4527 1858 4581 exercitum
1881 4528 2090 4592 ducere,

2123 1917 2168 1975 Β
2197 1953 2380 2009 hastili
2408 1963 2688 2017 matzuczr,
2738 1954 2833 2009 der
2874 1955 2991 2008 stie!
3023 1971 3044 2019 ;
3077 1955 3129 2009 in
3179 1957 3334 2024 cujus
3403 1957 3607 2011 vertice
3655 1965 3775 2012 erat

2197 2047 2428 2119 βουτεον,
2464 2048 2640 2109 butta.
2678 2064 2810 2113 cupa
2862 2062 2957 2101 seu
2997 2045 3224 2116 crtprlla.
3259 2046 3532 2102 Scribitur
3553 2064 3777 2120 quoque

2197 2140 2413 2212 βουτέον
2438 2150 2642 2205 seu,ut
2684 2138 2972 2209 Rigaltius,
3021 2140 3284 2211 βούττιον,
3343 2143 3565 2213 βούτζη,
3619 2143 3777 2215 βούτ-

2195 2232 2330 2298 ζιον,
2363 2232 2575 2303 βοὺττις
2606 2249 2621 2297 ;
2652 2232 2910 2302 quai’non
2948 2243 3156 2288 tantum
3192 2250 3384 2305 cupam
3426 2252 3522 2290 seu
3578 2237 3777 2306 cupeJ-

2195 2327 2322 2390 lam,
2358 2324 2451 2381 sed
2485 2327 2599 2393 ipsa
2618 2324 2779 2379 etiam
2813 2324 3019 2394 integra
3038 2340 3165 2382 vasa
3188 2328 3395 2403 vinaria
3438 2328 3774 2397 significant.

2196 2422 2255 2466 ut
2278 2422 2329 2467 te
2352 2412 2405 2466 in
2437 2412 2729 2467 Glossariis
2760 2416 2873 2468 su's
2903 2424 3186 2469 auctorum
3238 2417 3565 2473 testimoniis
3610 2422 3777 2473 doce-

2196 2504 2331 2557 bunt
2352 2501 2643 2573 Rigaltius,
2671 2503 2936 2558 Meursius
2962 2518 3014 2559 et
3039 2505 3396 2562 Casaubonus
3427 2509 3776 2579 a'ICapitoli-

2198 2609 2325 2648 num
2346 2605 2398 2650 et
2437 2593 2681 2649 Flavium
2720 2588 3012 2662 Vopiscum
3056 2611 3110 2666 p.
3146 2596 3273 2663 ΗΞ,
3330 2597 3777 2656 522.6ermanis

2199 2680 2328 2739 inde
2358 2686 2504 2738 venit
2534 2686 2733 2749 butten,
2762 2685 2829 2740 de
2861 2702 2988 2741 vase
3010 2688 3325 2753 dorsuario,
3353 2706 3463 2759 qtlo
3490 2707 3613 2746 uva:
3656 2692 3775 2760 jam

2196 2793 2225 2832 a
2260 2772 2744 2832 vindemiatoribus
2774 2788 2995 2833 resectae
3025 2795 3122 2849 per
3148 2780 3451 2837 destinatos
3481 2783 3547 2837 ad
3573 2785 3627 2837 id
3672 2785 3777 2839 bo-

2196 2872 2370 2926 mines
2393 2868 2725 2941 colliguntur
2754 2881 2807 2923 et
2841 2871 2907 2924 ad
2942 2871 3181 2927 torcular
3207 2871 3529 2927 deferuntur
3552 2893 3566 2929 ι
3592 2892 3774 2946 quan-

2196 2982 2358 3038 quam
2392 2963 2567 3020 buttas
2594 2964 2775 3018 itidem
2817 2972 3013 3020 vocant
3072 2964 3175 3020 alia
3230 2965 3505 3022 dorsualis
3557 2967 3775 3024 instru-

2198 3069 2401 3121 menta,
2443 3058 2507 3112 ad
2542 3057 2950 3113 similitudinem
2982 3058 3175 3112 viuarii
3207 3059 3352 3114 illius
3379 3059 3543 3117 facta.
3579 3063 3779 3129 Quid?

2198 3152 2340 3219 quod
2369 3151 2538 3206 Graeci
2571 3164 2764 3219 cupam
2795 3164 3016 3220 quoque
3050 3148 3102 3203 in
3136 3164 3291 3205 suam
3312 3151 3548 3223 linguam
3583 3162 3775 3208 trans-

2122 3253 2168 3317 ε
2200 3246 2460 3307 tulerunt,
2501 3242 2700 3297 κοῦπα.
2728 3240 2985 3305 Adfertur
3044 3241 3208 3297 etiam
3266 3240 3529 3313 βούτινον,
3582 3245 3779 3301 butina

2200 3352 2296 3405 pro
2325 3337 2536 3403 lagona.
2570 3335 2731 3389 Butto
2757 3349 2928 3390 sacrae
2956 3334 3276 3403 supellectili
3324 3335 3648 3401 adiungitur
3708 3340 3779 3395 ab

2199 3428 2486 3483 Anastasio
2514 3429 2567 3485 in
2595 3426 2775 3483 Leone
2810 3426 2878 3480 ιν
2910 3447 2921 3481 :
2947 3425 3157 3483 Obtulit
3183 3428 3231 3481 iu
3258 3428 3473 3483 basilica
3519 3429 3572 3484 b.
3624 3430 3778 3486 Petri

2198 3519 2424 3589 apostoli
2446 3522 2710 3571 buttonem
2738 3518 2801 3572 de
2847 3527 3064 3588 argento
3116 3517 3423 3586 purissimo.
3464 3518 3658 3594 Igitur,
3719 3531 3779 3577 ut

2198 3615 2325 3669 hinc
2361 3612 2641 3675 abeamus,
2667 3620 2852 3665 contus
2876 3612 3126 3665 dicaviicii
3148 3610 3557 3681 protalogavoris
3602 3612 3780 3669 babe-
3859 3660 3865 3664 .

2197 3704 2364 3760 batin
2393 3704 2593 3757 vertice
2623 3702 2854 3773 βουτεον,
2900 3702 2950 3757 id
3012 3702 3269 3758 nimirum
3319 3703 3462 3773 quod
3512 3701 3777 3759 Germani

2198 3798 2389 3852 dicunt
2410 3797 2490 3851 eiu
2510 3794 2804 3862 kiippeleiu.
2848 3791 3047 3848 Verum
3083 3797 3195 3847 tunc
3224 3794 3407 3848 omnia
3435 3810 3695 3849 eversum
3737 3800 3779 3850 it

2199 3887 2491 3947 Meursius,
2521 3886 2613 3955 qui
2650 3885 2702 3939 in
2735 3884 3015 3941 Glossario
3043 3900 3096 3939 ν.
3136 3885 3374 3956 βουλλιον
3419 3884 3657 3939 allirmat
3699 3886 3778 3941 le-

2198 3979 2431 4047 gendum
2452 3992 2558 4031 non
2594 3975 2806 4047 βουτίον
2832 3976 2925 4031 sed
2960 3976 3224 4045 βουλλίον,
3256 3976 3402 4046 quod
3430 3986 3510 4030 est
3555 3976 3779 4031 orbicu-

2197 4069 2572 4134 lus,circulus.
2601 4067 2708 4122 Sed
2738 4085 2861 4123 cum
2893 4069 2995 4122 hoc
3028 4070 3147 4123 sine
3188 4067 3354 4122 ullius
3420 4082 3524 4122 tus.
3563 4067 3781 4133 codicis

2198 4162 2525 4219 auctoritate
2551 4170 2787 4226 asserat,
2820 4176 2928 4215 non
2965 4169 3049 4216 est
3083 4175 3184 4214 cur
3247 4169 3447 4217 nostra:
3497 4162 3777 4238 lectionis,

2196 4269 2319 4323 qua:
2343 4254 2552 4309 calamo
2573 4255 2810 4309 exaratis
2829 4254 3240 4325 exemplaribus
3258 4255 3506 4322 fulcitur,
3544 4272 3648 4311 nos
3683 4266 3779 4311 aut

2199 4347 2460 4415 paeniteat
2480 4356 2571 4399 aut
2604 4347 2803 4415 pigeat,
2826 4346 2931 4401 nisi
2958 4347 3081 4416 quis
3125 4348 3277 4402 tnalit
3321 4347 3519 4417 legere,
3550 4348 3777 4415 τονφιον

2195 4434 2527 4505 flammulam
2546 4450 2580 4487 a
2601 4438 2766 4503 tuplta
2784 4449 2879 4489 seu
2901 4434 3035 4489 tul'a.
3056 4433 3254 4490 Suidas
3275 4452 3289 4487 :
3310 4436 3575 4495 Stetisti);
3590 4438 3655 4488 τὸ
3675 4436 3777 4505 τῆς
3822 4460 3833 4465 υ

2196 4526 2383 4593 ὀξίνης
2412 4526 2707 4590 ξύλον,οιο.
2740 4526 2863 4581 stirl
2876 4543 2946 4580 au
2972 4529 3065 4579 der
3085 4537 3198 4581 σπι.
3235 4525 3298 4580 Et
3324 4525 3462 4580 forte
3491 4527 3580 4581 bic
3604 4530 3777 4581 etiam

521 4628 580 4675 et
616 4616 961 4687 φοσσατικῶς
990 4618 1164 4671 instar
1191 4619 1475 4671 eaercitus.
1508 4617 1636 4671 Inde
1674 4617 1837 4671 etiam
1868 4621 2092 4673 transla-

2200 4585 2547 4673 scribendum
2575 4585 2857 4681 οτειλετος,
2890 4632 2999 4671 non
3024 4618 3287 4686 στηλειὸς.
3312 4615 3513 4672 Gas'rs.

522 4717 640 4765 tum
660 4717 766 4773 est,
800 4708 1101 4777 praesertim
1134 4724 1162 4762 a
1184 4708 1417 4772 Latinis,
1443 4712 1508 4765 ad
1535 4710 1715 4764 fossas
1737 4724 2096 4781 quascunque

521 4800 844 4857 munitionis
881 4797 1042 4873 245
1069 4816 1235 4856 causa
1266 4800 1464 4858 iactas.
1498 4802 1771 4857 ltobertus
1814 4799 1883 4855 de
1915 4801 2097 4859 Monte

521 4891 580 4948 iu
609 4890 883 4948 Chronico
913 4908 929 4946 :
962 4890 1074 4946 Rea:
1108 4892 1368 4948 Henricus
1395 4892 1516 4961 fecit
1556 4900 1757 4964 lassata
1780 4895 1893 4947 alta
1917 4905 1967 4948 et
1982 4893 2095 4947 lata

521 4986 663 5041 inter
699 4982 990 5058 It'ranciani
1021 4993 1070 5038 et
1096 4984 1485 5039 Normanttidm
1521 4985 1591 5039 ad
1615 4986 1887 5057 prredones
1912 5001 2098 5041 arcen-

522 5076 642 5129 dos.
693 5075 943 5129 Andreas
981 5076 1268 5147 presbyter
1315 5077 1372 5131 in
1450 5078 1724 5132 Chronico
1787 5070 2087 5132 Bavariro:

524 5162 825 5232 Ratispona:
854 5178 886 5216 α
904 5172 1058 5231 porta
1089 5162 1148 5218 S.
1190 5163 1340 5219 Petri
1377 5181 1539 5236 usque
1562 5176 1769 5235 portam
1796 5166 2095 5220 occidenta-

524 5254 626 5310 lent
646 5254 905 5325 fossatum
932 5259 1164 5313 exterius
1210 5264 1328 5330 (der
1353 5259 1780 5330 stadtgrabenﬁu
1837 5269 1945 5315 toto
1969 5275 2093 5329 per-

524 5348 726 5417 ﬁcitur.
783 5347 1034 5406 Invenies
1093 5350 1280 5406 itidem
1335 5353 1641 5421 φουσσάτον
1699 5361 1756 5406 et
1797 5352 2089 5419 φουσὰτον.

518 5434 666 5504 Quin
696 5446 754 5495 et
773 5439 1004 5509 simplex
1027 5440 1349 5496 vocabulum
1383 5442 1530 5512 fossa
1577 5457 1737 5497 suum
1801 5440 2011 5509 fecere;
2036 5452 2092 5499 et

522 5529 763 5599 φουοοᾷν
783 5530 980 5599 fodere,
1003 5532 1200 5601 fassam
1220 5533 1414 5600 facere.
1441 5533 1638 5587 Eadem
1663 5514 1887 5587 tmzione
1924 5550 2090 5590 usur—

503 5684 507 5689 ι
520 5630 654 5689 pant
677 5620 908 5687 σέδετον,
928 5638 1024 5693 pro
1054 5625 1250 5678 castris
1267 5625 1499 5679 scilicet.
1523 5627 1719 5681 Suidas
1750 5642 1766 5679 :
1791 5624 2009 5680 Σέδετον
2029 5627 2092 5682 τό

522 5710 833 5779 φωσσάτον.
853 5714 935 5767 Δὶ)
954 5714 1141 5768 eadem
1164 5715 1384 5769 notione
1403 5727 1484 5771 est
1500 5716 1777 5787 ἄπληκτον
1797 5719 2090 5789 (signiﬁcat

522 5801 665 5856 enim
696 5803 900 5875 castra)
946 5812 1001 5860 et
1050 5807 1404 5875 ἀπληκεύειν,
1444 5824 1509 5861 ex
1566 5807 1761 5864 Latino
1789 5812 2085 5881 applicare,

522 5898 699 5946 castra
755 5895 966 5955 metari.
1021 5893 1151 5952 Vide
1206 5895 1511 5971 Rigaltium
1566 5902 1619 5955 in
1659 5917 1761 5958 suo
1807 5902 2083 5960 Mirabar-

2270 4709 2412 4763 Ibul.
2450 4708 2595 4781 [Ἦν
2623 4707 2928 4776 ἰδιωτικῶς
2973 4708 3235 4763 καλοῦσι
3263 4706 3636 4777 pariebatur.
3697 4709 3779 4763 Ita

2197 4808 2279 4855 est
2309 4817 2324 4851 :
2363 4798 2511 4852 clara
2548 4796 2830 4861 ιδιωτιγῶς
2859 4806 2911 4851 et
2949 4800 3108 4867 vulgo
3140 4796 3447 4867 μτξοῦκα,
3472 4807 3527 4851 et
3562 4809 3618 4850 ut
3646 4811 3779 4853 eru-

2198 4893 2309 4948 dite
2335 4891 2651 4953 Gretserus.
2672 4906 2703 4946 e
2727 4890 2935 4951 Gallico
2964 4907 3196 4955 massue,
3213 4899 3445 4945 vocatur
3479 4906 3496 4947 :
3526 4889 3701 4963 2&6
3722 4900 3780 4943 at

2197 4997 2309 5039 non
2338 4982 2584 5052 ἰδιωτική
2607 4991 2663 5037 et
2692 4981 2930 5050 vulgaris
2956 4980 3103 5037 claua
3121 4991 3204 5039 est
3223 4983 3338 5036 haec
3354 4981 3778 5051 πρωταλογὰτο-

2199 5092 2294 5148 ρος
2328 5074 2637 5146 μτζοῦκα,
2668 5075 2763 5131 sed
2784 5075 3101 5141 honoraria,
3134 5089 3309 5144 eaque
3330 5074 3563 5143 capitale
3597 5076 3779 5141 virga,

2200 5183 2364 5237 quam
2404 5168 2748 5238 apparitores
2766 5182 2861 5223 seu
2892 5165 3106 5223 accensi
3137 5174 3354 5236 gestant
3383 5173 3518 5219 ante
3561 5164 3783 5234 princi-

2204 5273 2326 5329 pes,
2350 5258 2680 5323 cardinales,
2712 5268 2974 5325 rectores,
2999 5257 3053 5311 in
3076 5256 3362 5326 potestatis
3390 5256 3701 5326 symbolum
3723 5267 3778 5312 et

2196 5348 2536 5403 escelleutia:
2553 5356 2959 5418 argumentum,
3013 5346 3070 5401 la
3123 5362 3302 5401 masse
3327 5364 3348 5413 ;
3379 5346 3523 5401 unde
3568 5352 3621 5400 et
3658 5346 3775 5415 ipsi

2196 5437 2392 5494 elavati
2414 5439 2741 5509 apparitores
2790 5445 2846 5491 et
2892 5438 3136 5508 clavigeri
3184 5440 3392 5492 accensi
3444 5439 3776 5506 nuncupati.

2196 5529 2285 5586 Nil
2320 5529 2504 5601 itaque
2528 5530 2618 5584 hic
2639 5532 2705 5583 ad
2733 5530 3074 5599 prepositum
3100 5539 3385 5585 castrense
3405 5530 3773 5599 ματζούκιον,

2194 5623 2265 5676 de
2293 5637 2398 5690 quo
2423 5622 2687 5695 Rigaltius
2716 5633 2770 5675 et
2796 5616 3095 5685 Meursius,
3117 5622 3208 5691 qui
3242 5622 3557 5694 ματζούκην
3580 5630 3637 5676 el.
3665 5641 3773 5694 μα-

2196 5717 2477 5785 τουκὰκην
2502 5715 2776 5772 Theodori
2798 5718 3083 5787 cujusdam
3102 5730 3406 5784 cognomen
3427 5716 3573 5785 apud
3598 5715 3773 5774 Nice-

2196 5819 2304 5864 tam
2340 5812 2394 5864 in
2426 5809 2692 5867 Mauuelis
2720 5811 2762 5869 ι.
2796 5828 2869 5867 vn
2891 5827 3015 5867 cum
3049 5811 3369 5882 appellativa
3387 5811 3490 5865 bac
3519 5811 3774 5870 dictione

2194 5901 2721 5982 temereconl‘ondit.
2741 5903 2822 5963 Ad
2844 5902 3345 5977 rem.Vtrga:bujus
3370 5904 3620 5985 capitatae
3646 5920 3771 5961 ma-
