3936 6594
243 424 349 484 277

1320 428 1708 487 GBETSElll
1755 427 1845 483 ΕΤ
1889 425 2124 485 GOARI
2164 424 2407 485 NOT/E.
3371 423 3475 483 2⁸78

241 540 424 596 vacuis
446 539 623 593 littera
662 539 704 591 Β
732 550 923 611 quater
948 542 1240 609 descripta,
1264 558 1385 613 quae
1434 559 1557 597 cum
1601 558 1796 611 πυρικ-

1923 539 1982 608 τῷ
2014 540 2268 608 παριέναι
2293 540 2413 608 μεθ’
2439 541 2606 594 (nmo
2638 539 2877 609 ’Ἄραϐος
2900 537 3207 609 ἐριαύχενας
3238 538 3307 590 τὰ
3341 540 3475 592 ἀνά-

240 633 398 701 ὀάλῳ.
443 632 661 702 cbalybi
706 649 770 689 ex
808 649 917 701 quo
967 635 1241 688 excutitur
1294 635 1441 701 ignis
1493 634 1802 703 (ignian'um

240 724 636 793 vocanyfuil)
667 725 739 779 sit
792 739 899 777 non
955 726 1249 787 absimilis,
1313 724 1509 778 exinde
1562 722 1803 777 Orientis

238 817 629 883 imperatorum
652 825 890 886 quatuor
916 816 1173 887 chalybes
1202 816 1462 885 igniarios
1489 817 1543 870 in
1581 816 1805 884 insigni-

239 909 335 961 lnus
371 922 561 977 gerere
592 908 886 963 creditum.
920 911 1014 963 Est
1060 919 1240 963 tamen
1292 909 1474 964 littera
1528 909 1567 960 Β
1611 918 1804 978 quater

235 1000 397 1068 picta,
420 1009 661 1067 quatuor
691 1001 1032 1069 sequentium
1074 1000 1365 1071 verborum
1402 1001 1651 1062 initialis,
1712 1000 1803 1070 βα·

236 1091 410 1151 σιλεὺς
442 1091 714 1159 βασιλέων
745 1092 1044 1160 βασιλεύων
1091 1093 1421 1163 βασιλεύσει.
1474 1091 1607 1147 Vide
1662 1092 1804 1146 Mar-

231 1196 352 1235 cum
388 1180 715 1255 Vulsonium
750 1185 801 1238 in
835 1183 1073 1239 Scientia
1107 1184 1361 1238 Heroiea.

302 1273 439 1326 Ibid.
474 1273 839 1343 [Ἔφιππον.
873 1274 941 1331 Ut
967 1292 1019 1331 tn
1070 1278 1230 1339 mari,
1276 1279 1438 1329 etiam
1474 1276 1619 1346 quod
1649 1276 1807 1331 habet

233 1364 536 1431 imperator
592 1365 647 1418 in
708 1366 1090 1443 terialrobur,
1142 1368 1419 1437 edulgeat.
1481 1372 1555 1423 De
1611 1371 1805 1425 vexillo

186 1516 191 1521 ι
230 1456 1279 1524 ejusmodivideturNicetaslocutusin
1302 1460 1491 1516 Alexio
1515 1475 1585 1514 tt:
1624 1461 1681 1514 '0
1713 1460 1804 1513 τοῦ

234 1545 499 1613 βασιλέως
532 1546 760 1615 στρατὸς
786 1548 883 1610 τὰς
914 1550 1150 1618 σημαίας
1205 1550 1310 1601 τῶν
1342 1549 1547 1618 ἀψίδων
1599 1548 1804 1603 ἄνωθεν

233 1637 489 1701 ἔστησαν,
516 1637 574 1692 αἶ
600 1640 727 1702 τοὺς
758 1639 1000 1708 βασιλεῖς
1026 1640 1400 1704 εἰκονίζουσιν.

299 1724 556 1795 Ιὺ.ἐχει
590 1728 659 1781 δὲ
677 1730 777 1784 ὑπ’
794 1730 1002 1785 αὐτόν.
1028 1729 1125 1785 llic
1146 1742 1229 1786 est
1258 1733 1501 1790 omnium
1519 1733 1672 1790 ordo.
1698 1734 1808 1788 Ma-

1908 622 2076 699 κέορα
2112 632 2204 683 καὶ
2244 633 2453 701 μέλλειν
2486 632 2712 683 εἰσιέναι
2746 631 2832 683 διὰ
2861 631 2959 700 τῆς
3002 630 3174 698 πύλης
3203 630 3319 698 μεθ’
3354 634 3420 700 ἢν
3443 632 3475 696 ἡ

1907 725 1969 774 εκ
1998 723 2096 790 τῆς
2127 723 2284 794 ἕδρας
2324 723 2592 787 ἀπόϐασις
2625 724 2835 792 tuetur.
2867 724 3046 793 μόνοις
3073 724 3181 784 τοῖς
3212 721 3478 791 αὐτοκρά-

1906 832 2116 883 τορσιν.

1986 905 2064 959 Ib.
2124 905 2447 978 [Πεζεύειν.
2510 909 2585 962 Ex
2631 921 2773 975 equo
2810 907 2860 959 in
2901 915 3099 960 terram
3131 905 3365 965 desilire,
3426 913 3479 955 et

1908 998 2153 1068 πέζευμα
2186 1002 2338 1056 locus
2378 1001 2431 1055 in
2460 1018 2570 1069 quo
2602 998 2938 1069 relinquitur
2972 1014 3150 1067 equus
3172 1009 3221 1051 el
3250 999 3477 1066 panthus

1908 1092 1990 1144 via
2024 1092 2328 1147 conﬁcitur.
2352 1092 2501 1147 thAR
2534 1092 2552 1164 ]

1983 1180 2064 1235 Ib.
2101 1182 2367 1251 Στρὼσια
2399 1184 2497 1239 καὶ
2534 1181 2749 1250 συρτά.
2782 1182 2913 1237 Illud
2936 1198 2965 1237 a
3003 1179 3475 1249 στρωννύω,‹μιοι1

1906 1284 1990 1327 est
2018 1283 2236 1337 sterno;
2272 1277 2373 1328 hoc
2405 1289 2434 1328 a
2488 1275 2657 1343 σύρω,
2695 1274 2841 1343 quod
2884 1284 2969 1329 est
3022 1274 3195 1327 traho.
3250 1270 3336 1322 Mil
3368 1282 3476 1324 tuin

1907 1379 2125 1432 quoque
2152 1366 2299 1434 equi,
2330 1379 2471 1433 quos
2496 1380 2694 1418 vacuos
2717 1379 2900 1419 soeum
2942 1365 3235 1427 ducebant,
3296 1366 3481 1429 appe‘-

1907 1450 2160 1505 labantur
2201 1456 2403 1513 συοτοε,
2438 1464 2495 1506 ιιι
2536 1453 2691 1507 docet
2726 1452 3066 1506 Glossarium
3114 1468 3176 1506 ex
3214 1451 3482 1507 Cenatau—

1908 1543 2007 1598 tini
2032 1542 2289 1599 Tacticis.
2327 1543 2533 1599 Gaers.

1983 1632 2067 1688 Ib.
2106 1632 2348 1706 [Quibus
2400 1646 2778 1690 sternerentur
2824 1636 3097 1705 ephippiis
3129 1646 3183 1691 et
3221 1637 3475 1704 phaleris.

1910 1726 2067 1782 docet
2101 1738 2223 1797 post
2251 1729 2637 1797 Theophanem
2676 1729 2959 1783 Cedrenus
2996 1729 3046 1782 in
3072 1727 3370 1781 Mauricio:
3419 1726 3477 1778 '0

236 1833 367 1885 guns
396 1819 512 1873 dux
545 1821 639 1872 toti
674 1823 835 1875 classi
867 1822 1135 1891 imperat;
1165 1838 1393 1893 magnus
1453 1825 1803 1894 drungarius,

1923 1819 2076 1883 ἵππος
2126 1820 2218 1874 τοῦ
2278 1819 2539 1890 βασιλέως
2596 1823 2624 1874 ὁ
2687 1821 2780 1872 τὸν
2818 1819 3053 1889 χρυσοῦν
3093 1819 3478 1889 περικείμενος

234 1924 327 1962 ceu
360 1910 513 1964 vices
546 1925 766 1979 gerens,
799 1912 1045 1981 singulos
1077 1914 1379 1969 triremium
1415 1915 1578 1986 250
1631 1917 1806 1971 drun-

235 2013 327 2067 gos
355 1998 578 2054 ordinat
610 2014 625 2059 ;
653 2001 942 2055 amiralius
964 2003 1061 2057 toti
1092 2002 1269 2057 navali
1302 2005 1567 2059 exercitui
1630 2005 1804 2060 vexil-

240 2092 342 2142 lum
376 2091 495 2144 sive
530 2091 741 2160 regium
793 2084 1074 2147 ﬂamulum
1138 2094 1397 2165 praefert;
1455 2106 1803 2166 protocomes

242 2180 465 2249 remiges
492 2194 690 2236 omnes
724 2182 825 2236 sub
862 2197 960 2237 sua
993 2184 1354 2252 dispositione
1398 2194 1584 2251 tenet;
1638 2186 1805 2241 drun-

248 2271 412 2338 garius
462 2280 677 2326 certum
728 2273 1031 2329 triremium
1092 2276 1174 2329 vel
1234 2278 1457 2331 navium
1512 2294 1803 2333 numerum

252 2361 524 2425 gubernat,
550 2362 836 2417 duodecim
868 2365 1125 2420 nimirum
1158 2376 1252 2424 aut
1301 2369 1615 2441 quindecim
1642 2387 1658 2437 ;
1710 2384 1808 2427 co-

248 2465 348 2505 mes
368 2462 614 2519 quatuor
648 2457 1286 2526 autquinquetriremes
1335 2462 1625 2531 gubernat.
1680 2462 1807 2517 llzec

239 2558 297 2596 et
328 2542 622 2617 hucusque
650 2546 883 2616 sparsim
918 2548 1080 2604 dictis
1108 2568 1123 2606 :
1154 2553 1218 2604 ad
1250 2552 1353 2606 alia
1384 2554 1802 2623 properandum.

298 2656 356 2712 P.
382 2658 477 2713 29.
504 2657 699 2730 ίΦέρει
730 2660 844 2730 τὴν
866 2662 973 2718 τοῦ
990 2663 1301 2730 ,βασιλέως
1329 2667 1594 2733 σπάθην.
1632 2666 1802 2721 Fran-

236 2748 481 2802 cicorum
510 2752 848 2807 exercituum
882 2769 1099 2810 summo
1139 2757 1355 2824 praetori
1391 2757 1803 2830 '(connestable),

197 2907 201 2910 ξ
236 2837 322 2906 qui
357 2836 682 2893 Graecorum
712 2856 969 2907 magnum
1002 2844 1371 2899 domesticum
1425 2857 1671 2916 exmquat
1712 2864 1811 2920 po-

238 2940 452 2999 testate,
512 2948 577 2987 ac
634 2935 799 3005 regiis
852 2936 1007 3004 equis
1055 2944 1110 2990 et
1169 2936 1525 3007 equisonlhus
1552 2938 1810 3009 prefecto

235 3027 424 3093 (grumi
456 3027 717 3095 escuyer),
746 3028 838 3097 qui
867 3037 1320 3095 protoslratorem
1346 3031 1400 3085 in
1449 3030 1808 3087 Christianis-

234 3121 370 3170 siina
409 3122 567 3172 curia
598 3123 729 3188 agit,
752 3120 893 3188 juris
945 3127 1045 3175 hoc
1095 3136 1421 3177 concessum
1469 3135 1525 3178 ut
1578 3134 1809 3195 uterque

1912 1913 2133 1982 κόσμον,
2156 1911 2421 1967 Deserilit
2456 1913 2610 1967 Anna
2647 1912 2787 1968 Vitae
2817 1914 2985 1982 patris
3022 1913 3057 1967 ι.
3104 1928 3157 1968 t:
3224 1912 3359 1983 ὐρᾷ
3388 1914 3480 1964 τὸν

1914 2004 2216 2071 ἱπποκόμον
2245 2003 2338 2056 τοῦ
2366 2003 2651 2070 Βῃυεννεου
2683 2004 2846 2057 ἵππον
2878 2002 3289 2071 ὲπισυρόμενον.
3323 2004 3388 2069 τῇ
3420 2018 3479 2052 τε

1910 2095 2158 2165 ἁλουργῷ
2190 2096 2465 2165 ἐφεστρίδι
2528 2096 2945 2167 κεκοσμημένον
3013 2096 3106 2148 καὶ
3164 2096 3480 2163 κατάχρυσοι

1908 2188 1976 2239 τὰ
2004 2186 2217 2256 φάλαρα
2264 2187 2474 2255 ἔχοντα.
2536 2184 2660 2242 Uno
2706 2188 2870 2242 verbo
2922 2188 3332 2259 χρυσοφάλαρον
3388 2186 3479 2240 τπ-

1910 2295 2013 2331 πον
2047 2289 2203 2333 vocat
2231 2280 2395 2347 paulo
2434 2279 2691 2343 inferius,
2724 2290 2781 2334 ut
2809 2291 2862 2335 et
2916 2279 3135 2336 Nicetas
3167 2282 3203 2334 Ι.
3244 2295 3314 2333 vti
3374 2278 3484 2332 Μειο

1908 2368 2614 2440 nuelis.Gregoras,tx,7:
2659 2371 2790 2424 Μετ’
2842 2370 3229 2440 ἐρυθροδαφών
3282 2387 3483 2438 κοσμη-

1915 2460 2121 2530 μάτωνο
2156 2471 2288 2517 sect.
2328 2461 2394 2515 10
2435 2478 2449 2513 :
2503 2462 2654 2515 Μετὰ
2678 2462 2784 2515 τῶν
2829 2462 3078 2532 ὲρυορῶν
3126 2460 3476 2529 ἐφεστρίδιον.

1910 2551 2181 2621 Στρώσιον
2227 2562 2430 2617 autem,
2481 2555 2622 2622 quod
2677 2562 2729 2607 et
2794 2553 3071 2622 ἐφεστρες,
3128 2554 3219 2605 dat
3281 2567 3479 2604 nomen

1908 2656 2072 2711 equo,
2104 2642 2413 2712 diciturque
2446 2643 2779 2714 ὑπόστρωμα
2805 2643 2949 2711 apud
2991 2644 3205 2696 Annam
3257 2642 3479 2695 citatam

1912 2730 1947 2786 1.
1986 2748 2063 2795 tv,
2088 2732 2336 2805 adeoque
2369 2740 2587 2803 longum
2620 2742 2674 2789 et
2710 2734 2969 2788 lateribus
2997 2734 3240 2804 pendens
3284 2734 3483 2789 asserit

1914 2836 1971 2879 ut
2000 2826 2163 2879 etiam
2203 2826 2436 2881 calcaris
2466 2824 2673 2881 ferrum
2702 2825 2777 2879 illi
2808 2812 3005 2879 referat
3040 2823 3265 2878 infixum
3298 2839 3313 2879 :
3372 2822 3482 2875 Ναὶ

1915 2916 2021 2986 μὴν
2061 2918 2149 2970 καὶ
2175 2918 2207 2987 ή
2236 2915 2327 2969 τοῦ
2378 2917 2599 2987 μύωπος
2647 2917 2798 2986 ἀκμὴ
2848 2914 2941 2969 τοῦ
3000 2913 3290 2983 ἀριστεροῦ
3325 2913 3482 2974 ποδὸς

1913 3008 2209 3061 ιενδακοῦσα
2240 3007 2299 3060 τὸ
2330 3008 2496 3077 ἄκρον
2526 3008 2622 3078 τῆς
2674 3006 3005 3077 ὲφεστρίδος,
3062 3006 3090 3058 ὃ
3149 3004 3481 3073 ὑπόστρωμα

1916 3098 2186 3165 λέγουσιν,
2223 3097 2599 3168 ἀκλινέστερον
2621 3099 2711 3150 τὸν
2761 3096 3002 3165 ἱππότην
3040 3094 3231 3147 ἐποίει.
3279 3092 3481 3158 Loqui-

235 3198 455 3272 regium
488 3221 674 3260 ensem
716 3218 932 3274 tractet,
974 3210 1064 3263 ille
1095 3210 1313 3279 quidem
1346 3212 1574 3276 nudum,
1596 3214 1684 3269 hic
1713 3189 1806 3269 va-

1923 3204 2001 3246 :ur
2053 3193 2118 3246 de
2160 3191 2310 3262 regio
2347 3192 2537 3246 eodem
2587 3206 2749 3259 equo,
2787 3205 2949 3260 quem
3014 3189 3049 3241 l.
3089 3204 3105 3242 ι
3165 3196 3479 3241 narraverat

234 3296 355 3364 gina
382 3306 598 3350 tectura
630 3307 685 3350 et
720 3299 897 3353 balteo
934 3301 1112 3354 serico
1152 3302 1282 3358 liliis
1326 3304 1509 3359 aureis
1557 3319 1806 3375 resperso

237 3388 599 3455 pendentem;
632 3387 698 3441 de
716 3404 825 3457 quo
853 3390 926 3442 du
975 3389 1218 3454 Uaillan,
1260 3391 1560 3450 Vulsonius
1604 3407 1659 3451 et
1690 3398 1803 3452 alii.

309 3497 396 3554 Ib.
475 3497 620 3571 [Τοῦ
656 3503 919 3572 κόμητος
974 3503 1095 3558 τῶν
1168 3506 1519 3571 ,βασιλικῶν
1576 3509 1799 3566 ἵππων.

235 3593 378 3649 lutet
405 3597 712 3666 στράτορας
748 3601 1132 3667 protostratori
1174 3601 1448 3671 subjectos
1502 3606 1809 3674 praecipuus

234 3697 313 3740 est
343 3688 530 3757 κόμης
561 3690 671 3742 τῶν
701 3688 999 3759 βασιλικῶν
1048 3691 1257 3758 ἵππιον,
1286 3692 1431 3751 idem
1481 3697 1575 3766 qui
1627 3699 1808 3767 εςιιὶεο

242 3794 438 3848 regius.
1424 3802 1429 3807 ·

303 3895 385 3951 Ib.
417 3893 529 3967 (Ὁ
554 3898 1156 3969 πρωτοστράτωράκὸ
1175 3899 1281 3955 τοῦ
1300 3901 1556 3970 χαλινοῦ
1582 3903 1807 3958 λαϐὼν.

236 3986 475 4041 Douatio
502 3987 852 4043 Constantini
888 4008 904 4045 :
968 3986 1160 4060 Ἡμεῖς
1192 3992 1249 4044 δὲ
1307 3993 1603 4063 στράτορος
1643 3995 1807 4062 ὀρφί-

232 4094 351 4131 ιιισν
408 4079 756 4142 ὑπελθόντες,
825 4081 920 4133 καὶ
946 4082 1016 4133 τὰ
1067 4082 1259 4152 χαλινὰ
1279 4082 1374 4135 τοῦ
1419 4084 1587 4136 ἵππου
1642 4084 1809 4138 αὑτοῦ

229 4171 708 4240 κατίχοντες,τῆς
738 4172 907 4242 αὐλῆς
936 4171 1049 4226 τῶν
1078 4174 1240 4244 ιερῶν
1270 4174 1439 4229 αὐτοῦ
1470 4174 1654 4245 ἔξιμεν
1714 4176 1810 4229 ἀκ-

228 4264 513 4334 αιιτϐρων,
542 4262 684 4316 αιδοῐ
716 4264 810 4317 καὶ
831 4264 982 4334 φόϐῳ
1017 4266 1113 4319 τοῦ
1143 4265 1331 4335 κυρίου
1361 4276 1464 4336 μου
1514 4266 1610 4319 τοῦ
1652 4267 1807 4335 ἁγίου

229 4354 593 4424 συνεχόμενοι
620 4355 845 4425 Πέτρου.
884 4353 1103 4411 Nicetas
1138 4357 1190 4411 in
1250 4357 1441 4411 Alexio
1468 4372 1529 4412 ιιι
1565 4375 1581 4412 :
1618 4357 1676 4411 '0
1710 4356 1809 4427 μὲν

228 4446 405 4509 tuo;
456 4444 786 4514 προσάγεται
844 4446 993 4517 παρὰ
1043 4446 1139 4500 τοῦ
1189 4450 1668 4520 πρωτοστράτορος
1700 4450 1809 4503 ἀπὸ

228 4536 323 4592 τοῦ
352 4535 583 4607 χαλινοῦ
613 4538 914 4603 ἑλκυσθείς.

280 4652 372 4708 Ib.
396 4649 499 4726 ['0
513 4652 697 4722 μέγας
713 4653 1158 4724 χαρτουλάριος.
1178 4652 1216 4707 Ε.
1235 4652 1691 4708 chartulariorum
1709 4667 1813 4707 uu-

228 4762 390 4803 mero
425 4758 563 4816 pene
594 4744 881 4805 immenso.
922 4760 1158 4815 quorum
1182 4746 1274 4800 alii
1297 4760 1516 4809 cursus,
1548 4745 1640 4799 alii
1665 4745 1810 4801 sacri

226 4835 1004 4906 cubiculi,aliignagistrorum
1020 4839 1256 4906 peditum
1276 4845 1329 4891 et
1344 4836 1705 4907 equitum,hic
1718 4838 1812 4909 qui

226 4930 580 4987 stabulorum
613 4929 949 4999 intelligitur.
971 4931 1119 4985 Alias
1139 4933 1412 4999 quodnam
1437 4931 1536 4985 viri
1559 4932 1725 5001 togati
1756 4943 1813 4987 et

230 5024 457 5079 tabulas
487 5022 768 5077 tractantis
787 5026 852 5076 ad
882 5023 1126 5076 militiam
1146 5038 1315 5092 equos
1345 5031 1399 5078 et
1419 5039 1809 5079 aruiaconsor-

229 5113 430 5169 tium?
462 5113 720 5184 Suggerit
760 5115 1135 5168 testimonium
1171 5113 1413 5168 Zonaras
1464 5115 1516 5167 in
1582 5113 1810 5170 Isauro:

231 5211 457 5265 Παίλον
512 5211 604 5263 τιν
662 5209 769 5262 τῶν
831 5210 1121 5279 βασιλικῶν
1183 5210 1364 5263 ἵππων
1419 5210 1813 5264 ἐπιστατοῦντα

231 5302 659 5373 (χαρτουλάριον
690 5302 723 5371 ἡ
770 5300 1059 5371 Ῥωμαίων
1089 5298 1195 5354 οἶδε
1227 5303 1413 5354 τοῦτον
1430 5301 1611 5367 λέγειν
1635 5302 1809 5372 φωνὴ)

196 5384 531 5461 ’πατρίκιον
583 5394 820 5463 τιμήσας
858 5395 950 5446 καὶ
988 5393 1296 5465 στρατηγὸν
1350 5392 1618 5457 Σικελίας.
1678 5394 1812 5449 Pro.

233 5488 345 5542 fert
376 5486 591 5542 Nicetas
620 5486 770 5540 aliud
798 5487 853 5540 in
876 5487 1083 5541 lsaacio
1110 5487 1350 5557 Angelo:
1391 5486 1637 5556 Χοῦμνος
1674 5503 1810 5556 xop-

228 5580 522 5649 τωλάριοξ
556 5579 633 5633 ὢν
658 5578 767 5633 τῶν
814 5582 1230 5651 ἱπποστάθμων.
1258 5580 1472 5635 Subest
1507 5589 1811 5651 protostra-

237 5672 343 5725 tori
363 5682 416 5725 et
448 5671 825 5726 administrat.
850 5670 999 5726 Hanc
1024 5672 1210 5742 palatii
1244 5664 1451 5741 portam
1510 5671 1666 5737 nulli,
1702 5672 1807 5726 nisi

233 5764 516 5817 donaverit
546 5762 863 5833 imperator,
904 5764 1074 5834 equiti
1113 5765 1390 5832 praeterire
1417 5763 1563 5819 licet.
1587 5762 1802 5817 Nicetas

234 5856 291 5911 iu
316 5852 568 5911 )lanucle
608 5850 889 5909 ιεῖσεισιν
920 5856 1174 5926 ἀσμένως
1207 5855 1275 5909 τὰ
1314 5854 1580 5925 βασίλεια.
1623 5854 1716 5909 Ἐν
1744 5853 1800 5909 δὲ

1910 3282 2184 3354 Bryennio
2209 3283 2549 3355 tyrannidem
2577 3281 2733 3352 251
2768 3282 3029 3337 ambienti
3061 3272 3306 3349 ereptum
3341 3280 3479 3347 μετὰ

1908 3370 2009 3439 τῆς
2033 3370 2444 3442 ἐρυθροσαφοῦς
2474 3372 2809 3443 ὲφεστρίδος,
2839 3382 2899 3426 ιιι
2952 3370 3065 3443 ipsa
3109 3370 3307 3424 iterum
3361 3370 3395 3422 Ι.
3428 3384 3478 3421 Iv

1912 3470 2163 3516 testatur.

1984 3552 2063 3608 Ib.
2106 3551 2267 3624 [Περὶ
2297 3554 2405 3608 τῶν
2426 3554 2638 3626 συρτῶν
2670 3556 2939 3611 Meursius
2957 3556 3188 3611 erudite.

1982 3644 2060 3699 Ib.
2096 3641 2560 3717 [Κασαλλαρίκιον
2600 3646 2961 3713 catadronms,
2994 3650 3270 3702 domitura!
3299 3665 3478 3711 ai'ena,

1910 3735 2138 3805 manége.
2173 3735 2229 3790 In
2263 3738 2482 3804 palatio,
2517 3739 2566 3791 id
2599 3750 2679 3793 est
2710 3745 2760 3793 in
2796 3756 2935 3792 areae
2969 3748 3145 3809 parte.

1986 3824 2042 3879 Ρ.
2084 3824 2172 3880 50.
2210 3824 2549 3895 [Stragulum
2601 3829 2895 3896 ephippium
2946 3841 3028 3883 est
3060 3830 3323 3899 σάγισμα.
3372 3828 3477 3883 Leo

1910 3918 2313 3977 Grammaticus
2345 3919 2398 3972 in
2429 3918 2685 3972 Michaele
2730 3917 3014 3989 Theophili
3044 3940 3058 3975 :
3106 3919 3284 3990 Εὗρεν
3319 3908 3480 3973 αὐτῖιν

1910 4000 2361 4081 ἐντετυλιγμένον
2391 4011 2447 4063 ὲν
2476 4010 2551 4081 τῷ
2588 4010 2887 4077 σαγίσματι
2930 4011 3021 4063 τοῦ
3054 4012 3229 4075 δεξιοῦ
3286 4011 3475 4076 ἵππου,

1911 4093 1971 4154 οῦ
1999 4099 2249 4170 ἤλαυνεν.
2282 4100 2399 4154 Alia
2435 4099 2574 4169 apud
2599 4092 2915 4154 Meursium.
2950 4100 3098 4155 Cosa
3124 4099 3145 4172 1

1983 4189 2125 4245 Ibid.
2160 4195 2577 4246 Σκαπουλίων.
2612 4192 2687 4245 lla
2727 4192 3012 4263 legendum
3046 4193 3165 4246 low
3212 4188 3356 4247 illius
3380 4209 3479 4245 κα-

1913 4283 2168 4336 πουλῖων.
2197 4283 2403 4339 ϐιιετε.
2729 4326 2735 4331 .
3272 4352 3275 4357 η

1985 4375 2127 4430 Ibid.
2184 4375 2628 4449 [Σκαπουλίων.
2684 4378 2928 4445 Sensus,
2984 4379 3264 4435 nonrocis
3312 4376 3480 4435 sonus

1886 4484 1891 4489 '
1915 4469 2218 4524 venandus.
2248 4468 2584 4524 Σκαπούλιον
2613 4470 2831 4541 quidem
2867 4471 3069 4527 Latinae
3087 4470 3318 4541 scopula:
3346 4489 3480 4527 sono

1914 4562 2111 4625 simile,
2150 4572 2205 4615 at
2250 4571 2415 4617 sens‘u
2476 4563 2631 4632 longe
2665 4572 2958 4627 semotum,
3010 4579 3133 4618 cum
3173 4564 3477 4633 oppositam

1914 4651 2029 4708 fere
2066 4652 2319 4707 animalis
2366 4663 2576 4723 partem
2631 4653 2855 4716 referat,
2893 4666 3091 4726 tergum
3133 4654 3377 4711 videlicet
3418 4672 3481 4709 ac

1911 4744 2051 4797 imor
2078 4744 2302 4798 lumbos.
2367 4744 2690 4800 Ξεκάπουλα
2734 4746 2927 4816 vulgus
2984 4748 3226 4817 profert;
3258 4750 3321 4803 de
3358 4751 3481 4818 qni-

1914 4835 2025 4891 bus
2082 4837 2272 4891 Simon
2312 4834 2569 4893 Purtius:
2604 4835 2931 4892 Eexinoula
2985 4839 3344 4910 οὐροπὺγειον
3387 4841 3478 4893 τοῦ

1916 4928 2105 4993 ἵππου,
2140 4938 2341 4997 tergum
2371 4929 2529 4998 equi;
2566 4943 2664 4983 nos
2699 4930 2749 4981 la
2784 4945 2976 4999 croupe
3006 4931 3077 4983 du
3112 4932 3308 4984 r'lievul.
3350 4930 3478 4985 Ilie-

1916 5033 2174 5091 ronymus
2220 5019 2525 5074 Germanus
2562 5020 2614 5074 in
2674 5019 3030 5077 Italo-Graeco
3088 5020 3476 5079 vocabulario:

1914 5112 1971 5166 la
2006 5127 2203 5181 groppa
2238 5110 2321 5164 del
2357 5110 2580 5174 corallo,
2611 5115 2677 5167 τὰ
2702 5112 3036 5181 ξεκᾶπουλα.
3071 5116 3270 5172 Auctor
3317 5134 3479 5189 porro

1911 5222 2175 5276 equorum
2203 5206 2409 5270 comiti,
2465 5207 2613 5277 regio
2673 5224 2814 5278 equo
2855 5210 3133 5277 insidenti,
3189 5229 3475 5283 nunquam

1912 5309 2085 5355 totum
2143 5299 2453 5368 ephippium
2513 5301 2763 5367 sagulum
2824 5302 2889 5356 ad
2931 5318 3114 5358 armos
3169 5316 3222 5359 et
3273 5307 3475 5362 collum

1914 5406 2129 5460 usque,
2182 5392 2274 5445 sed
2331 5393 2397 5443 ad
2440 5392 2674 5446 mediam
2727 5403 2936 5448 tantum
2988 5395 3226 5466 ephippii
3291 5397 3475 5453 sedent

1914 5484 2184 5539 substerni
2216 5482 2443 5543 scribit;
2502 5485 2643 5553 quod
2683 5486 2846 5541 etiam
2896 5502 2927 5541 a
2982 5491 3323 5559 pedissequis
3370 5492 3473 5545 ho-

1914 5575 2065 5630 noris
2113 5590 2241 5644 erga
2274 5576 2527 5631 dominos
2593 5592 2754 5633 causa
2794 5580 3042 5637 videmus
3088 5580 3390 5645 observari,
3427 5582 3473 5637 si

1912 5669 2237 5738 quandoque
2270 5669 2467 5723 heriles
2498 5683 2670 5739 equos
2721 5672 3118 5726 conscendant.
3150 5671 3299 5727 Corn
3329 5671 3349 5743 ]

1982 5757 2068 5813 Ib.
2097 5757 2485 5827 Στρατορικιον
2508 5760 2643 5814 verti
2680 5776 2800 5815 cum
2831 5760 3139 5827 Glossario,
3183 5760 3390 5824 locum,
3417 5760 3473 5815 in

1913 5867 2024 5925 quo
2051 5861 2251 5908 strator
2289 5851 2677 5923 imperatorem
2728 5854 2783 5910 in
2815 5869 3015 5923 equum
3054 5854 3339 5911 sublevare
3377 5868 3471 5909 so-
