3936 6650
471 450 580 519 27'?

1544 451 1629 514 IN
1673 448 1979 512 LIBRUM
2046 450 2147 510 DE
2188 451 2520 518 OFFlCiIS
2556 461 2660 521 GP.

3623 456 3743 524 280

472 566 581 633 let;
616 566 719 622 nisi
749 564 923 621 mavis
947 563 1177 622 reddere
1211 563 1391 621 locum
1462 564 1517 621 in
1549 580 1660 637 quo
1708 567 1835 638 equi
1902 575 2046 624 ster-
2080 566 2121 622 Α
2157 565 2438 624 Persarum
2483 574 2563 627 vel
2612 571 2939 629 Parthorum
3006 576 3173 647 fuisse
3249 584 3518 648 gestamen
3566 580 3757 646 magni

470 667 698 715 nuntur.
730 658 932 716 anrs.

533 750 671 805 Ibid.
699 749 1027 822 [Slralorum
1060 752 1207 807 locus
1241 761 1296 808 et
1324 752 1491 809 statio
1523 761 1607 809 est
1636 750 2046 823 πρατορὶκιον,

466 860 575 901 non
607 845 652 900 is
684 861 793 916 quo
854 846 927 900 illi
966 847 1255 902 sublevant
1288 848 1673 916 imperatorem
1729 846 1783 901 in
1813 860 2047 915 equum,

466 937 726 1007 πέζευμα
753 939 865 1008 jam
909 939 981 993 ab
1014 949 1239 995 auctore
1270 955 1553 995 vocatum.

538 1028 624 1085 Ib.
647 1028 1025 1102 [Ephippiaria
1042 1031 1171 1097 pila,
1189 1046 1297 1103 qua
1318 1034 1657 1101 apprehensa
1683 1030 1865 1087 exsilit
1880 1046 2052 1102 eques

466 1120 525 1177 in
547 1135 775 1190 equum,
807 1129 891 1176 est
906 1119 1249 1191 κομπώσιον,
1277 1122 1420 1189 quod
1456 1123 1527 1177 sit
1550 1121 1788 1193 epbippii
1813 1122 2049 1193 κόμπος,

465 1212 535 1268 de
571 1227 678 1282 quo
714 1227 899 1281 supra.
933 1214 1344 1269 Adnumeratur
1377 1229 1508 1268 vero
1560 1214 1848 1284 ephippia,
1907 1224 1965 1268 ul
1993 1215 2047 1268 in

468 1303 694 1359 comitis
742 1320 1009 1374 equorum
1042 1305 1135 1375 jus
1195 1313 1460 1370 transeat,
1491 1319 1557 1360 eo
1592 1305 1736 1374 quod
1796 1320 1863 1359 ex
1908 1318 2048 1359 auro

471 1394 668 1465 lapillis
689 1405 886 1452 ornato
914 1397 1106 1451 cantici
1136 1397 1355 1452 soleret.
1391 1398 1527 1467 Περὶ
1552 1396 1663 1449 τῶν
1693 1395 1912 1467 τουφῶν
1964 1396 2049 1451 di.

469 1498 619 1544 ctum
649 1498 733 1545 est
760 1488 1120 1562 alibi.Gosa.]

542 1579 628 1637 Ib.
660 1580 804 1654 Lego
830 1585 1049 1652 τουφῶν
1077 1600 1176 1654 pro
1228 1582 1567 1654 φορούντων,
1598 1585 1684 1641 vel
1714 1585 1951 1658 φουτῶν,
1982 1585 2052 1641 de

468 1689 579 1744 quo
605 1673 719 1745 jam
750 1692 917 1742 supra
944 1678 1102 1744 satis,
1135 1693 1185 1733 c.
1216 1678 1271 1734 4.

545 1766 627 1823 Ib.
665 1768 739 1825 De
762 1769 1071 1843 Theophila
1096 1773 1226 1842 imp.
1255 1773 1525 1828 acerrimo
1554 1772 1893 1828 iconoclasta
1931 1771 2050 1843 lege

469 1859 797 1925 Cedrenum,
823 1863 1114 1929 Zonaram,
1140 1864 1464 1935 Manassem,
1487 1866 1729 1937 Clycam.
1753 1864 1961 1921 (ἴητε.

549 1951 693 2009 Ibid.
724 1953 1048 2026 [Θεόφιλόν
1074 1972 1247 2027 φασι.
1287 1957 1573 2026 Diliusius,
1607 1968 1662 2014 at
1716 1959 1771 2014 in
1812 1959 2058 2014 eamdem

472 2052 711 2097 mentem
744 2055 936 2100 narrat
964 2046 1252 2101 historiam
1285 2047 1573 2105 Cedrenus
1605 2067 1619 2104 :
1664 2049 1935 2105 diversam
1970 2049 2065 2104 ha-

473 2132 563 2188 bet
594 2133 704 2190 Leo
731 2135 1127 2194 Grammaticus
1150 2138 1203 2197 in
1223 2139 1542 2210 Theophila.
1574 2142 1833 2198 Conferet
1853 2151 2065 2199 utrum-

474 2241 585 2296 que
616 2227 810 2294 lector,
852 2230 945 2285 ubi
980 2233 1071 2289 hic
1110 2234 1287 2291 lucem
1320 2236 1618 2306 aspexerit.
1651 2234 1848 2307 Gosn]

543 2322 607 2376 P.
641 2321 731 2376 5i.
766 2322 1098 2380 llucharium
1133 2329 1474 2385 vestiarium.
1497 2328 1702 2387 (ἴδετε.

550 2414 691 2470 Ibid.
732 2415 1078 2489 [Vestiari'u
1115 2430 1222 2487 est,
1284 2424 1427 2477 sicut
1486 2433 1542 2479 et
1593 2422 1943 2494 βεπιάριονε
1999 2431 2063 2480 ut

474 2508 831 2567 nihilominus
862 2512 1266 2569 subindicatum
1296 2515 1364 2570 ab
1398 2524 1620 2571 auctore
1645 2516 1940 2573 discrimen
1967 2517 2063 2572 in-

473 2610 559 2655 ter
617 2610 910 2671 utrumque
965 2604 1342 2672 observemus,
1398 2607 1689 2663 dicendum
1744 2610 2066 2680 ρουχαρεῖον
2138 2610 2143 2615 ⁴

474 2707 596 2748 esse
617 2694 1074 2751 cubiculariorum
1098 2700 1356 2754 conclave
1378 2699 1445 2756 ad
1476 2715 1695 2758 sacrum
1717 2701 2058 2757 cubiculum.

474 2782 641 2839 Favet
662 2787 905 2856 synodus
929 2787 1238 2846 Florentiua
1272 2791 1478 2848 ultimis
1504 2808 1643 2863 pene
1677 2793 1884 2859 verbis,
1914 2808 2037 2864 quae

475 2888 585 2929 non
643 2877 696 2932 in
751 2893 911 2934 sacro
943 2881 1218 2949 cubiculo,
1251 2882 1344 2939 sed
1373 2884 1427 2939 in
1483 2884 1730 2941 conclavi
1776 2886 2061 2953 viciniore,

426 2978 439 2987 ‘
476 2971 536 3023 ιν
559 2969 635 3041 τῷ
658 2972 964 3045 ρουχαρειῳ
981 2975 1074 3031 τοῦ
1105 2975 1386 3048 βασιλέως,
1410 2979 1626 3037 Graecos
1644 2979 1930 3051 pontiﬁces
1984 2991 2065 3038 too

477 3074 569 3114 mo
591 3061 811 3118 unlouis
834 3065 1244 3124 subscribentes
1265 3070 1595 3127 manifestat.
1621 3070 1817 3144 Gustu]

547 3155 687 3252 Ibid.
723 3157 914 3229 Σπάθη
936 3169 1147 3228 spatha,
1180 3165 1350 3219 ensis.
1399 3163 1721 3234 Spatharius
1755 3167 1954 3238 ensifer
1980 3168 2064 3223 vel
2093 3192 2137 3252 ο

479 3245 710 3314 satelles,
771 3253 1201 3327 σωματοφύλαξ.
1260 3256 1792 3326 Protospatharius,
1851 3260 2062 3330 primus

480 3340 626 3395 inter
660 3342 988 3411 spatharios,
1023 3345 1636 3415 spatharocandidatus.
1671 3351 2065 3422 Σπαθαροκου-

480 3432 870 3505 σικουλάριος,
922 3440 1231 3501 sparharius
1288 3442 1672 3501 cubicularius.
1731 3445 2052 3516 Spatltatus,

482 3524 675 3591 spatha
712 3528 979 3584 munitus.
1015 3529 1228 3584 Σπαθία
1259 3533 1495 3599 spatula.
1557 3532 1631 3591 Dc
1687 3536 1890 3606 quibus
1938 3535 2064 3591 vide

481 3612 786 3675 Meursium
811 3625 866 3677 et
905 3616 1199 3689 Rigaltium
1233 3621 1288 3676 in
1334 3621 1655 3681 Glossariis.
1691 3624 1769 3680 Ex
1831 3625 2065 3696 dialogis

485 3704 547 3761 S.
586 3706 832 3779 Gregorii
864 3725 973 3766 non
1009 3713 1231 3784 ignotus
1254 3725 1341 3771 est
1376 3717 1696 3786 spatharius
1752 3718 1899 3789 regis
1952 3719 2063 3775 Το-

483 3798 617 3855 tilm.
650 3799 717 3856 Et
751 3803 895 3872 apud
924 3804 1224 3862 nonnullos
1263 3806 1571 3865 Germanos
1630 3810 2064 3868 instrumentum

484 3891 764 3962 quoddam
797 3893 1091 3952 fossorium
1117 3898 1201 3952 ein
1222 3900 1401 3967 spath.

554 3983 723 4065 252
744 3984 806 4042 Ρ.
836 3987 925 4043 3i.
969 3987 1245 4059 Τξαγγξσ..
1277 3991 1472 4049 Melius
1514 3990 1772 4063 τζαγκεα,
1798 3995 2063 4064 τζάγκαι,

486 4087 710 4135 nancte.
754 4078 981 4150 Proprie
1010 4083 1181 4139 calcei
1218 4084 1605 4155 imperatorii;
1647 4096 1703 4144 et
1731 4088 2061 4156 calcearius,

483 4170 577 4241 qui
600 4185 694 4233 eas
731 4173 1074 4240 conficiebat,
1105 4176 1352 4245 τζαγγάς
1380 4180 1464 4235 vel
1492 4180 1673 4249 potius
1708 4178 1953 4251 τζαγκάς
1984 4181 2068 4236 di-

484 4264 730 4329 cebatur,
760 4280 867 4321 non
898 4277 956 4322 ut
984 4269 1313 4327 aliisutores
1326 4270 1683 4343 τζάγγαριος,
1702 4288 1798 4329 seu
1830 4274 2066 4343 τζαγκά-

485 4369 626 4431 ριος,
667 4355 746 4417 Ita
764 4357 909 4412 enim
929 4358 1016 4423 hic
1037 4360 1327 4430 legendum
1347 4374 1575 4431 est,non
1601 4365 1972 4437 τζαγμάριος,
2000 4377 2063 4424 ut

484 4447 652 4503 edidit
674 4447 895 4516 Iunius,
914 4451 1000 4506 cui
1018 4459 1219 4510 tzaucze
1245 4466 1300 4512 et
1324 4457 1536 4513 tzsncia
1563 4474 1671 4514 non
1698 4459 1931 4529 placent.
1952 4478 2068 4518 nta-

485 4542 570 4617 gis
604 4541 845 4597 arrident
880 4552 1086 4615 tzaggat
1108 4555 1162 4602 et
1189 4526 2063 4618 tzaggia,uthabeat—occasionem
2097 4526 2144 4584 θ

483 4648 687 4700 nomen
704 4633 822 4690 .ltoc
860 4634 1166 4693 deducendi
1193 4654 1260 4694 ex
1292 4640 1522 4698 Arabica
1558 4644 1764 4713 lingua.
1800 4643 1906 4701 Sed
1963 4662 2064 4715 po.

485 4725 596 4783 tior
623 4737 707 4784 est
735 4729 874 4800 apud
903 4745 989 4788 me
1021 4731 1155 4789 lldcs
1182 4733 1436 4789 codicum
1471 4734 1824 4792 Lautheriani
1859 4747 1915 4794 et
1961 4739 2067 4794 Ba-

485 4822 797 4885 varicorum
857 4832 912 4880 et
976 4822 1253 4882 Simeonis
1316 4829 1564 4900 magistri
1644 4830 1946 4889 oﬂiciorum
2011 4835 2067 4888 in

484 4912 761 4975 Pandecte
792 4913 1016 4972 Turcic.
1043 4918 1166 4983 199,
1197 4919 1291 4991 qui
1320 4919 1555 4989 τζαγκία
1585 4929 1639 4977 et
1677 4923 1926 4993 τζάγκας
1961 4939 2066 4978 no-

486 5006 571 5061 lxis
616 5006 911 5073 exhibent;
966 5009 1182 5064 tametsi
1242 5012 1413 5066 altera
1469 5010 1632 5065 lectio
1681 5011 1771 5065 illa
1802 5011 2060 5080 τζάγγαι,

484 5097 722 5167 ettanta
752 5097 1092 5169 τζαγγὰριος
1124 5101 1445 5169 simpliciter
1465 5104 1615 5173 rejici
1637 5118 1738 5165 nec
1766 5116 1943 5175 potest
1970 5120 2070 5161 nec

486 5191 669 5245 debet.
726 5189 1001 5257 Scribitur
1054 5194 1217 5247 etiam
1279 5193 1647 5266 τζαγκάρηςε
1714 5196 1843 5252 hinc
1899 5199 2067 5266 τέχνη

486 5283 867 5357 chr-{aptati},
899 5300 986 5347 ars
1020 5284 1226 5345 sutorio
1265 5323 1280 5352 .
1318 5284 1561 5343 Transiit
1607 5288 1713 5343 hoc
1762 5304 1959 5343 nomen
2000 5288 2068 5353 ad

490 5376 737 5433 Latinos.
807 5376 1113 5441 Trebellius
1168 5375 1382 5433 Pollio:
1442 5376 1686 5433 Zanclms
1747 5376 1811 5433 de
1866 5380 2067 5432 nostris

492 5469 762 5525 Parthicis
790 5470 943 5538 paritr
983 5471 1109 5536 tria.
1158 5469 1260 5529 Ubi
1303 5470 1712 5536 Casaubonus:
1784 5471 2069 5529 Barbarici

494 5562 861 5633 calceamenti'
913 5579 1075 5639 genus
1135 5571 1356 5632 lsangas
1422 5575 1696 5629 vocarunt.
1762 5561 1864 5621 Sed
1929 5568 2071 5619 varie

490 5656 743 5711 scribitur
785 5656 882 5709 hoc
943 5654 1175 5719 verbum.
1232 5652 1299 5708 In
1371 5655 1549 5720 codice
1606 5655 1969 5722 Iheodosiano
2003 5658 2070 5712 dc

494 5747 676 5803 habitu
709 5746 851 5800 intra
886 5747 1060 5798 urbem
1097 5743 1198 5814 leg.
1226 5743 1261 5809 2
1287 5752 1526 5819 tsanqw;
1558 5744 1612 5807 in
1658 5744 1815 5796 tertia
1841 5753 2063 5797 tzanctc.

499 5835 699 5890 Gra'cis
734 5837 972 5904 τζάγγαι
999 5847 1089 5888 aut
1131 5835 1389 5903 τζαγγία,
1440 5845 1487 5891 et
1515 5834 1849 5905 τζαγγάριος
1878 5833 2067 5901 harum

506 5929 701 6001 artifex
728 5934 866 6001 apud
900 5929 1139 5986 Tectum
1171 5911 1223 5983 in
1257 5917 1606 5985 Chiliadibus.
1642 5927 1838 5981 ,σιεγυηί
1864 5943 2067 5999 zauga'.

2158 660 2315 727 pretii
2357 676 2423 715 ea:
2479 666 2576 718 hoc
2611 664 2726 720 loco
2760 676 2811 721 ct
2834 667 3097 721 similibus
3146 679 3387 739 apparet.
3461 666 3525 722 In
3588 666 3752 723 fastis

2158 749 2363 808 Graecis
2391 754 2644 825 leguntur
2671 758 2787 814 haec
2815 760 2886 815 de
2907 774 3031 828 rege
3051 759 3321 816 Lazarum
3352 778 3368 815 :
3398 760 3484 813 Τὰ
3504 759 3752 826 τζαγγία

2156 843 2326 897 αὑτοῦ
2352 841 2421 914 ἦν
2451 847 2559 901 ἀπὸ
2586 848 2690 918 τῆς
2734 849 2922 922 χώρας
2970 850 3137 907 αὐτοῦ
3174 853 3427 922 paucula,
3493 849 3757 921 Περσικῷ

2158 937 2403 1006 σχήματι
2438 938 2631 1007 ἔχοντα
2670 942 3054 1015 μαργαρίτας.
3084 942 3340 1015 Synodtts
3387 942 3758 996 Aurelianen-

2158 1028 2235 1082 sis
2281 1044 2408 1085 can.
2454 1030 2564 1087 22:
2599 1030 2863 1088 Monacho
2906 1034 3144 1088 orarium
3192 1036 3247 1088 in
3285 1033 3622 1088 monasterio
3678 1031 3757 1088 sel

2162 1136 2358 1175 zancas
2390 1123 2580 1179 habere
2608 1142 2711 1179 non
2747 1127 2928 1183 liceat.
2972 1126 3172 1184 Gns'rs.

2229 1214 2370 1271 Ibid.
2401 1214 2696 1288 [Nomm
2719 1217 2993 1275 Meursius
3026 1228 3247 1291 tzangte,
3267 1218 3358 1275 alii
3391 1202 3759 1274 calceamentis

2159 1307 2463 1362 barbarica.
2524 1309 2695 1378 Cujus
2754 1308 2942 1365 forma:
3009 1310 3214 1367 iuerint
3282 1326 3392 1366 non
3444 1316 3755 1377 esponunt.

2158 1398 2274 1453 illis
2311 1399 2611 1456 etiamnum
2668 1402 2830 1458 hodie
2866 1411 3098 1457 utuntur
3154 1403 3209 1458 in
3266 1402 3487 1457 Oriente
3520 1398 3631 1453 viri
3694 1409 3749 1453 et

2166 1491 2424 1547 mulieres
2481 1493 2837 1562 promiscue;
2875 1503 3114 1566 suntque
3170 1494 3427 1550 cothurni
3475 1508 3539 1547 ex
3601 1490 3755 1546 varie

2163 1582 2427 1639 coloratis
2463 1584 2698 1652 pellibus
2729 1587 2919 1642 tibiam
2945 1587 3194 1658 adusque
3221 1602 3360 1659 genu
3396 1585 3635 1654 pressim
3690 1592 3747 1639 et

2164 1675 2398 1732 strictim
2428 1678 2699 1734 tibialium
2730 1696 2882 1737 more
2918 1682 3238 1747 vestientes,
3278 1680 3473 1751 quales
3497 1678 3618 1749 jam
3651 1692 3753 1733 suo

2167 1776 2411 1837 tempore
2464 1770 2697 1826 usitatos
2749 1771 3014 1827 describit
3074 1772 3374 1841 Procopius
3425 1772 3493 1827 de
3549 1769 3750 1825 adibo.

2096 1863 2139 1922 Β
2167 1858 2461 1916 Iustiniani
2498 1863 2535 1917 l.
2568 1878 2629 1918 ιιι
2657 1881 2671 1919 :
2717 1862 3083 1934 ’Υποδήματα
3145 1865 3309 1934 μέχρι
3339 1864 3419 1927 εις
3458 1861 3597 1931 γόνυ
3628 1877 3755 1932 φοι-

2170 1952 2323 2006 νικοῦ
2359 1952 2672 2024 χρώματος,
2709 1956 2745 2012 ἃ
2778 1955 2843 2024 δὴ
2868 1956 3094 2028 βασιλέα
3134 1955 3294 2025 μόνον
3342 1952 3643 2025 Ῥωμαίων
3694 1968 3754 2006 τε

2170 2044 2265 2098 καὶ
2294 2047 2524 2118 Περσῶν
2570 2048 2890 2103 ὑποδεῖσθαι
2936 2049 3119 2121 θέμις,
3163 2047 3301 2104 Hinc
3331 2048 3541 2104 Arabes
3606 2046 3756 2118 Elpi-

2172 2134 2325 2191 dium
2386 2138 2768 2203 imperatorem
2825 2140 2878 2196 in
2938 2141 3120 2196 Sicilia
3180 2124 3551 2196 renuntiaturi
3610 2138 3754 2209 apud

2171 2227 2563 2298 Theophanem
2597 2231 2649 2286 in
2723 2232 2874 2288 lrene
2900 2241 2953 2287 et
3012 2232 3208 2289 Const.
3243 2233 3563 2304 περιέθεντο
3603 2229 3755 2301 αὐτῷ

2168 2321 2430 2391 τζαγγίον
2458 2323 2553 2378 καὶ
2594 2325 2882 2392 στέφανον.
2919 2327 2997 2381 Ex
3059 2326 3167 2394 his,
3204 2341 3327 2397 qute
3379 2326 3664 2381 Meursius
3700 2331 3753 2379 et

2168 2429 2233 2470 ex
2259 2431 2325 2472 eo
2353 2416 2643 2474 Gretserus
2669 2418 2738 2475 de
2762 2420 2954 2490 zangis
3013 2420 3311 2492 congessit,
3367 2418 3529 2489 plana
3583 2417 3753 2473 relin-

2168 2519 2413 2581 quuntur
2436 2521 2489 2566 et
2506 2514 2811 2583 perspicua.
2836 2511 3036 2587 σολυμ]

2241 2602 2323 2657 Ib.
2358 2603 2495 2673 Equi
2526 2607 2782 2673 sagmarii
2813 2605 3017 2663 Graecis
3062 2605 3284 2677 quidem
3312 2604 3429 2661 noti
3459 2613 3515 2661 et
3555 2602 3749 2660 usitati

2181 2705 2331 2763 sunt,
2364 2696 2459 2752 sed
2487 2698 2647 2752 educi
2682 2713 2787 2753 non
2816 2705 3051 2769 possunt
3079 2713 3143 2753 ex
3180 2698 3265 2753 illa
3298 2696 3488 2752 Cadini
3519 2697 3751 2752 lectione

2169 2788 2538 2859 τζαγμάριος.
2578 2793 2704 2862 quis
2742 2807 2880 2847 vana
2924 2802 3043 2848 est:
3106 2790 3541 2847 substituendum
3600 2789 3747 2845 enim

2170 2879 2511 2951 τζαγγάριος
2544 2883 2628 2937 rel
2710 2882 3071 2953 τζαγκάριος.
3104 2880 3171 2937 Et
3203 2892 3263 2937 ut
3285 2881 3434 2952 prior
3477 2881 3746 2951 scriptura

2172 2973 2521 3038 retineretur,
2554 2988 2661 3027 non
2692 2974 3014 3044 sagmarius,
3045 2980 3105 3026 ut
3130 2970 3349 3037 Junius,
3408 2971 3504 3028 sed
3566 2971 3745 3041 potius

2175 3066 2503 3137 tzagmarius
2545 3065 2865 3121 vertendum
2893 3075 3075 3122 esset:
3107 3080 3231 3120 nam
3263 3063 3572 3133 sagmarius
3602 3062 3746 3119 Grat-

2172 3157 2253 3214 cis
2289 3173 2397 3212 non
2422 3165 2505 3214 est
2531 3167 2702 3223 sutor,
2730 3174 2853 3213 cum
2876 3174 2905 3213 a
2932 3167 3177 3229 sagmate
3205 3157 3490 3212 formetur.
3523 3154 3625 3210 Est
3648 3169 3744 3207 au-

2169 3261 2279 3309 tem
2310 3254 2499 3323 σάγμι
2540 3252 2625 3307 vel
2671 3251 2811 3323 θήκη
2840 3251 2935 3306 τοῦ
2978 3251 3168 3317 ὅπλου,
3228 3252 3376 3304 theca
3403 3264 3499 3307 seu
3553 3247 3743 3318 vagina

2166 3361 2469 3409 armorum,
2504 3344 2587 3398 vel
2650 3359 2782 3399 onus
2825 3344 3056 3414 Jumenti
3099 3343 3409 3398 sarcinarii.
3450 3341 3593 3397 Hinc
3625 3356 3743 3410 sag-

2165 3414 2339 3491 maria
2356 3440 2597 3504 jumenta
2630 3434 2717 3489 vel
2747 3433 3080 3502 sagmataria
3112 3434 3195 3488 vel
3228 3432 3467 3488 samaria
3505 3430 3735 3491 Graecis,

2166 3542 2289 3598 quae
2326 3528 2537 3583 nostris
2564 3525 2889 3591 clitellaria;
2926 3525 2994 3581 ad
3032 3538 3266 3595 quorum
3301 3522 3551 3579 ultimum
3606 3521 3740 3576 alla-

2165 3622 2245 3677 dit
2283 3635 2388 3675 ros
2417 3618 2738 3676 Germanica
2778 3636 3111 3684 saum-ross,
3138 3634 3236 3674 seu
3271 3626 3331 3672 ut
3365 3616 3479 3679 alii,
3513 3629 3741 3671 sammer

2164 3729 2305 3774 γοα,
2345 3719 2399 3766 et
2423 3725 2597 3774 saum,
2628 3710 2679 3764 id
2710 3708 2976 3764 nimirum
3004 3706 3154 3780 quod
3211 3705 3530 3777 huiusmodi
3562 3716 3738 3772 equus

2165 3814 2360 3875 gestat.
2398 3802 2596 3859 Suidas
2622 3818 2637 3858 :
2667 3801 2962 3873 Σαγμάρια
3007 3800 3070 3854 τὸ
3127 3797 3259 3869 παρ’
3282 3786 3418 3868 ἡμῖν
3443 3795 3736 3865 λεγόμενον

2163 3898 2405 3963 τοῦλδον,
2423 3900 2494 3952 τὰ
2532 3895 2876 3967 βαστάζοντα
2903 3894 3003 3967 τὴν
3017 3888 3336 3960 ἀποσκευὴν
3387 3889 3485 3943 καὶ
3511 3889 3618 3959 τὴν
3645 3902 3738 3953 με·

2164 3989 2467 4061 τακομιδὴν
2493 3987 2605 4043 τῶν
2624 3985 2973 4056 ξπιτηδειων,
3017 3983 3317 4038 Mauricius
3352 3982 3497 4052 apud
3552 3976 3736 4049 Rigal-

2168 4082 2303 4137 tium
2326 4079 2615 4144 ε’Τοῦλδος
2646 4079 2771 4149 ἦτοι
2799 4079 2871 4133 τὰ
2922 4077 3227 4146 σαγμάρια.
3264 4073 3432 4129 Idem.
3471 4071 3509 4127 l.
3535 4086 3575 4136 t,
3603 4086 3653 4127 c.
3682 4068 3735 4133 6,

2168 4175 2384 4231 dixerat
2402 4172 2610 4236 ἵππους
2632 4168 3072 4241 σαγματαριους.
3094 4166 3189 4223 Sic
3206 4165 3447 4223 lsidorus
3473 4163 3735 4219 caballum

2167 4266 2496 4338 sagmarium
2520 4274 2576 4320 et
2604 4262 2807 4317 mulam
2834 4260 3186 4331 sagmarium.
3240 4256 3500 4327 Vegetius
3555 4256 3595 4312 l'.
3637 4269 3735 4310 tit:

2170 4358 2576 4429 Impedimenta,
2600 4355 2877 4427 sagittarii,
2901 4353 3115 4408 calones
3146 4350 3484 4420 vehiculoque
3532 4350 3587 4404 in
3634 4363 3737 4401 ure-

2167 4452 2258 4511 dio
2316 4452 2657 4508 collocentur.
2729 4447 2843 4503 Nec
2892 4445 3101 4502 Latinis
3170 4444 3339 4515 ignoti
3406 4454 3535 4499 sunt
3611 4438 3733 4509 equi
3802 4442 3807 4445 ’

2171 4543 2427 4613 saginari,
2463 4551 2519 4595 ut
2550 4548 2697 4611 patet
2726 4552 2794 4594 ex
2828 4536 2886 4594 S.
2941 4534 3221 4592 Bernarda
3263 4534 3301 4589 l.
3360 4547 3425 4588 Ill
3480 4530 3641 4601 253
3671 4528 3736 4584 de

2169 4634 2502 4691 considerat.
2543 4647 2593 4687 ο.
2622 4631 2673 4691 7.
2703 4630 2795 4685 ubi
2828 4629 3055 4687 Vossius
3087 4627 3363 4699 sagmarii,
3394 4625 3523 4680 loco
3550 4623 3735 4691 vulga-

2169 4735 2240 4782 tte
2298 4724 2547 4782 lectionis
2599 4723 2896 4779 sammarii.
2941 4721 3053 4778 Etsi
3098 4720 3153 4775 in
3203 4717 3410 4776 Latinis
3440 4713 3733 4778 suntmarii,

2169 4818 2447 4883 saumarii,
2503 4815 2776 4871 sommarii
2834 4814 3000 4867 lectio
3044 4811 3207 4868 etiam
3273 4808 3489 4865 delendi
3544 4806 3732 4877 possit,

2171 4914 2298 4984 quia
2333 4910 2588 4982 sagmarii
2622 4920 2821 4964 nomen
2852 4908 3002 4963 varie
3027 4904 3165 4960 varii
3194 4910 3558 4970 corruperunt
3586 4909 3639 4955 et
3669 4896 3732 4952 ad

2172 5001 2508 5059 idiotismum
2550 5014 2711 5056 suum
2744 4996 3093 5054 inﬂexerant.
3147 4992 3287 5048 liinc
3340 4992 3394 5047 in
3456 4990 3637 5045 libello
3670 4987 3735 5042 de

2174 5092 2457 5148 miraculis
2485 5090 2541 5147 S.
2579 5088 2840 5155 Udalrici,
2871 5102 2973 5142 nec
3000 5085 3288 5156 ineleganti
3322 5093 3375 5139 et
3423 5085 3564 5139 satis
3599 5080 3734 5136 sntio

2171 5200 2302 5255 quo,
2335 5182 2512 5254 inquit
2539 5182 2899 5238 Casaubonus
2934 5179 2987 5233 in
3014 5177 3407 5247 Lampridium,
3439 5174 3734 5229 obtulerunt

2171 5279 2235 5333 de
2265 5294 2384 5333 cera
2416 5286 2670 5347 quantum
2696 5292 2830 5330 unus
2855 5274 3010 5343 fortis
3053 5274 3359 5328 saumarius
3389 5280 3600 5341 portare
3648 5283 3737 5336 po-

2174 5372 2295 5425 tuit.
2326 5368 2554 5424 Deducit
2577 5368 2717 5422 idem
2746 5367 2881 5422 Casa
2893 5369 3107 5423 uhonus
3131 5365 3433 5433 sagmarios
3456 5378 3483 5417 a
3507 5370 3735 5432 sagmale

2172 5475 2228 5519 et
2260 5466 2447 5527 recte;
2475 5473 2530 5517 et
2563 5478 2748 5531 sagma
2774 5459 2850 5515 ait
2887 5474 3009 5519 esse
3040 5458 3091 5513 id
3118 5456 3255 5528 quod
3282 5456 3524 5526 jumento
3576 5456 3737 5523 impo-

2174 5558 2344 5624 nitur,
2402 5565 2459 5616 ιιι
2490 5554 2702 5608 mollius
2750 5551 2905 5606 vehat
2951 5560 3003 5605 et
3055 5551 3171 5605 sine
3217 5564 3357 5603 noxa
3403 5565 3523 5609 sua.
3554 5547 3734 5617 θείω-ι

2172 5667 2356 5721 sagma
2388 5665 2418 5701 a
2440 5646 2597 5712 sella;
2632 5661 2754 5699 nam
2784 5660 2969 5715 sagina
3001 5642 3209 5712 proprie
3222 5651 3297 5695 est
3323 5639 3463 5712 quod
3485 5637 3734 5709 jumentis

2172 5759 2334 5801 onera
2365 5739 2726 5811 bajulantibus
2782 5738 3114 5805 imponitur;
3165 5735 3297 5789 sella
3352 5749 3601 5803 equorum
3657 5742 3730 5786 est

2179 5831 2257 5885 uel
2285 5830 2512 5884 aliarum
2536 5826 3068 5895 anintalium,quibus
3098 5825 3250 5878 homo
3280 5825 3503 5879 vehitur.
3532 5824 3729 5878 Dicitur

2178 5925 2342 5987 etiam
2376 5922 2517 5998 σοιγή
2548 5931 2601 5979 οι
2630 5936 2840 5995 sagum,
2877 5920 3026 5994 quod
3065 5918 3343 5993 signiﬁcat
3396 5931 3560 5983 omne
3614 5928 3736 5988 ope-
