3936 6596
220 444 323 510 281

1318 453 1707 515 GBETSERI
1740 454 1838 515 ET
1871 456 2110 519 GOARI
2153 458 2397 521 NOTAE.

3371 457 3475 520 932

220 566 516 620 rimenlum
541 563 690 634 quod
719 564 985 634 iumentis
1010 567 1329 637 imponitur.
1397 570 1530 629 Vide
1577 574 1792 629 Cztsau-
1825 578 1872 637 Α
1899 578 2026 647 qttin
2066 579 2285 647 proprie
2309 593 2477 634 novas
2505 591 2709 647 easque
2737 592 2925 631 sacras
2963 575 3197 640 accipere
3244 574 3472 629 ilttiit'cl.

223 652 349 704 bon.
379 653 447 707 ad
481 652 766 723 Lamprid.
796 656 893 710 l'ol.
954 657 1082 721 591,
1115 661 1209 715 sed
1258 662 1411 731 prior
1466 665 1794 734 signiﬁcatio

223 742 396 810 potior
422 753 530 798 est.
564 743 736 799 Graeci
767 747 988 804 ﬂectunt
1019 750 1209 820 σάγμα
1242 753 1339 806 τοῦ
1363 757 1669 825 σάγματος,
1697 757 1798 810 La-

225 834 319 887 tini
349 850 542 902 sagma
569 853 767 905 sagina
801 855 819 901 ς
846 857 962 909 quc
995 854 1239 912 corrupte
1267 846 1418 914 vulgo
1448 847 1646 901 dicitur
1676 847 1762 902 sal
1780 877 1793 889 -

225 938 359 982 mus,
387 923 571 987 inquit
599 924 786 982 Isidor.
812 929 850 983 l.
871 946 941 984 xx
973 930 1205 1001 Etymol.
1234 935 1437 991 Gas'rs.

294 1012 437 1068 Ibid.
465 1012 872 1087 [Τζαγτάριος.
904 1023 1092 1077 Simon
1124 1027 1342 1083 Portius
1373 1043 1497 1084 cum
1531 1042 1756 1089 auctore
1785 1052 1800 1090 :

223 1109 479 1174 σκυτεὺς,
512 1114 870 1181 σκυτοτόμος,
896 1116 1261 1187 ὑποδημάτων
1290 1121 1649 1194 δημιουργός,
1684 1132 1802 1182 cal-

221 1199 513 1267 ceolariu,
554 1213 727 1259 sutor.
761 1206 918 1274 Apud
951 1208 1338 1279 Theophanem
1376 1216 1429 1268 in
1483 1209 1800 1274 Iustiniano

221 1289 288 1341 τὰ
314 1290 656 1364 τζαγγάρια,
692 1297 925 1366 ofﬁcim:
965 1303 1208 1357 sutorire.
1252 1305 1387 1359 Rem
1453 1316 1624 1363 totam
1678 1327 1806 1382 pro-

222 1382 360 1448 tero,
386 1395 446 1441 et
470 1389 612 1445 alios
646 1390 701 1445 in
737 1395 927 1448 ordine
957 1398 1367 1467 compositurus
1397 1410 1546 1456 extra
1567 1403 1798 1460 chorum

221 1479 384 1534 salto.
422 1480 885 1552 Conquerebatnr
916 1491 1150 1557 populus
1172 1491 1226 1546 in
1255 1495 1583 1562 spectaculis
1615 1513 1802 1554 coram

223 1567 562 1638 imperatore
597 1574 664 1628 de
697 1574 1000 1647 Calopodio
1029 1581 1373 1639 cubiculario
1406 1601 1427 1640 :
1477 1589 1800 1643 καλοπόδιον

221 1670 408 1715 autem
439 1665 616 1734 (quod
655 1666 747 1720 alii
803 1670 1130 1726 καλαπόδιον
1187 1677 1568 1748 pronuntiant)
1623 1690 1801 1750 typum

224 1754 556 1810 caluariam
589 1759 706 1814 sive
725 1763 909 1829 pedem
944 1763 1198 1835 ligneum,
1238 1783 1345 1836 quo
1385 1780 1603 1827 sutores
1634 1783 1802 1828 utun-

221 1855 337 1912 tur,
373 1847 612 1906 indicat.
664 1851 803 1907 Cum
844 1869 974 1910 vero
1028 1858 1385 1928 Calopodium
1443 1862 1511 1917 de
1581 1867 1804 1923 nomine

1904 671 2300 741 Enrhnlogiutn
2336 689 2351 726 :
2405 671 2695 723 ’Λλλὰσσει
2728 671 2755 722 ὁ
2787 669 2988 738 ἱερεύς.
3038 668 3253 722 Nicelas
3283 685 3296 719 :
3329 669 3475 733 Πέμ-

1865 805 1868 808 .
1900 765 2010 833 ψας
2041 764 2194 833 ἱερέα
2228 763 2365 831 μετὰ
2398 761 2494 816 τοῦ
2566 759 2903 828 Εὐαγγελίου
2960 759 3298 829 ἁλλαγμένον
3332 776 3345 814 :
3401 769 3473 812 Ita

1898 866 2154 926 corrupte
2200 857 2546 926 ἡλλαγμὲνον
2590 857 2727 910 rice.
2797 853 3224 922 Ἀλλαξιμάριον
3289 851 3477 921 itaque

1901 958 1987 1004 est
2013 950 2164 1003 locus
2199 948 2253 1002 in
2291 963 2402 1018 quo
2437 957 2618 1002 vestes
2674 946 3060 1016 imperatoriae,
3126 959 3246 1014 quite
3272 952 3327 996 et
3381 957 3475 996 sa-

1899 1056 2025 1104 crm,
2062 1050 2418 1110 reponuntur.
2446 1037 2643 1110 ασελ]

1975 1129 2060 1185 Ib.
2093 1133 2359 1184 Auacara.
2381 1131 2600 1191 Junius,
2634 1138 2691 1182 ut
2718 1125 2992 1181 Arabismi
3017 1125 3294 1195 Specituen
3327 1125 3474 1187 edat,

1904 1240 2139 1276 anacara
2177 1223 2290 1276 hare
2333 1238 2399 1275 ex
2448 1220 2649 1276 Arabia
2701 1221 2968 1272 advocat:
3035 1232 3155 1270 nam
3186 1230 3315 1268 vasa
3361 1216 3477 1267 sive

1902 1317 2132 1372 cacabos
2158 1324 2250 1368 aut
2299 1314 2502 1368 lebetes
2558 1313 2778 1366 vocales
2834 1310 3016 1364 vocari
3079 1309 3147 1362 ab
3205 1305 3478 1359 Arabibus

1903 1407 2169 1462 Anakara.
2204 1406 2484 1476 Ejusmodi
2524 1404 2691 1458 ferme
2724 1417 2846 1456 esse
2896 1418 3018 1470 qua:
3091 1401 3143 1453 in
3177 1397 3475 1453 Germania

1905 1501 2244 1570 appellentur
2317 1494 2750 1550 kesseltrommel.
2809 1493 2919 1548 Cur
2955 1507 3061 1546 non
3126 1488 3476 1558 Irecrpaulsert.

1904 1611 2027 1665 qute
2055 1594 2217 1647 etiam
2274 1591 2328 1645 in
2363 1589 2520 1660 equis
2585 1587 2788 1655 pulsari
2852 1593 3083 1653 possunt
3145 1593 3195 1635 ct
3250 1577 3480 1632 solent?

1906 1684 2148 1756 tympani
2211 1697 2382 1752 genus
2465 1681 2726 1734 inferiore
2791 1691 2944 1746 parte
2992 1676 3309 1735 rotundum,
3369 1686 3480 1739 quo

1905 1779 2182 1851 principes
2219 1779 2319 1829 hoc
2351 1774 2515 1829 etiam
2560 1787 2675 1828 aevo
2736 1771 2811 1826 uti
2837 1779 2890 1824 et
2936 1769 3196 1824 delectari
3241 1780 3480 1820 consuc-

1903 1881 2123 1925 verunt.
2150 1869 2352 1924 Gnsrs.

226 1952 331 1991 non
363 1940 603 1996 auderet
635 1946 868 2012 populus
889 1947 1094 2014 dicere,
1136 1965 1236 2005 nec
1267 1966 1326 2007 se
1358 1968 1693 2022 cognoscere
1720 1958 1803 2011 in-

1978 1962 2115 2016 Ibid.
2142 1959 2443 2032 [Tympana
2471 1957 2713 2023 inferiori
2729 1964 2879 2025 parte
2911 1952 3163 2008 rotunda.
3194 1951 3266 2004 ltu
3302 1950 3480 2003 Meur-

226 2035 509 2088 ternuntio
539 2037 865 2092 mandatore
921 2046 1275 2110 responderet
1335 2047 1663 2118 imperator,
1707 2065 1806 2105 ex-

228 2122 484 2179 clamavit
522 2128 753 2196 populus
785 2148 800 2184 :
840 2131 904 2187 '0
950 2132 1300 2190 πλεονεκτῶν
1333 2157 1423 2206 με,
1478 2148 1846 2213 τρισαύγου--

235 2231 344 2281 ore,
373 2220 456 2282 εὶς
494 2222 566 2274 τὰ
585 2221 896 2294 τζαγγᾶρια
944 2227 1282 2298 εὑρίσκεται,
1340 2233 1679 2299 Καλοπόδιος
1725 2238 1805 2291 ni-

243 2307 452 2365 mirum.
512 2311 645 2369 Vide
703 2314 998 2374 Iustiniani
1068 2331 1227 2378 aetate
1292 2324 1654 2395 imperatores
1692 2327 1806 2401 jam

244 2402 442 2471 tzangis
469 2420 625 2461 usos.
659 2406 858 2481 Genu]

301 2493 451 2550 Ibid.
487 2498 603 2563 Τὰς
621 2502 945 2573 προκύψεις.
984 2503 1208 2563 Dubitat
1231 2507 1505 2566 Meursius
1547 2527 1677 2566 num
1704 2512 1810 2568 viri

230 2587 402 2653 docti,
435 2591 490 2645 id
525 2593 844 2661 estJunius,
883 2600 1160 2670 πρόκυψιν
1197 2612 1344 2658 recte
1378 2613 1596 2659 vertant
1625 2615 1810 2660 orata-

230 2679 396 2734 rium.
432 2680 491 2735 Si
517 2697 624 2738 non
662 2697 806 2742 recte
835 2697 1080 2755 vertunt,
1120 2706 1220 2745 cur
1253 2708 1361 2747 non
1420 2695 1616 2751 melius
1678 2695 1810 2767 quid

231 2775 605 2842 suggeris?Si
631 2780 876 2834 rocnlam
904 2782 1073 2851 ipsam
1099 2785 1266 2841 nimis
1293 2789 1649 2856 grammatice
1714 2805 1812 2845 ur-

233 2878 392 2932 geas,
427 2866 704 2938 πρόκυψις
758 2885 863 2924 non
890 2875 1318 2942 estoratorium,
1345 2876 1440 2932 sed
1471 2869 1624 2933 locus
1681 2879 1813 2933 emi-

232 2957 482 3022 nentior,
532 2959 673 3014 unde
715 2961 1016 3032 imperator
1062 2967 1326 3030 eminere,
1387 2969 1702 3038 prospicere
1758 2978 1814 3026 et

233 3061 590 3120 prospectare
620 3067 715 3108 seu
746 3056 1067 3124 despectare
1114 3069 1349 3128 poterat.
1384 3059 1440 3113 Si
1472 3076 1583 3114 rem
1635 3061 1812 3131 ipsam

229 3144 678 3209 consideremus,
717 3150 997 3219 πρόκυφις
1027 3161 1110 3206 est
1139 3155 1451 3218 oratorium,
1481 3155 1609 3223 quia
1655 3154 1812 3213 locus

227 3236 320 3290 ille
355 3237 481 3292 sine
507 3238 679 3295 dubio
709 3255 816 3295 non
840 3251 960 3296 erat
983 3257 1048 3297 eo
1069 3244 1377 3299 destinatus
1415 3255 1474 3300 ut
1506 3248 1810 3318 imperator

229 3329 366 3382 inde
393 3336 612 3384 tantum
646 3334 1005 3402 prospiceret,
1051 3336 1140 3389 sed
1169 3346 1228 3390 ut
1261 3339 1339 3391 rei
1360 3338 1559 3394 divina:
1608 3349 1662 3394 ct
1699 3355 1816 3410 pre-

227 3422 394 3475 cibus
423 3438 643 3492 quoque
674 3423 983 3487 tondendis,
1020 3443 1244 3497 operam
1306 3430 1477 3484 daret.
1543 3430 1694 3486 Unde
1740 3433 1811 3487 ab

229 3515 486 3568 oratione
519 3515 636 3570 illic
693 3515 806 3572 ﬁeri
834 3518 993 3574 solita
1047 3521 1270 3575 oratorii
1327 3521 1621 3592 appellatio
1687 3523 1811 3579 loco

228 3608 490 3664 accessit.
520 3607 731 3663 Gnsrs.

301 3700 393 3756 Ib.
436 3699 743 3772 [Τζὶιγγάς.
771 3700 907 3768 Quia
943 3718 1233 3759 commune
1262 3712 1318 3760 et
1338 3705 1443 3760 vile
1475 3705 1812 3777 τζαγγαρίου

238 3798 435 3846 uolneri
458 3792 602 3860 apud
629 3793 869 3858 Graecos,
906 3793 1176 3864 τζαγγὰς,
1203 3798 1358 3865 quasi
1413 3798 1666 3867 digniore
1713 3800 1813 3854 ho-

235 3884 388 3936 noris
422 3883 586 3935 titulo
608 3883 866 3948 donatus,
891 3885 1097 3938 aulicus
1124 3894 1274 3938 sutor
1303 3896 1554 3942 vocatur.
1586 3891 1668 3943 An
1701 3903 1812 3943 non

232 3973 372 4028 licus
401 3988 628 4040 semper
654 3976 792 4030 licus
818 3983 872 4029 et
913 3977 1116 4044 scapha
1145 3977 1394 4047 scapha?

305 4066 393 4120 Ib.
438 4063 912 4136 [Παιδόπουλον.
931 4069 972 4120 Ω
991 4069 1041 4121 in
1071 4085 1131 4122 ου
1152 4079 1488 4125 commutato
1512 4085 1613 4125 vox
1636 4071 1816 4135 πῶλος

227 4160 389 4213 alteri
432 4158 696 4227 adjuncta
725 4159 1116 4214 diminutivum
1151 4162 1281 4230 quid
1337 4177 1556 4230 semper
1602 4167 1806 4230 sonat‘;

228 4254 362 4307 hinc
381 4254 752 4305 παιδόπουλον
771 4251 1098 4318 adolescens,
1129 4269 1260 4319 puer
1278 4253 1618 4319 honorarius,
1646 4262 1812 4324 prout

224 4346 494 4412 superius
523 4345 586 4396 τὸ
637 4344 964 4397 ἀετόπουλον
1016 4355 1070 4398 et
1105 4345 1534 4400 αὑθεντόπουλον
1591 4362 1814 4416 parvam

227 4440 505 4507 aquilam,
574 4454 796 4506 parvum
852 4437 1124 4492 dominum
1175 4438 1386 4493 referre
1443 4439 1653 4494 dictum
1709 4447 1814 4494 est.

227 4531 413 4588 Cosa.
439 4528 458 4600 ]

1836 3294 1885 3359 C

1910 2054 2046 2108 sius.
2074 2053 2181 2107 Cur
2213 2051 2445 2106 rotunda
2481 2050 2664 2120 potius
2688 2064 2850 2118 quam
2913 2049 3069 2117 plana
3107 2045 3188 2097 νιιι
3244 2043 3479 2111 quodvis

1912 2145 2055 2200 aliud
2096 2159 2199 2198 vox
2231 2145 2521 2212 signiticet,
2556 2141 2842 2195 edisserat.
2874 2139 3017 2209 Lego
3055 2136 3196 2204 apud
3233 2132 3476 2186 Nicrtam

1912 2242 1966 2294 in
2002 2239 2246 2293 Manuele
2271 2238 2304 2292 l.
2341 2253 2410 2291 v:
2451 2235 2787 2305 Ἐὗαρυήχει
2827 2235 2893 2286 τὰ
2920 2230 3199 2301 κύμϐαλα,
3232 2230 3321 2282 ubi
3373 2227 3477 2278 alia

1913 2334 2074 2388 lectio
2109 2332 2273 2386 habet
2299 2330 2662 2397 ἀνακαράδαι.
2703 2327 2841 2381 Sunt
2881 2327 3061 2392 itaque
3099 2324 3168 2375 τὰ
3223 2320 3478 2385 ἀνάκαρα

1911 2425 2102 2479 eadem
2127 2437 2249 2491 qua:
2280 2419 2540 2489 κύμϐαλα
2566 2434 2580 2472 :
2610 2427 2662 2470 at
2687 2415 2931 2486 cymbala
2965 2430 2993 2467 a
3027 2409 3299 2483 tympanis
3318 2422 3476 2464 quam

1912 2518 2148 2581 diversa,
2174 2515 2300 2569 licet
2332 2515 2385 2566 in
2411 2510 2641 2582 Cybeles
2663 2509 2852 2562 matris
2884 2509 3108 2561 deorum
3139 2519 3166 2556 a
3203 2499 3376 2554 Gallis
3412 2497 3477 2550 ad

1912 2609 2141 2666 invicem
2170 2611 2360 2676 Juncta
2394 2603 2577 2670 ;unde
2603 2611 2654 2656 et
2690 2601 2984 2671 Apionem,
3049 2596 3140 2666 qui
3210 2609 3269 2647 se
3324 2605 3478 2659 cym-

1912 2698 2298 2757 balummuudi
2327 2695 2593 2765 iactabat,
2618 2703 2932 2764 tympanum
2971 2685 3278 2758 juventutis
3297 2681 3482 2754 potius

1913 2791 2216 2849 vocandum
2245 2788 2481 2844 asseruit
2513 2787 2790 2840 Tiberius.
2810 2783 2941 2849 Quae
2971 2781 3187 2836 tandem
3218 2775 3482 2847 κύμϐαλα

1913 2885 2114 2941 Suidas
2144 2901 2161 2938 ε
2190 2881 2482 2948 Θυμελικὰ
2529 2881 2778 2947 culpata,
2806 2877 3123 2930 histrionum
3176 2869 3377 2924 musica
3432 2875 3482 2920 et

1916 2977 2123 3031 ludicra
2149 2976 2522 3030 instrumenta.
2554 2973 2606 3026 ln
2648 2962 3063 3041 epigrammate,
3085 2965 3194 3018 Καὶ
3230 2955 3471 3030 adimat)?

1914 3069 2182 3136 ὀξύδουπα
2204 3064 2553 3137 κοιλιχειλεα.
2601 3060 2892 3116 Turnebus
2927 3059 3154 3112 Advers.
3192 3069 3347 3114 XXVI,
3384 3052 3477 3112 53.

1915 3164 1970 3221 in
2005 3166 2109 3220 hoc
2134 3159 2458 3232 Propertii:
2516 3156 2776 3228 Cymbala
2828 3153 3072 3208 Thebano
3131 3160 3470 3214 concrepuere

1917 3257 2041 3321 deo,
2077 3253 2136 3311 Si
2166 3254 2291 3326 quis
2316 3267 2403 3308 me
2435 3251 2614 3320 reget.
2667 3245 2869 3316 inquit,
2942 3242 3104 3314 quale
3168 3235 3482 3311 cymbalum

1922 3349 2111 3414 fuerit,
2161 3361 2285 3402 eum
2347 3343 2562 3399 mittam
2621 3341 2686 3394 ad
2777 3338 3000 3392 herbam
3067 3330 3482 3400 c0tyleuonem,

1918 3443 2078 3512 cujus
2103 3440 2234 3496 folia
2257 3437 2489 3510 cymbali
2527 3433 2763 3504 speciem
2839 3427 3106 3484 referunt.
3157 3419 3484 3512 Scribonius

1918 3511 2167 3602 Largus:
2208 3531 2342 3586 Item
2370 3535 2719 3582 mentastrum
2756 3522 2834 3576 vel
2868 3521 3099 3574 radicem
3132 3511 3483 3576 κοτυληδόνος

1915 3642 2031 3697 qua:
2053 3622 2213 3677 Iterba
2241 3620 2440 3676 similia
2469 3618 2605 3697 folia
2657 3613 2915 3686 cymbalis
2975 3609 3152 3663 habet.
3202 3603 3328 3697 Hice
3371 3602 3482 3656 ille.

1915 3695 2073 3773 Addo
2102 3714 2480 3784 cotyledonem
2514 3696 2678 3764 e‘tiam
2707 3702 3023 3776 cymbalion
3063 3697 3206 3766 apud
3241 3695 3481 3764 Tragum

1915 3807 2121 3864 vocari.
2151 3805 2284 3860 Vide
2316 3805 2542 3873 ﬁguram
2565 3800 2706 3869 apud
2735 3794 3078 3851 lllattbiolum
3110 3788 3322 3846 etalios
3355 3786 3482 3856 phy-

1916 3901 2152 3968 siologos
2189 3893 2524 3949 Dioscuridis
2559 3898 3051 3944 commentatores.

1990 3991 2049 4046 P.
2081 3989 2173 4044 52.
2213 3985 2369 4058 ['Ort
2398 3987 2431 4039 ὀ
2473 3980 2959 4052 πρωτοστράτωρ.
2981 3973 3212 4043 Scriptis
3249 3986 3279 4024 a
3329 3968 3484 4024 Gret-

1918 4099 2042 4142 sero
2074 4093 2197 4153 post
2223 4079 2520 4136 Meursium
2544 4077 2611 4131 de
2631 4089 2796 4130 cursu
2811 4081 2880 4127 .et
2907 4067 3226 4125 cursoribus
3253 4062 3396 4118 addo
3420 4077 3484 4114 ex

1919 4175 2268 4232 Tacticorum
2327 4169 2528 4226 Leonis
2587 4165 2811 4222 cons.7
2869 4162 3052 4217 locum
3115 4154 3359 4211 auctoris
3417 4154 3484 4206 de

1918 4274 2318 4338 protostratore
2342 4259 2671 4319 sententiam
2702 4258 2902 4312 diserte
2939 4250 3304 4320 explicantem
3335 4262 3351 4300 :
3388 4243 3482 4338 Ἑ-

1917 4336 2051 4431 τέρα
2068 4359 2125 4413 δὲ
2154 4359 2390 4427 κίνησις,
2405 4353 2547 4408 ὥστε
2570 4349 2890 4422 ἔπιδιώκῃς,
2921 4345 3008 4401 ὁτὲ
3029 4342 3128 4413 μὲν
3150 4341 3248 4394 σὺν
3271 4336 3485 4407 ξλασὶᾳ,

1918 4453 1993 4516 ὡς
2025 4452 2372 4521 κο·3ροωρας,
2437 4445 2532 4510 οὒς
2556 4446 2603 4499 οι
2662 4442 2760 4497 νῦν
2812 4438 3164 4512 προκλὰοτας
3212 4433 3486 4502 λέγουσιν,

1920 4545 2009 4597 ὁτὲ
2049 4544 2104 4596 δὲ
2136 4538 2604 4608 συντεταγμένως,
2629 4535 2705 4600 ὡς
2745 4532 3140 4602 διαφένσωρας,
3169 4524 3265 4588 οὒς
3324 4523 3496 4592 ἡμεῖς

302 4624 458 4679 Ibid.
484 4621 685 4677 Junius
710 4623 837 4692 legit
881 4622 978 4676 τοῦ
1021 4622 1334 4692 βεπιαρίου
1367 4621 1542 4685 ἐντός,
1572 4628 1627 4674 et
1686 4620 1809 4676 huic

1926 4633 2200 4704 καλοῦμεν
2229 4633 2495 4694 ἐκδίκους.
2521 4630 2631 4681 Καὶ
2675 4629 2722 4679 εἰ
2753 4626 2850 4696 μὲν
2872 4623 2947 4685 ὡς
3007 4620 3332 4689 κούροωρας
3373 4611 3482 4704 χρὴ

228 4734 347 4772 sua:
373 4716 675 4785 scriptura:
697 4716 834 4769 mira
861 4715 1144 4782 phasmata
1173 4714 1531 4784 superstruit,
1565 4713 1632 4768 ad
1669 4729 1819 4768 ver-

230 4813 364 4866 bum
405 4826 424 4863 :
469 4806 714 4863 Vestiarii
732 4809 869 4876 quod
916 4817 992 4862 est
1014 4809 1157 4862 intus
1208 4809 1426 4878 (nempe
1490 4808 1544 4861 in
1590 4806 1817 4862 cerebro

227 4903 418 4972 Junii)
443 4913 491 4957 et
517 4904 804 4958 interioris.
845 4901 905 4956 Et
936 4917 1062 4957 mox
1099 4903 1204 4957 tria
1251 4902 1506 4962 vestiario
1569 4901 1816 4964 adducit,

228 4996 556 5052 vestiarium
590 4994 810 5066 proprie
843 4996 1052 5050 dictum
1093 5010 1124 5049 a
1161 5003 1331 5060 veste,
1363 5004 1417 5049 et
1484 4994 1812 5049 vestiarium

229 5104 428 5143 minus
458 5085 680 5156 pr0prie
713 5089 977 5155 ταμιεῖον,
1015 5096 1066 5141 et
1120 5088 1436 5142 vestiarium
1497 5086 1816 5140 vestibulum

227 5183 457 5252 palatii,
493 5195 588 5248 per
610 5180 951 5234 catachresin
1009 5195 1102 5236 seu
1128 5181 1362 5235 abusum
1420 5178 1584 5251 254
1637 5181 1812 5234 vocis.

228 5277 356 5329 Duo
388 5274 576 5342 priora
599 5273 855 5327 vestiat-ia
905 5271 1288 5341 agnoscimus;
1320 5271 1540 5326 tertium
1594 5285 1810 5325 summa

227 5366 552 5423 catachresi
585 5366 876 5420 conlictum
907 5366 1186 5427 athuum
1243 5373 1523 5419 auctorem
1582 5362 1813 5422 remitti-

231 5472 389 5510 mus.
418 5455 560 5509 Dicit
582 5454 826 5509 Codinus
877 5455 1186 5508 vestiarium
1247 5454 1351 5507 hoc
1405 5455 1566 5522 vulgo
1628 5453 1811 5506 vocari

230 5545 662 5615 ἁλλαξιμάριον,
691 5546 758 5598 ab
782 5545 1036 5600 ἀλλάσσω
1064 5555 1230 5598 muto.
1267 5543 1402 5599 Hinc
1428 5543 1651 5614 ἄλλαξτς
1688 5559 1811 5596 mu-

239 5638 402 5697 tatio,
455 5643 514 5689 et
569 5633 980 5705 ἁλλαξιμάριον,
1033 5634 1192 5704 quasi
1246 5634 1397 5690 dicas
1452 5635 1808 5692 mutatorium

237 5728 444 5783 Csns.

309 5820 618 5896 lb.[Quasi
677 5823 1024 5874 mutatorium
1090 5820 1514 5889 ἁλλαξιμάριον,
1577 5821 1807 5890 optime.

226 5915 302 5968 At
333 5931 444 5968 uun
479 5917 550 5975 ita
573 5925 736 5973 vestes
789 5923 991 5968 mutare
1040 5912 1313 5983 significat
1375 5914 1431 5970 τὸ
1485 5913 1806 5983 ἀλλάττειν,

1921 4703 2111 4787 xtvaiv,
2133 4720 2482 4792 παράγγελλε
2527 4718 2766 4788 «Δρόμῳ
2819 4713 2937 4774 ἔλα,
2972 4729 2992 4763 ι
3059 4710 3151 4763 καὶ
3213 4706 3317 4767 ἕως
3371 4703 3486 4761 ἐνὸς

1922 4819 2103 4891 μιλίου
2133 4815 2441 4871 ἀποκινῶσι
2477 4812 2576 4865 σὺν
2627 4807 2819 4878 Hatria
2848 4823 2864 4838 ο
2898 4805 2993 4858 ἐὰν
3053 4804 3110 4856 δὲ
3137 4801 3214 4863 ὡς
3271 4795 3485 4891 δ-ιαφέν-

1920 4887 2125 4982 οωρας,
2155 4907 2502 4978 παράγγελλε
2536 4903 2718 4957 «Μετὰ
2756 4900 2851 4968 τῆς
2879 4896 3084 4960 τάξεως
3114 4887 3422 4982 exalat—30$“
3442 4903 3479 4982 ⁸ι

1917 4978 2017 5057 καί
2064 4997 2403 5054 ἀκολουθῶσι
2468 4992 2943 5061 συντεταγμένους.
2999 4985 3078 5040 Ex
3128 4984 3233 5037 hoc
3285 4978 3487 5034 Leonis

1918 5096 2083 5150 alium
2111 5091 2342 5150 Cedreni
2373 5088 2648 5159 percipies
2678 5087 2856 5140 locum
2895 5081 2951 5136 in
2991 5076 3254 5134 Micliaele
3309 5075 3484 5129 Curo-

1915 5185 2112 5256 palate.
2143 5184 2379 5238 Leonem
2408 5179 2725 5234 Armenium
2756 5174 3046 5245 imperium
3071 5168 3478 5238 auspicantem.

1917 5278 2119 5346 regiam
2153 5286 2558 5343 assumpturum
2619 5280 2848 5330 vestem,
2910 5278 3262 5320 communem
3322 5271 3485 5327 quam

1918 5368 2223 5436 tleponebat
2245 5364 2321 5435 τῷ
2349 5365 2460 5415 τῶν
2493 5356 2819 5430 ἱπποκόμων
2859 5356 3210 5428 στρατεύοντι
3235 5351 3482 5421 Μιχαὴλ,

1914 5456 2326 5526 prostastratori
2359 5453 2632 5514 IIichaeli.
2695 5450 2862 5504 Balbo
2917 5448 3202 5512 nimirum,
3263 5443 3484 5499 dedisse

1917 5551 2195 5609 retulerat,
2250 5545 2612 5615 eumdemque
2633 5542 2760 5596 dato
2786 5538 3071 5594 intervallo
3106 5536 3172 5590 de
3193 5529 3480 5604 tyrannide

1915 5637 2163 5692 all‘ectata
2196 5647 2516 5707 suspectum
2547 5652 2574 5688 a
2595 5634 2777 5689 Leone
2809 5633 3036 5686 missum
3069 5627 3303 5681 τακτικὰ
3334 5623 3482 5675 διδά-

1918 5746 2072 5783 σκειν
2091 5731 2180 5782 τὸν
2214 5731 2318 5782 ὑπὸ
2349 5736 2508 5800 χεῖρα
2537 5728 2667 5782 λαόν
2718 5724 3002 5781 describit.
3057 5721 3125 5777 Ut
3181 5718 3310 5788 quid
3371 5714 3480 5770 nisi

1913 5823 2038 5890 quia
2062 5838 2319 5878 cursores
2349 5833 2401 5876 et
2427 5821 2771 5886 defensores,
2799 5827 3022 5871 auctore
3041 5820 3201 5872 teste,
3221 5809 3473 5875 ducebat,

1913 5916 1988 5972 ita
2020 5915 2085 5969 τὰ
2116 5916 2344 5971 τακτικά
2376 5932 2470 5973 eos
2508 5915 2704 5971 docere
2745 5905 3064 5968 teneretur?
3093 5902 3265 5958 Gesn.
