3936 6650
439 429 546 491 28}

1512 438 1637 525 ..ΙΝ
1682 439 1985 509 LIBRUM
2030 439 2125 500 DE
2167 436 2486 505 OFFiCllS
2514 448 2631 506 CF.

3577 444 3685 509 284

513 542 655 598 Ibid.
693 548 1181 615 Κουρσευόντων.
1227 553 1569 625 Κοιδρσεύειν
1600 565 1688 607 est
1750 555 2009 620 pra’dari,

2138 567 2301 612 Ittleul
2338 561 2561 626 φυτίλια
2593 559 2891 624 censenda,
2924 568 3175 629 reparata
3228 576 3292 615 ex
3349 553 3534 627 Regiis
3554 578 3688 615 vera

436 637 648 703 prrcdas
673 655 842 707 agere.
879 640 1113 695 Possunt
1158 653 1335 698 tamen
1366 648 1453 701 hic
1479 663 1572 715 per
1600 646 2009 718 κουρσεύοντας

356 780 362 785 ,
437 728 603 780 etiam
640 730 715 781 illi
759 730 988 802 intelligi
1029 737 1121 804 qui
1179 739 1231 790 in
1296 740 1484 797 hostes
1554 754 1710 795 extra
1760 743 2007 796 ordinem

440 820 798 875 excursiones
830 822 1060 878 faciunt.
1108 829 1275 882 Paqu
1304 840 1423 895 post
1472 832 1539 884 τὰ
1600 834 2012 902 κουρσευόμενσ.

440 907 604 979 255
625 921 751 966 sunt
772 916 963 980 spolia,
995 921 1208 985 praedic.
1234 919 1297 973 Et
1324 921 1465 976 infra
1507 939 1554 976 c.
1587 924 1654 977 16
1686 926 1887 978 dicitur
1906 926 2013 978 ἀπὸ

441 1000 537 1053 τοῦ
568 1006 803 1073 κο·’ρσου
829 1009 947 1061 dari
1001 1027 1124 1078 pars
1152 1014 1343 1081 quinta
1397 1016 1713 1083 imperatori
1750 1034 1764 1071 :
1829 1018 2012 1087 inepte

442 1090 638 1147 Junius
657 1112 723 1147 ea:
750 1113 928 1164 cursu,
964 1112 1112 1156 verte
1156 1120 1219 1157 cx
1250 1106 1456 1171 spoliis.
1488 1107 1687 1173 Quinta
1716 1125 1840 1177 pars
1869 1112 2016 1166 cedit

443 1189 759 1244 rationibus
803 1207 898 1245 seu
936 1198 1130 1248 atrario
1157 1198 1321 1267 regis,
1357 1202 1714 1271 πενταμοιρία.
1740 1220 1754 1264 ;
1776 1218 1872 1271 pro
1904 1219 2015 1271 quo

446 1279 616 1333 codex
647 1283 777 1337 vitio
804 1285 1014 1340 librarii
1060 1293 1456 1360 πανταμοιρξα.
1518 1291 1652 1347 Vide
1706 1295 1906 1360 Rigalt.
1958 1297 2013 1349 in

446 1369 627 1427 Glass.
659 1374 723 1427 V.
768 1377 1014 1449 Κούρση,
1052 1382 1142 1435 ubi
1204 1382 1427 1437 iunium
1479 1387 1828 1453 reprehendit
1867 1387 2016 1455 qUod

447 1466 556 1517 ὰπδ
586 1469 692 1521 τῶν
724 1474 1193 1545 κουρσευομένων,
1228 1492 1279 1544 p.
1314 1478 1399 1541 59,
1436 1492 1486 1534 ο.
1522 1479 1572 1543 5,
1616 1480 1777 1532 vertit
1810 1497 1842 1533 α
1892 1496 2020 1545 cur:

448 1560 671 1623 scribus,
705 1565 828 1632 quia
865 1568 1181 1623 vertendum
1208 1580 1325 1624 erat
1353 1588 1417 1624 ex
1470 1574 1677 1641 spoliis,
1718 1590 1782 1626 ex
1813 1574 2018 1643 prwda.

451 1651 588 1706 lliuc
614 1656 955 1726 κουρσεύειν,
988 1670 1039 1714 et
1067 1672 1124 1716 ut
1153 1663 1205 1716 in
1252 1663 1665 1720 Turco-Gra-cia
1688 1666 2019 1737 κουρσεύουν

449 1747 700 1812 ρνιιτιηνί,
737 1751 998 1817 populari,
1040 1754 1116 1808 sic
1142 1771 1193 1823 p.
1227 1757 1293 1809 57
1336 1756 1614 1826 δεφένσωρ
1632 1756 1741 1810 τῶν
1758 1776 2021 1827 κουρσευ-

449 1836 621 1891 ὄντων
653 1844 854 1896 rectius
885 1843 1131 1900 redditur
1179 1849 1427 1910 defensor
1476 1867 1656 1905 eorum
1720 1853 1810 1921 qui
1868 1864 2020 1907 extra

2115 664 2484 719 germanaque
2515 651 2754 705 lectione
2784 641 3051 706 discisz
3070 664 3191 706 esse
3218 651 3326 705 τῶν
3388 668 3689 721 κουρσιυο-

2118 740 2298 809 μένων
2328 741 2488 806 ζώων
2517 743 2695 796 πάντα
2725 744 2792 795 τὰ
2820 744 3065 806 ποικίλα,
3113 744 3461 797 animantium
3502 744 3689 810 prmda

2116 843 2391 901 captorum
2444 851 2765 904 qmrcunque
2816 836 2939 900 pilis
2985 845 3035 890 et
3087 834 3259 889 colore
3306 846 3432 888 sunt
3485 835 3640 888 varia
3674 851 3693 887 :

2117 927 2325 995 qumvis
2356 926 2499 993 enim
2529 926 2823 982 discoloria
2845 927 3013 980 etiam
3039 926 3198 980 hodie
3217 936 3412 981 vocant
3441 926 3693 985 ποικίλαι,

2117 1019 2422 1087 eadetuque
2452 1020 2503 1071 in
2532 1018 2943 1087 protostratoris
2965 1027 3167 1073 sortem
3199 1033 3262 1072 ex
3290 1010 3472 1087 praeda
3504 1019 3694 1071 oblin-

2120 1118 2254 1181 gunt
2286 1125 2385 1163 cett
2412 1110 2532 1179 ejus
2563 1111 2806 1178 φυτίλια.

2193 1200 2277 1254 Ib.
2342 1201 2447 1273 [Τὰ
2473 1203 2922 1270 προστάγματα.
2990 1200 3333 1271 Ὲντάλματα
3380 1208 3541 1255 vocat
3601 1198 3697 1253 ius

2120 1292 2235 1347 GR.
2266 1302 2315 1345 et
2351 1292 2649 1358 διατάξεις.
2679 1292 2879 1364 ϐολι]
3660 1314 3664 1318 ‘

2191 1383 2355 1456 256
2396 1384 2453 1440 P.
2482 1385 2571 1440 32.
2612 1385 3008 1455 Cbrysobullas.
3039 1384 3229 1440 Graece
3260 1384 3329 1437 τὰ
3362 1382 3695 1454 χρυσόεου).ο

2121 1473 2190 1527 λα
2222 1484 2277 1528 et
2306 1473 2677 1542 χρυσόσουὶα,
2713 1490 2877 1527 aurea
2905 1473 3073 1528 bulla.
3112 1479 3154 1529 Δ
3191 1474 3368 1544 sigillo
3392 1486 3599 1535 nomen
3630 1474 3697 1525 sd

2122 1565 2363 1633 integras
2395 1566 2605 1622 litteras
2634 1568 2806 1621 venit.
2856 1565 2998 1620 Hinc
3053 1568 3217 1622 etiam
3265 1569 3696 1621 constitutiones

2122 1658 2441 1727 pontiﬁcum
2465 1659 2831 1714 Romanorum
2856 1658 3015 1713 bulla:
3028 1659 3312 1723 dicuntur,
3334 1668 3387 1712 et
3403 1658 3697 1711 bullarium

2124 1750 2262 1805 liber
2294 1752 2344 1803 in
2382 1765 2491 1819 quo
2542 1750 2648 1806 illa:
2704 1751 2897 1806 littera:
2949 1766 3046 1806 seu
3103 1752 3265 1806 bulla:
3316 1751 3696 1805 continentur.

2127 1839 2285 1894 Bulla
2315 1843 2529 1909 proprie
2557 1851 2639 1896 est
2664 1842 2953 1896 orbiculus
2977 1856 3074 1897 seu
3104 1849 3485 1898 ornamentum
3518 1841 3701 1896 ciren-
3726 1883 3738 1897 .

451 1931 688 1986 ordinem
720 1934 773 1988 in
803 1935 975 2015 hostes
1002 1943 1363 2007 procurrendo
1396 1942 1525 1997 dant
1571 1943 1823 2013 impetum
1846 1955 1895 1998 et
1920 1961 2019 1998 an-

2138 1929 2496 2003 laris'formae,
2533 1946 2769 1997 superne
2799 1932 3047 1985 clausum
3075 1938 3128 1985 et
3166 1930 3315 1985 intus
3345 1930 3528 1986 cordis
3561 1930 3701 1997 tign-

452 2032 502 2076 tc
518 2039 691 2080 omnes
713 2028 992 2085 dimicant.
1028 2032 1291 2089 Cursores
1322 2036 1464 2089 enim
1498 2052 1594 2092 seu
1631 2038 2024 2106 κουρσεύοντες

456 2126 584 2171 sunt
623 2120 897 2191 πρόμαχοι
921 2125 967 2175 oi
1007 2129 1403 2197 προτρέχοντες
1424 2131 1521 2198 τῆς
1568 2130 1932 2197 παρατάξεως
1964 2133 2022 2184 ἐν

454 2210 520 2277 τῇ
550 2211 794 2280 συμϐολῇ
827 2214 920 2267 τοῦ
948 2214 1185 2288 πολέμου
1220 2220 1312 2271 καὶ
1341 2222 1448 2282 τοῖς
1471 2221 1768 2288 φεύγουσιν
1803 2222 2022 2291 ἐχθροῖς

454 2299 621 2364 ὀξέως
650 2302 1053 2373 ιπιτιθέμενοι,
1117 2318 1175 2361 ut
1211 2309 1285 2361 ait
1327 2309 1379 2362 in
1442 2311 1556 2365 suis
1619 2309 1858 2368 Tacticis
1912 2313 2023 2368 Leo

455 2388 771 2459 imperator.
809 2392 936 2449 item
965 2412 1221 2452 cursores
1250 2410 1379 2453 sunt
1407 2400 1635 2471 ἐνεδροι.
1663 2414 1719 2457 ιιι
1744 2403 1885 2457 idem
1918 2404 2024 2458 im-

458 2491 681 2549 perator
710 2482 908 2548 docet;
944 2486 1118 2554 deque
1156 2488 1242 2544 his
1271 2488 1511 2560 loquitur
1539 2492 1887 2563 Curopalata,
1917 2511 2022 2550 non

456 2581 635 2625 autem
676 2577 742 2627 de
766 2577 1106 2642 cursoribus,
1134 2594 1274 2647 quos
1306 2581 1480 2637 Graeci
1538 2582 1785 2653 δρομεῖς,
1846 2584 2024 2640 Latini

457 2663 672 2730 proprie
701 2679 941 2719 cursores
970 2654 1277 2724 nominant.
1327 2671 1503 2726 Etiam
1565 2670 1773 2731 Latinis
1835 2679 2025 2734 mediae

456 2753 635 2807 aetatis
666 2756 896 2808 cursarii
922 2764 1048 2810 sunt
1084 2760 1368 2827 praedones
1403 2773 1457 2817 et
1488 2765 1699 2833 piratae.
1726 2771 1820 2838 qui
1853 2778 2026 2824 terras

459 2852 514 2898 et
540 2846 706 2901 maria
736 2849 1037 2915 praedarum
1063 2853 1232 2921 gratia
1266 2867 1624 2924 percurrunt.

534 2934 605 2988 De
621 2939 976 3004 pentammria
1002 2941 1311 3021 imperatori
1325 2960 1389 2999 ex
1409 2946 1597 3014 spoliis
1619 2947 1794 3004 danda
1811 2949 2029 3018 elegans

460 3036 638 3084 exstat
668 3031 818 3088 locus
856 3033 905 3086 in
928 3033 1169 3101 Historia
1194 3036 1423 3095 Joannis
1452 3040 1824 3097 Cantacuzeni
1855 3062 1868 3101 :
1903 3038 2028 3100 nam

461 3135 587 3177 cum
616 3121 683 3178 de
714 3124 854 3178 bello
878 3125 945 3180 ab
985 3127 1304 3185 Andronico
1367 3132 1702 3201 imperatore
1767 3134 2031 3192 adversus

463 3212 701 3304 Albano;
733 3227 885 3284 gesto
912 3220 1234 3289 partitisqne
1274 3224 1394 3278 sine
1422 3241 1651 3281 numero
1677 3227 1867 3297 spoliis
1896 3230 2025 3297 agit,
2052 3241 2098 3304 ο

465 3294 547 3357 sic
578 3314 772 3374 praeter
793 3318 984 3361 caetera
1011 3311 1205 3365 scribit
1231 3328 1245 3365 :
1283 3313 1484 3377 Ἐθους
1503 3317 1558 3367 δὲ
1585 3294 1740 3379 ὄντος
1763 3294 2031 3388 «perrepat;

466 3396 530 3464 τῇ
563 3398 809 3467 στρατιᾷ,
842 3399 1058 3453 ἐπειδάν
1092 3419 1238 3465 τινος
1288 3407 1604 3475 κρατήσωσι
1631 3407 1783 3472 λεῖας
1817 3409 1849 3480 ἢ
1878 3409 2031 3461 πλεί-

467 3480 640 3558 ονοςῆ
675 3489 998 3558 ὲ).ἀττονος,⁶
1047 3492 1145 3564 τὴν
1197 3495 1456 3566 πέμπτην
1518 3501 1713 3571 μοῖραν
1773 3501 2035 3573 παρέχειν

469 3579 987 3652 ἀριστεῖονβισιλεῖ,
1020 3589 1113 3640 καὶ
1152 3588 1270 3657 μετ’
1296 3590 1505 3644 ἐκεῖνον
1534 3592 1613 3661 τῷ
1651 3594 1886 3665 μεγάλῳ
1944 3595 2035 3648 δο-

475 3672 713 3743 μεστὶκῳ
748 3675 870 3745 tot):
895 3670 981 3729 οἷα
1002 3678 1064 3746 δὴ
1095 3679 1194 3746 τῆς
1224 3681 1526 3753 συμπάσης
1549 3686 1843 3760 ἡγουμένῳ
1873 3705 2038 3760 στρα-

471 3762 612 3823 τιᾶς.
647 3762 768 3815 τότε
798 3765 954 3819 οὐδὲν
985 3769 1204 3823 ὲποίουν
1258 3772 1369 3825 τῶν
1429 3774 1728 3842 εἰωθότων,
1786 3777 1905 3831 οὑδέ
1953 3794 2039 3841 τις

474 3853 707 3921 ἠνώχλει
734 3855 927 3919 αὐτοὺς
960 3861 1088 3929 napi.
1114 3863 1212 3931 τῆς
1244 3866 1505 3932 πέμπτης
1540 3866 1760 3936 μοίρας,
1795 3866 1911 3921 ἀλλ’
1932 3867 2042 3924 ὦσ-

477 3960 582 4012 περ
605 3944 664 4009 ἐξ
686 3947 928 4001 ἀεννάων
987 3953 1249 4021 ποταμῶν
1298 3956 1424 4025 ἐξῆν
1484 3956 1724 4029 ἑκάστῳ,
1774 3958 1917 4013 ὅσων
1973 3960 2040 4013 ἂν

476 4035 736 4105 βούλοιτο,
761 4039 952 4111 κύριος
986 4045 1260 4112 γενέσθαι.
1294 4046 1419 4102 llam
1452 4047 1896 4105 Cantacuzentts.

549 4128 631 4185 Ib.
670 4130 810 4188 Dicit
842 4134 1085 4193 Codinus
1134 4148 1584 4207 protostratorem
1622 4158 1684 4195 ex
1715 4142 1891 4211 prasda
1950 4156 2041 4198 ca-

478 4216 607 4289 pere
638 4223 814 4279 πάντα
858 4227 925 4279 τὰ
983 4230 1228 4294 ποικίλα,
1273 4246 1403 4300 quae
1443 4232 1748 4301 appellatur
1798 4233 2039 4301 φυτίλια.

478 4313 609 4378 Qua:
640 4316 711 4370 sit
752 4319 893 4371 ratio
924 4319 1086 4389 hujus
1119 4322 1380 4387 nominis,
1418 4324 1658 4376 nondum
1684 4340 1713 4378 a
1747 4325 1879 4378 viris
1941 4325 2042 4379 do-

479 4407 580 4459 ctis
603 4406 927 4471 explicatum
950 4419 1031 4464 est
1056 4429 1069 4465 :
1103 4427 1225 4465 nam
1254 4414 1395 4483 quod
1425 4412 1623 4469 Junius
1649 4415 1826 4485 [utilia
1860 4418 2041 4482 vertit,

2124 2036 2241 2074 ram
2269 2021 2494 2078 habens.
2521 2019 2662 2075 Olim
2720 2022 2966 2091 pueritiae
2998 2021 3403 2091 appendebatur
3436 2031 3701 2090 tanquam

2123 2113 2418 2167 smuletum
2461 2122 2649 2168 contra
2685 2114 3101 2170 fascinationes.
3137 2114 3219 2167 Ab
3254 2114 3356 2168 hac
3394 2115 3700 2169 orbiculari

2126 2202 2299 2271 ﬁgura
2343 2205 2501 2258 bullae
2540 2206 2866 2262 translatum
2901 2216 2985 2260 est
3014 2221 3210 2259 nomen
3238 2207 3303 2260 ad
3335 2206 3534 2275 sigilla,
3578 2220 3701 2274 qua

2124 2296 2324 2352 litteris
2346 2286 2772 2367 appendunlur;
2804 2306 2934 2355 sunt
2959 2299 3102 2353 enim
3148 2297 3439 2353 circularls
3502 2300 3701 2366 ﬁgura!

2123 2396 2177 2444 et
2205 2389 2332 2459 quia
2354 2388 2631 2444 nonnullis
2659 2390 2852 2445 litteris
2870 2390 3276 2460 appendebatur
3336 2407 3501 2445 aurea
3525 2390 3699 2453 bulla,

2125 2483 2453 2553 quibusdam
2487 2482 2754 2551 plumbea,
2780 2482 3103 2553 quibusdam
3124 2499 3293 2543 cerea.
3332 2483 3463 2539 hinc
3496 2483 3700 2537 factum

2124 2583 2208 2641 est
2244 2582 2302 2626 ut
2339 2572 2471 2641 ipsa:
2497 2571 2662 2626 etiam
2696 2573 2885 2627 littera:
2909 2572 2977 2626 ab
3010 2573 3111 2626 boc
3138 2572 3315 2644 sigillo
3352 2582 3696 2626 vocarentur

2127 2663 2285 2719 bulla:
2314 2678 2493 2717 aureze
2522 2663 2600 2717 vel
2636 2663 2793 2717 bullse
2851 2663 3116 2733 plumbeae
3152 2665 3230 2717 vel
3280 2663 3442 2717 bulla:
3504 2678 3700 2723 ocreae.

2127 2753 2385 2808 nimirum
2410 2755 2807 2825 χρυσόὸουλλα,
2838 2756 3200 2826 κηρόὸουλλα,
3239 2770 3267 2811 a
3288 2754 3696 2825 χρυσόὸοολλςν

2125 2840 2178 2900 et
2210 2845 2591 2915 κηρόϐουλλον.
2636 2848 3001 2919 Chrysobulla:
3052 2864 3324 2904 summam
3388 2844 3696 2903 auctorita-

2131 2947 2238 2991 tem
2276 2938 2621 3005 obtinebant,
2653 2941 2980 3009 subscripta:
3011 2956 3176 2995 manu
3241 2941 3591 3009 imperatoris
3617 2938 3702 2989 διὰ

2130 3027 2499 3107 κιννάϐαρεως
2521 3031 2795 3085 cinnabari
2819 3031 2938 3100 (seu
2984 3031 3236 3101 rubrica).
3263 3029 3406 3097 Quin
3428 3041 3481 3086 ct
3510 3045 3704 3085 cruces

2132 3114 2408 3174 interdum
2440 3121 2733 3176 addebant.
2777 3123 3060 3177 Pltranzes
3088 3126 3124 3177 ι.
3156 3138 3239 3185 tIt,
3268 3124 3341 3178 ιιι
3401 3120 3706 3191 Imperator

2132 3225 2290 3261 manu
2321 3228 2414 3263 sua
2430 3227 2488 3265 eo
2510 3213 2711 3279 vidente
2740 3222 2843 3267 tres
2869 3229 3045 3268 cruces
3107 3213 3385 3271 cinaabari
3425 3216 3487 3267 in
3531 3214 3706 3281 [route

2134 3300 2293 3355 bullte
2325 3302 2393 3355 ad
2421 3303 2873 3371 conﬁrmationem
2920 3322 3016 3374 pro
3048 3306 3425 3360 consuetudine
3450 3306 3705 3373 ezprimit

2135 3387 2433 3466 bullamque
2457 3412 2670 3449 auream
2728 3396 2978 3467 legatoin
3037 3413 3222 3451 manus
3276 3399 3466 3454 tradit.
3525 3397 3704 3452 Etiam

2138 3488 2299 3543 bodie
2329 3487 2549 3555 litteris,
2584 3490 2889 3558 praesertim
2912 3500 3313 3555 contractuum,
3376 3492 3581 3561 apponi
3607 3506 3702 3547 so-

2136 3578 2207 3637 let
2244 3580 2481 3644 thecula,
2504 3581 2796 3651 aliquando
2821 3582 3017 3653 lignea,
3049 3583 3344 3652 aliquando
3367 3599 3433 3637 ex
3479 3584 3707 3649 lamina.

2101 3678 2432 3748 aliquando
2451 3692 2517 3731 ex
2548 3692 2681 3747 pura
2707 3692 2854 3741 cera,
2894 3677 2949 3729 iu
3005 3674 3170 3746 cujus
3213 3675 3396 3731 medio
3455 3675 3702 3742 sigillum

2139 3771 2371 3842 exprimi
2408 3770 2568 3824 solet.
2618 3759 2980 3824 litectbecula
3030 3782 3183 3837 aeque
3216 3776 3363 3824 recte
3419 3767 3708 3821 vocabitur

2141 3861 2284 3916 bulla
2315 3877 2380 3916 ac
2405 3863 2561 3915 theca
2593 3859 2684 3914 illa
2730 3861 3120 3928 imperatorum
3170 3857 3516 3912 Graecorum.
3569 3856 3710 3911 liinc

2144 3951 2445 4024 βουλλεύειν
2503 3952 2708 4004 bullare
2737 3952 2815 4004 VPI
2855 3951 3157 4021 generatim
3217 3949 3430 4003 litteras
3464 3949 3701 4019 signare,

2142 4046 2259 4102 sive
2298 4045 2403 4101 hoc
2464 4059 2558 4114 per
2605 4042 2811 4098 bullam
2871 4042 2963 4098 liat
3006 4043 3121 4099 sive
3165 4042 3369 4113 absque
3412 4041 3603 4107 bulla;
3659 4050 3706 4094 et

2144 4136 2544 4208 βουλὶωτήριον
2586 4135 2852 4206 sigillum,
2881 4133 3087 4199 forma,
3115 4134 3170 4188 in
3196 4149 3305 4203 qua
3335 4134 3491 4188 bulla:
3522 4133 3710 4203 expri-

2144 4235 2387 4285 utuntur.
2420 4224 2669 4279 Incertus
2707 4233 2903 4280 auctor
2929 4224 3069 4292 apud
3127 4221 3507 4293 Etymologum
3535 4242 3551 4276 ;
3582 4222 3707 4274 Ὠτο

2143 4336 2253 4389 περ
2303 4320 2383 4382 εἰς
2438 4316 2499 4369 τὸ
2544 4314 2946 4387 βουλλωτήριον
2970 4316 3312 4385 τυπούμενος
3367 4316 3397 4367 ὁ
3451 4314 3711 4384 μόλυϐδος

2143 4412 2315 4466 τύπον
2347 4408 2496 4462 noue!
2520 4406 2613 4459 καὶ
2676 4409 2864 4461 εἰκόνα
2923 4406 3200 4460 ἀποτελεῖ.
3258 4404 3324 4460 Et
3366 4406 3486 4461 sine
3542 4406 3711 4461 dubio

482 4495 535 4568 id
571 4511 866 4562 paucorum
904 4502 1293 4569 approbatione
1356 4503 1502 4560 fecit.
1539 4507 1677 4560 Sunt
1718 4507 1811 4576 qui
1859 4507 2043 4577 suspi-
2073 4571 2107 4577 Α
2146 4488 2308 4559 bullae
2334 4503 2700 4573 imperatoriae
2726 4498 3072 4571 imperatoris
3100 4498 3386 4567 imaginem
3414 4513 3712 4569 repraesen-

481 4597 672 4640 ceutur
695 4590 981 4658 legendum
1028 4594 1262 4661 βιτά).ια,
1297 4597 1398 4653 hoc
1425 4606 1505 4652 est
1537 4571 1810 4653 victualia.
1833 4571 2039 4657 (Ine-rs.
2073 4571 2116 4627 Β
2151 4599 2356 4657 labant.
2388 4571 2592 4653 (inim.

558 4674 699 4731 Ibid.
731 4677 897 4750 [Vere
926 4680 1104 4750 {utilia
1131 4695 1328 4740 suntet
1358 4688 1638 4757 pueriliter
1660 4704 1687 4741 a
1713 4690 2044 4759 quibusdam

485 4768 691 4839 ingesta
724 4773 867 4827 circa
897 4775 955 4827 τὸ
997 4776 1266 4844 φυτελιον,
1295 4778 1438 4846 quod
1479 4780 1684 4834 Graecis
1728 4784 2050 4837 recentiori-

484 4860 605 4925 bus,
636 4863 775 4918 sicut
800 4864 1086 4921 et'Turcis
1122 4869 1182 4921 τὸ
1240 4868 1362 4933 tltil,
1422 4871 1565 4938 quod
1632 4872 1811 4940 primo
1872 4873 2047 4929 refert

482 4952 817 5024 etlychnium,
851 4958 1041 5013 deinde
1063 4960 1239 5029 funem
1269 4962 1511 5032 pyritem,
1544 4979 1655 5033 quo
1683 4965 1885 5019 milites
1934 4978 2049 5021 tor-

485 5047 684 5099 mentis
707 5050 1060 5116 esplodendis
1111 5053 1319 5107 diutius
1377 5065 1597 5109 servant
1632 5057 1832 5125 ignem,
1864 5057 2046 5112 méche

484 5134 848 5207 .i‘arquebuse,
876 5143 1067 5198 ultimo
1094 5144 1462 5201 vnlnerarium
1526 5149 1824 5217 peniculum
1855 5164 1886 5204 a
1934 5150 2051 5206 cbi-

487 5228 667 5296 rurgis
706 5230 771 5283 ad
792 5232 1015 5289 vulnera
1042 5236 1316 5301 probanda
1350 5281 1364 5297 .
1391 5239 1703 5309 Spoliorum
1726 5243 1909 5311 itaque
1926 5260 2050 5312 par-

489 5330 593 5373 tem
626 5325 1009 5391 protostratori
1043 5330 1378 5398 assignatam
1411 5332 1679 5387 vocabant
1712 5333 1915 5387 milites
1945 5350 2047 5401 φυ-

486 5412 655 5478 ellm,
685 5417 841 5484 quasi
883 5418 947 5471 ad
976 5418 1118 5474 linea
1161 5422 1244 5475 vel
1275 5425 1505 5493 pyritem
1534 5425 1898 5493 comparanda
1936 5425 2051 5480 leve

488 5505 900 5562 adminiculum.
931 5510 1022 5565 Sic
1052 5504 1354 5569 olliciorum
1394 5517 1613 5585 pra'mia
1646 5517 1822 5571 Graeci
1884 5517 2046 5572 iidem

488 5591 771 5669 μαντῐλια,
806 5600 1070 5658 Gallicum
1105 5606 1295 5675 vulgus
1323 5606 1696 5673 cbirotbecas,
1742 5609 2048 5675 puellarum

488 5691 723 5748 a'ciculas
749 5703 855 5750 etc.
882 5696 1093 5762 dicunt,
1125 5710 1185 5752 ut
1237 5701 1378 5772 grati
1432 5700 1612 5770 potius
1645 5701 1812 5756 animi
1862 5718 2052 5756 monu-

491 5794 730 5841 mentum
756 5803 919 5858 quam
951 5792 1121 5847 debiti
1167 5796 1471 5849 mercedem
1499 5804 1553 5849 et
1589 5794 1715 5848 vilia
1773 5810 2051 5850 mercena-

490 5879 693 5936 n'orutn
722 5884 982 5958 obsequia
1011 5898 1363 5959 contpeusata
1394 5890 1728 5961 exprimant.
1790 5884 2048 5955 Qumnant

2222 4692 2365 4750 Ibid.
2419 4689 2527 4762 [Nil
2561 4690 2913 4744 communius
2961 4703 3125 4759 quam
3183 4686 3548 4759 χρυσόσουὶον
3600 4685 3711 4738 sive

2149 4782 2541 4856 χρυσόὸουὶ.λον
2555 4782 2885 4851 imperatoris
2907 4780 3230 4843 mandatum,
3256 4779 3702 4837 constitutionem,

2150 4875 2407 4943 diploma,
2466 4874 2805 4941 rescriptum,
2866 4873 3292 4942 chirographum,
3344 4870 3612 4924 codicillos
3643 4869 3715 4921 si-

2151 4965 2429 5043 gniﬁcare.
2467 4965 2535 5017 At
2574 4978 2681 5017 non
2714 4979 2777 5016 ex
2809 4978 2875 5016 eo
2902 4962 3047 5031 quod
3072 4962 3253 5016 aureis
3279 4961 3474 5015 litteris
3505 4959 3710 5014 scribe-

2153 5045 2328 5127 retur,
2358 5065 2416 5109 ut
2476 5056 2659 5109 innuit
2708 5053 2998 5117 Meursius,
3031 5053 3123 5109 sed
3183 5053 3328 5122 quod
3355 5051 3533 5121 sigillo
3596 5052 3709 5104 sive

2156 5150 2305 5204 bulla
2338 5163 2529 5212 aurea,
2554 5144 2699 5216 quod
2767 5145 2819 5200 in
2887 5145 2967 5199 eis
3017 5145 3307 5213 scriptum,
3372 5143 3706 5197 muniretur:

2152 5258 2462 5315 quanquam
2496 5240 2620 5297 olim
2640 5239 2802 5294 etiam
2827 5238 3009 5293 aureis
3062 5237 3258 5292 litteris
3286 5235 3572 5307 scripsisse
3604 5251 3708 5289 non

2152 5334 2529 5405 denegandum
2575 5329 2914 5402 Luitprando
2964 5329 3214 5385 dicenti:
3273 5327 3702 5397 Χρυσοὸούλιον,

2153 5420 2208 5481 id
2240 5437 2315 5481 est
2336 5424 2609 5492 epistolam
2630 5439 2764 5476 auro
2794 5423 3081 5492 signatam,
3118 5419 3246 5472 mihi
3273 5420 3525 5473 dederunt
3566 5419 3708 5471 vobis

2156 5515 2313 5589 (regi)
2339 5514 2698 5583 deferendam.
2727 5511 2982 5565 Tulertmt
3014 5520 3189 5563 autem
3245 5519 3295 5564 et
3326 5510 3461 5563 alias
3512 5510 3709 5563 litteras

2154 5609 2646 5679 argentosignatas,
2681 5621 2710 5659 a
2767 5602 3083 5675 curopalate
3147 5601 3495 5671 imperatoris
3548 5599 3713 5654 fratre

2155 5703 2222 5758 ad
2260 5701 2561 5754 Rotnanum
2599 5697 2906 5767 pontificem
2974 5694 3192 5750 missas.
3270 5694 3533 5760 Deinceps
3583 5706 3710 5747 vero

2156 5794 2353 5851 litteris
2382 5805 2660 5861 purpureo
2693 5789 2907 5858 liquore
2939 5787 3120 5841 ductis
3164 5786 3507 5854 subsignavit
3537 5785 3705 5853 impc-

2164 5897 2330 5946 rator.‘
2397 5882 2491 5939 llis
2537 5880 2866 5938 testimoniis
2913 5888 3205 5951 utrumque
3268 5878 3458 5944 liquet.
3513 5872 3709 5930 Niceta:
