3852 6598
401 447 508 512 28⁸1
563 501 568 507 .

1473 461 1556 522 ΙΝ
1598 464 1897 527 LIBRUM
1947 467 2041 527 DE
2099 469 2427 534 OFFlCllS
2481 475 2590 537 Ci‘.

3539 479 3645 543 288

402 562 612 617 στίκιον
633 579 728 619 seu
768 564 1164 636 δομεστικεῖον,
1205 573 1351 642 quod
1403 586 1492 630 est
1537 593 1624 633 res
1650 577 1961 647 domestica1

2080 589 2216 650 γεῖν.
2252 587 2300 641 ls
2333 589 2473 644 idem
2509 591 2721 644 videtur
2752 589 2852 660 τὴν
2897 587 2990 644 τοῦ
3025 591 3262 662 χάρακος
3320 593 3646 650 ἐπιστασίαν

399 650 692 716 cujusiste
742 669 930 709 curam
1001 658 1246 728 gero-bat,
1307 665 1556 729 quamvis
1611 665 1663 720 in
1728 669 1961 740 catalogt

2075 677 2254 727 πᾶσαν
2291 679 2741 748 ἐπιμελούμενος.
2775 650 3143 750 duropalaileis.
3168 650 3362 756 Coum]
3644 679 3657 692 ’

398 739 740 807 oliicialium,
806 758 966 813 supra
995 763 1045 802 c.
1078 750 1133 809 2,
1168 764 1272 802 non
1321 765 1668 822 compareat:
1698 767 1816 810 erat
1839 739 1972 829 ergo

401 829 505 882 iste
557 829 892 888 domesticus
944 835 1276 904 domesticii,
1323 841 1391 897 de
1449 859 1559 900 ouo
1595 846 1736 901 infra
1767 849 1968 904 iterum

398 919 642 976 Codinus
674 939 724 979 c.
760 924 813 980 7.
847 925 1050 984 ϐιιετε.

472 1052 623 1111 ιιεω
655 1053 852 1128 [Mutat
895 1062 1114 1130 quidem
1140 1053 1385 1134 sensum,
1425 1079 1480 1125 at
1509 1072 1738 1143 corrigit
1767 1085 1824 1129 et
1856 1090 1970 1130 me-

397 1145 586 1200 liorem
638 1149 815 1205 reddit
848 1152 1138 1221 Regiorum
1169 1159 1258 1212 ΑΒ
1292 1161 1474 1229 lectio,
1534 1180 1656 1234 quae
1688 1168 1804 1222 haec
1838 1176 1965 1223 est:

395 1237 506 1289 Kal.
539 1239 697 1293 τοῦτο
733 1243 835 1310 μὲν
870 1246 1002 1300 ἴδιον
1027 1249 1120 1301 τοῦ
1149 1253 1394 1318 μεγάλου
1423 1255 1718 1323 λογοθὲτου
1751 1261 1968 1332 ὑπηρέ-

395 1347 568 1399 τημα,
591 1338 651 1387 τὸ
673 1335 727 1387 δὲ
755 1335 849 1390 τοῦ
867 1344 1225 1407 μεσαστικῖου
1249 1346 1354 1407 (vel
1380 1355 1438 1401 ut
1464 1348 1523 1408 Β,
1555 1353 1969 1419 μεσαστιιιείου)

397 1423 658 1494 ἐνεργεῖν,
699 1419 744 1493 ᾧ
775 1428 844 1481 ἂν
869 1432 1116 1498 ἐπιτάξαι
1152 1437 1180 1487 ὁ
1221 1437 1500 1506 βασιλεύς.
1550 1442 1618 1495 Et
1651 1445 1748 1498 hoc
1777 1461 1970 1502 munus

397 1518 668 1582 proprium
723 1525 1010 1592 estmagni
1042 1525 1325 1596 logotheta:
1357 1531 1446 1600 (ad
1479 1547 1647 1602 reges
1685 1535 1966 1604 nimirum,

398 1609 643 1666 sultanos
669 1623 722 1667 et
749 1616 1038 1684 toparchas
1071 1619 1358 1690 scribere).
1382 1623 1523 1676 intra
1562 1626 1758 1681 limites
1787 1638 1964 1685 autem

395 1700 605 1770 imperii
649 1722 833 1760 sacras
886 1711 1094 1763 mittitis
1135 1713 1224 1764 cui
1275 1714 1566 1782 imperator
1608 1721 1963 1779 mandaverit.

395 1794 470 1847 lbi
501 1798 853 1863 μεσαστίκιον
897 1815 927 1855 a
957 1815 1043 1856 me
1067 1805 1389 1872 appellativa
1424 1807 1954 1877 (Grammaticorum

395 1899 548 1939 more
583 1885 797 1957 loquor)
825 1892 1080 1956 sumitur,
1109 1904 1163 1946 et
1188 1896 1465 1962 subjectus
1520 1901 1834 1969 imperatori
1869 1921 1962 1960 re-

393 1975 602 2044 giones.
655 1994 754 2034 ceu
803 1984 1029 2038 mediam
1067 1987 1187 2056 ejus
1232 1989 1524 2054 ditionem,
1559 1994 1766 2050 referre
1789 1997 1966 2053 addu-

396 2066 531 2123 bito.
555 2067 771 2126 Certior
805 2074 1166 2133 nihilominus
1196 2081 1411 2136 aiiirmo
1451 2087 1808 2154 μεσαστίκιον
1835 2105 1964 2161 pro-

393 2161 572 2228 prium
627 2163 795 2220 oftlcii
858 2183 1057 2224 nomen
1085 2174 1470 2231 aestimandum
1493 2219 1508 2242 ,
1541 2181 1666 2249 ejus
1696 2184 1960 2242 nimirum

393 2252 481 2305 cui
535 2254 774 2324 negotia,
837 2259 1052 2330 imperii
1082 2273 1310 2333 statum,
1377 2280 1610 2338 secreta,
1665 2290 1962 2342 personam

393 2344 568 2414 ipsam
599 2347 859 2407 lidentius
889 2355 1182 2410 committit
1211 2358 1550 2430 imperator;
1576 2380 1701 2420 cum
1732 2384 1843 2438 quo
1870 2385 1964 2424 cn-

392 2450 482 2491 ras
513 2437 738 2507 dividit;
773 2445 864 2512 qui
893 2445 1040 2502 inter
1067 2450 1353 2519 populum,
1398 2455 1628 2525 milites,
1680 2437 1964 2530 senatum,

393 2532 672 2602 principes
695 2547 914 2595 exteros
945 2551 1001 2598 et
1034 2543 1210 2612 ipsum
1243 2547 1627 2616 imperatorem
1664 2555 1871 2610 medius
1909 2568 1966 2614 et

389 2636 657 2691 sequester
709 2629 1037 2699 intercedit;
1082 2639 1175 2706 qui
1221 2653 1344 2694 cum
1374 2642 1440 2696 ad
1474 2643 1580 2699 hoc
1619 2662 1822 2704 munus
1858 2664 1964 2706 non

390 2729 456 2769 ex
507 2719 716 2774 meritis
765 2737 1002 2793 semper,
1053 2729 1202 2783 velut
1237 2731 1533 2803 logotheta,
1582 2740 1676 2793 sed
1736 2756 1802 2795 ex
1844 2743 1962 2798 sola

393 2808 654 2878 principis
680 2815 853 2881 gratia
883 2815 1177 2890 furoreque
1209 2823 1528 2893 advocetur,
1557 2839 1702 2885 recte
1743 2833 1964 2905 scripsit

389 2908 606 2967 auctor,
637 2903 695 2955 τὸ
748 2904 808 2958 δὲ
844 2906 939 2961 τοῦ
1008 2914 1370 2980 μεσαστικίου
1425 2919 1677 2990 ἐνεργεῖν
1729 2903 1964 2995 ίῑιονμιί

392 3007 625 3061 namque
691 2999 974 3066 particula
1021 3003 1136 3073 jam
1199 3009 1493 3075 praemissa:
1525 3013 1794 3086 jungitur)
1828 3011 1872 3085 ᾧ
1899 3017 1966 3072 ἃν

388 3087 685 3153 προστάξοι
718 3091 746 3142 ὁ
775 3090 1031 3158 βασιλεύς
1059 3113 1072 3149 :
1104 3095 1207 3153 hoc
1233 3107 1337 3164 est,
1371 3107 1666 3161 mesasticii
1695 3111 1852 3179 quasi
1878 3111 1965 3167 di-

385 3189 483 3230 cas
513 3182 805 3248 sequestri,
868 3200 1057 3241 munus
1084 3204 1328 3247 exercere
1365 3196 1437 3249 ad
1465 3213 1584 3251 eum
1642 3201 1836 3257 attinet
1867 3207 1955 3260 cui
1983 3205 2028 3263 α

386 3274 693 3338 prteceperit
746 3274 1054 3342 imperator.
1109 3280 1484 3341 Mesasticium
1519 3289 1959 3360 hnjusmodide-

389 3363 585 3418 scribit
643 3365 863 3424 Nicetes
921 3369 1270 3443 Mztnuelis,l.
1301 3393 1351 3434 l:
1412 3382 1730 3440 Μελεδωνὸν
1770 3388 1831 3443 δὲ
1859 3408 1961 3460 με·

389 3454 617 3509 σεύοντα
686 3460 782 3513 καὶ
831 3461 942 3516 τῶν
976 3465 1194 3522 οἰκείων
1223 3469 1618 3547 ὕποδρηστῆρα
1644 3454 1959 3552 διαταγμά-

386 3562 503 3647 των
518 3550 612 3601 τὸν
635 3549 1123 3647 ΣΔγιοΘιοδωρίτην
1148 3560 1367 3632 τίθησιν
1428 3567 1710 3639 Ἰωάννην.
1744 3549 1860 3628 καί
1887 3571 1960 3647 ἦν

388 3636 416 3688 ὁ
445 3637 547 3734 μὶν
593 3639 670 3734 τῷ
703 3645 985 3717 προσώπῳ
1034 3648 1130 3702 τοῦ
1156 3651 1420 3720 βασιλέως
1445 3657 1532 3712 ἀεὶ
1566 3636 1959 3734 ὀπτανόμενος,

388 3732 513 3826 καὶ-
545 3733 619 3787 τὰ
670 3738 863 3792 τούτου
931 3743 1251 3814 ἐντάλματα
1307 3749 1409 3804 ὅσα
1472 3754 1570 3807 καὶ
1599 3732 1872 3826 ἐμφάσεις
1895 3732 1959 3814 ιιι

388 3823 696 3918 σιρείττονος
736 3832 934 3900 μοίρας
968 3835 1340 3907 ἐκδεχόμενος.
1387 3840 1593 3899 Vocem
1634 3823 1958 3918 μεσεύοντα

390 3912 533 3968 inter
553 3914 695 4008 alias
718 3919 968 3984 observo,
993 3925 1071 3995 τῷ
1102 3927 1410 3995 μεσάζοντα
1433 3912 1739 4003 significatu
1767 3954 1956 4008 parem

384 4019 416 4060 a
453 4007 602 4063 nullo
652 4013 953 4082 negaudam
982 4033 996 4069 :
1028 4018 1209 4086 μέγαν
1235 4036 1402 4090 porro
1431 4027 1741 4092 μεσάζοντα
1767 4007 1958 4097 proto-

386 4099 706 4155 vestiarium
765 4104 1099 4172 Cabasitem,
1149 4126 1251 4168 nec
1305 4128 1411 4169 non
1442 4116 1610 4173 alium
1648 4122 1957 4190 μεσάζοντα

385 4189 824 4250 Cantacnzenum
856 4211 1122 4255 memorat
1157 4203 1466 4272 Chronicon
1497 4210 1630 4276 ΟΡ..
1663 4227 1784 4266 eam
1827 4230 1958 4272 vero

387 4283 497 4338 ἀπὸ
524 4285 620 4340 τοῦ
649 4289 911 4356 μεσάζων
941 4293 1299 4359 μεσαστίκιον
1349 4297 1540 4354 deduci
1575 4303 1722 4358 solus
1744 4305 1961 4374 ignorat

386 4377 481 4446 qui
515 4378 701 4435 Graeca
724 4385 923 4438 nescit.
954 4387 1326 4455 Μεσαστίιιιος
1359 4391 1530 4462 igitur
1561 4395 1648 4450 ille
1682 4408 1765 4454 est
1801 4401 1958 4468 μελε-

385 4469 551 4534 δωνδς
581 4474 848 4541 μεσεύων,
872 4477 983 4529 τῶν
1011 4478 1311 4548 βασιλικῶν
1342 4483 1692 4560 ὑποδρηστηρ
1731 4491 1954 4562 διαταγ-
1979 4485 2033 4548 Ι)

389 4562 597 4630 μάτων,
654 4567 750 4619 τοῦ
775 4568 1040 4638 βασιλέως
1072 4573 1141 4625 τὰ
1189 4574 1506 4644 ιντάλματα
1542 4581 1637 4634 καὶ
1687 4582 1957 4651 ἐμφάσεις

386 4653 768 4743 ἐκδεχόμενος,
815 4674 979 4729 quem
1007 4664 1257 4720 eumdem
1325 4677 1521 4726 auctor
1545 4672 1622 4728 ait
1647 4673 1895 4743 ἐνεργεῖν
1929 4677 1958 4731 ὃ

385 4742 453 4798 ἂν
478 4747 728 4814 ἑπιτάξοι
754 4752 781 4803 ὁ
811 4751 1089 4822 βασιλεὺς.
1154 4755 1326 4826 Talis,
1363 4775 1451 4817 me
1481 4762 1688 4832 judice,
1719 4742 1843 4822 ante
1876 4780 1958 4840 ty-

387 4841 671 4896 rannidem
725 4855 998 4915 arreptam
1049 4845 1151 4903 fuit
1185 4849 1424 4918 Phocus,
1455 4855 1548 4924 qui
1583 4856 1956 4928 ιντολικάριος

384 4946 415 4984 a
455 4929 810 5002 Theophane,
847 4954 880 4992 α
919 4941 1090 4995 sacris
1122 4943 1391 4998 mandatis
1419 4944 1596 5003 fuisse
1617 4948 1880 5005 scribitur
1902 4953 1956 5007 in

387 5023 681 5095 Mauricio;
717 5032 890 5102 quiin
919 5035 1066 5101 aula,
1104 5038 1251 5106 quod
1273 5040 1565 5097 mandator
1600 5039 1654 5096 in
1690 5043 1958 5110 exercitu,

385 5118 456 5170 τὰ
510 5122 754 5188 μανδάτα
786 5123 980 5196 γνώμῃ
1036 5126 1133 5179 τοῦ
1160 5128 1425 5203 ἄρχοντος
1468 5131 1667 5200 διδούς,
1689 5149 1960 5205 exsequo-

386 5209 570 5264 batur.
631 5213 706 5266 ita
754 5213 1053 5271 Mauricius
1097 5218 1259 5273 alius.
1296 5222 1382 5288 {At
1412 5222 1610 5277 iterum
1665 5223 1957 5294 TbeOpha-

385 5315 484 5354 nes
509 5317 524 5355 :
571 5303 631 5356 '0
660 5306 890 5376 στρατὸς
916 5306 1320 5379 ἱντολικαρίους
1346 5310 1559 5382 ἔπεμψε
1576 5313 1713 5385 πρὸς
1743 5315 1832 5367 τὸν
1855 5314 1957 5385 βαι

386 5394 562 5451 ctua.

455 5533 623 5604 259
654 5532 766 5606 [Ιὸ.
805 5534 868 5590 '0
897 5535 1086 5608 perac
1107 5538 1662 5610 στρατοπεδάρχης.
1699 5540 1811 5598 Hoc
1837 5543 1958 5615 ejus

386 5622 565 5682 oﬂicio
587 5624 829 5684 Zonaras
851 5628 1088 5685 celebrat
1106 5646 1157 5684 ιιι
1179 5631 1496 5702 Necephoro
1518 5630 1720 5688 Phoca:
1748 5634 1957 5707 Πέτρον

386 5718 672 5789 ἐκτομίαν,
703 5720 1032 5793 δραστήριον
1056 5721 1114 5778 δέ
1142 5740 1204 5790 γε
1237 5725 1333 5779 καὶ
1355 5723 1616 5796 ἐμϐριθῆ,
1650 5729 1742 5780 καὶ
1763 5727 1958 5798 ἄρχειν

387 5811 568 5866 εἰδότα
599 5815 947 5886 στρατιωτῶν
973 5815 1453 5888 στρατοπεδάρχην
1481 5818 1777 5888 ὀιομάσας,
1813 5819 1879 5873 tv‘
1899 5823 1959 5874 ὲν

386 5903 610 5979 Κιλικίᾳ
641 5907 755 5980 δοίη
792 5906 977 5982 χώραν
1013 5911 1075 5981 τῇ
1103 5910 1334 5982 στρατιᾷ
1359 5908 1450 5964 τὸν
1487 5910 1732 5984 χειμῶνα
1763 5910 1956 5982 547a-

2149 769 2232 822 lb.
2309 771 2518 833 Ποτῶν.
2601 783 2754 842 potus
2828 789 2922 828 seu
3011 775 3446 841 poetileutorum,
3539 792 3647 831 non

2073 861 2270 926 ποδῶν,
2304 873 2361 916 ιιι
2399 860 2613 926 Junius,
2645 864 2735 931 qui
2775 865 3126 918 instrumenta
3150 866 3328 918 vertit.
3358 866 3461 920 Sed
3485 869 3653 923 lectio

2075 964 2260 1006 nostra
2316 955 2678 1009 conlirmalur
2715 971 2782 1010 ex
2822 956 3100 1010 codicibus
3130 956 3405 1012 Bavarieis
3427 970 3478 1013 et
3510 959 3653 1014 Lau-

2075 1044 2328 1098 theriano
2358 1065 2371 1110 ;
2413 1054 2465 1098 et
2515 1062 2603 1101 res
2635 1061 2729 1116 per
2759 1061 2817 1101 se
2845 1045 2988 1100 clara
3018 1054 3123 1109 est,
3156 1048 3281 1114 quia
3325 1065 3428 1102 non
3465 1053 3650 1106 minus

2072 1136 2373 1188 curandum
2409 1145 2492 1190 est
2529 1146 2587 1190 ut
2646 1136 2910 1191 exercitui
2964 1152 3071 1192 non
3110 1138 3430 1206 desitpotus
3484 1157 3650 1208 quam

2074 1235 2131 1279 ut
2167 1241 2272 1279 non
2299 1226 2441 1281 desit
2467 1229 2640 1283 cibus.
2669 1229 2873 1283 Gne'rs.
3070 1295 3074 1299 ,

2141 1313 2229 1370 Ib.
2266 1313 2387 1386 [Etc
2408 1313 2524 1384 τὴν
2557 1317 2962 1385 παράστασιν.
2995 1319 3248 1373 Omnium
3281 1320 3374 1387 qui
3414 1323 3652 1391 dignita-

2073 1415 2153 1461 tes
2191 1417 2243 1460 et
2266 1405 2666 1484 omciatenent,
2697 1408 2840 1462 circa
2867 1409 3253 1479 imperatorem
3307 1411 3358 1463 in
3398 1412 3536 1465 solio
3562 1428 3650 1468 se-

2073 1499 2307 1564 dentem,
2340 1515 2460 1554 cum
2497 1499 2723 1554 vestium
2762 1512 3026 1570 apparatu
3059 1511 3111 1556 et
3141 1501 3446 1570 insignibus
3494 1515 3648 1558 stans

2072 1591 2368 1660 famulatus
2389 1599 2473 1647 est
2490 1591 2860 1661 παράστασις.
2879 1591 3274 1662 Δουλοπρεπῶς
3300 1596 3648 1664 παρεστάναι

2072 1675 2292 1746 scripsit
2318 1675 2536 1732 Nicetes
2570 1678 2623 1731 in
2674 1678 2878 1733 lsaacio
2911 1678 3137 1748 Angelo.
3193 1689 3247 1735 et
3287 1681 3521 1736 iterum:
3582 1685 3648 1736 οι

2081 1766 2344 1838 Ῥωμαῖοι
2368 1769 2855 1840 παραστατοῦντας
2882 1770 3095 1839 ἔχουσιν
3127 1769 3397 1834 ἃπαντας.
3430 1773 3485 1826 In
3520 1765 3651 1827 Ale-

1999 1856 2039 1910 Β
2068 1860 2158 1914 xio
2185 1859 2459 1916 secundo:
2518 1859 2680 1931 Εῐχον
2726 1861 2889 1924 εὐθὺς
2935 1865 3056 1926 τοὺς
3112 1865 3495 1934 παρεστῶτας.
3553 1847 3649 1919 καὶ

2067 1952 2292 2023 ὅσοιπερ
2327 1950 2520 2021 ἐκείνῳ
2558 1953 2884 2022 συνήδρευον
2915 1953 3003 2007 διὰ
3037 1953 3231 2021 γένους
3277 1955 3650 2024 λαμπρότητα

2067 2042 2165 2095 καὶ
2183 2042 2514 2111 ἀξιωμάτων
2540 2044 2877 2113 σεμνότητα,
2894 2041 3191 2111 ὁμοφώνως
3207 2043 3646 2112 ἀνακραγόντας.

2067 2130 2286 2199 Imperii
2343 2140 2523 2185 tamen
2577 2131 2799 2202 collega:
2855 2131 3119 2186 assident.
3162 2132 3528 2202 Luitprandus
3582 2135 3650 2192 de

2068 2224 2364 2296 legatione:
2398 2225 2743 2282 Sedebantad
2761 2215 3028 2281 sinistram
3056 2246 3158 2284 non
3189 2230 3243 2282 in
3276 2230 3458 2283 eadem
3479 2231 3646 2292 linea,

2066 2316 2156 2369 sed
2195 2316 2348 2386 longe
2381 2317 2624 2371 deorsum
2656 2319 2762 2373 duo
2809 2321 3017 2389 parvuli
3045 2322 3411 2388 imperatores.
3464 2321 3650 2376 Potuit

2067 2415 2122 2462 et
2155 2406 2336 2464 Caesar
2389 2409 2721 2479 quandoque
2781 2411 2989 2466 sedere.
3052 2409 3412 2482 Theophanes
3453 2413 3504 2466 in
3541 2411 3648 2466 Mi-

2066 2497 2256 2553 cllaele
2285 2497 2572 2568 Theophili
2601 2517 2616 2556 :
2663 2500 2770 2554 Τοῦ
2808 2502 2987 2571 Βάρδα
3014 2503 3292 2576 Καίσαρος
3321 2505 3399 2575 τῷ
3435 2504 3650 2574 βασιλεί

2067 2589 2466 2656 προσελθόντος
2504 2592 2938 2660 συγκαθίσαντός
2962 2612 3019 2648 τε
3049 2597 3144 2650 καὶ
3195 2598 3645 2668 συνομιλοῦντος.

2065 2679 2316 2738 Licuisse
2356 2700 2748 2753 nonnunquam
2781 2687 2902 2743 aliis
2952 2688 3142 2743 sedere
3175 2693 3274 2758 τῆς
3334 2691 3647 2760 ἐπιτροπῆς

2065 2777 2388 2848 γενομένης,
2436 2777 2726 2849 ipsumque
2756 2780 2970 2848 imperii
3016 2780 3280 2852 collegam
3311 2783 3648 2853 quandoque

2067 2869 2310 2932 stetisse,
2340 2878 2527 2923 narrat
2554 2869 2990 2936 Cantacuzenus,
3025 2886 3064 2938 ι,
3091 2870 3143 2926 8.
3195 2869 3306 2927 11οο
3359 2873 3642 2928 assidendi

2060 2956 2154 3028 ius
2209 2963 2491 3030 pontiﬁces
2555 2962 2776 3019 Graecos
2814 2965 2881 3017 ah
2944 2963 3259 3029 Andronico
3312 2965 3646 3034 postulasse,

2066 3064 2242 3122 eoque
2263 3051 2391 3108 licet
2415 3053 2635 3109 obteuto
2665 3055 2893 3110 ridicule
2920 3055 3182 3125 privatos,
3205 3055 3344 3110 libro
3361 3053 3493 3111 Vita
3525 3056 3649 3126 ejus

2069 3158 2154 3210 ιιι,
2177 3145 2230 3211 i,
2250 3142 2466 3201 Nicetas
2492 3146 2748 3202 ostendit.
2774 3149 2846 3201 De
2863 3148 3173 3218 patriarcha
3212 3163 3392 3202 coram
3413 3148 3650 3219 impera-

2065 3246 2181 3294 tore
2221 3239 2449 3295 sedente
2482 3255 2581 3296 suo
2610 3242 2727 3296 loco
2766 3240 2993 3296 dicetur.
3025 3240 3223 3315 Genu]

2140 3330 2223 3385 Ib.
2251 3331 2640 3403 llyperpyrum.
2658 3332 2884 3387 Monetae
2899 3348 3092 3404 genus.
3114 3333 3330 3391 indocte
3346 3335 3544 3391 Junius
3564 3353 3649 3392 ve-

2064 3424 2171 3479 lum
2192 3435 2241 3479 et
2259 3423 2585 3479 involucrum
2610 3424 2802 3480 coloris
2828 3425 2986 3496 ignei.
3013 3425 3192 3498 Longe
3212 3428 3447 3482 deterius
3465 3429 3579 3484 Leu
3590 3447 3651 3500 ne

2061 3517 2274 3574 clavius
2305 3517 2362 3574 in
2414 3516 2685 3588 legatione
2735 3518 2802 3572 ad
2843 3519 3153 3584 Armenios,
3188 3519 3279 3574 ubi
3325 3519 3436 3573 haec
3459 3519 3648 3574 Theo-

2060 3607 2224 3672 riani.
2255 3609 2348 3681 qui
2383 3608 2701 3679 Cpolitanns
2733 3609 2946 3680 legatus
2992 3610 3117 3676 luit,
3150 3609 3316 3666 verba
3343 3611 3644 3681 leguntur:

2064 3701 2349 3754 Ἔστωσαν
2379 3699 2456 3764 ὡς
2480 3701 2537 3753 ἐν
2580 3700 2837 3753 ὑποθέσει
2861 3701 3155 3770 ὑπέρπυρα
3174 3700 3319 3772 τρία,
3358 3703 3484 3770 μιᾶς
3509 3703 3646 3759 ὂντα

2061 3789 2297 3860 φύσεως,
2333 3790 2536 3860 χρυσοῦ
2563 3789 2836 3860 δηλονότι.
2871 3790 2999 3843 'an
3019 3785 3112 3844 οῦν
3141 3790 3351 3844 τούτων
3377 3791 3434 3844 ἓν
3460 3810 3646 3863 πυρα-

2061 3883 2270 3953 κτήσω,
2307 3881 2462 3935 ἔσται
2494 3881 2714 3946 πάντως
2746 3882 2809 3935 τὸ
2853 3883 3365 3952 πεπυρακτωμένον
3389 3881 3484 3936 δύο
3541 3885 3648 3954 φύ-

2062 3991 2221 4041 σεων,
2256 3972 2400 4041 λίγω
2429 3972 2683 4053 δὲπυρδς
2714 3972 2807 4027 καὶ
2830 3971 3054 4043 χρυσοῦ.
3087 3967 3218 4026 Εἶτα
3251 3973 3455 4038 ἐνώσας
3479 3975 3647 4028 τοῦτο

2060 4071 2172 4131 τοῖς
2195 4068 2406 4128 λοιποῖς
2439 4067 2562 4122 δυσὶ
2596 4069 2710 4132 τοῖς
2743 4069 2818 4139 μὴ
2845 4069 3397 4138 πεπυρακτωμένοις,
3449 4069 3647 4137 ὲρωτῶ

2061 4160 2207 4216 πόσα
2235 4159 2330 4214 νῦν
2359 4161 2469 4213 εἰσι
2490 4159 2667 4215 ταῦτα
2697 4161 2765 4214 τὰ
2791 4160 3086 4232 ὑπέρπυρα
3116 4177 3131 4227 ;
3168 4161 3294 4232 τρια
3325 4162 3399 4225 ὡς
3422 4161 3645 4232 πρώην,

2059 4252 2094 4325 ἢ
2126 4252 2211 4306 διὰ
2238 4251 2337 4324 τὴν
2366 4251 2529 4322 φύσιν
2551 4253 2647 4306 τοῦ
2680 4253 2851 4324 πυρὸς
2896 4253 3147 4322 ἐγένοντο
3199 4256 3435 4323 τέσσαρα
3461 4297 3474 4320 ,
3507 4255 3649 4321 Qua:

2059 4345 2329 4414 interpres
2357 4344 2429 4400 ita
2462 4345 2664 4400 vertit:
2695 4343 2814 4399 Sint
2837 4345 2943 4399 tria
2973 4345 3058 4398 hic
3090 4345 3228 4399 velut
3259 4347 3373 4415 igne
3406 4358 3644 4413 potiora,

2059 4448 2286 4504 prorsus
2335 4435 2547 4490 inscite.
2616 4434 2946 4490 Vertendum
2993 4433 3330 4490 :Faciamus
3387 4437 3472 4488 hic
3535 4439 3648 4490 tria

2056 4543 2168 4583 esse
2188 4529 2505 4599 Iayperpyra,
2562 4527 2717 4581 unius
2773 4535 2980 4582 naturae
3026 4541 3114 4580 seu
3150 4527 3406 4592 materiae,
3462 4544 3649 4582 aurem

2054 4620 2196 4674 verbi
2226 4619 2426 4690 gratia.
2452 4619 2514 4682 Si
2537 4619 2700 4689 igitur
2721 4634 2884 4672 unum
2919 4633 2984 4673 ex
3012 4618 3093 4672 his
3122 4619 3386 4687 ignescere
3414 4619 3642 4688 faciam,

2054 4712 2266 4765 omnino
2295 4710 2518 4780 ignitum
2551 4708 2684 4762 illud
2715 4707 2925 4762 duabus
2969 4710 3176 4762 naturis
3227 4709 3514 4774 comtabit,
3577 4725 3646 4762 ex

2052 4806 2167 4874 igne
2180 4803 2412 4856 videlicet
2433 4812 2482 4857 et
2501 4817 2653 4855 auro.
2679 4801 2741 4854 Si
2765 4799 2953 4853 deinde
2973 4799 3081 4852 alia
3099 4800 3203 4851 duo
3230 4816 3330 4852 non
3348 4789 3517 4868 ignita
3543 4800 3648 4852 ad-

2049 4896 2342 4965 jiciantur,
2395 4909 2574 4964 umero
2622 4899 2746 4962 quot
2806 4908 2944 4945 nunc
2965 4892 3068 4945 sint
3112 4891 3270 4960 hujus
3307 4892 3510 4960 generis
3543 4897 3649 4961 Ity-

2054 4985 2342 5056 ρεφψαῖ
2399 4983 2692 5054 (interpres
2746 4992 3003 5052 quotnam
3065 4984 3170 5038 sint
3217 4983 3324 5038 lucc
3391 4984 3564 5054 ignita
3623 4988 3651 5041 7

2057 5076 2239 5130 male:
2279 5089 2447 5128 unum
2478 5075 2622 5129 enim
2683 5075 3058 5130 tantummodo
3103 5073 3447 5146 hyperpyron
3484 5076 3633 5145 igni-

2055 5175 2168 5220 tum
2229 5173 2312 5219 est
2363 5179 2431 5219 ex
2479 5163 2762 5236 hypotbrsi
2819 5163 3013 5233 facta);
3048 5179 3168 5220 num
3203 5165 3305 5216 tria
3335 5174 3392 5216 ut
3432 5179 3595 5219 antea
3629 5206 3646 5230 ,

2065 5273 2134 5311 an
2169 5265 2378 5324 propter
2403 5265 2652 5308 naturam
2703 5255 2838 5326 ignis
2868 5263 3012 5323 [acta
3063 5263 3186 5310 sunt
3242 5257 3517 5326 quatuor?
3584 5256 3645 5309 in

2065 5345 2316 5400 eumdem
2348 5359 2590 5400 errorem
2654 5343 2844 5399 incidit
2874 5345 3016 5400 idem
3064 5345 3333 5415 interpres
3377 5346 3470 5398 fol.
3511 5345 3644 5413 ιιι,

2069 5437 2157 5492 ubi
2221 5437 2332 5490 τῶν
2387 5435 2717 5508 ὑπερπύρων
2781 5437 2943 5488 vertit
2998 5436 3132 5503 ignis
3211 5437 3260 5490 vi
3336 5439 3642 5506 potiorum,

2065 5537 2271 5606 absque
2330 5534 2439 5588 ullo
2504 5550 2709 5601 sensu;
2751 5533 3071 5590 vertendum
3113 5532 3257 5586 enim
3315 5532 3646 5602 hyperpyro-

2064 5644 2200 5686 rum.
2264 5625 2449 5696 Neque
2517 5629 2738 5681 nomine
2785 5626 2981 5681 Latino
3045 5625 3148 5678 hoc
3199 5633 3424 5678 moneta
3463 5637 3648 5692 genus

2061 5725 2291 5797 exprimi
2326 5732 2522 5795 potest.
2567 5721 2627 5778 In
2663 5721 2940 5778 Pandecte
2969 5718 3201 5776 Turcico
3231 5727 3379 5775 recte
3423 5718 3492 5773 de
3545 5719 3651 5789 hy-

2065 5819 2312 5891 perpyris
2348 5818 2539 5872 scribit
2587 5815 2976 5872 Leunelavius.
3014 5813 3119 5868 Sed
3151 5811 3240 5868 hic
3268 5819 3450 5864 tantus
3474 5823 3649 5864 error

2066 5913 2400 5983 dctegendus
2449 5910 2574 5981 iuit,
2632 5926 2699 5968 ne
2749 5908 2936 5981 quiin
2993 5919 3232 5965 errorem
3282 5901 3642 5995 inducantur.
