3852 6622
172 440 269 505 239

1230 438 1620 505 GRETSERI
1653 440 1751 504 ET
1789 441 2029 506 GOARI
2065 444 2305 506 ΝΟΤΛΕ.

3303 438 3413 507 290

176 558 299 612 Illuc
340 556 722 627 hyperpgrarii,
774 556 867 627 qui
916 556 1210 627 hyperpyra
1268 557 1454 610 tributi
1510 557 1731 612 nomine

1844 558 1942 612 Ξπὺ
1959 557 2051 612 τοῦ
2074 557 2364 627 βασιλικοῦ
2397 558 2651 629 ταμιείου
2691 559 2774 622 εἰς
2806 556 3141 631 προσθήκην.
3194 554 3410 612 Nicetas

170 652 389 706 solvunt.
422 650 684 720 Videqua
702 651 939 706 diximus
961 662 1092 707 tum.
1131 668 1186 706 ιιι
1208 653 1270 705 de
1309 653 1469 724 260
1485 649 1736 711 S.Cruce

173 743 208 798 l.
231 758 264 804 l,
287 742 375 797 27.
403 741 635 814 Elegans
654 744 811 799 locus
864 743 923 798 ie
951 743 1271 815 hyperpyris
1291 754 1467 800 exstat
1490 745 1631 816 apud
1672 743 1733 798 S.

172 834 481 887 Antoninum
508 845 640 889 tom.
674 848 733 890 ιιι
768 833 970 890 Histor.
992 834 1076 891 tit.
1105 835 1193 899 l9,
1234 850 1283 889 c.
1323 826 1374 899 8,
1409 835 1436 907 ᾗ
1472 836 1525 890 5.
1553 836 1735 903 Agens

173 923 299 980 enim
320 925 387 981 de
409 916 768 983 Tartarowm
806 928 1138 982 immanibus
1168 943 1461 983 usurarum
1497 929 1736 983 exactio-

171 1019 315 1073 nibus
350 1018 420 1071 ita
445 1020 671 1075 scribit:
704 1017 860 1074 Miles
902 1019 1121 1088 quidam
1149 1026 1203 1075 in
1237 1018 1461 1091 Georgia
1489 1019 1554 1073 de
1582 1019 1738 1090 quin-

175 1112 315 1182 ςεπιὶε
338 1110 656 1179 Ιιῃρενρῃνὶε
668 1128 701 1165 a
719 1109 963 1167 Tartaris
984 1095 1206 1179 acceptis
1228 1124 1275 1168 et
1291 1128 1384 1181 per
1399 1128 1565 1167 annos
1583 1112 1739 1180 quin-

171 1216 253 1269 qu
280 1202 496 1253 retentis
516 1215 731 1256 coactus
747 1203 852 1271 fuit
872 1204 945 1257 eis
971 1204 1186 1259 reddere
1210 1213 1405 1274 septem
1440 1202 1611 1257 millia
1641 1219 1737 1272 pro

172 1292 348 1342 usuris.
394 1288 661 1354 Quadam
689 1293 851 1345 etiam
889 1294 1109 1346 domina
1138 1295 1420 1347 Tartarica
1447 1308 1543 1362 pro
1566 1294 1736 1363 quin-

174 1380 402 1449 quaginta
435 1379 645 1445 ovibus,
680 1398 814 1451 quas
876 1382 1091 1437 cuidam
1148 1384 1488 1437 conmiserat
1530 1396 1579 1436 et
1643 1384 1738 1437 ille

171 1486 248 1537 per
276 1482 463 1538 septem
496 1488 667 1525 annos
700 1483 960 1538 tenuerat,
998 1476 1146 1545 petiit
1181 1476 1245 1528 ab
1292 1476 1388 1528 illo
1422 1490 1519 1543 pro
1558 1476 1737 1529 usuris

174 1564 363 1614 illarum
389 1565 569 1617 ouium
598 1563 895 1635 hyperpyra
942 1576 1145 1635 septem
1184 1567 1379 1625 millia.
1406 1584 1524 1637 qua
1555 1568 1736 1622 omnia

173 1654 249 1706 ille
271 1666 471 1708 coactus
501 1666 585 1709 est
610 1656 811 1710 solvere
840 1674 936 1727 pro
964 1675 1150 1714 usura.
1173 1658 1377 1716 Gners.

236 1744 607 1816 [Argentanum
642 1755 698 1803 ut
728 1757 783 1804 et
823 1762 1049 1804 aureum
1078 1766 1381 1815 nummum,
1423 1753 1495 1808 ita
1533 1755 1743 1823 reperio

174 1834 375 1889 dictum.
418 1837 758 1907 Argenteum
800 1842 1017 1909 quidem
1068 1844 1308 1898 nondum
1362 1844 1415 1899 in
1464 1845 1743 1901 oblivione

1838 649 1893 704 in
1927 648 2175 703 Manuele
2207 650 2242 704 l.
2277 663 2331 705 t:
2359 648 2449 718 Τῷ
2505 648 2692 721 κλήρῳ
2718 649 2810 717 τοῦ
2849 648 3095 717 Μεγάλου
3125 645 3232 701 νεὼ
3285 648 3409 701 ἑπι-

1838 745 2021 798 δίδωσι
2049 742 2417 815 χρυσόόουλον
2469 742 2673 797 τυποῦν
2694 746 2879 806 αὐτοῖς
2931 742 3180 813 ἀργύρεα
3215 742 3410 812 ἐτήσια

1838 840 2094 907 κέρματα
2128 839 2208 899 εἰς
2247 837 2387 906 μνᾶς
2430 836 2511 897 δὶς
2538 835 2732 889 ἑκατὸν
2766 832 3168 905 κορυφούμενα.
3212 830 3412 885 Proce-

1840 947 1963 987 rum
1994 946 2180 996 rogam
2212 939 2402 983 auctor
2449 928 2823 997 descripturus
2849 936 2931 981 est
2961 925 3226 979 inferius:
3259 925 3409 993 ejus-

1840 1039 1947 1094 que
1984 1021 2236 1077 meminit
2266 1020 2564 1083 Comnena,
2593 1020 2628 1075 Ι.
2663 1035 2720 1073 ιιι
2748 1042 2760 1073 ι
2829 1018 3015 1085 Ῥόγα,
3042 1016 3248 1086 inquit.
3302 1014 3411 1067 τῶν

1840 1114 2106 1169 δοθέντων
2181 1112 2357 1165 εἴκοσι
2438 1110 2819 1178 ἀξιωμάτων,
2872 1116 3073 1178 quanta
3151 1098 3410 1162 niIirurn

1844 1204 2029 1274 viginti
2065 1203 2384 1272 proceribus
2428 1201 2484 1255 in
2525 1201 2787 1269 dignitate
2811 1214 2975 1269 penes
3027 1199 3409 1269 imperatorem

1841 1295 2157 1351 coistitntis
2188 1294 2371 1348 datur.
2429 1290 2671 1360 Αῠξησιν
2723 1290 2923 1360 ῥυτῶν,
2974 1303 3092 1342 eam
3146 1285 3415 1341 militibus

1841 1364 2068 1445 ara-tam.
2089 1387 2287 1441 ibidem
2329 1394 2616 1437 memorat.
2652 1381 2785 1450 Erga
2822 1388 3051 1437 cunctos
3074 1379 3408 1433 exsiccatum

1844 1480 1971 1534 hinc
1995 1478 2337 1533 liberalitatis
2357 1475 2681 1546 profluvium
2705 1476 2988 1544 wgerrime
3005 1470 3109 1527 fert
3124 1470 3413 1525 Β.ιις›ειιιοιι

1842 1571 2107 1643 opusculo
2137 1570 2203 1624 de
2244 1569 2450 1638 Rogato
2474 1583 2489 1622 t
2514 1566 2660 1622 luris
2689 1565 2780 1621 Gil
2818 1564 3142 1635 reperiendo
3180 1578 3215 1631 p
3270 1560 3409 1623 HI;

1843 1663 1986 1733 apud
2016 1679 2174 1733 quem
2205 1678 2424 1732 quoque
2472 1662 2618 1731 leges
2641 1660 2709 1714 τὰ
2741 1658 2998 1728 ρογὰλια,
3029 1655 3329 1725 catalogum
3365 1664 3415 1708 et

1845 1757 2081 1810 ordinem
2110 1756 2368 1825 facienda
2401 1770 2562 1826 roga.
2582 1754 2644 1809 Et
2670 1752 2812 1823 apud
2831 1750 3220 1821 Theophanem
3242 1762 3412 1817 στρα-

1844 1849 2048 1911 τιώτας
2082 1847 2350 1920 ρογεύειν.

175 1940 315 1994 penes
355 1926 655 1984 bodieruos
680 1928 1011 1998 Orientales,
1046 1943 1106 1987 ut
1142 1932 1286 2003 quod
1327 1934 1506 1989 adhuc
1551 1934 1724 2005 pluri-
1758 1921 1803 1981 Β
1900 1938 2059 2009 261
2100 1937 2189 1991 lb.
2254 1937 2587 2010 [Φράγκων.
2625 1935 2863 1991 Francos
2910 1934 3078 1997 solos,
3116 1931 3166 1986 id
3188 1937 3268 1986 est
3285 1927 3414 1985 Gal-

176 2031 298 2068 mum
322 2017 369 2069 in
400 2018 603 2074 oribus
625 2035 814 2075 eorum
846 2037 1053 2077 sonans
1086 2040 1174 2079 me
1208 2026 1487 2082 audivisse
1534 2027 1728 2082 memi-

180 2107 246 2171 ni;
283 2107 516 2176 illudque
580 2119 666 2165 est
701 2112 768 2167 de
797 2128 909 2182 quo
965 2129 1128 2184 quam
1171 2116 1278 2171 late
1338 2115 1724 2184 Leunclavius,

183 2197 399 2254 Pandect.
429 2199 603 2257 Ture.
646 2242 661 2267 ,
684 2218 736 2274 p.
768 2204 896 2269 M7,
931 2206 1151 2275 scripsit
1187 2224 1202 2261 :
1240 2207 1426 2263 decem
1463 2219 1557 2265 aut
1591 2211 1731 2265 duo-

192 2284 325 2342 decim
377 2288 661 2357 ejusmodi
690 2308 972 2349 nummum
1027 2295 1296 2365 integrum
1357 2290 1725 2367 com'plelmnt.

194 2374 382 2433 Aureum
413 2382 530 2451 ipse
564 2398 771 2441 aureus
794 2395 878 2441 est
912 2403 1208 2455 nummus;
1247 2387 1316 2444 de
1354 2405 1463 2459 quo
1488 2390 1731 2451 Gunther

193 2486 264 2527 rus
285 2472 329 2528 in
354 2474 585 2530 historia
637 2488 807 2549 captat
844 2479 1106 2550 Cpoieos:
1163 2480 1405 2538 Soluebat
1455 2501 1729 2541 nummum

186 2580 389 2631 aureum,
428 2571 518 2637 qui
544 2586 825 2639 perperam
869 2574 1046 2626 uocari
1105 2573 1238 2628 solet
1297 2576 1521 2646 (adorti,
1562 2579 1618 2631 id
1658 2589 1735 2634 est

186 2669 356 2725 quarta:
400 2663 550 2730 parti
580 2678 777 2718 maror:
810 2665 968 2720 unius
1039 2665 1375 2736 tequiualens.
1448 2664 1729 2737 Perperam

186 2740 581 2816 pronuntiabant
618 2752 820 2821 Latini,
863 2766 1003 2812 utet
1049 2756 1211 2813 hodie
1238 2758 1411 2815 Graeci
1438 2760 1730 2834 rréprrupa:

191 2855 386 2912 perpera
407 2860 640 2917 quoque
678 2848 899 2917 scripsit
938 2847 1303 2907 Lcunclavius
1330 2866 1396 2907 ex
1432 2853 1577 2911 aliis.
1616 2856 1729 2911 Au-

190 2946 317 2989 reum
346 2952 502 3007 porro
536 2939 633 2995 hic
666 2940 890 3012 intelligi
922 2958 1112 3012 aequus
1136 2942 1307 2999 lector
1343 2960 1556 3000 mecum
1582 2945 1732 3015 judi-

188 3024 325 3091 cabit,
348 3029 436 3097 qui
468 3030 584 3085 vile
618 3030 850 3097 pretium
899 3033 1212 3103 primicerio
1240 3034 1573 3093 reddendum
1609 3054 1726 3094 tne-

187 3127 288 3168 cmn
318 3120 622 3187 negaverit.
647 3119 798 3178 Cosa
825 3122 846 3192 J

245 3204 297 3262 Ρ.
331 3208 417 3264 55.
465 3210 862 3282 Ῥοτατόρων.
896 3212 1187 3287 Rogatores
1237 3225 1363 3272 sunt
1394 3218 1591 3274 milites
1630 3219 1729 3274 sti-

1836 2028 1940 2090 Ioa,
1961 2032 2061 2083 hoc
2082 2029 2302 2084 nomine
2321 2028 2499 2098 primo
2517 2027 2778 2083 vocabant
2798 2025 2992 2086 Graeci.
3023 2024 3168 2078 unde
3188 2024 3362 2078 diviso
3381 2035 3413 2077 a

1839 2121 2067 2177 Francis
2094 2131 2148 2177 et
2173 2121 2377 2176 Graecis
2403 2121 2631 2189 imperio
2679 2129 2835 2174 vetus
2858 2116 3204 2189 proverbium
3232 2115 3410 2186 Φραγ-

1836 2224 1932 2261 κον
1963 2206 2118 2277 φίλον
2140 2208 2289 2280 ἔχῃς,
2324 2207 2541 2277 γείτονα
2573 2209 2649 2279 μὴ
2675 2207 2824 2276 ἔχῃς.
2879 2207 3181 2267 Cedrentts,
3216 2216 3327 2258 tum
3357 2206 3410 2257 in

1835 2294 2019 2353 Leone
2071 2298 2256 2353 lsauro
2312 2308 2427 2353 tum
2483 2298 2633 2363 alibi,
2687 2297 2833 2371 ρἦα
2874 2298 3154 2368 Φραγγὶας
3204 2297 3411 2359 laudat,

1836 2404 2000 2461 quem
2030 2405 2138 2445 non
2171 2390 2338 2445 alium
2371 2404 2398 2444 a
2444 2388 2777 2444 Francorum
2830 2404 2954 2458 rege
3003 2387 3410 2457 intelligendum

1808 2480 2063 2551 'ipsemet
2080 2481 2324 2552 exponit.
2358 2479 2521 2536 italos
2545 2489 2754 2545 tamen,
2795 2479 2997 2550 Apulos
3032 2488 3087 2534 et
3124 2478 3409 2542 Calabros,

1837 2590 1868 2630 a
1898 2573 2228 2630 Normanuis
2266 2572 2509 2629 Francia
2544 2572 2756 2643 populis
2796 2580 2968 2631 ortos.
2996 2572 3280 2644 Φράγκους
3300 2586 3405 2624 ιιοιι

1836 2663 2215 2734 inlrequeuter
2246 2672 2406 2719 soi-at
2438 2661 2799 2730 Curopalates
2833 2662 2888 2716 in
2929 2660 3192 2716 Miclraele
3246 2659 3408 2714 Para-

1832 2753 2372 2827 pinacio,'etNicetas
2389 2754 2672 2817 Manuelis.
2698 2757 2732 2810 l.
2752 2771 2816 2811 ιι.
2834 2754 3117 2825 Oper-(ou;
3134 2753 3411 2817 Σικελούςε

1836 2846 2141 2902 Germanos
2181 2847 2384 2917 pariter
2410 2848 2481 2903 ita
2510 2849 2684 2904 dictos
2731 2846 2874 2917 apud
2914 2845 3220 2901 Cedrenum
3252 2860 3412 2915 repe-

1838 2940 1947 2997 ries
1975 2942 2028 2995 in
2067 2942 2289 2997 Basilio.
2332 2940 2555 2996 Latinos
2578 2956 2961 3012 quoscunque,
2984 2949 3043 2995 ut
3071 2950 3124 2995 et
3157 2937 3405 2995 Graecum

1839 3034 2033 3103 vulgus
2065 3032 2250 3097 hodie,
2294 3033 2366 3088 ita
2395 3040 2680 3101 nuncupat
2725 3033 2880 3086 Anna
2914 3031 3191 3087 Contnena
3219 3031 3258 3087 l.
3292 3046 3414 3093 vrr.

1851 3124 2231 3195 ‘Evboﬁocipav
2262 3132 2444 3179 tamen
2482 3124 2767 3197 Φραγγίαν
2795 3123 2918 3178 κατ’
2938 3122 3131 3194 ἐξοχὴν
3158 3121 3414 3195 intelligit

1836 3234 1943 3273 ms.
1965 3217 2033 3272 Β.
2066 3235 2121 3273 ιι.
2150 3219 2277 3275 290.
2308 3217 2531 3273 Latinos
2552 3233 2909 3289 quoscunque
2931 3233 2995 3272 ac
3024 3216 3257 3271 maxime
3283 3215 3412 3271 Gal-

186 3297 349 3364 pettdia
379 3312 678 3367 merentes,
714 3318 744 3357 a
770 3320 919 3374 roga,
950 3283 1093 3376 quod
1122 3315 1204 3361 est
1234 3307 1579 3377 stipendium.
1619 3308 1735 3361 'Po-
1760 3283 1803 3342 ο
1837 3310 1919 3365 los
1972 3310 2060 3364 hic
2094 3320 2420 3364 memoratus
2469 3283 2716 3372 autumo,
2751 3283 2887 3378 quos
2938 3309 3262 3377 αἱμοχαρεϊς
3312 3308 3412 3361 καὶ

185 3393 335 3456 nim
385 3403 467 3448 est
505 3396 778 3466 stipendia
815 3398 1008 3466 facere.
1061 3398 1344 3468 Accipitur
1401 3402 1565 3454 etiam
1603 3402 1738 3468 ῥόγα

186 3493 265 3547 pro
278 3484 516 3540 donativo
539 3500 598 3541 et
615 3481 930 3551 honor'ario,
953 3490 1097 3558 quod
1116 3490 1275 3544 alicui
1302 3506 1408 3544 non
1432 3505 1496 3545 ex
1530 3490 1738 3554 debito,

188 3574 262 3627 sed
308 3593 364 3631 ex
422 3581 606 3645 gratia
669 3581 1017 3649 persolvitur.
1060 3582 1299 3637 Suitlas:
1341 3582 1505 3650 Ῥόγα
1545 3584 1577 3653 ἡ
1626 3584 1738 3637 τῶν

189 3665 414 3733 βασιλέων
446 3672 733 3725 εὐσέϐεια.
771 3670 917 3742 Roga
947 3683 1024 3726 est
1072 3674 1449 3743 imperatorum
1493 3679 1579 3745 pia
1604 3676 1733 3731 libe-

194 3760 342 3814 ralitas
394 3775 441 3817 et
496 3766 922 3834 magniﬁcentia.
984 3764 1254 3836 Usurpant
1316 3768 1480 3822 etiam
1532 3768 1733 3827 Latini.

191 3852 648 3913 illst-cllairistoria
700 3857 752 3910 in
807 3857 1026 3912 Tiberio
1067 3861 1133 3914 ll:
1184 3860 1345 3914 Duxit
1394 3859 1732 3916 Anastasiam

186 3960 359 4000 uxorem
388 3967 575 4016 suam,
598 3960 646 4003 et
669 3951 936 4004 coronavit
951 3967 1068 4004 eam
1093 3951 1411 4023 Augustam,
1433 3963 1481 4006 et
1517 3953 1735 4020 iactavit

181 4053 330 4106 rogant
354 4044 609 4095 multam.
635 4041 792 4112 Apud
830 4040 1137 4097 Baldricum
1188 4042 1243 4096 in
1282 4042 1509 4097 historia
1542 4043 1738 4099 Hiero-

180 4133 473 4202 solymitana
504 4143 783 4190 excusant
816 4149 876 4189 se
906 4133 1105 4192 milites
1151 4123 1346 4189 Alexii'
1389 4134 1737 4204 imperatoris

182 4226 250 4280 bis
284 4228 489 4283 verbis:
520 4225 639 4282 Nos
686 4228 743 4281 in
788 4243 918 4297 roga
976 4228 1314 4298 imperatoris
1359 4228 1522 4283 locati
1589 4228 1730 4283 nihil

181 4317 303 4371 aliud
338 4338 493 4390 quam
510 4321 657 4391 quod
689 4321 800 4388 ipse
832 4321 1057 4388 imperat
1086 4320 1265 4390 facere
1296 4337 1595 4390 possumus.
1632 4320 1739 4377 Sed

180 4407 233 4462 de
254 4425 372 4480 roga
392 4402 684 4483 copiosius
712 4425 814 4467 suo
841 4411 962 4468 loco
988 4413 1025 4467 Ι.
1062 4426 1148 4480 ιιι,
1192 4427 1338 4467 com.
1369 4427 1420 4468 c.
1452 4412 1486 4468 5
1516 4423 1573 4468 et
1611 4428 1661 4469 c.
1704 4412 1738 4469 9

180 4498 354 4557 Css'rs.
1668 4558 1685 4567 -

237 4590 419 4665 [Ῥόγα
440 4593 577 4663 quid
594 4595 688 4657 sit,
714 4609 820 4649 ιιοιι
840 4594 1085 4663 ignotum
1104 4592 1422 4663 Rigaltium,
1439 4593 1738 4651 Meursium

181 4691 225 4736 et
255 4686 678 4740 eruditissimum
704 4683 1001 4741 Fabrotum
1036 4687 1257 4758 legenti.
1300 4686 1427 4758 Ejus
1465 4685 1737 4742 deﬁnitio-

183 4788 283 4829 nem
327 4791 355 4829 a
381 4778 553 4834 Suids
598 4776 817 4833 allatam
835 4788 893 4835 et
923 4793 954 4833 a
978 4778 1237 4834 Gretsero
1265 4779 1567 4834 mutilatam
1597 4778 1740 4833 rele-

184 4880 236 4920 ro
260 4877 309 4922 et
334 4883 573 4939 expono.
606 4870 775 4938 ⁶Ρόγα
808 4871 843 4942 ἡ
873 4870 984 4924 τῶν
1008 4870 1278 4942 βασιλέων
1337 4870 1592 4924 εύσέὸεια
1642 4870 1739 4924 καὶ

181 4956 430 5029 φιλοτιμία
441 4958 611 5030 .Roga
624 4970 701 5014 est
716 4961 1091 5030 imperatorum
1106 4959 1276 5029 pietas
1290 4970 1336 5013 et
1352 4956 1734 5027 muniﬁcentia.

184 5045 467 5116 Emgabant
492 5054 858 5115 imperatores
879 5050 1177 5120 quotannis
1221 5049 1289 5103 de
1342 5046 1735 5113 suuecclesiis,

184 5142 502 5207 proceribus,
547 5141 839 5208 militibus,
879 5141 1083 5211 populo
1111 5139 1381 5210 stipendia
1407 5148 1460 5193 et
1486 5153 1734 5193 munera.

185 5226 415 5288 Ecclesiis
437 5234 640 5288 collata
675 5233 949 5298 εὐσέϐεια,
968 5232 1090 5288 aliis
1126 5230 1549 5301 quibuseunque
1568 5229 1738 5284 dona-

184 5330 228 5376 ta
258 5324 561 5394 φιλοτιμίας
582 5339 784 5379 nomen
805 5331 1218 5395 promerentur.
1243 5320 1503 5377 Ecclesiae
1529 5320 1737 5388 Magna

186 5413 427 5485 stipendia
450 5416 735 5473 Romanus
751 5416 995 5485 Argyrus
1021 5415 1193 5469 auxit.
1216 5412 1530 5469 Cedrenus:
1559 5409 1737 5464 mst-

186 5520 326 5561 ουοαν
346 5509 454 5579 γὰρ
471 5507 573 5579 τὴν
608 5504 873 5577 πρόσοδον
899 5504 1000 5577 τῆς
1052 5504 1313 5574 Μεγάλης
1356 5502 1513 5567 ιίδὼς
1535 5501 1735 5573 hi"hi"

192 5596 286 5658 cia;
318 5596 405 5650 ἆτε
434 5600 721 5667 οἰκονόμος
760 5594 963 5666 ταύτης
994 5595 1285 5665 γενόμενος
1310 5597 1366 5647 ὲν
1392 5595 1502 5655 τοῖς
1531 5595 1738 5664 ἔμπρο-

195 5684 294 5737 αθεν
340 5689 574 5761 χρόνοις,
607 5688 701 5739 καὶ⁵
731 5686 839 5741 τῶν
875 5685 1051 5739 ἄλλων
1077 5686 1308 5747 ὁπόσαις
1343 5683 1735 5755 ὑπηρετεῖσθαι

192 5772 290 5840 ἔθος
322 5782 469 5848 παρὰ
493 5780 586 5831 τοῦ
622 5778 826 5848 ταύτης
851 5778 1080 5848 κλήρου,
1122 5776 1454 5848 ὀγδοήκοντα
1506 5773 1732 5845 χρυσίου

188 5863 346 5939 λίτρας
380 5871 483 5924 ἀνὰ
516 5873 621 5925 πᾶν
656 5870 777 5934 ἔτος
802 5869 1164 5940 χορηγεῖσθαι
1184 5868 1393 5931 τούτοις
1414 5866 1733 5922 τετύπωκεν

1842 3400 2203 3470 πολεμικούς.
2254 3415 2319 3455 ac
2374 3402 2570 3455 iterum
2621 3399 2873 3464 δυτικοῦς
2930 3388 3212 3470 Φρᾋγγους
3251 3408 3413 3456 vocat

1838 3491 2035 3548 citatus
2054 3492 2438 3561 Curopaiates.
2473 3490 2673 3565 Gosn.]

1908 3580 1971 3638 P.
2003 3584 2094 3639 3's.
2132 3585 2289 3650 Quod
2324 3582 2457 3640 dicit
2481 3584 2808 3654 Curopalata
2846 3584 3107 3645 Codiuus.
3133 3581 3415 3651 curopala-

1838 3679 1908 3725 tre
1940 3671 2200 3738 ollicium,
2235 3689 2345 3745 quo
2379 3675 2507 3728 olim
2550 3674 2899 3742 fungebatur,
2937 3663 3105 3731 luisse
3140 3689 3241 3729 suo
3277 3681 3413 3727 tem.

1837 3779 1969 3833 pore
1994 3765 2354 3836 incognitum;
2387 3766 2441 3821 id
2475 3766 2704 3824 miratur
2766 3766 3061 3835 Meursius,
3108 3768 3324 3837 sibique
3357 3765 3411 3820 id

1837 3864 1945 3909 tam
1980 3855 2137 3927 longe
2184 3858 2343 3912 annis
2374 3857 2573 3913 dissito
2602 3859 2879 3928 cognitum
2908 3859 3219 3928 proﬁtetur,
3249 3856 3414 3927 idque

1835 3960 1906 4003 ex
1943 3947 2174 4018 Evagrio
2212 3963 2264 4013 ν,
2306 3948 2371 4004 l:
2403 3949 2516 4017 Τὴν
2550 3947 2797 4019 φυλακὴν
2836 3951 2936 4018 τῆς
2961 3948 3133 4015 αὐλῆς
3173 3950 3414 4018 ἐμπεπι-

1839 4058 1968 4095 οτευ
1976 4041 2161 4110 μένος,
2181 4041 2242 4096 ὃν
2259 4040 2679 4112 κουροπαλάτην
2699 4042 2732 4109 ὴ
2746 4040 3038 4111 Ῥωμαίων
3058 4040 3208 4109 λέγει
3234 4041 3411 4110 φωνή.

1840 4132 2012 4190 liabet
2037 4132 2201 4188 etiam
2232 4132 2356 4191 aula
2377 4131 2707 4189 Theodorici
2730 4131 3057 4188 Gotthorum
3082 4130 3226 4202 regis
3251 4145 3415 4186 curo.

1838 4225 2103 4297 palatam,
2139 4225 2204 4280 ad
2237 4240 2400 4296 quem
2441 4232 2621 4281 exstat
2648 4223 2883 4281 formula
2913 4224 2952 4280 Ι.
3002 4239 3077 4280 vn
3126 4220 3409 4278 Variarum

1839 4316 2158 4373 Cassiodori
2187 4334 2205 4383 ;
2236 4331 2402 4388 quem
2428 4315 2501 4371 ita
2532 4317 2797 4372 describit
2821 4323 2879 4370 ut
2910 4314 3049 4370 nihil
3069 4312 3215 4370 aliud
3244 4312 3412 4369 fuisse

1836 4409 2092 4465 videatur
2126 4424 2293 4481 quam
2349 4424 2602 4465 sumtnus
2630 4409 3056 4465 architectorum
3086 4415 3142 4464 et
3178 4406 3415 4463 archite-

1835 4496 2066 4552 ctonica
2121 4497 2438 4567 praefectus,
2500 4497 2594 4553 der
2648 4498 3195 4565 oberst-baumeister,
3247 4511 3412 4553 aurea

1843 4587 1995 4657 virga
2026 4587 2279 4661 decorus.
2311 4587 2519 4646 Csars.

1912 4677 1998 4732 Ib.
2023 4676 2437 4751 [Μολυϐδίνης
2451 4679 2713 4749 ﬂoridae.
2743 4678 2819 4735 De
2843 4678 3016 4735 cereis
3039 4677 3203 4734 bullis
3224 4691 3412 4747 supra,

1840 4766 1933 4821 ubi
1956 4766 2024 4822 de
2057 4766 2433 4839 chrysobulio.
2460 4766 2536 4823 De
2557 4768 2811 4839 plumbea
2835 4767 3015 4823 locum
3040 4766 3244 4836 profert
3264 4765 3416 4820 Luit-

1840 4859 2107 4929 prandus,
2159 4857 2253 4913 ubi
2296 4873 2506 4916 merces
2559 4874 2590 4914 e
2621 4867 2784 4930 portu
2821 4858 3124 4915 ell‘erendas
3169 4856 3414 4925 plumbea

1838 4947 2188 5021 imperatoris
2219 4949 2366 5004 bulla
2391 4960 2604 5006 notatas
2632 4949 2830 5009 asserit
2854 4948 2908 5004 in
2934 4947 3233 5019 legatione.

1909 5042 1997 5097 Ib.
2029 5042 2221 5116 [Φέρει
2268 5042 2383 5112 τὴν
2418 5042 2527 5097 τοῦ
2552 5039 2859 5107 ,βασιλέως
2894 5040 3161 5108 σπάθην.
3215 5038 3271 5095 Id
3334 5039 3411 5096 illi

1838 5136 2098 5208 primitus
2125 5152 2191 5191 ex
2211 5135 2394 5192 ofﬁcio
2419 5150 2744 5191 concessum
2772 5133 2986 5189 videtur
3012 5147 3043 5187 a
3079 5130 3415 5204 Theophane

1839 5228 1894 5284 in
1939 5227 2201 5284 Hichaele
2255 5225 2583 5297 Thettphili:
2648 5225 2709 5280 '0
2738 5224 3022 5288 Βασίλειος
3084 5224 3413 5294 περιεπάτει

1838 5321 2023 5391 φορῶν
2060 5320 2486 5391 σκαραμὰγγιον
2544 5318 2686 5389 μετὰ
2717 5317 2979 5384 assuetos,
3023 5317 3100 5380 ὡς
3128 5314 3251 5378 Nec
3299 5316 3413 5379 τοῖς

1837 5410 2391 5482 παρακοιμωμένοις.
2423 5409 2579 5465 Sacri
2610 5407 2850 5465 cubiculi
2894 5406 3244 5479 praepositum
3290 5406 3415 5475 plu-

1836 5502 2032 5558 vialem
2065 5501 2413 5573 imperatoris
2440 5512 2650 5557 vestem
2676 5500 2943 5556 imbribus
2988 5494 3045 5554 ct
3067 5497 3257 5570 frigori
3290 5513 3414 5568 pro-

1835 5593 2117 5664 pulsandis
2145 5593 2193 5648 el
2225 5592 2559 5649 on‘erendam
2597 5592 2786 5647 tulisse
2830 5591 2990 5647 docet
3019 5588 3409 5644 Leunclavius.

1838 5682 2035 5757 Coum]

1911 5774 1996 5829 Ib.
2024 5774 2255 5830 Miratur
2284 5766 2483 5830 iterum
2536 5772 2807 5829 Meursius
2841 5768 3200 5841 ignorantiam
3240 5763 3403 5819 Cocli-

1837 5865 1916 5935 ni,
1973 5867 2118 5938 quod
2161 5865 2452 5935 logothcta
2507 5862 2775 5933 generalis
2829 5873 3028 5915 rounus
3066 5852 3402 5925 incognitum
