3852 6602
565 369 674 435 ῗ99
1670 361 1753 419 ΙΝ
1799 358 2086 419 LIBRUM

2280 357 2613 419 OFFlCllS
2658 359 2766 420 ΟΡ.
3713 359 3801 422 300

567 488 686 538 ὄιον
747 477 1155 542 maniclavium,
1213 471 1486 527 manttalis
1524 471 1694 526 clara.
1729 471 1783 524 ln
1817 472 2008 526 codice
2043 485 2150 522 uno
2185 486 2231 544 Α
2261 485 2378 524 eum
2439 459 2691 524 aditurus
2745 485 2928 523 canem
2957 477 3048 522 aut
3107 483 3254 522 avem
3290 467 3522 535 oﬁ'erret,
3584 467 3802 535 facillime

570 578 739 632 Boico
767 585 820 630 et
849 575 1030 626 altero
1055 567 1430 622 Lautheriano
1451 568 1650 622 desunt
1677 564 1770 619 illa
1802 565 1914 634 ἠως
1953 563 2160 633 βακτη-
2273 579 2484 631 compos
2517 563 2624 616 uoti
2665 563 2991 616 redderetur.
3053 561 3186 625 Quae
3236 560 3413 612 omnia
3451 557 3805 616 Cantacusenus

571 669 749 743 ρίαςῆ
783 665 1032 738 ῥάϐδους.
1069 659 1358 717 Etclarurn
1393 660 1606 714 videtur
1627 673 1750 714 esse
1783 657 1878 710 τοῦ
1909 656 2090 726 μαγκ).

2280 665 2385 708 post
2427 655 2542 726 ejus
2575 655 2772 708 obitum
2803 655 2871 708 iis
2929 654 3020 724 qui
3079 650 3322 721 petebant
3381 649 3664 716 distribuit,
3714 667 3801 704 cum

567 763 686 815 σίου
703 759 1151 817 declarationem,
1171 754 1214 809 si
1238 769 1342 807 non
1361 754 1428 808 ab
1449 764 1692 814 auctore,
1713 760 1857 805 certe
1885 752 1951 804 ab
1975 749 2159 818 aliquo
2275 749 2690 818 magnitudinem
2717 755 3026 816 sumptuum
3063 753 3352 814 reputaret,
3407 753 3455 797 et
3521 760 3624 797 rem
3673 745 3804 812 ipsum

569 854 820 908 librario.
843 849 981 904 Hinc
1009 843 1517 918 μαγκ).α6ῖται,(]υἱ
1540 841 1851 898 manuarias
1877 843 2058 896 clavas
2086 839 2161 894 fe-
2273 841 2492 909 imperio
2529 855 2638 893 non
2669 841 2820 894 modo
2867 840 3136 905 inutilem,
3167 840 3256 891 sed
3295 838 3452 890 etiam
3503 837 3804 906 periculosam

568 951 718 1000 runt.
743 943 948 996 GRETS.
2265 933 2537 1000 judicaret
2563 949 2580 987 :
2621 949 2742 986 nam
2773 931 3076 1002 quindecim
3109 947 3392 984 aureorum
3429 929 3598 982 millia
3623 931 3806 997 impera-

631 1035 775 1091 Ibid.
799 1031 1156 1106 [Μαγγλάεια
1181 1027 1374 1083 aitctor
1392 1027 1616 1080 adnotat
1639 1039 1758 1078 esse
1777 1023 2009 1093 λὼρους,
2032 1024 2152 1094 ῥάϐ-

2286 1025 2398 1078 'orii
2429 1024 2546 1093 ﬁsci
2589 1034 2960 1093 procuratores
3021 1023 3167 1076 ultra
3198 1031 3416 1075 veterem
3449 1037 3640 1074 morem
3673 1025 3719 1074 in
3743 1041 3807 1078 eas

569 1133 716 1193 sane,
739 1126 1063 1198 βακτηρίας,
1092 1138 1276 1176 nerros
1301 1119 1557 1174 videlicet
1583 1116 1830 1182 bubulos,
1851 1117 2052 1185 virgas,
2076 1115 2166 1182 fu-
2275 1131 2355 1170 res
2397 1114 2628 1186 expensa
2681 1115 2994 1169 retulerunt.
3031 1111 3335 1167 Numerum
3361 1125 3560 1166 canum
3591 1121 3640 1166 et
3661 1115 3808 1168 avium

575 1235 703 1285 stes,
736 1220 992 1276 sontibus
1023 1218 1334 1286 quibysqne
1361 1213 1674 1283 puniendis.
1713 1208 1898 1278 Plaga:
1951 1223 2169 1278 quoque
2275 1207 2653 1262 venaticarum
2683 1205 2982 1261 Andronici
3001 1205 3268 1274 expressit
3289 1201 3619 1258 Phranzesl.
3643 1221 3658 1258 ι
3683 1205 3808 1258 Chro-

569 1315 751 1370 uersis
775 1320 826 1365 ct
854 1307 1090 1364 fustibus
1123 1305 1434 1374 hujusmodi
1469 1302 1687 1356 inﬂictae
1750 1310 1880 1355 sunt
1917 1297 2163 1369 μαγγὶά-
2273 1301 2376 1354 nici
2400 1316 2450 1356 e.
2485 1301 2591 1353 ηε
2624 1299 2750 1352 Fuit
2773 1299 3104 1352 Andronicus
3123 1297 3416 1352 venationis
3441 1297 3812 1365 cupidissimus:

570 1393 1764 1464 6iu.LeoGrammaticusinTheophilo:Tbv
1787 1391 2164 1460 στρατηλάτην
2273 1393 2448 1447 aiebat
2509 1407 2665 1445 canes
2732 1390 2960 1458 amplius
3023 1389 3168 1443 mille
3225 1389 3668 1459 quadringentos,
3723 1407 3813 1444 om

569 1502 680 1560 τοῖς
739 1498 1074 1567 προσήκουσι
1107 1489 1468 1562 μαγγλαὸίοις
1526 1487 1885 1554 ἐσωφρόνισε.
1941 1483 2090 1539 Nicel

2301 1488 2377 1541 ive
2423 1487 2702 1554 accipitres
2773 1499 2934 1552 supra
2993 1483 3136 1538 mille
3207 1485 3659 1554 quadringentos;
3713 1501 3815 1554 quas

570 1595 626 1648 in
652 1591 868 1646 Manuel
909 1590 944 1642 ι.
983 1603 1070 1639 tv:
1112 1585 1214 1636 Τὸν
1253 1583 1312 1636 δὲ
1341 1579 1642 1646 Πουπὰκην
1673 1581 1701 1631 ὀ
1735 1577 1987 1646 βασιλεὺς
2037 1593 2091 1627 σι

2294 1576 2362 1644 tui
2413 1585 2680 1642 curarent,
2719 1575 3098 1645 propemodum
3139 1573 3366 1632 totidem
3417 1575 3815 1628 numerabantur.

571 1685 754 1739 λαϐὼν
791 1681 988 1747 Elicius,
1019 1669 1338 1749 μαγγλὰὃια
1367 1675 1488 1736 δοὺς
1519 1671 1688 1724 πολλὰ
1741 1670 1975 1740 δημόσια
2025 1685 2092 1721 κα

1741 1670 1975 1740 δημόσια
2025 1665 2168 1721 κατά
2277 1668 2486 1724 Gns'rs.
3225 1699 3249 1716 κ

571 1795 632 1832 τε
669 1776 764 1829 τοῦ
801 1775 971 1827 νώτου
999 1769 1222 1824 καὶτῶν
1280 1766 1469 1836 ὤμων.
1529 1762 1696 1816 Miror
1729 1760 1897 1832 (quod
1927 1767 1983 1814 et
2015 1771 2084 1813 nu

2349 1759 2492 1814 Ibid.
2543 1757 2807 1830 [Σκύλλος
2837 1761 2984 1814 cauis
3035 1769 3138 1825 est,
3195 1773 3304 1814 non
3343 1758 3618 1814 hodiernis
3667 1761 3814 1824 modo,

574 1873 628 1924 in
657 1867 862 1922 Turcis
899 1879 1050 1919 more
1089 1832 1392 1929 receptum)
1426 1853 1734 1910 verberatis
1784 1850 1990 1905 nullam
2037 1850 2164 1904 inde
2194 1832 2240 1891 Β
2269 1851 2363 1904 sed
2401 1859 2454 1905 et
2484 1853 2748 1921 antiquis,
2777 1866 2902 1907 cum
2935 1852 3174 1921 Scyllam
3207 1852 3448 1920 puellam
3487 1853 3539 1905 in
3593 1850 3719 1906 freto
3749 1851 3819 1906 Si-

577 1964 825 2018 inustam
889 1956 1200 2012 infamiam.
1253 1953 1525 2006 Petronas
1575 1946 1722 2001 enim
1778 1941 2162 2012 Thcophiliex
2270 1942 2398 1997 culo
2445 1959 2474 1996 ει
2509 1945 2742 2000 canibus
2799 1945 3032 1998 obsitam
3087 1944 3327 1998 σκύλλαν
3361 1961 3568 2012 canem,
3603 1947 3817 2018 {culinam

576 2053 964 2116 uxore'l‘rater,
995 2046 1246 2104 criminis
1277 2043 1588 2104 convictus,
1617 2037 1968 2107 imperatoris
1992 2035 2154 2105 jussu
2269 2034 2570 2103 mythologi
2606 2036 2946 2089 vocaverint.
2997 2036 3230 2103 Μάγγος
3263 2043 3391 2091 nota
3455 2051 3580 2103 vos,
3627 2052 3690 2090 ex
3727 2013 3817 2107 ipa

577 2147 818 2209 ὲκδυθεὶς
869 2145 928 2198 ὲν
955 2148 1021 2212 τῇ
1067 2141 1204 2210 μέσῃ
1266 2137 1366 2207 τῆς
1417 2134 1539 2188 ὁδοῦ
1589 2133 1854 2186 τύπτεται
1903 2128 1969 2182 τὰ
2001 2127 2098 2178 vii):

2292 2141 2396 2180 :um
2425 2126 2606 2196 priore
2635 2127 3076 2198 σκυλλομάγγος.
3131 2127 3397 2183 Eunidcm
3431 2130 3664 2184 arbitror
3691 2145 3813 2200 quem

582 2239 866 2310 σφοδρῶς,
955 2246 1193 2300 moxque
1247 2233 1314 2283 ad
1357 2228 1636 2310 palatium
1697 2231 1754 2278 et
1811 2223 2102 2290 imper-atat

2298 2217 2584 2288 icyliorum
2639 2219 2771 2287 (τῶν
2806 2219 3100 2288 σκυλλιων)
3153 2221 3438 2275 custodem
3497 2221 3819 2290 Luitprandus

577 2327 1000 2388 contubernium
1057 2322 1374 2378 revertitur.
1419 2319 1495 2372 Ita
1523 2317 1634 2372 Leo
1661 2311 2074 2369 Grammaticus
2107 2310 2162 2362 in
2273 2310 2468 2364 scribit
2533 2311 2691 2366 initio
2741 2311 3090 2380 chationis:
3141 2314 3300 2382 cujus
3360 2313 3488 2368 fidei
3525 2315 3686 2384 (quod
3735 2329 3818 2368 non

578 2423 905 2493 Theophili).
941 2415 1230 2487 Ejusmodi
1281 2413 1453 2484 plagae
1503 2407 1754 2464 ἀλλακτά
1804 2403 2099 2459 dicebantu

2297 2403 2522 2473 .dvertit)
2545 2405 2660 2472 ipse
2681 2403 2735 2456 in
2763 2411 3134 2472 contemptura
3163 2405 3264 2460 fuit
3290 2406 3638 2461 commissus.
3661 2403 3818 2477 Geta]

577 2511 1033 2580 duodenarioque
1086 2519 1322 2562 numero
1375 2502 1626 2558 solebant
1665 2497 1858 2568 inlligi.
1887 2495 2167 2548 Blastares
2350 2495 2436 2550 Ib.
2471 2496 2545 2548 Τὸ
2576 2497 2844 2549 διϐἐλ),ιον
2875 2497 3072 2565 duplex
3098 2513 3194 2552 seu
3227 2500 3498 2567 geminant
3549 2499 3723 2555 velum.
3749 2503 3816 2554 Ju-

577 2623 627 2663 c.
660 2608 726 2660 1'5
767 2603 860 2658 τοῦ
887 2604 930 2655 Ε
974 2600 1237 2669 στοιχείου
1265 2613 1278 2649 :
1309 2595 1515 2648 δώδεκα
1547 2590 1792 2646 ἀλλακτὰ
1818 2584 2096 2654 λαμῦανέτ

2297 2587 2400 2644 ιίιιε
2459 2588 2660 2658 ubique
2693 2589 2994 2644 inscienter
3045 2591 3226 2643 diuum
3267 2589 3463 2654 velunt,
3525 2605 3589 2644 ex
3645 2590 3818 2645 Latinis

576 2697 880 2752 Choniates
907 2695 960 2747 in
1012 2690 1372 2744 Andronico:
1409 2681 1806 2737 Διἰἁλλακτῶν
1871 2675 2095 2730 ὲπαίδευ

2300 2681 2420 2734 'ivus
2452 2689 2506 2734 et
2531 2681 2735 2744 uelum;
2759 2695 2814 2735 et
2847 2681 3163 2736 inscientius
3193 2681 3374 2736 adhuc
3405 2682 3572 2752 hujus
3599 2697 3702 2738 sme
3731 2683 3821 2752 opi-

577 2788 806 2842 δώδεκα.
853 2785 1097 2840 Οὶιεθννο
1171 2782 1398 2849 insuper
1459 2773 1816 2830 Bardariotas
1885 2769 2069 2831 istos,

2298 2773 2514 2828 nationis
2527 2785 2579 2828 et
2601 2773 2982 2842 originationis
3011 2775 3276 2830 rationem
3299 2776 3499 2830 reddit.
3520 2775 3819 2845 Legatquem

579 2882 777 2950 quibus
815 2891 1023 2942 sermo,
1056 2871 1388 2944 ῥαϐδούχους
1419 2887 1451 2922 a
1487 2866 1717 2936 fustibus
1771 2860 1998 2931 gestalis
2049 2857 2100 2912 di

2299 2879 2432 2936 iuga:
2463 2865 2756 2920 delectant.
2821 2864 3030 2920 Vocula
3081 2867 3153 2931 δι,
3225 2877 3281 2920 ut
3311 2868 3366 2921 in
3399 2867 3547 2932 aliis,
3577 2869 3645 2922 ita
3677 2881 3726 2922 et
3751 2869 3820 2922 hic

579 2973 720 3044 apud
761 2971 1008 3026 Nicetam
1041 2964 1344 3021 Andronici
1380 2962 1414 3014 Ξ).
1440 2978 1453 3014 :
1483 2962 1546 3013 Οἱ
1579 2961 1647 3012 τὰ
1673 2952 2022 3024 ὑσγινοϐαφῆ

2295 2959 2584 3026 ςεηιὶηιιιιιιί
2613 2965 2742 3012 nota
2772 2967 2880 3013 est.
2909 2959 3039 3012 Erat
3061 2960 3162 3014 hoc
3183 2959 3459 3014 divellium
3487 2977 3582 3016 seu
3607 2961 3816 3014 divelium

582 3068 800 3139 ροῦντες
857 3061 1024 3133 269
1069 3061 1118 3112 οἱ
1153 3055 1466 3128 ῥαϐδοῦχοι.
1531 3047 1940 3120 Μιγκλαϐῐτςτς
1991 3043 2103 3139 etia

2298 3051 2532 3104 'exillum
2567 3051 2946 3121 imperatoris,
2975 3053 3193 3120 gemino
3229 3056 3348 3108 velo
3379 3063 3660 3120 constans,
3693 3053 3819 3123 quasi

583 3133 704 3228 lego
755 3157 810 3210 in
859 3157 1143 3224 Anonytno
1176 3151 1304 3218 napi.
1347 3145 1652 3202 καταςτάσ.
1704 3143 1836 3198 ἁπλ.
1879 3139 1944 3194 ad
1965 3133 2236 3228 aquilo-ﬂ
2269 3143 2420 3198 dicas
2455 3144 2708 3209 diaetam,
2745 3146 2890 3215 quod
2927 3146 3242 3213 imperatori
3275 3161 3496 3216 semper
3539 3163 3570 3202 ει
3623 3146 3822 3203 scuterio

581 3209 770 3306 naiiem
789 3247 886 3315 τῆς
908 3245 1109 3315 κόρτης
1129 3241 1264 3312 regii
1290 3239 1529 3302 tentorii,
1545 3239 1612 3292 ad
1637 3235 1780 3306 quod
1803 3230 2102 3288 excubabat

1841 3230 2165 3291 incubabant,
2193 3209 2238 3272 Ο
2273 3249 2367 3291 seu
2397 3237 2660 3292 scutil‘ero
2700 3209 3112 3307 praeferebatur.
3152 3239 3361 3294 (iners.

585 3348 817 3407 partem,
849 3337 1142 3390 Stationem
1173 3333 1226 3386 in
1257 3331 1500 3386 exercitu
1519 3329 1800 3384 habuisse.
1831 3323 2162 3379 Praefectum
2341 3327 2488 3384 Ibid.
2525 3329 2824 3400 [Meursius
2888 3332 3138 3386 vexillum
3197 3334 3544 3403 imperatoris
3598 3333 3821 3402 bifidum.

583 3447 774 3487 eorum
807 3430 1005 3501 κόρτης
1029 3427 1246 3496 κόμητα
1272 3425 1412 3494 apud
1440 3424 1750 3478 Cedrenum
1779 3422 1830 3474 in
1853 3417 2104 3486 Nicepho

2298 3421 2558 3476 lretserus
2579 3421 2832 3476 uexillum
2859 3423 3203 3492 imperatoris
3221 3428 3430 3496 gemino
3457 3427 3571 3482 uelo
3591 3435 3819 3480 constans.

585 3522 608 3574 1
641 3522 850 3576 dictum
880 3518 1158 3582 existimo,
1209 3517 1302 3584 qni
1337 3515 1541 3569 deinde
1578 3511 1961 3583 μαγγλαϐίτης
1997 3509 2098 3562 non

2300 3513 2364 3567 Ile
2393 3513 2591 3568 iterum
2619 3531 2634 3568 :
2677 3513 2790 3568 Viri
2817 3515 2981 3581 docti,
3013 3514 3237 3570 Junium
3271 3517 3551 3588 intelligit,
3577 3519 3728 3588 27o
3760 3517 3821 3568 his

583 3611 762 3664 rarius
789 3606 1052 3674 carnifex,
1086 3615 1432 3673 nuncupatus
1462 3602 1638 3658 cidem
1665 3599 1916 3654 Οσὲἀΐθηο
1939 3599 1994 3688 ill
2021 3597 2164 3652 0οη·-
2267 3622 2468 3679 quoque
2528 3609 2941 3678 interpretantur
2967 3610 3146 3665 diuum
3195 3613 3364 3667 velum
3391 3629 3412 3670 :
3443 3615 3536 3670 sed
3570 3617 3817 3684 falluntur.

585 3701 827 3754 stantino
849 3695 1047 3751 Leonis
1077 3693 1139 3758 F,
1166 3696 1230 3764 τῇ
1265 3691 1357 3746 τοῦ
1410 3691 1809 3762 μαγκλαὸίτου,
1831 3690 1906 3742 ita
1947 3689 2106 3744 scribi

2298 3699 2369 3755 lic
2403 3717 2594 3756 rursus
2623 3719 2638 3754 :
2676 3701 2870 3756 Junius
2907 3705 3096 3774 ubique
3125 3707 3410 3761 inscienter
3439 3708 3617 3763 diuum
3667 3709 3819 3762 relatu.

588 3791 718 3862 ἀξίᾳ
763 3789 1034 3859 τιμηθείς.
1090 3789 1162 3840 At
1191 3801 1260 3842 ne
1293 3787 1419 3855 quis
1453 3785 1560 3838 ἀπὸ
1588 3784 1688 3852 τῆς
1725 3781 1818 3836 τοῦ
1855 3782 2109 3852 gestulm

2299 3805 2333 3847 ιι
2369 3809 2466 3848 nec
2495 3793 2700 3849 fallitur
2740 3811 2840 3850 nec
2877 3796 3175 3852 inscienter
3197 3795 3394 3854 Junius
3429 3801 3690 3870 loquitur,
3735 3797 3820 3858 etii.

585 3901 679 3936 ’που
715 3883 871 3946 ἀξίας
909 3880 1281 3936 επηῖθοίηθηι
1329 3885 1482 3947 ιιιιιει
1525 3877 1784 3936 alienam-
1829 3889 1899 3927 θη
1941 3871 2160 3941 “apud
2269 3899 2334 3938 eo
2371 3887 2538 3938 tutius
2557 3901 2666 3956 quo
2687 3888 2982 3951 eruditius,
3013 3891 3389 3957 patrocinatur
3423 3891 3822 3962 Dempsterusin

583 3975 1016 4031 Grammaticum
1069 3970 1310 4026 Leonem
1356 3968 1633 4038 θυμωθεὶς
1664 3969 1690 4019 ὁ
1725 3965 1976 4035 βασιλεὺς
2025 3964 2104 4015 sui

2301 3977 2464 4030 .ltitna
2497 3977 2867 4032 Romanarum
2902 3981 3158 4048 antiquit.
3192 3981 3361 4036 calce.
3393 3981 3478 4036 Ea:
3505 3999 3624 4052 quo,
3658 3983 3822 4050 inquit,

585 4064 862 4128 Βασίλειος
915 4060 1304 4114 ἀποστέλλουσι
1353 4057 1729 4126 μαγγλιϐίτην
1802 4055 1892 4107 τὸν
1943 4055 2105 4123 Μαυρ

2301 4069 2486 4120 omina
2513 4069 2707 4122 ducum
2731 4069 2940 4124 vexillis
2971 4073 3307 4142 praescripta,
3357 4085 3486 4137 puto
3531 4075 3756 4143 effectum
3781 4083 3822 4124 ut

590 4158 853 4226 θεόδωρον
899 4154 1040 4222 ξίφει
1067 4154 1280 4207 ἀνελεῖν
1318 4152 1408 4204 τὸν
1464 4151 1720 4220 μοναχόν,
1755 4157 1812 4204 ιιι
1869 4145 2022 4216 quid,
2060 4147 2111 4200 ni

2307 4160 2622 4212 dorarentur
2657 4162 2830 4230 signa.
2869 4161 2997 4216 Ideo
3028 4164 3262 4216 salutari
3297 4167 3524 4220 concilio
3553 4165 3823 4222 Constanti-

587 4255 648 4300 ut
671 4246 855 4299 ofﬁcio
885 4243 1242 4312 fungeretur?
2273 4267 2371 4304 nus
2402 4267 2608 4304 crucem
2631 4255 2772 4306 inter
2795 4255 2948 4324 signa
2983 4257 3284 4322 collocauit,
3319 4267 3376 4311 ut
3406 4261 3634 4313 adorari
3662 4267 3824 4325 posset.

661 4337 745 4392 Ib.
779 4335 1254 4408 [Πριμμικήριον.
1282 4334 1382 4398 Qui
1461 4331 1842 4403 μαγγλαϐἱτης
1885 4342 1939 4388 et
1992 4333 2169 4403 κόμης

2302 4341 2626 4410 lieronyntus
2653 4345 2807 4410 epist.
2837 4344 2907 4396 ad
2933 4343 3140 4398 La'tam
3171 4347 3236 4399 de
3267 4348 3434 4401 instit.
3465 4349 3619 4416 ﬁlice:
3655 4346 3823 4400 Verilla

587 4430 814 4499 κόρτης,
841 4429 908 4482 de
939 4441 1048 4494 quo
1081 4437 1206 4480 uota
1243 4425 1548 4494 superiore.
1578 4425 1728 4480 Goan
1758 4423 1775 4495 j
2274 4434 2507 4486 militum
2555 4436 2730 4488 crucis
2789 4436 3023 4504 insignia
3078 4447 3244 4490 sunt.-
3279 4439 3616 4494 Claudianus
3647 4441 3682 4494 l.
3731 4439 3760 4491 2
3785 4439 3824 4488 in

659 4522 720 4578 Ρ.
751 4522 840 4576 59.
871 4519 1295 4588 Σκυλλόμαγγος
1337 4533 1528 4588 mango
1559 4534 1773 4571 canum.
1809 4517 2016 4572 Glossm
2056 4517 2164 4571 La-

2303 4527 2536 4595 luﬂinnnt
2559 4544 2577 4581 :
2613 4531 2882 4596 Augustus
2903 4531 3200 4583 veneranda
3243 4534 3388 4600 prior
3418 4533 3613 4586 vexilla
3635 4531 3823 4586 salutat.

582 4613 968 4672 lino-Graeca}:
1005 4628 1196 4682 mango
1245 4611 1600 4678 κυνοτρὸφος.
1654 4609 1852 4665 Junius
1905 4612 2103 4665 libenti:

2304 4620 2336 4673 It
2367 4620 2405 4672 l.
2437 4618 2500 4672 de
2523 4619 2654 4672 bello
2683 4619 2896 4674 Getico:
2933 4620 3106 4676 Turba
3123 4623 3371 4677 salutatis
3397 4625 3689 4694 eﬁ'unditur
3703 4623 3825 4677 obvia

585 4709 788 4777 legeret
811 4704 1306 4774 σκυλ).ομαγγὸνων
1330 4743 1343 4767 ,
1381 4705 1578 4772 quibus
1615 4713 1844 4772 praeerat
1873 4705 1900 4755 ὁ
1951 4721 2106 4774 aptos

2305 4707 2450 4776 ignis.
2502 4705 2758 4760 Vexillum
2800 4709 2941 4762 istud
2997 4709 3242 4764 labarum
3279 4715 3452 4768 audit.
3510 4713 3826 4784 Curopalatcs

585 4799 848 4869 κυνηγός,
875 4798 1129 4866 magister
1169 4812 1266 4850 seu
1295 4797 1534 4865 princeps
1571 4806 1900 4850 venatorum.
1936 4795 2070 4851 Nam
2103 4814 2106 4840 π

2306 4797 2528 4850 μϐἑλλιον
2589 4808 2778 4863 vocat,
2839 4801 3016 4854 divum
3073 4803 3267 4858 velum.
3328 4803 3652 4860 Prudentius
3697 4807 3731 4858 l.
3785 4805 3827 4856 in

585 4891 771 4956 hodie,
815 4889 896 4944 sic
927 4896 981 4940 et
1012 4887 1142 4942 olim
1181 4885 1398 4952 regibus
1435 4893 1488 4938 et
1537 4884 1882 4953 principibus
1943 4885 2162 4939 venatio
2267 4887 2645 4958 Symmachum
2669 4907 2688 4944 :
2747 4889 2989 4947 Christus
3023 4911 3346 4965 purpureum
3387 4909 3648 4967 gemmato
3680 4907 3826 4950 testas

587 4995 735 5034 curre
769 4989 908 5053 erat,
949 4977 1133 5032 forsan
1195 4977 1398 5039 nimim,
1449 4977 1644 5030 saltem
1681 4977 1954 5030 interdum
1986 4995 1999 5030 :
2035 4991 2160 5030 nant
2267 4982 2322 5034 in
2353 4997 2482 5034 auro
2507 4980 2764 5052 Signabat
2793 4973 3184 5042 labarquEa
3217 5005 3378 5043 causa
3426 4992 3590 5044 etiam
3643 5007 3733 5044 cur
3756 5005 3830 5058 per

583 5069 806 5140 quando
849 5070 1139 5139 Bulgaros,
1173 5067 1426 5136 Scythas,
1461 5066 1800 5127 Patzinacas.
1833 5070 2158 5136 Saracenos,
2266 5073 2418 5142 signa
2443 5073 2690 5142 iurarent
2721 5075 2939 5132 milites.
2995 5075 3122 5134 Haec
3163 5095 3262 5135 nos
3315 5095 3379 5135 ex
3417 5081 3736 5152 Dempstero
3783 5083 3824 5134 in

586 5160 794 5214 Turcas
831 5160 1106 5229 principes
1156 5157 1430 5227 Cpolitani
1463 5159 1648 5212 venari
1709 5158 2002 5234 debebant,
2055 5161 2160 5230 ipsi
2267 5164 2376 5217 divi
2433 5167 2691 5237 sacrique
2741 5169 2845 5223 veli
2901 5171 3294 5240 patrocinium,
3359 5189 3428 5228 ne
3487 5177 3824 5244 proscriptam

585 5251 929 5306 venabantur
955 5265 1168 5312 Cel'VOS.
1203 5265 1388 5318 apros.
1418 5266 1576 5306 ursos
1604 5258 1656 5312 et
1685 5250 1884 5304 similia
1907 5253 2160 5308 auiman-
2265 5255 2416 5310 Junii
2443 5258 2748 5314 doctrinam
2783 5270 2988 5316 temere
3027 5263 3340 5318 videremur
3389 5265 3700 5321 defendere.
3751 5266 3822 5318 ln-

588 5344 685 5408 tia,
751 5356 858 5396 non
913 5343 1030 5396 sine
1085 5341 1290 5408 ingenti
1347 5341 1616 5411 impensa.
1675 5357 1794 5409 quae
1850 5347 2160 5399 necesmrio
2269 5359 2348 5402 ter
2377 5349 2568 5406 iconas
2591 5353 2833 5406 concilio
2871 5353 3195 5410 Florentino
3223 5353 3486 5412 Romana:
3511 5357 3759 5412 editionis
3783 5361 3824 5407 et

585 5431 832 5488 facienda
865 5442 981 5486 erat
1015 5441 1124 5484 tam
1158 5431 1211 5484 in
1249 5431 1501 5486 homines
1537 5447 1700 5501 quam
1735 5438 1789 5486 in
1828 5449 2016 5489 canes.
2057 5435 2158 5496 Ubi
2264 5441 2444 5512 Regia:
2469 5444 2768 5511 adtnixtas,
2797 5446 2866 5502 ad
2897 5447 3248 5516 imperatoris
3281 5447 3598 5504 Griecorum
3633 5449 3685 5503 in
3737 5447 3821 5500 tri-

583 5524 806 5582 modum
835 5525 1060 5580 minime
1089 5525 1335 5580 omnium
1370 5526 1543 5580 tenuit
1569 5527 1917 5584 Andronicus
1959 5530 2161 5586 Palmo-
2263 5535 2399 5589 remi
2425 5535 2668 5592 sedentis
2700 5537 2843 5593 latus
2868 5540 3125 5594 vexillum
3153 5551 3235 5595 est
3263 5541 3500 5609 longius,
3527 5551 3586 5596 at
3617 5555 3716 5596 non
3749 5539 3816 5592 bi-

579 5617 739 5688 logus
770 5615 965 5672 Junior
999 5619 1327 5686 imperator,
1367 5617 1434 5672 de
1475 5633 1585 5688 quo
1641 5617 1914 5692 Gregoras
1959 5625 2062 5680 sub
2093 5627 2158 5680 [ἰ-
2269 5625 2460 5690 fidum,
2495 5625 2583 5681 cui
2615 5643 2750 5683 crux
2781 5631 2994 5700 appicta
3021 5639 3143 5686 est:
3179 5647 3246 5686 an
3271 5647 3380 5687 non
3415 5638 3601 5702 patius
3623 5633 3691 5688 ob
3717 5645 3821 5686 cru-

577 5725 702 5766 ncm
734 5725 845 5765 suae
879 5709 1170 5780 Historiae:
1227 5708 1396 5764 Canes
1427 5719 1476 5763 et
1517 5729 1636 5765 aves
1667 5715 1930 5770 uenaticas
1964 5735 2154 5790 magno
2260 5741 2378 5782 cem
2413 5736 2468 5782 et,
2491 5727 2808 5799 religionem
2843 5731 3022 5786 άίυωη
3059 5731 3228 5788 velum
3279 5747 3438 5802 quam
3468 5735 3730 5804 θεηιίηηυ,
3755 5743 3820 5782 οε.

577 5803 752 5858 alebat
773 5819 1028 5872 numero;
1065 5805 1250 5874 quibus
1304 5805 1378 5856 ita
1413 5814 1524 5859 crat
1573 5805 1803 5875 deditas,
1845 5819 1899 5862 ut
1933 5813 1976 5865 si
2031 5816 2150 5878 quis
2263 5821 2414 5876 tum?
