3852 6598
513 389 616 446 203

1609 385 1688 442 1N
1735 383 2040 443 LIBRUM
2085 382 2180 442 DE
2215 385 2541 444 OFFICIIS
2577 385 2686 442 CI’.

3651 381 3749 444 3M

513 519 575 554 ex
611 501 767 568 equis
804 497 1078 570 pugnandi
1129 497 1428 560 derivat-at,
1462 497 1528 552 de
1593 499 1791 567 quibus
1841 497 2036 554 Festus
2068 517 2080 552 :
2113 507 2157 560 Α
2189 500 2508 568 ὑπηρεσίαι,
2535 507 2590 552 ιιι
2619 507 2832 552 constet
2867 499 3062 552 oratio.
3101 497 3318 552 Certum
3353 509 3434 554 est
3457 509 3634 552 autem
3663 497 3756 552 Co-

519 593 746 647 I’aribus
777 593 944 662 equis,
979 591 1033 644 id
1063 601 1139 644 est
1176 591 1402 654 duobus,
1439 591 1664 646 Romani
1701 592 1981 646 utebantur
2032 593 2084 644 in

511 687 714 756 prazlio,
746 693 802 736 ut
827 683 1054 738 sudante
1091 685 1260 738 altero
1299 685 1588 738 transirent
1627 687 1678 738 in
1734 687 1954 740 siccant.
2011 684 2088 738 De

517 775 908 830 monocahallis
934 787 1114 830 actum
1135 777 1462 846 jandudum.
1503 776 1702 848 Gem]
1975 779 1981 784 ’

583 867 666 920 Ib.
701 869 775 922 De
809 867 1044 922 Arabica
1077 868 1289 936 origine
1340 867 1590 923 vocabuli
1651 869 2086 924 Blachcrnarum

515 961 876 1016 suavissimas
919 977 1090 1032 nugas
1149 963 1260 1030 agit
1318 960 1534 1017 Junius.
1603 961 1821 1028 Quanto
1881 963 2088 1016 rectius

513 1067 705 1112 auctor
741 1055 908 1110 libelli
963 1055 1029 1110 de
1071 1056 1136 1110 Ii
1199 1055 1516 1124 regionibus
1553 1057 1704 1110 urbis
1736 1055 2038 1124 Cpolitauae
2069 1055 2082 1106 l

517 1150 930 1202 Iltachernarunt
972 1147 1266 1218 (suburbii)
1332 1161 1518 1200 nomen
1575 1165 1606 1200 a
1657 1147 1888 1217 quodam
1942 1163 1999 1198 eo
2035 1147 2087 1197 in

513 1243 627 1294 loco
657 1249 904 1311 regnante
931 1240 1155 1293 inditum
1189 1240 1350 1309 fuisse
1399 1255 1463 1293 ex
1519 1239 1772 1308 Dionysio
1821 1237 2088 1307 Byzantio

517 1333 716 1388 Giltins‘
770 1341 1028 1386 autumat.
1093 1331 1320 1386 Iacebat
1387 1331 1450 1384 ad
1521 1331 1673 1384 littus
1733 1333 1942 1396 maris,
1997 1330 2088 1383 ubi

513 1429 674 1482 etiam
723 1427 830 1481 Leo
888 1426 1115 1494 Magnus
1165 1425 1721 1496 Deiparae-templnm
1784 1425 2088 1491 exstruxit,

514 1521 655 1575 aliud
684 1520 752 1574 ab
785 1519 876 1573 illo
914 1517 1234 1584 Pulchcrize,
1265 1517 1333 1572 de
1356 1533 1462 1587 quo
1495 1515 1837 1588 Nicephorus
1870 1515 1954 1582 I5,
1995 1517 2088 1571 2t.

583 1613 643 1668 P.
683 1613 771 1666 45.
803 1611 1042 1680 Drunga.
1085 1609 1178 1665 Sic
1234 1609 1356 1680 lego
1387 1625 1454 1665 ex
1489 1625 1627 1666 mss.
1661 1609 1960 1664 codicibus.
1993 1607 2091 1664 Ju-

513 1705 636 1758 nius
667 1704 928 1773 drnngas,
956 1703 1140 1757 mallet
1179 1711 1359 1757 tamen
1387 1706 1646 1772 drungus.
1678 1701 1877 1756 Gut-21's.

583 1795 663 1849 Ib.
697 1795 1258 1867 [Ιιάστρορςύλακες.
1295 1795 1595 1864 ’Ἄρχοντες
1619 1793 2005 1864 στρατιωτικοὶ
2034 1793 2092 1846 ὲν

509 1892 628 1950 ταῖς
675 1890 894 1942 πόλεσιν
928 1890 1043 1958 ἦτοι
1075 1885 1716 1957 xéorpngustinianus
1743 1899 1917 1955 nuper
1950 1883 2087 1940 cita-

513 1995 620 2036 tus.
648 1981 846 2053 Conm]

583 2072 664 2127 Ib.
719 2073 944 2129 Videtur
1001 2075 1288 2146 legendum
1345 2081 1440 2128 aut
1491 2074 1709 2128 πάντων
1752 2079 1846 2126 aut
1909 2071 2083 2124 πᾶσαι

2191 594 2380 646 diuum
2417 592 2600 644 omnia
2628 589 2802 645 ollicia
2829 601 2882 644 et
2913 589 3236 654 ministeria,
3263 605 3384 659 qua:
3407 589 3538 643 olim
3567 590 3618 642 in
3647 592 3754 644 aula

2190 683 2470 752 Cpolitana
2502 692 2678 748 erant,
2705 698 2812 736 non
2847 681 3228 752 percensuisse
3255 681 3356 752 (ιι),
3379 683 3476 737 sed
3509 697 3572 736 ea
3607 685 3756 752 potis-

2199 775 2398 828 simum
2436 789 2554 842 quae
2591 788 2691 828 suo
2727 781 2971 840 tempore
3011 773 3266 843 vigebant
3298 791 3312 828 :
3347 789 3471 826 nam
3507 773 3634 826 olim
3665 775 3754 827 alia

2191 875 2354 935 atque
2385 867 2490 920 alia
2521 875 2698 928 erant,
2727 875 2786 920 ut
2813 865 3014 919 Graecae
3047 867 3291 921 historice
3345 866 3511 920 ICt'IIO
3547 882 3648 920 nos
3671 869 3751 920 do-

2193 971 2300 1014 cet.
2352 959 2506 1028 Apud
2542 959 2961 1012 Constantinum
3028 945 3566 1028 Porphyrogenitum
3613 957 3650 1012 l.
3699 959 3758 1011 de

2195 1051 2629 1108 administrando
2662 1052 2892 1120 imperio
2925 1067 2973 1106 c.
3006 1049 3068 1106 51
3105 1059 3300 1120 praeter
3325 1045 3698 1120 protocarabos
3713 1057 3758 1102 et

2195 1147 2331 1200 alios
2360 1146 2604 1200 invenies
2627 1145 2718 1198 τὸν
2739 1147 2829 1198 ἐπὶ
2859 1143 2960 1214 τῆς
2983 1143 3184 1214 φιάλης
3205 1159 3298 1198 seu
3325 1143 3415 1196 τὸν
3439 1145 3542 1213 τῆς
3571 1143 3753 1212 quiin;

2193 1239 2284 1306 qui
2319 1249 2432 1292 erat
2478 1238 2642 1306 jnch
2679 1239 2850 1292 turba:
2911 1238 3144 1292 nautica:
3175 1237 3484 1290 dromorum
3516 1251 3612 1290 seu
3643 1233 3753 1286 dro-

2195 1333 2490 1386 monioram
2529 1331 2916 1401 imperialium,
2947 1331 3146 1400 jusque
3176 1319 3651 1385 dicebat'scdens
3705 1329 3751 1382 in

2195 1427 2312 1479 loco
2341 1425 2644 1490 dromonis,
2682 1426 2772 1494 qui
2813 1424 3002 1478 Phiala
3034 1423 3360 1493 appellatur.
3405 1419 3555 1476 Idem
3609 1419 3755 1474 Codi-

2194 1531 2301 1572 nus
2333 1517 2466 1572 nihil
2495 1503 2716 1587 scripsit
2741 1519 2806 1572 de
2837 1515 3159 1572 otiicialibus
3183 1519 3443 1586 Augusta:
3476 1527 3574 1569 seu
3603 1511 3758 1582 impe-

2196 1608 2455 1675 ratricis;
2491 1619 2544 1663 et
2573 1619 2779 1673 tamen,
2816 1621 2874 1662 ut
2917 1609 3024 1663 hoc
3056 1623 3170 1663 aevo
3225 1603 3667 1676 imperatricibus
3710 1611 3758 1658 et

2197 1703 2401 1772 reginis
2435 1701 2520 1757 sui
2545 1709 2672 1758 sunt
2703 1701 2982 1767 oﬂiciales,
3018 1703 3093 1756 ita
3119 1710 3174 1756 et
3229 1697 3541 1768 antiquitus
3591 1705 3754 1752 erant.

2197 1792 2334 1870 Hinc
2361 1793 2502 1866 apud
2557 1795 2720 1848 modo
2771 1793 3112 1847 nominatum
3173 1789 3597 1845 Constantinum
3628 1787 3752 1842 c.5l

2199 1886 2451 1940 invenies
2483 1885 2576 1938 τὸν
2595 1887 2690 1937 ἐπὶ
2722 1885 2822 1954 τῆς
2849 1883 3131 1953 τραπέζης
3169 1883 3272 1951 τῆς
3301 1877 3648 1946 Αὐγούστης,
3673 1875 3758 1946 qui

2194 1975 2354 2029 etiam
2388 1983 2504 2028 erat
2529 1974 2694 2043 judex
2724 1975 3070 2045 Agrariorunt
3104 1971 3326 2042 (navigii
3353 1969 3402 2023 id
3429 1965 3648 2040 genus),
3668 1969 3760 2018 Att-

2195 2075 2380 2136 gustre.
2411 2065 2610 2122 Gnms.

576 2189 646 2250 (α)
685 2191 865 2240 Grets..
900 2197 1053 2246 erant,
1089 2189 1442 2252 perrensnissc,
1479 2193 1588 2239 sine
1619 2189 1832 2252 negandi
1875 2187 2153 2249 particula:
2185 2187 2442 2238 mendose.
2479 2186 2614 2236 Ευιτ.

521 2317 885 2334 Mn...”
901 2325 968 2330 __._.
999 2325 1016 2330 -.
1029 2325 1054 2330 -.

1075 2324 1132 2332 ..Η
1147 2323 1378 2332 ..υ-..-η--.αο

1383 2323 1728 2334 Wa.-

1733 2323 1892 2333 ——--——-

1895 2323 2212 2334 Ἥ

2213 2320 2466 2332 _————-——

1637 2439 1990 2530 LIBER
2091 2439 2658 2530 TERTIUS.

1059 2719 1218 2790 273
1260 2713 1488 2775 CAPUT
1531 2719 1570 2772 ι.

517 2837 920 2893 Observationes
961 2843 1007 2889 et
1045 2835 1423 2972 capitatione-3
1481 2833 1532 2885 in
1574 2841 1732 2902 caput
1769 2833 1820 2898 6,
1851 2835 1988 2903 quod
2018 2843 2092 2888 cst

1223 2921 1247 2957 e
1307 2921 1454 2958 erus.
2075 2925 2078 2928 ‘

1223 2921 1247 2957 e
1286 2921 1454 2958 IeI'IIS.
2075 2925 2078 2928 ⁴

585 2999 649 3059 Ρ,
687 2997 776 3052 45.
824 2993 1107 3050 Ἐντεῦθεν
1142 2996 1199 3048 αἱ
1233 2995 1441 3064 ἑορταί,
1497 3003 1602 3051 etc.
1655 2997 1712 3048 In
1747 2996 1871 3050 cod.
1916 2995 2083 3050 Boico

513 3091 703 3146 titulus
739 3090 905 3158 hujus
934 3089 1129 3160 capitis
1163 3087 1237 3142 ita
1279 3087 1479 3142 habet:
1515 3087 1680 3152 Τάξις
1730 3089 1995 3158 γινομένη
2025 3089 2083 3141 ὲν

2198 2721 2455 2792 Eugeniae
2485 2729 2538 2774 et
2595 2719 2808 2785 Basila‘,
2871 2718 3122 2790 Philippo
3179 2719 3440 2790 Eugeniae
3473 2721 3638 2791 patri,
3670 2737 3756 2780 nec

2201 2827 2306 2864 non
2335 2810 2562 2864 Nicolao
2598 2809 2954 2880 martyribus,
2990 2825 3052 2864 ex
3089 2809 3284 2879 majori
3313 2823 3470 2880 parte
3505 2813 3757 2883 impendi-

2207 2915 2342 2957 tur:-
2397 2903 2774 2958 natalitiorum
2851 2905 3152 2974 προεὸρτια
3231 2915 3446 2960 tantum
3519 2911 3753 2978 qua-dam

2202 2995 2425 3065 ᾅσματα
2453 2993 2738 3048 admiscet.
2765 2994 2845 3048 Ad
2875 2993 3002 3048 illud
3037 2997 3217 3066 itaque
3243 3011 3350 3051 non
3391 3001 3758 3054 convenitim-

2195 3099 2437 3158 perator,
2481 3089 2626 3157 quod
2659 3087 2780 3157 ejus
2827 3088 3154 3142 solemnitas
3202 3089 3381 3144 minor
3411 3091 3486 3146 sit
3511 3107 3610 3144 nec
3639 3093 3756 3146 adeo

511 3190 631 3246 ταῖς
659 3185 1020 3243 Acerra-rimi;
1039 3181 1277 3252 ἑορταῖς,
1303 3179 1504 3234 Forma
1528 3181 1800 3234 obserrari
1829 3183 1990 3235 solita
2025 3183 2076 3234 in
2107 3192 2147 3250 c
2183 3185 2376 3239 festiva
2404 3203 2416 3239 :
2458 3187 2594 3241 alias
2615 3185 2779 3240 horas
2805 3183 3080 3240 Christum
3112 3183 3223 3255 jam
3252 3198 3439 3241 natum
3467 3203 3754 3258 personan-

422 3325 424 3328 .
515 3278 674 3346 [estis
714 3273 918 3329 Christi
954 3273 1187 3326 Domini.
1259 3272 1392 3325 Nam
1441 3287 1538 3342 per
1591 3274 1930 3335 Δεσποτικὰς
1963 3275 2084 3342 ἑορ-

521 3370 620 3430 τάς
677 3367 984 3436 ἱιιιειιιῑειιιιι
1045 3363 1216 3418 Graeci
1281 3379 1386 3416 non
1451 3361 1565 3416 dies
1612 3362 1950 3426 Dominicos,
1989 3363 2082 3418 sed

518 3463 650 3514 l'esta
704 3458 922 3513 Chrisso
973 3455 1202 3511 Domino
1261 3455 1480 3526 proprie
1535 3455 1733 3522 dicata,
1788 3471 1910 3526 quae
1961 3466 2088 3510 sunt

518 3555 652 3606 ista:
715 3549 1107 3605 Charretismus
1142 3549 1258 3602 sive
1309 3547 1671 3601 Aununtiatio
1709 3547 1773 3600 Β.
1824 3547 2080 3617 Virginis,

515 3643 782 3698 Nativitas
839 3641 1083 3707 Christi,
1130 3641 1445 3710 ilypapautc
1491 3639 1603 3694 sive
1653 3639 1970 3694 Purilicatio
2023 3639 2083 3693 Β.

521 3736 776 3804 Virginis,
823 3733 1121 3804 Epiphania
1167 3749 1261 3787 seu
1299 3730 1576 3802 Baptisma
1603 3731 1829 3799 Christi,
1869 3731 2088 3802 quando

517 3849 543 3882 ιι
587 3829 802 3884 Joanne
829 3830 880 3881 in
912 3826 1152 3881 Iordane
1181 3827 1484 3895 baptizatus
1520 3835 1625 3890 est,
1657 3824 2086 3896 Transtiguratio

514 3920 754 3986 Domini,
783 3917 1151 3973 ltcsuscitatio
1175 3917 1388 3982 Lazari,
1417 3915 1551 3970 festa
1571 3915 1904 3984 Palmarum,
1933 3917 2084 3987 Ligni

516 4027 614 4066 seu
658 4012 716 4065 S.
779 4009 997 4076 Crucis,
1033 4007 1502 4072 Itesurrectionis,
1541 4005 1912 4070 Ascensionis,
1947 4007 2084 4060 Mis-

517 4105 692 4159 sionis
722 4103 779 4158 S.
822 4104 1082 4173 Spiritus,
1129 4101 1534 4170 Assumptionis
1583 4099 1642 4152 Ι).
1693 4097 1950 4169 Virginis.
1985 4098 2083 4154 Ubi

513 4211 607 4264 per
635 4195 832 4249 festum
893 4191 1041 4262 Ligni
1077 4205 1174 4246 seu
1210 4191 1271 4246 S.
1310 4187 1496 4242 Cruci;
1549 4201 1654 4239 non
1691 4196 1898 4239 tantum
1933 4187 2086 4240 intel-

513 4288 701 4356 ligitur
778 4285 1084 4338 l‘arasceve
1155 4279 1248 4334 illa
1315 4295 1420 4349 qua
1479 4279 1765 4356 Christus_
1803 4278 1856 4332 in
1911 4277 2085 4332 Cruce

512 4353 816 4431 uisum-ms
841 4385 945 4440 est,
965 4374 1059 4430 sed
1081 4381 1134 4427 et
1173 4371 1366 4426 festum
1391 4353 1830 4424 Esaltatiouis‘S.
1851 4369 2078 4426 Crucis:

514 4487 638 4524 nam
665 4479 721 4523 et
765 4470 867 4522 hoc
930 4473 1226 4521 numerant
1274 4463 1446 4518 Graeci
1483 4471 1538 4517 et
1567 4462 1682 4532 ipse
1721 4462 2084 4517 Codiuusuo—

514 4573 628 4618 διει-
651 4567 704 4615 in
737 4559 1044 4630 Dcspoticis
1067 4557 1240 4612 feriis.
1331 4607 1340 4617 _

587 4655 724 4709 Ibid.
778 4655 976 4709 Ibidem
1026 4651 1314 4722 legendum
1349 4649 1567 4704 videtur
1590 4645 2078 4718 Χριστουγεννῶν.

515 4751 736 4819 Legitur
766 4749 928 4800 etiam
960 4745 1276 4814 disjunctim
1319 4741 1560 4812 Χριστοῦ
1593 4741 1780 4810 γέννα.

589 4841 729 4896 Ibid.
759 4839 1057 4910 Παραμονή
1091 4837 1178 4892 hic
1209 4843 1290 4890 est
1319 4834 1520 4903 vigilia,
1561 4835 1628 4889 ad
1665 4835 1890 4889 verbum
1921 4834 2080 4902 quasi

513 4933 832 5006 exspectatio
903 4932 1041 5001 festi.
1083 4929 1268 4998 Inepte
1325 4925 1522 4983 Junius
1573 4929 1822 4983 stativum
1880 4931 2074 4999 feriam

513 5029 698 5090 vertit,
743 5027 904 5095 idque
930 5039 1036 5078 non
1071 5031 1279 5076 tantum
1339 5035 1484 5085 meo,
1518 5021 1610 5075 sed
1651 5031 1704 5076 et
1745 5019 1970 5077 Meursii
1995 5023 2081 5091 jno

516 5121 676 5173 dicio.
709 5119 894 5184 Inepte
919 5115 1116 5170 ibidem
1151 5115 1231 5175 εἰς
1253 5113 1346 5165 τὸν
1377 5112 1576 5183 ὖρθρον
1601 5113 1765 5168 vertit
1798 5115 2081 5168 adverbia-

469 5189 480 5244 ."
516 5211 636 5264 liter
663 5209 958 5261 matutino:
985 5205 1094 5260 imo
1123 5205 1192 5258 ad
1217 5205 1565 5271 matutinum,
1598 5205 1668 5258 ad
1692 5205 1875 5260 laudes
1911 5213 2086 5258 rnatu-

517 5303 675 5356 tinas.
705 5300 909 5353 Gens.

588 5393 732 5448 Ibid.
759 5389 970 5464 [Basilii
997 5389 1182 5446 missa:
1209 5391 1404 5446 titulus
1429 5391 1479 5445 in
1508 5389 1878 5459 Euchologio:
1909 5389 2084 5458 Ἐντῇ

516 5485 814 5556 παραμονῇ
877 5481 978 5546 τῆς
1001 5481 1093 5535 τοῦ
1151 5483 1400 5553 Χριστοῦ
1435 5483 1593 5552 ἡμῶν
1623 5485 1946 5550 γεννήσεως.
1973 5479 2085 5536 Me-

513 5594 731 5636 namm:
770 5577 832 5648 Et
877 5577 1018 5648 τύχῃ
1057 5577 1089 5644 ἠ
1136 5575 1427 5646 παραμονὴ
1486 5577 1584 5645 τῆς
1637 5575 1872 5645 Χριστοῦ
1933 5573 2088 5646 ἡμῶν

514 5675 826 5745 γεννήσεως
866 5673 922 5723 ὲν
965 5669 1283 5738 Σαεεὰτῳῆ
1317 5671 1591 5738 κυριακῇ.

584 5765 725 5821 Ibid.
753 5764 880 5838 [Εἰς
911 5763 1016 5817 τὸν
1050 5763 1262 5832 ὄρθρον
1288 5763 1372 5830 μὴ
1405 5761 1781 5827 ἐξελθόντος.
1810 5759 2084 5831 Pervigilii

521 5857 1122 5936 natalitiorumtlhristi
1153 5855 1389 5916 udicium
1417 5859 1748 5915 matutinum
1793 5857 2085 5916 laudandis

2193 3285 2272 3331 les
2310 3291 2372 3330 ac
2406 3275 2744 3331 celebrantes
2788 3276 2965 3332 audit.
3001 3275 3188 3346 Ipsuul
3225 3277 3492 3333 ltlenzeum
3533 3283 3758 3334 minori-

2190 3371 2292 3425 bus
2362 3369 2510 3424 horis
2564 3369 2793 3439 prmtigit
2843 3369 3094 3434 titulum;
3175 3371 3344 3441 Ἀρχὴ
3379 3373 3480 3442 τῆς
3533 3375 3749 3427 ἀκοῖου-

2189 3461 2310 3524 θεας
2331 3461 2438 3514 τῶν
2469 3459 2626 3532 ὡρῶν
2662 3462 2761 3533 τῆς
2793 3461 2935 3515 κατὰ
2968 3461 3149 3532 σάρκα
3176 3465 3486 3534 γεννήσεως
3517 3464 3612 3518 τοῦ
3643 3466 3748 3518 Κυ-

2193 3553 2332 3624 ρίου.

2253 3645 2312 3699 Ρ.
2335 3645 2423 3700 44.
2447 3643 2630 3719 [Μετὰ
2651 3647 2766 3714 τὴν
2786 3645 3112 3700 ἀπόλυσιν.
3137 3643 3375 3715 Supplex
3402 3647 3752 3702 ecclesiastici

2190 3737 2352 3794 ollicii
2385 3737 2666 3793 conclusio
2689 3747 2771 3792 est
2797 3737 3080 3800 ἀπόλυσις.
3124 3735 3346 3791 Scatent
3393 3737 3750 3808 undequaque

2191 3827 2454 3897 exemplis
2483 3826 2842 3882 ecclesiastici
2876 3825 3023 3878 libri.
3058 3825 3356 3883 lnscienter
3385 3826 3556 3900 274
3577 3828 3752 3897 itaque

2192 3921 2457 3975 Meursius
2507 3919 2772 3974 ἀπόλυσιν
2805 3918 3060 3971 ultimum
3094 3917 3238 3972 diem
3299 3919 3572 3989 cujuSqne
3614 3919 3748 3984 festi,

2190 4011 2337 4082 quod
2363 4020 2492 4065 tunc
2517 4009 2672 4080 quasi
2697 4009 3024 4074 solveretur,
3077 4009 3349 4078 exposuit.
3376 4011 3544 4065 Solus
3571 4011 3657 4066 hic
3679 4013 3752 4063 Io-

2189 4121 2309 4171 cus,
2339 4119 2448 4175 quo
2499 4119 2599 4159 nec
2626 4101 2897 4158 festivitas
2921 4101 3079 4171 plene
3109 4103 3275 4172 coepit
3303 4117 3404 4157 nec
3433 4105 3544 4158 alia
3571 4105 3745 4165 desiit,

2190 4199 2580 4253 hallucinatum
2619 4195 2881 4251 declarat.
2907 4193 3110 4266 Gosn.]

2259 4289 2321 4344 P.
2359 4291 2448 4344 44.
2479 4289 2674 4345 Inscite
2723 4285 2920 4344 JuniUs
2951 4287 3358 4342 εἰκονοστάσιον
3406 4292 3574 4344 vertit
3611 4289 3748 4342 detu-

2189 4384 2360 4438 brum.
2395 4381 2690 4438 Delnbrum
2723 4385 2875 4445 verti,
2933 4382 3132 4452 inquit,
3160 4382 3314 4450 quasi
3355 4383 3439 4434 dei
3469 4394 3566 4436 aut
3610 4385 3751 4436 diio-

2189 4489 2305 4528 ram
2329 4475 2558 4527 labrum.
2593 4473 2876 4527 Praeclare.
2943 4471 3311 4526 Iconostasion
3342 4473 3552 4528 dicitur
3599 4489 3754 4529 omne

2117 4567 2162 4625 D
2193 4567 2324 4621 illud
2355 4567 2406 4621 in
2441 4581 2550 4636 quo
2593 4565 2675 4620 vel
2701 4573 2844 4620 stant
2885 4566 2964 4620 vel
3019 4581 3084 4618 ex
3139 4581 3248 4635 quo
3299 4568 3538 4636 pcnlent
3594 4581 3754 4622 sacra:

2185 4663 2470 4730 imagines,
2501 4669 2559 4714 ut
2584 4677 2646 4714 ex
2687 4661 2791 4716 isto
2819 4659 3127 4729 pendebant
3159 4661 3424 4730 imagines
3455 4661 3756 4716 nativitatis

2185 4755 2388 4809 Christi
2429 4753 2656 4821 aliaeque
2687 4761 2796 4806 tres
2840 4761 2934 4805 aut
2963 4759 3216 4822 quatuor.
3251 4751 3510 4807 Germani
3565 4763 3756 4808 vocant

2187 4845 2268 4897 ein
2303 4843 2468 4896 bilder
2506 4843 2735 4913 gestem.
2763 4841 2968 4898 GnE'rs.

2261 4935 2400 4989 Ibid.
2420 4935 2630 5006 [Sacris
2655 4935 2990 5005 imaginibus
3006 4935 3392 5006 circumposita
3411 4949 3754 5002 ornamenta,

2188 5030 2388 5098 quibus
2421 5029 2525 5082 illa:
2554 5039 2682 5084 Sunt
2739 5027 2934 5094 aliine,
2979 5040 3062 5083 est
3096 5031 3519 5086 εἰκονοστάσιον.
3559 5032 3754 5085 Τυτειιι

2189 5121 2277 5172 tici
2305 5121 2471 5188 operis
2505 5119 2826 5189 quadratum
2855 5118 3064 5173 tabella:
3083 5121 3378 5190 marginem
3407 5121 3500 5175 alii
3543 5131 3754 5178 vocant.

2191 5207 2394 5281 GOAR.]

2260 5303 2400 5357 Ibid.
2461 5303 2832 5372 Ἀναλόγιον.
2885 5299 3160 5357 Sci-ibitur
3198 5303 3360 5357 etiam
3406 5303 3750 5372 ἀναλογξῖον.

2191 5395 2434 5449 Suidas:
2507 5393 2870 5461 Ἀναὶιογεῖον,
2931 5393 2985 5446 ἐν
3056 5387 3100 5460 ᾧ
3123 5391 3364 5447 τίθενται
3429 5395 3500 5446 τὰ
3553 5395 3752 5464 βιϐλία.

2195 5485 2472 5555 Usurpant
2532 5501 2750 5555 quoque
2779 5483 2977 5540 Latini.
3007 5484 3202 5540 lsidori
3227 5485 3475 5540 Glossaez
3517 5485 3757 5542 Lcctrum

2191 5579 2517 5647 analogiam,
2548 5593 2705 5646 super
2728 5593 2828 5647 quo
2863 5577 3070 5646 legitur.
3107 5575 3460 5636 Walatridus.
3499 5579 3576 5634 De
3605 5581 3757 5635 rebus

2189 5671 2504 5724 ccclesiast.
2529 5685 2578 5722 c.
2611 5669 2675 5723 6:
2709 5671 3050 5738 Anatoyium,
3083 5672 3222 5737 quod
3251 5669 3305 5721 in
3332 5685 3390 5723 eo
3416 5671 3634 5724 verbum
3673 5669 3758 5722 Dei

2194 5765 2385 5832 legitur
2417 5769 2466 5814 et
2509 5765 2882 5813 annuntiatnr.
2913 5761 3002 5814 list
3023 5759 3267 5831 ejusdem
3299 5761 3510 5816 mentio
3543 5765 3600 5817 in
3631 5761 3758 5814 Tur-

2191 5870 2341 5923 cogr.
2365 5857 2399 5910 l.
2435 5869 2494 5920 ll,
2523 5868 2573 5924 p.
2611 5851 2960 5908 168.Gn£rs.
