3852 6626
490 480 589 556 Si]

1548 486 1626 547 IN
1684 489 1982 549 LIBRUM
2043 489 2137 548 DE
2187 485 2516 548 OFFICIIS
2556 486 2668 545 (ΣΡ.

3616 483 3715 549 312

487 587 817 655 excipiuntur
842 601 957 658 qua
977 585 1225 653 dicimus,
1255 587 1586 658 excipiuntur
1615 609 1732 661 qua
1765 595 1976 658 dicitis;
2005 606 2052 647 et
2083 612 2125 666 Α
2155 594 2434 662 parricida:
2467 600 2660 646 statuae
2692 590 3058 646 detrahantur.
3093 589 3320 645 Necator
3340 590 3531 645 civium
3599 602 3713 646 tra-

487 694 632 731 meus
658 692 829 732 sermo
858 687 905 731 et
933 687 1121 733 vestrte
1160 679 1566 734 acclamationes
1594 683 1649 733 in
1699 693 1894 734 terram
1951 701 2054 735 non

485 769 702 842 eadunt.
733 769 976 838 Apertius
1021 779 1077 822 ut
1106 769 1303 836 dicam,
1333 772 1690 826 ecclesiastica
1723 790 1860 827 nunc
1913 785 2056 844 gesta

485 860 821 928 conficimus.
851 858 941 914 Sic
967 861 1109 931 enim
1138 861 1234 914 hoc
1253 877 1364 916 esse
1395 871 1653 930 quantum
1688 865 1760 917 ad
1819 865 2054 918 homines

486 949 860 1016 conﬁrmatum
886 949 1020 1002 volo.
1061 949 1266 1018 Populo
1297 952 1654 1005 acclamatum
1693 963 1775 1008 est
1810 955 2056 1024 trigesics

488 1040 690 1106 sexies,
718 1041 824 1094 Deo
848 1043 1074 1111 gratias,
1101 1040 1309 1096 Christo
1337 1043 1540 1102 laudes.
1573 1043 1788 1099 Exaudi
1807 1046 2058 1100 Christe!

489 1132 782 1200 Augustino
812 1135 955 1199 vita;
980 1133 1186 1189 dictum
1215 1136 1596 1192 esttredecies.
1629 1136 1694 1189 Et
1723 1138 1827 1193 sub
1856 1137 2051 1192 linem:

491 1221 595 1277 Hic
620 1225 750 1277 mihi
773 1227 1104 1294 responsione
1133 1237 1303 1280 vestra
1319 1243 1447 1296 opus
1466 1237 1565 1282 est.
1600 1227 1821 1283 Teneam
1843 1245 2054 1298 respon-

491 1315 688 1368 sionem
717 1326 963 1371 vestram.
988 1317 1062 1370 De
1085 1318 1184 1371 hac
1204 1320 1498 1375 assertione
1517 1321 1718 1390 aliquid
1737 1320 2050 1376 acclamate.

489 1409 530 1462 A
564 1409 758 1477 populo
821 1410 1193 1475 acclamatum,
1248 1410 1398 1483 Fiat,
1441 1413 1582 1480 ﬁat:
1637 1415 1844 1468 dictum
1885 1414 2056 1468 vicies

491 1499 804 1568 quinquies.
840 1499 1064 1570 Dignum
1092 1514 1192 1573 est,
1242 1505 1450 1572 justum
1498 1515 1599 1570 est,
1650 1505 1856 1560 dictum
1888 1505 2054 1561 vicies

491 1591 686 1646 octies.
719 1590 866 1657 Fiat,
897 1593 992 1662 fiat
1025 1593 1269 1648 :dictum
1322 1605 1515 1663 quater
1564 1597 1765 1653 decies.
1796 1597 1934 1652 Olim
1971 1598 2056 1651 dio

491 1699 646 1752 gnus,
717 1683 843 1736 olim
896 1685 1160 1740 meritus:
1217 1685 1424 1740 dictum
1493 1687 1656 1743 vicies
1740 1688 2053 1758 quinquies.

490 1773 707 1828 Iudicio
731 1786 820 1828 tuo
855 1779 1058 1845 gratias
1090 1779 1316 1847 agimus,
1359 1779 1567 1834 dictum
1615 1779 1906 1835 tredecies.
1941 1780 2049 1834 Eam

493 1865 648 1930 audi,
683 1863 916 1931 Christe,
974 1868 1233 1922 Eradium
1267 1885 1565 1924 conserua:
1611 1870 1817 1924 dictum
1883 1872 2055 1926 octies

2160 684 2336 744 ltatur,
2368 682 2640 751 parricida
2675 683 2868 735 civium
2907 684 3170 736 trahatur.
3222 681 3550 736 Gladiatoris
3607 695 3714 736 sta-

2159 786 2262 828 ture
2289 776 2658 830 detrahantur.
2703 776 2775 830 Te
2816 775 2962 840 salvo
2999 775 3137 829 salvi
3192 784 3240 830 ct
3297 776 3469 828 securi
3511 791 3716 841 sumus,

2156 885 2286 933 rere,
2304 885 2448 932 vere;
2473 869 2624 922 modo
2655 867 2833 939 digne,
2862 869 3012 921 modo
3037 883 3168 933 cere,
3192 868 3342 921 modo
3359 866 3539 920 libere.
3568 867 3718 922 Nunc

2157 959 2325 1011 securi
2357 974 2560 1011 sumus.
2607 958 2944 1012 Delatoribus
2974 967 3188 1012 metum.
3219 957 3284 1012 Ut
3328 958 3500 1012 securi
3526 957 3714 1020 simus,

2157 1048 2482 1101 delatoribus
2502 1057 2735 1113 metum;
2777 1057 2833 1100 ut
2899 1049 3032 1102 salui
3097 1048 3283 1112 simus,
3341 1047 3611 1102 delatores
3661 1049 3721 1098 de

2156 1147 2363 1192 senatu.
2409 1137 2742 1191 Delatoribus
2794 1138 2986 1205 fustem
3018 1145 3064 1189 te
3085 1135 3253 1190 salvo.
3317 1134 3593 1190 Delatores
3652 1137 3715 1186 ad

2158 1228 2355 1284 leonem
2385 1238 2431 1283 te
2467 1231 2778 1298 imperante.
2820 1228 3152 1282 Delatoribus
3187 1228 3400 1294 fustem.
3431 1225 3721 1278 Parricida

2157 1322 2468 1392 gladiatoris
2493 1321 2744 1380 memoria
2782 1319 3083 1383 abolentur,
3108 1317 3391 1384 parricidia
3453 1317 3720 1386 gladiato-

2157 1415 2232 1466 ris
2256 1422 2450 1467 statute
2483 1413 2853 1468 detrahantur.
2912 1412 3120 1480 lmpuri
3165 1410 3484 1480 gladiatoris
3536 1425 3723 1462 memo-

2158 1506 2239 1558 ria
2299 1505 2602 1568 aboleatur;
2667 1502 3013 1573 gladiatorem
3072 1505 3126 1556 in
3175 1502 3451 1568 spoliario.
3487 1500 3719 1562 Exaudi,
3773 1524 3785 1550 .-

2159 1596 2360 1652 Csesar.
2413 1596 2669 1664 Carnifex
2725 1611 2857 1650 unco
2897 1594 3159 1648 trahatur.
3196 1593 3452 1661 Carnifex
3511 1603 3724 1646 senatus

2161 1704 2300 1741 more
2364 1687 2626 1756 majorum
2649 1703 2780 1742 unco
2848 1685 3112 1740 trahatur.
3145 1685 3346 1739 Sauior
3393 1683 3720 1747 Domitiano,

2158 1779 2418 1844 impurior
2446 1778 2676 1840 Nerone,
2708 1780 2784 1832 sic
2840 1778 2983 1846 fecit,
3025 1779 3099 1832 sic
3154 1780 3418 1846 patiatur.
3460 1777 3725 1831 Memoria

2158 1871 2507 1924 innocentium
2520 1879 2808 1937 serventur,
2831 1871 3048 1924 honores
3071 1871 3427 1924 innocentium
3453 1870 3721 1922 restituas.

491 1955 695 2010 decies.
728 1953 890 2011 Vides
961 1957 1048 2012 hic
1100 1958 1266 2028 280
1311 1961 1556 2014 eamdem
1605 1961 2049 2016 acclamationem
2088 1943 2130 2001 Β
2158 1962 2444 2033 Rogamus,
2470 1962 2750 2032 parricida:
2773 1962 2993 2016 cadaver
3017 1978 3150 2016 unca
3180 1965 3447 2025 trahatur,
3467 1962 3729 2030 gladiato-

493 2049 741 2103 iteratam
773 2050 964 2117 fuisse,
1000 2065 1110 2106 non
1133 2061 1343 2106 tantum
1364 2054 1554 2120 semel,
1589 2054 1686 2110 sed
1733 2067 1790 2110 et
1834 2056 2056 2126 sacpius,

493 2151 605 2191 imo
640 2152 964 2205 saepmsnme.

566 2228 640 2281 En
683 2229 814 2298 quid
867 2242 1089 2286 senatus
1134 2233 1192 2286 in
1223 2231 1535 2301 Claudium,
1591 2250 1714 2291 eum
1761 2236 2060 2306 imperator

495 2321 840 2376 renuntiatus
859 2336 1024 2387 esset,
1045 2325 1187 2393 apud
1220 2326 1546 2383 Trebellium
1574 2344 1588 2382 :
1618 2332 1848 2398 Auguste
1896 2329 2062 2384 Clau-

493 2414 571 2474 di,
600 2415 677 2487 dii
717 2423 764 2468 te
789 2416 933 2469 nobis
965 2427 1214 2484 prastent
1244 2434 1262 2472 :
1291 2420 1492 2475 dictum
1542 2423 1809 2490 sexagies.
1867 2420 2061 2476 Claudi

495 2510 750 2577 Auguste,
771 2511 1058 2579 principem
1088 2521 1156 2578 te,
1188 2523 1276 2564 aut
1299 2514 1472 2581 qualis
1499 2524 1553 2567 tu
1582 2531 1657 2582 es,
1693 2529 1892 2581 semper
1908 2524 2062 2582 opta-

495 2602 664 2654 vimus
690 2617 709 2654 :
741 2602 947 2656 dictum
977 2603 1325 2674 quadragies.
1358 2605 1551 2659 Claudi
1590 2606 1846 2677 Auguste,
1875 2616 1921 2662 te
1950 2624 2052 2662 res-

495 2692 711 2761 publica
776 2693 1116 2762 requirebat:
1181 2695 1385 2749 dictum
1453 2697 1795 2766 quadragies.
1870 2698 2064 2754 Claudi

496 2785 752 2851 Auguste,
784 2792 836 2836 tu
867 2783 1056 2852 frater,
1089 2793 1144 2838 tu
1195 2796 1368 2853 pater,
1420 2796 1476 2840 tu
1531 2789 1754 2853 amicus,
1787 2799 1843 2843 tu
1900 2791 2065 2844 bonus

496 2885 728 2943 senator,
760 2888 816 2930 tu
841 2893 954 2931 vere
978 2880 1216 2948 princeps
1245 2896 1264 2933 :
1295 2880 1501 2934 dictum
1544 2883 1806 2938 oetavies.
1875 2882 2066 2938 Claudi

499 2964 751 3034 Auguste,
782 2977 838 3020 tu
876 2983 968 3021 nos
991 2968 1056 3021 ab
1078 2969 1304 3024 Aureolo
1360 2971 1568 3028 vindica
1603 2989 1622 3028 .'
1663 2973 1868 3028 dictum
1909 2975 2068 3043 quin-

497 3055 676 3124 quies.
701 3055 893 3111 Claudi
911 3058 1164 3128 Auguste,
1197 3069 1253 3114 tu
1285 3077 1376 3117 nos
1401 3078 1433 3116 a
1459 3063 1791 3134 Palntgrenis
1822 3065 2062 3122 uindicat

498 3145 703 3201 dictum
733 3148 1048 3218 quinquies.
1078 3149 1274 3206 Claudi
1304 3153 1560 3234 Auguste,
1615 3167 1672 3210 tu
1714 3172 1806 3210 nos
1836 3173 1868 3210 a
1900 3155 2066 3212 Zeno.

2163 2056 2236 2109 ris
2265 2055 2486 2108 cadaver
2514 2057 2566 2108 in
2584 2054 2833 2121 spoliario
2850 2063 3100 2122 ponatur.
3153 2053 3412 2125 Perroga,
3444 2053 3677 2123 Perraga
3710 2069 3729 2105 :

2163 2163 2336 2201 omnes
2353 2147 2510 2216 281
2528 2162 2792 2200 censemus
2826 2161 2956 2199 unco
2977 2146 3304 2200 trahendum.
3326 2145 3427 2211 Qui
3445 2163 3623 2200 omnes
3646 2163 3728 2199 oc-

2164 2239 2457 2301 cidit,unco
2479 2239 2740 2292 trahatur.
2761 2236 3081 2302 Quiomnem
3097 2249 3306 2293 atatem
3349 2239 3562 2304 accidit,
3603 2254 3731 2291 unco

2165 2330 2432 2384 trahatur.
2451 2329 2552 2396 Qui
2573 2339 2625 2382 ut
2635 2346 2850 2400 rumque
2861 2345 3043 2384 sexum
3083 2330 3293 2395 occidit,
3312 2346 3446 2384 unco
3463 2331 3728 2389 trahatur.

2165 2424 2268 2492 Qui
2285 2426 2532 2496 sanguini
2545 2441 2640 2478 suo
2659 2441 2760 2478 non
2782 2426 3027 2494 pepercit,
3049 2442 3180 2481 unco
3199 2426 3457 2479 trahatar.
3476 2425 3586 2490 Qui
3607 2434 3732 2477 tem-

2164 2515 2252 2584 pla
2291 2515 2559 2585 spoliauit,
2589 2531 2721 2569 unco
2752 2515 3014 2571 trahatur.
3044 2515 3146 2580 Qui
3180 2525 3490 2570 testamenta
3524 2515 3729 2574 delevit,

2165 2623 2299 2662 unco
2323 2609 2585 2661 trahatur.
2627 2606 2731 2673 Qui
2771 2611 2906 2664 uiuos
2942 2608 3208 2673 spoliavit,
3261 2624 3393 2661 unco
3463 2607 3730 2660 trahatur.

2165 2695 2339 2753 Servis
2381 2700 2707 2754 seruiuimus.
2757 2702 2861 2765 Qui
2910 2703 3080 2770 pretia
3112 2702 3231 2754 vita:
3265 2701 3435 2769 exegit
3482 2711 3533 2753 ct
3583 2699 3731 2766 ﬁdem

2167 2808 2269 2846 non
2299 2793 2549 2857 seruauit,
2593 2808 2724 2847 unco
2760 2795 3029 2848 trahatur.
3064 2792 3169 2857 Qui
3203 2802 3447 2844 senatum
3482 2792 3731 2851 uendidit,

2169 2901 2302 2938 unco
2330 2885 2597 2940 trahatur.
2637 2884 2738 2948 Qui
2774 2886 2902 2952 ﬁliis
2929 2885 3146 2938 abstulit
3185 2886 3570 2947 ha'reditatem,
3608 2899 3732 2936 unco

2169 2977 2431 3028 trahatur.
2464 2974 2672 3028 Indices
2702 2975 2764 3029 de
2782 2983 2988 3037 senatu,
3011 2975 3272 3028 delatores
3296 2975 3357 3027 de
3381 2982 3596 3035 senatu,
3631 2988 3730 3026 ser-

2168 3081 2350 3120 rorum
2398 3068 2764 3121 subornatores
2807 3067 2872 3119 de
2904 3076 3110 3122 senatu.
3165 3065 3231 3119 Et
3273 3075 3329 3118 tu
3368 3065 3637 3118 nobiscum
3669 3064 3728 3115 ti-

2170 3157 2372 3222 muisti,
2421 3161 2597 3213 omnia
2639 3160 2776 3226 scis,
2822 3158 2982 3212 bonos
3027 3166 3074 3212 et
3125 3157 3292 3210 malos
3344 3157 3504 3211 nosti.
3550 3155 3732 3208 Omnia

500 3239 586 3292 bia
609 3249 656 3294 et
677 3258 709 3294 a
745 3241 974 3297 Victoria
1006 3243 1173 3298 libera
1203 3259 1222 3298 .'
1252 3246 1456 3301 dictum
1489 3248 1709 3320 septies.
1735 3249 1931 3304 Claudi
1957 3251 2066 3303 Λιι-
2091 3285 2136 3350 C
2171 3249 2296 3313 scis,
2329 3250 2505 3303 omnia
2545 3250 2784 3304 emenda.
2813 3247 2923 3302 Pro
2951 3257 2999 3301 te
3030 3247 3324 3301 timuimus.
3366 3245 3410 3300 0
3437 3262 3531 3299 nos
3564 3244 3732 3313 felices

499 3341 665 3398 guste,
699 3330 930 3386 Tetricus
971 3334 1101 3388 nihil
1126 3336 1227 3404 fuit
1261 3354 1279 3392 :
1318 3339 1522 3394 dictum
1555 3341 1782 3410 septies.

570 3421 684 3478 Nec
723 3425 882 3480 bonis
915 3436 1123 3483 tantum
1187 3429 1350 3492 bona,
1375 3431 1468 3486 sed
1509 3440 1562 3486 et
1624 3432 1762 3485 mala
1824 3433 1983 3487 malis
2011 3434 2064 3488 in

503 3514 821 3583 huiusmodi
900 3521 1394 3578 acclamationibus
1465 3524 1904 3594 apprecabautur
1983 3525 2065 3580 vel

501 3609 658 3675 quasi
703 3609 827 3678 jure
897 3627 998 3668 suo
1060 3613 1445 3686 emagitabant.
1503 3615 1723 3672 lllustre
1771 3617 1934 3688 hujus
1990 3618 2065 3672 rei

501 3701 807 3770 exemplum
860 3705 1169 3773 suppeditat
1227 3705 1405 3762 Elius
1466 3706 1833 3779 Lampridius,
1923 3709 2064 3779 apud

502 3807 664 3860 quem
710 3793 876 3849 habes
949 3797 1371 3854 acclamationes
1426 3813 1653 3856 senatus
1713 3801 1767 3854 in
1822 3801 2064 3854 occisum

501 3883 860 3940 Commodum
915 3886 1345 3956 imperatorem:
1401 3889 1555 3944 Hosti
1609 3894 1800 3960 patriae
1847 3892 2065 3944 honores

492 3976 870 4044 detrahantur,
901 3980 1186 4048 parricida:
1217 3982 1438 4036 honores
1468 3983 1837 4047 detrahantur,
1894 3983 2067 4049 parri-

500 4069 619 4123 cida
650 4074 910 4125 trahatur.
941 4070 1123 4126 Hostis
1149 4074 1358 4142 patriaz,
1397 4074 1686 4142 parricida,
1719 4073 1986 4142 gladiator
2014 4074 2067 4126 in

499 4161 752 4228 spoliario
787 4163 1036 4219 lanietur.
1057 4163 1246 4234 Hostis
1269 4166 1508 4229 deorum,
1551 4165 1792 4234 carnifex
1825 4173 2061 4230 senatus,

499 4253 659 4308 hostis
693 4253 928 4319 deorum,
951 4257 1216 4324 parricida
1243 4264 1475 4310 senatus.
1495 4258 1675 4310 Hostis
1715 4257 1948 4322 deorum,
1980 4259 2072 4309 ho-

499 4346 593 4397 stis
619 4354 855 4400 senatus.
889 4343 1250 4399 Cladiatorem
1279 4346 1332 4399 in
1365 4345 1638 4414 spoliario.
1677 4347 1782 4410 Qui
1830 4354 2068 4399 senatum

500 4436 708 4502 occidit,
733 4438 787 4489 in
815 4436 1063 4505 spoliario
1093 4445 1340 4506 ponatur.
1401 4435 1504 4502 Qui
1561 4447 1800 4492 senatum
1859 4438 2066 4501 occidit,

500 4543 636 4605 unco
665 4529 933 4584 trahatur.
962 4529 1065 4594 Qui
1091 4530 1386 4582 innocentes
1418 4530 1630 4593 occidit,
1660 4544 1794 4583 unco
1820 4529 2067 4581 trahatur

2171 3351 2219 3396 te
2249 3343 2359 3396 viro
2386 3345 2697 3410 imperante.
2732 3341 2806 3394 De
2831 3339 3100 3410 parricida
3124 3341 3281 3407 refer,
3306 3339 3460 3407 refer,
3477 3350 3733 3406 perroga:

2167 3435 2499 3505 presentiam
2545 3443 2691 3487 tuam
2737 3448 3004 3502 rogamus.
3056 3431 3362 3486 Innocentes
3397 3430 3593 3491 sepulti
3639 3444 3732 3481 non

2168 3534 2326 3589 sunt;
2361 3524 2642 3594 parricida:
2674 3523 2898 3576 cadaver
2939 3523 3205 3576 trahatur.
3247 3520 3535 3574 Parricida
3570 3524 3736 3588 sepui-

2170 3624 2249 3670 tos
2275 3616 2432 3680 eruit,
2456 3614 2740 3683 parricida:
2765 3612 2987 3666 cadaver
3016 3613 3281 3667 trahatur.

2241 3707 2447 3762 Similis
2477 3706 2648 3760 ferme
2666 3714 2747 3760 est
2779 3707 2864 3758 illa
2896 3705 3234 3772 ὲπιφώνησις
3269 3718 3387 3772 quae
3432 3703 3484 3756 in
3523 3701 3734 3771 synodo

2169 3802 2271 3856 sub
2310 3802 2460 3854 Mena
2494 3801 2709 3855 actione
2738 3797 2804 3852 ιν
2835 3798 3053 3868 legitur.
3094 3796 3251 3851 Multi
3273 3797 3396 3849 anni
3447 3797 3734 3864 imperato-

2169 3895 2265 3956 ris,
2309 3893 2460 3945 ntulti
2487 3892 2611 3944 anni
2640 3891 2978 3960 patriarchte.
3016 3886 3230 3941 Petrum
3259 3887 3483 3941 Zoaram
3509 3897 3559 3940 et
3590 3887 3736 3941 Sere-

2169 4002 2285 4038 rum
2320 3983 2471 4037 modo
2497 3984 2909 4037 analhematiza.
2955 3980 3316 4036 Orthodoxum
3370 3980 3733 4044 imperatorem

2169 4073 2364 4128 habes:
2398 4073 2688 4144 quidtimes
2713 4071 2836 4126 ?eos
2863 4073 2951 4142 qui
2973 4071 3374 4140 parabaptizant
3409 4070 3539 4135 eiice
3567 4070 3727 4143 foras.

2171 4161 2237 4216 Et
2262 4179 2380 4216 cum
2423 4165 2662 4216 monachi
2702 4162 3182 4232 Hierosolymorum
3219 4170 3564 4232 porrexerunt
3586 4160 3734 4213 char-

2141 4265 2299 4322 _tam,
2333 4255 2558 4308 universi
2585 4254 2975 4308 clamauerunt:
3006 4251 3167 4306 Multi
3216 4253 3341 4305 anni
3396 4251 3732 4315 patriarcha.

2171 4345 2428 4401 Libellth
2463 4345 2833 4399 monachorum
2863 4345 3014 4397 modo
3044 4345 3267 4412 suscipe.
3299 4341 3535 4394 Libellus
3590 4342 3736 4393 modo

2171 4437 2396 4506 legatur.
2435 4435 2534 4490 Eos
2559 4437 2649 4505 qui
2689 4451 2780 4504 per
2837 4435 3048 4488 domum
3111 4433 3380 4502 baptizant
3421 4432 3551 4500 ejice
3574 4433 3733 4500 foras.

2173 4527 2484 4597 Speluncam
2517 4527 2703 4581 Zoara:
2737 4531 2888 4580 modo
2942 4536 3202 4595 torqueas.
3242 4524 3394 4575 Multi
3452 4524 3581 4575 anni
3634 4538 3739 4590 pa-

499 4622 688 4686 hostis,
715 4621 1000 4690 parricida,
1033 4638 1168 4686 vere,
1201 4639 1390 4690 severe.
1419 4621 1524 4688 Qui
1554 4623 1799 4692 sanguini
1835 4638 1928 4675 suo
1965 4638 2069 4674 non
2100 4636 2148 4696 ι)
2176 4620 2444 4674 ινὶαιτιιίε.
2480 4617 2906 4686 Parabaptistam
2939 4620 3089 4670 modo
3111 4615 3525 4668 anathematiza.
3584 4612 3736 4666 Chri-

498 4715 742 4782 pepercit,
801 4730 932 4767 unco
958 4715 1219 4769 trahatur.
1255 4715 1358 4780 Qui
1393 4725 1440 4769 te
1472 4717 1736 4769 occisurus
1770 4715 1890 4783 fuit,
1936 4730 2067 4766 unco

500 4806 764 4860 trahatur.
799 4804 1087 4860 Nobiscum
1141 4808 1384 4871 timuisti,
1417 4807 1686 4860 nobiscum
1743 4804 2066 4873 periclitatus

496 4917 568 4952 cs.
603 4899 662 4956 Ut
685 4899 816 4952 salui
853 4899 1040 4964 simus,
1095 4897 1323 4968 Jupiter,
1366 4898 1558 4967 optime
1614 4899 1860 4962 maxime,
1917 4914 2063 4952 serva

499 4993 644 5046 nobis
663 4992 1008 5047 Pertinacem.
1035 4993 1180 5048 Fidei
1196 4981 1636 5061 praetorianorum
1658 4991 1910 5059 feliciter,
1934 5008 2054 5058 pra:-

503 5087 650 5138 toriis
672 5086 968 5139 cohortibus
993 5086 1234 5153 feliciter,
1257 5085 1566 5140 exercitibus
1593 5083 1847 5138 Romanis
1897 5085 2066 5152 felici-

501 5188 598 5240 ter,
616 5177 801 5239 pietati
824 5186 1038 5230 senatus
1084 5178 1326 5247 feliciter.
1353 5177 1628 5232 Parricida
1667 5177 1932 5231 trahatur.
1961 5176 2063 5228 Ro-

495 5283 704 5336 gamus,
771 5267 1023 5338 Auguste,
1086 5267 1356 5336 parricida
1411 5271 1675 5324 trahatur.
1729 5267 1844 5322 Hoc
1908 5284 2064 5336 roga-

498 5370 636 5422 mus,
693 5359 962 5424 parricida
1035 5359 1309 5424 trahatur;
1367 5359 1581 5424 exaudi,
1651 5357 1851 5414 Ctesar.
1908 5357 2064 5412 Beloc

494 5462 632 5504 tores
668 5450 739 5510 ad
796 5449 1037 5516 leonem;
1113 5453 1324 5513 exaudi.
1389 5453 1590 5507 Caesar.
1673 5450 1944 5504 Delatores
1993 5449 2062 5506 ad

495 5544 729 5605 leonem;
753 5542 965 5601 exaudi.
995 5541 1196 5597 Ctesar.
1229 5541 1507 5610 Speratum
1537 5540 1604 5592 ad
1634 5541 1855 5594 leonem.
1895 5539 2061 5594 Victo-

498 5631 592 5683 ria:
620 5630 799 5698 populi
828 5629 1053 5685 Romani
1094 5632 1352 5700 feliciter;
1389 5631 1508 5700 ﬁdei
1549 5632 1778 5684 militum
1810 5631 2058 5700 feliciter;

493 5723 621 5792 ﬁdei
652 5725 1093 5789 pra'torianorum
1146 5725 1403 5791 feliciter;
1449 5725 1750 5778 cohortibus
1797 5727 2059 5792 praetoriis

493 5816 731 5885 feliciter.
761 5813 945 5872 Hostis
972 5827 1176 5872 statuas
1217 5817 1463 5887 undique,
1521 5818 1799 5890 parricida:
1851 5828 2056 5872 statuas

494 5907 736 5990 undique,
772 5907 1087 5980 gladiatoris
1120 5920 1319 5964 statuas
1358 5912 1618 5979 undique;
1675 5910 1982 5980 gladiatoris
2008 5921 2055 5963 et

2173 4711 2337 4765 stiani
2374 4711 2706 4779 imperatoris
2737 4709 2888 4762 multi
2909 4710 3055 4762 anni.
3085 4707 3374 4762 Orthodori
3405 4706 3734 4774 imperatoris

2173 4804 2324 4858 mulli
2378 4805 2523 4856 anni.
2594 4801 2866 4872 Spelunca:
2920 4801 3280 4854 hterclicorum
3341 4799 3495 4850 modo
3530 4797 3732 4850 ardent.

2182 4897 2350 4950 Vincit
2395 4896 2522 4964 fides
2565 4895 2918 4964 imperatoris.
2961 4892 3288 4948 Orthodoxus
3336 4900 3557 4960 regnat:
3615 4889 3734 4958 quid

2169 4992 2318 5043 times
2342 4991 2365 5042 ἰ)
2393 4987 2580 5042 Petrus
2607 5005 2766 5056 quare
2800 4987 2949 5040 habet
2978 4985 3293 5038 monasteria
3323 4985 3347 5038 ?
3385 4982 3571 5036 Onmes
3629 4983 3733 5034 Iur-

2170 5083 2356 5135 reticos
2392 5081 2462 5133 ibi
2504 5080 2676 5133 habet.
2707 5079 2978 5144 Severum,
2999 5077 3215 5131 Petrum
3247 5084 3292 5126 et
3325 5075 3551 5127 Zoaram
3583 5075 3732 5125 modo

2168 5175 2579 5229 anathematiza.
2626 5172 2857 5225 Trinitas
2883 5181 2984 5224 tres
3041 5167 3730 5223 armthcntatisat.Anothe-

2169 5284 2254 5322 ma
2287 5266 2504 5322 Severus
2536 5265 2722 5320 Petrus
2751 5276 2798 5318 et
2831 5248 3055 5318 learns.
3101 5262 3344 5318 Severum
3391 5260 3732 5313 Maniclta’um

2166 5358 2318 5411 modo
2338 5358 2747 5433 anatlteniatisa.
2787 5355 2951 5410 Vincit
2971 5355 3098 5423 fides
3116 5351 3563 5407 Christianorum.
3586 5348 3734 5403 Multi

2164 5453 2288 5503 anni
2314 5449 2908 5520 patriarchaJnimicos
2933 5445 3134 5501 Christi
3148 5445 3265 5500 mod
3278 5461 3305 5496 o
3321 5441 3730 5498 anathcnmtisa.

2166 5539 2454 5593 [hereticos
2531 5541 2684 5592 modo
2750 5537 3162 5591 anathematiza.
3244 5532 3731 5586 Anathematizatos

2166 5634 2318 5685 modo
2350 5632 2766 5700 anathenatisa.
2808 5629 2978 5682 Vincit
3005 5630 3135 5698 ﬁdes
3168 5625 3621 5680 Christianorum.

2236 5725 2444 5778 EtAct.
2496 5724 2550 5789 5,
2601 5739 2723 5792 qum
2775 5734 2930 5775 antea
2987 5722 3041 5774 in
3103 5719 3334 5788 vulgatis
3395 5713 3730 5770 editiouibus

2165 5818 2373 5873 Solebat
2401 5832 2524 5873 esse
2575 5817 2768 5885 prima,
2799 5825 2978 5871 exstat
3010 5813 3324 5884 longissima
3382 5806 3729 5866 acclamatio,

2166 5927 2272 5978 qua
2304 5909 2500 5980 partim
2548 5908 2691 5964 bona
2721 5907 2980 5978 Augusds
3029 5915 3082 5962 et
3139 5901 3482 5974 patriarcha,
3537 5896 3726 5970 partim
