  <div class='ocr_page' id='page_1' title='image "/cluster/home/n/w/nwhite01/storage/ocr_20150623/157/hvd.32044019307677/206.png"; bbox 0 0 3852 6598; ppageno 0'>
   <div class='ocr_carea' id='block_1_1' title="bbox 300 477 405 542">
    <p class='ocr_par' dir='ltr' id='par_1_1' title="bbox 300 477 405 542">
     <span class='ocr_line' id='line_1_1' title="bbox 300 477 405 542; baseline -0.01 0"><span class='ocrx_word' id='word_1_1' title='bbox 300 477 405 542; x_wconf 78' lang='grc'><strong>313</strong></span> 
     </span>
    </p>
   </div>
   <div class='ocr_carea' id='block_1_2' title="bbox 1413 484 2486 551">
    <p class='ocr_par' dir='ltr' id='par_1_2' title="bbox 1413 484 2486 551">
     <span class='ocr_line' id='line_1_2' title="bbox 1413 484 2486 551; baseline -0.001 0"><span class='ocrx_word' id='word_1_2' title='bbox 1413 488 1802 551; x_wconf 74' lang='lat' dir='ltr'><strong>GRETSERI</strong></span> <span class='ocrx_word' id='word_1_3' title='bbox 1835 486 1930 547; x_wconf 82' lang='lat' dir='ltr'><strong>ET</strong></span> <span class='ocrx_word' id='word_1_4' title='bbox 1965 484 2204 547; x_wconf 83' lang='lat' dir='ltr'><strong>GOARI</strong></span> <span class='ocrx_word' id='word_1_5' title='bbox 2244 486 2486 551; x_wconf 73' lang='grc' dir='ltr'><strong>ΝΟΤίΕ.</strong></span> 
     </span>
    </p>
   </div>
   <div class='ocr_carea' id='block_1_3' title="bbox 3441 488 3546 555">
    <p class='ocr_par' dir='ltr' id='par_1_3' title="bbox 3441 488 3546 555">
     <span class='ocr_line' id='line_1_3' title="bbox 3441 488 3546 555; baseline 0 -1"><span class='ocrx_word' id='word_1_6' title='bbox 3441 488 3546 555; x_wconf 64' lang='grc'><strong>314</strong></span> 
     </span>
    </p>
   </div>
   <div class='ocr_carea' id='block_1_4' title="bbox 299 592 3545 687">
    <p class='ocr_par' dir='ltr' id='par_1_4' title="bbox 299 592 3545 687">
     <span class='ocr_line' id='line_1_4' title="bbox 299 592 3545 687; baseline 0.003 -40"><span class='ocrx_word' id='word_1_7' title='bbox 299 592 459 687; x_wconf 63' lang='lat' dir='ltr'><strong>mala</strong></span> <span class='ocrx_word' id='word_1_8' title='bbox 487 593 768 655; x_wconf 72' lang='lat' dir='ltr'><strong>haretiois</strong></span> <span class='ocrx_word' id='word_1_9' title='bbox 851 600 1087 671; x_wconf 79' lang='lat' dir='ltr'><strong>populus</strong></span> <span class='ocrx_word' id='word_1_10' title='bbox 1133 601 1493 672; x_wconf 62' lang='lat' dir='ltr'><strong>imprecetur.</strong></span> <span class='ocrx_word' id='word_1_11' title='bbox 1544 603 1715 687; x_wconf 64' lang='lat' dir='ltr'><strong>dlulti</strong></span> <span class='ocrx_word' id='word_1_12' title='bbox 1762 605 1870 659; x_wconf 83' lang='lat' dir='ltr'><strong>sint</strong></span> <span class='ocrx_word' id='word_1_13' title='bbox 1902 611 1947 669; x_wconf 75' lang='grc' dir='ltr'><strong>Α</strong></span> <span class='ocrx_word' id='word_1_14' title='bbox 1976 603 2274 674; x_wconf 81' lang='lat' dir='ltr'><strong>superioris</strong></span> <span class='ocrx_word' id='word_1_15' title='bbox 2290 604 2484 673; x_wconf 88' lang='lat' dir='ltr'><strong>capitis</strong></span> <span class='ocrx_word' id='word_1_16' title='bbox 2515 601 2643 674; x_wconf 81' lang='lat' dir='ltr'><strong>(col.</strong></span> <span class='ocrx_word' id='word_1_17' title='bbox 2676 601 2773 659; x_wconf 74' lang='grc'><strong>281</strong></span> <span class='ocrx_word' id='word_1_18' title='bbox 2814 602 2901 675; x_wconf 87' lang='grc'><strong>1)),</strong></span> <span class='ocrx_word' id='word_1_19' title='bbox 2930 602 3104 659; x_wconf 84' lang='lat' dir='ltr'><strong>amice</strong></span> <span class='ocrx_word' id='word_1_20' title='bbox 3126 594 3323 669; x_wconf 78' lang='lat' dir='ltr'><strong>lector,</strong></span> <span class='ocrx_word' id='word_1_21' title='bbox 3358 618 3545 659; x_wconf 55' lang='lat' dir='ltr'><strong>recur-e</strong></span> 
     </span>
    </p>
   </div>
   <div class='ocr_carea' id='block_1_5' title="bbox 295 683 1869 765">
    <p class='ocr_par' dir='ltr' id='par_1_5' title="bbox 295 683 1869 765">
     <span class='ocr_line' id='line_1_5' title="bbox 295 683 1869 765; baseline 0.01 -29"><span class='ocrx_word' id='word_1_22' title='bbox 295 683 423 737; x_wconf 76' lang='lat' dir='ltr'><strong>anni</strong></span> <span class='ocrx_word' id='word_1_23' title='bbox 438 684 803 754; x_wconf 69' lang='lat' dir='ltr'><strong>imperatoris,</strong></span> <span class='ocrx_word' id='word_1_24' title='bbox 836 692 992 747; x_wconf 73' lang='lat' dir='ltr'><strong>inulti</strong></span> <span class='ocrx_word' id='word_1_25' title='bbox 1022 694 1148 748; x_wconf 87' lang='lat' dir='ltr'><strong>anni</strong></span> <span class='ocrx_word' id='word_1_26' title='bbox 1179 694 1451 765; x_wconf 74' lang='lat' dir='ltr'><strong>Auguslw,</strong></span> <span class='ocrx_word' id='word_1_27' title='bbox 1474 683 1577 751; x_wconf 81' lang='lat' dir='ltr'><strong>etc.</strong></span> <span class='ocrx_word' id='word_1_28' title='bbox 1620 693 1869 753; x_wconf 70' lang='lat' dir='ltr'><strong>Severum</strong></span> 
     </span>
    </p>
   </div>
   <div class='ocr_carea' id='block_1_6' title="bbox 292 773 1867 855">
    <p class='ocr_par' dir='ltr' id='par_1_6' title="bbox 292 773 1867 855">
     <span class='ocr_line' id='line_1_6' title="bbox 292 773 1867 855; baseline 0.007 -26"><span class='ocrx_word' id='word_1_29' title='bbox 292 773 646 834; x_wconf 62' lang='lat' dir='ltr'><strong>lanienam:</strong></span> <span class='ocrx_word' id='word_1_30' title='bbox 722 780 871 849; x_wconf 74' lang='lat' dir='ltr'><strong>ejice,</strong></span> <span class='ocrx_word' id='word_1_31' title='bbox 930 792 1029 840; x_wconf 83' lang='lat' dir='ltr'><strong>etc.</strong></span> <span class='ocrx_word' id='word_1_32' title='bbox 1101 785 1439 855; x_wconf 59' lang='lat' dir='ltr'><strong>Efodiantur</strong></span> <span class='ocrx_word' id='word_1_33' title='bbox 1494 804 1619 845; x_wconf 76' lang='lat' dir='ltr'><strong>ossa</strong></span> <span class='ocrx_word' id='word_1_34' title='bbox 1691 786 1867 845; x_wconf 79' lang='lat' dir='ltr'><strong>Mani-</strong></span> 
     </span>
    </p>
   </div>
   <div class='ocr_carea' id='block_1_7' title="bbox 290 867 1868 947">
    <p class='ocr_par' dir='ltr' id='par_1_7' title="bbox 290 867 1868 947">
     <span class='ocr_line' id='line_1_7' title="bbox 290 867 1868 947; baseline 0.008 -28"><span class='ocrx_word' id='word_1_35' title='bbox 290 867 584 936; x_wconf 71' lang='lat' dir='ltr'><strong>cbmm,</strong></span> <span class='ocrx_word' id='word_1_36' title='bbox 611 878 715 927; x_wconf 83' lang='lat' dir='ltr'><strong>etc.</strong></span> <span class='ocrx_word' id='word_1_37' title='bbox 747 869 993 931; x_wconf 76' lang='lat' dir='ltr'><strong>Severum</strong></span> <span class='ocrx_word' id='word_1_38' title='bbox 1023 873 1376 933; x_wconf 62' lang='lat' dir='ltr'><strong>Ila-iciunum</strong></span> <span class='ocrx_word' id='word_1_39' title='bbox 1405 878 1553 947; x_wconf 78' lang='lat' dir='ltr'><strong>[oras</strong></span> <span class='ocrx_word' id='word_1_40' title='bbox 1572 876 1719 945; x_wconf 81' lang='lat' dir='ltr'><strong>ejice,</strong></span> <span class='ocrx_word' id='word_1_41' title='bbox 1764 886 1868 931; x_wconf 87' lang='lat' dir='ltr'><strong>etc.</strong></span> 
     </span>
    </p>
   </div>
   <div class='ocr_carea' id='block_1_8' title="bbox 293 955 1868 1035">
    <p class='ocr_par' dir='ltr' id='par_1_8' title="bbox 293 955 1868 1035">
     <span class='ocr_line' id='line_1_8' title="bbox 293 955 1868 1035; baseline 0.006 -24"><span class='ocrx_word' id='word_1_42' title='bbox 293 955 399 1021; x_wconf 66' lang='lat' dir='ltr'><strong>Qui</strong></span> <span class='ocrx_word' id='word_1_43' title='bbox 418 974 530 1013; x_wconf 78' lang='lat' dir='ltr'><strong>non</strong></span> <span class='ocrx_word' id='word_1_44' title='bbox 583 963 1003 1023; x_wconf 73' lang='lat' dir='ltr'><strong>anathematth</strong></span> <span class='ocrx_word' id='word_1_45' title='bbox 1062 966 1331 1035; x_wconf 74' lang='lat' dir='ltr'><strong>Seuerum,</strong></span> <span class='ocrx_word' id='word_1_46' title='bbox 1383 969 1711 1025; x_wconf 68' lang='lat' dir='ltr'><strong>Manio/unus</strong></span> <span class='ocrx_word' id='word_1_47' title='bbox 1766 976 1868 1023; x_wconf 88' lang='lat' dir='ltr'><strong>est.</strong></span> 
     </span>
    </p>
   </div>
   <div class='ocr_carea' id='block_1_9' title="bbox 288 1045 1866 1130">
    <p class='ocr_par' dir='ltr' id='par_1_9' title="bbox 288 1045 1866 1130">
     <span class='ocr_line' id='line_1_9' title="bbox 288 1045 1866 1130; baseline 0.006 -29"><span class='ocrx_word' id='word_1_48' title='bbox 288 1045 440 1117; x_wconf 72' lang='lat' dir='ltr'><strong>Ejia</strong></span> <span class='ocrx_word' id='word_1_49' title='bbox 464 1049 621 1118; x_wconf 79' lang='lat' dir='ltr'><strong>foras</strong></span> <span class='ocrx_word' id='word_1_50' title='bbox 685 1053 956 1113; x_wconf 76' lang='lat' dir='ltr'><strong>Seuerum.</strong></span> <span class='ocrx_word' id='word_1_51' title='bbox 1012 1057 1224 1117; x_wconf 77' lang='lat' dir='ltr'><strong>Novum</strong></span> <span class='ocrx_word' id='word_1_52' title='bbox 1275 1058 1478 1121; x_wconf 75' lang='lat' dir='ltr'><strong>ludam</strong></span> <span class='ocrx_word' id='word_1_53' title='bbox 1527 1060 1657 1130; x_wconf 80' lang='lat' dir='ltr'><strong>ejice</strong></span> <span class='ocrx_word' id='word_1_54' title='bbox 1700 1060 1866 1129; x_wconf 78' lang='lat' dir='ltr'><strong>(cras.</strong></span> 
     </span>
    </p>
   </div>
   <div class='ocr_carea' id='block_1_10' title="bbox 288 1138 1869 1221">
    <p class='ocr_par' dir='ltr' id='par_1_10' title="bbox 288 1138 1869 1221">
     <span class='ocr_line' id='line_1_10' title="bbox 288 1138 1869 1221; baseline 0.011 -30"><span class='ocrx_word' id='word_1_55' title='bbox 288 1138 682 1197; x_wconf 82' lang='lat' dir='ltr'><strong>lnsidiatoretn</strong></span> <span class='ocrx_word' id='word_1_56' title='bbox 709 1144 987 1201; x_wconf 72' lang='lat' dir='ltr'><strong>Trinitatis</strong></span> <span class='ocrx_word' id='word_1_57' title='bbox 1021 1150 1150 1218; x_wconf 84' lang='lat' dir='ltr'><strong>ejice</strong></span> <span class='ocrx_word' id='word_1_58' title='bbox 1166 1152 1461 1221; x_wconf 75' lang='lat' dir='ltr'><strong>foras,etc.</strong></span> <span class='ocrx_word' id='word_1_59' title='bbox 1504 1152 1869 1209; x_wconf 66' lang='grc' dir='ltr'><strong>Εωὰιιηιεθιιυτ</strong></span> 
     </span>
    </p>
   </div>
   <div class='ocr_carea' id='block_1_11' title="bbox 294 1229 1935 1315">
    <p class='ocr_par' dir='ltr' id='par_1_11' title="bbox 294 1229 1935 1315">
     <span class='ocr_line' id='line_1_11' title="bbox 294 1229 1935 1315; baseline 0.01 -34"><span class='ocrx_word' id='word_1_60' title='bbox 294 1243 419 1283; x_wconf 77' lang='lat' dir='ltr'><strong>assa</strong></span> <span class='ocrx_word' id='word_1_61' title='bbox 454 1229 924 1293; x_wconf 63' lang='lat' dir='ltr'><strong>Nestor-innantem.</strong></span> <span class='ocrx_word' id='word_1_62' title='bbox 975 1237 1339 1297; x_wconf 65' lang='lat' dir='ltr'><strong>Exhumentur</strong></span> <span class='ocrx_word' id='word_1_63' title='bbox 1374 1259 1491 1298; x_wconf 84' lang='lat' dir='ltr'><strong>ossa</strong></span> <span class='ocrx_word' id='word_1_64' title='bbox 1514 1241 1870 1315; x_wconf 77' lang='lat' dir='ltr'><strong>Eutychiani-</strong></span> <span class='ocrx_word' id='word_1_65' title='bbox 1924 1306 1935 1315; x_wconf 30' lang='lat'><em>,</em></span> 
     </span>
    </p>
   </div>
   <div class='ocr_carea' id='block_1_12' title="bbox 284 1326 1869 1407">
    <p class='ocr_par' dir='ltr' id='par_1_12' title="bbox 284 1326 1869 1407">
     <span class='ocr_line' id='line_1_12' title="bbox 284 1326 1869 1407; baseline 0.009 -28"><span class='ocrx_word' id='word_1_66' title='bbox 284 1331 514 1379; x_wconf 73' lang='lat' dir='ltr'><strong>uarum.</strong></span> <span class='ocrx_word' id='word_1_67' title='bbox 540 1326 675 1392; x_wconf 79' lang='lat' dir='ltr'><strong>Quis</strong></span> <span class='ocrx_word' id='word_1_68' title='bbox 723 1339 799 1385; x_wconf 85' lang='lat' dir='ltr'><strong>est</strong></span> <span class='ocrx_word' id='word_1_69' title='bbox 820 1330 1171 1407; x_wconf 72' lang='lat' dir='ltr'><strong>Nestoriqnns</strong></span> <span class='ocrx_word' id='word_1_70' title='bbox 1191 1335 1346 1406; x_wconf 65' lang='lat' dir='ltr'><strong>iEgo</strong></span> <span class='ocrx_word' id='word_1_71' title='bbox 1366 1337 1534 1390; x_wconf 84' lang='lat' dir='ltr'><strong>nescio</strong></span> <span class='ocrx_word' id='word_1_72' title='bbox 1551 1350 1570 1400; x_wconf 86' lang='lat'><strong><em>;</em></strong></span> <span class='ocrx_word' id='word_1_73' title='bbox 1588 1336 1869 1393; x_wconf 75' lang='lat' dir='ltr'><strong>anathema</strong></span> 
     </span>
    </p>
   </div>
   <div class='ocr_carea' id='block_1_13' title="bbox 286 1415 1867 1497">
    <p class='ocr_par' dir='ltr' id='par_1_13' title="bbox 286 1415 1867 1497">
     <span class='ocr_line' id='line_1_13' title="bbox 286 1415 1867 1497; baseline 0.009 -28"><span class='ocrx_word' id='word_1_74' title='bbox 286 1415 355 1469; x_wconf 77' lang='lat' dir='ltr'><strong>sit</strong></span> <span class='ocrx_word' id='word_1_75' title='bbox 379 1415 494 1485; x_wconf 77' lang='lat' dir='ltr'><strong>ipse</strong></span> <span class='ocrx_word' id='word_1_76' title='bbox 519 1434 553 1475; x_wconf 79' lang='grc' dir='ltr'><strong>α</strong></span> <span class='ocrx_word' id='word_1_77' title='bbox 583 1418 864 1491; x_wconf 84' lang='lat' dir='ltr'><strong>Trinitate,</strong></span> <span class='ocrx_word' id='word_1_78' title='bbox 896 1434 997 1480; x_wconf 85' lang='lat' dir='ltr'><strong>etc.</strong></span> <span class='ocrx_word' id='word_1_79' title='bbox 1025 1425 1351 1482; x_wconf 75' lang='lat' dir='ltr'><strong>Manichteos</strong></span> <span class='ocrx_word' id='word_1_80' title='bbox 1377 1429 1443 1481; x_wconf 86' lang='lat' dir='ltr'><strong>de</strong></span> <span class='ocrx_word' id='word_1_81' title='bbox 1471 1429 1689 1483; x_wconf 83' lang='lat' dir='ltr'><strong>ecclesia</strong></span> <span class='ocrx_word' id='word_1_82' title='bbox 1718 1428 1867 1497; x_wconf 82' lang='lat' dir='ltr'><strong>ejice.</strong></span> 
     </span>
    </p>
   </div>
   <div class='ocr_carea' id='block_1_14' title="bbox 253 1502 1867 1601">
    <p class='ocr_par' dir='ltr' id='par_1_14' title="bbox 253 1502 1867 1601">
     <span class='ocr_line' id='line_1_14' title="bbox 253 1502 1867 1601; baseline 0.012 -45"><span class='ocrx_word' id='word_1_83' title='bbox 253 1502 435 1601; x_wconf 61' lang='grc' dir='ltr'><strong>ςιὶιιιρι</strong></span> <span class='ocrx_word' id='word_1_84' title='bbox 467 1507 771 1575; x_wconf 76' lang='lat' dir='ltr'><strong>Stephanus</strong></span> <span class='ocrx_word' id='word_1_85' title='bbox 808 1513 875 1569; x_wconf 83' lang='lat' dir='ltr'><strong>de</strong></span> <span class='ocrx_word' id='word_1_86' title='bbox 925 1516 1146 1573; x_wconf 74' lang='lat' dir='ltr'><strong>ecclesia</strong></span> <span class='ocrx_word' id='word_1_87' title='bbox 1194 1519 1344 1587; x_wconf 81' lang='lat' dir='ltr'><strong>ejice.</strong></span> <span class='ocrx_word' id='word_1_88' title='bbox 1396 1516 1567 1573; x_wconf 82' lang='lat' dir='ltr'><strong>Paulo</strong></span> <span class='ocrx_word' id='word_1_89' title='bbox 1629 1527 1750 1589; x_wconf 90' lang='lat' dir='ltr'><strong>post</strong></span> <span class='ocrx_word' id='word_1_90' title='bbox 1812 1519 1867 1579; x_wconf 90' lang='lat' dir='ltr'><strong>in</strong></span> 
     </span>
    </p>
   </div>
   <div class='ocr_carea' id='block_1_15' title="bbox 254 1595 1870 1680">
    <p class='ocr_par' dir='ltr' id='par_1_15' title="bbox 254 1595 1870 1680">
     <span class='ocr_line' id='line_1_15' title="bbox 254 1595 1870 1680; baseline 0.012 -33"><span class='ocrx_word' id='word_1_91' title='bbox 254 1595 264 1665; x_wconf 70' lang='grc' dir='ltr'>ἶ</span> <span class='ocrx_word' id='word_1_92' title='bbox 288 1595 479 1650; x_wconf 81' lang='lat' dir='ltr'><strong>eadem</strong></span> <span class='ocrx_word' id='word_1_93' title='bbox 503 1600 755 1658; x_wconf 80' lang='lat' dir='ltr'><strong>sessione</strong></span> <span class='ocrx_word' id='word_1_94' title='bbox 780 1617 1083 1675; x_wconf 87' lang='lat' dir='ltr'><strong>sequuntur</strong></span> <span class='ocrx_word' id='word_1_95' title='bbox 1109 1607 1261 1678; x_wconf 84' lang='lat' dir='ltr'><strong>plura</strong></span> <span class='ocrx_word' id='word_1_96' title='bbox 1294 1607 1457 1680; x_wconf 80' lang='lat' dir='ltr'><strong>hujus</strong></span> <span class='ocrx_word' id='word_1_97' title='bbox 1504 1609 1722 1680; x_wconf 78' lang='lat' dir='ltr'><strong>generis</strong></span> <span class='ocrx_word' id='word_1_98' title='bbox 1753 1610 1870 1680; x_wconf 86' lang='lat' dir='ltr'><strong>epi-</strong></span> 
     </span>
    </p>
   </div>
   <div class='ocr_carea' id='block_1_16' title="bbox 254 1690 643 1758">
    <p class='ocr_par' dir='ltr' id='par_1_16' title="bbox 254 1690 643 1758">
     <span class='ocr_line' id='line_1_16' title="bbox 254 1690 643 1758; baseline 0.018 -14"><span class='ocrx_word' id='word_1_99' title='bbox 254 1732 257 1739; x_wconf 88' lang='grc'><strong>.</strong></span> <span class='ocrx_word' id='word_1_100' title='bbox 290 1690 643 1758; x_wconf 77' lang='lat' dir='ltr'><strong>pbonetuata.</strong></span> 
     </span>
    </p>
   </div>
   <div class='ocr_carea' id='block_1_17' title="bbox 354 1783 1870 1865">
    <p class='ocr_par' dir='ltr' id='par_1_17' title="bbox 354 1783 1870 1865">
     <span class='ocr_line' id='line_1_17' title="bbox 354 1783 1870 1865; baseline 0.007 -27"><span class='ocrx_word' id='word_1_101' title='bbox 354 1783 756 1844; x_wconf 80' lang='lat' dir='ltr'><strong>Acclamabant</strong></span> <span class='ocrx_word' id='word_1_102' title='bbox 782 1791 947 1847; x_wconf 88' lang='lat' dir='ltr'><strong>etiam</strong></span> <span class='ocrx_word' id='word_1_103' title='bbox 974 1793 1453 1850; x_wconf 75' lang='lat' dir='ltr'><strong>concionatdribus</strong></span> <span class='ocrx_word' id='word_1_104' title='bbox 1477 1812 1495 1861; x_wconf 70' lang='grc' dir='ltr'>ε</span> <span class='ocrx_word' id='word_1_105' title='bbox 1525 1795 1681 1865; x_wconf 84' lang='lat' dir='ltr'><strong>cujus</strong></span> <span class='ocrx_word' id='word_1_106' title='bbox 1702 1792 1870 1849; x_wconf 90' lang='lat' dir='ltr'><strong>moris</strong></span> 
     </span>
    </p>
   </div>
   <div class='ocr_carea' id='block_1_18' title="bbox 286 1878 1869 1954">
    <p class='ocr_par' dir='ltr' id='par_1_18' title="bbox 286 1878 1869 1954">
     <span class='ocr_line' id='line_1_18' title="bbox 286 1878 1869 1954; baseline 0.008 -27"><span class='ocrx_word' id='word_1_107' title='bbox 286 1878 538 1946; x_wconf 75' lang='lat' dir='ltr'><strong>exempla</strong></span> <span class='ocrx_word' id='word_1_108' title='bbox 592 1880 841 1935; x_wconf 81' lang='lat' dir='ltr'><strong>invenies</strong></span> <span class='ocrx_word' id='word_1_109' title='bbox 893 1884 1038 1953; x_wconf 85' lang='lat' dir='ltr'><strong>apud</strong></span> <span class='ocrx_word' id='word_1_110' title='bbox 1097 1882 1154 1940; x_wconf 80' lang='lat' dir='ltr'><strong>S.</strong></span> <span class='ocrx_word' id='word_1_111' title='bbox 1199 1885 1565 1954; x_wconf 79' lang='lat' dir='ltr'><strong>Augustinum</strong></span> <span class='ocrx_word' id='word_1_112' title='bbox 1588 1886 1627 1940; x_wconf 91' lang='lat' dir='ltr'><strong>l.</strong></span> <span class='ocrx_word' id='word_1_113' title='bbox 1686 1900 1738 1940; x_wconf 79' lang='lat' dir='ltr'><strong>iv</strong></span> <span class='ocrx_word' id='word_1_114' title='bbox 1791 1885 1869 1939; x_wconf 88' lang='lat' dir='ltr'><strong>De</strong></span> 
     </span>
    </p>
   </div>
   <div class='ocr_carea' id='block_1_19' title="bbox 1971 693 2563 766">
    <p class='ocr_par' dir='ltr' id='par_1_19' title="bbox 1971 693 2563 766">
     <span class='ocr_line' id='line_1_19' title="bbox 1971 693 2563 766; baseline -0.003 -14"><span class='ocrx_word' id='word_1_115' title='bbox 1971 710 2064 753; x_wconf 88' lang='lat' dir='ltr'><strong>ras</strong></span> <span class='ocrx_word' id='word_1_116' title='bbox 2111 709 2327 765; x_wconf 79' lang='lat' dir='ltr'><strong>precor.</strong></span> <span class='ocrx_word' id='word_1_117' title='bbox 2359 693 2563 766; x_wconf 73' lang='lat' dir='ltr'><strong>Gosn.]</strong></span> 
     </span>
    </p>
   </div>
   <div class='ocr_carea' id='block_1_20' title="bbox 2041 784 3544 856">
    <p class='ocr_par' dir='ltr' id='par_1_20' title="bbox 2041 784 3544 856">
     <span class='ocr_line' id='line_1_20' title="bbox 2041 784 3544 856; baseline -0.001 -14"><span class='ocrx_word' id='word_1_118' title='bbox 2041 786 2187 842; x_wconf 85' lang='lat' dir='ltr'><strong>Ibid.</strong></span> <span class='ocrx_word' id='word_1_119' title='bbox 2239 786 2517 842; x_wconf 88' lang='lat' dir='ltr'><strong>Crinonia.</strong></span> <span class='ocrx_word' id='word_1_120' title='bbox 2564 784 2676 842; x_wconf 83' lang='lat' dir='ltr'><strong>Hoc</strong></span> <span class='ocrx_word' id='word_1_121' title='bbox 2713 786 3059 855; x_wconf 77' lang='lat' dir='ltr'><strong>imperatoris</strong></span> <span class='ocrx_word' id='word_1_122' title='bbox 3084 796 3294 856; x_wconf 80' lang='lat' dir='ltr'><strong>tegmen</strong></span> <span class='ocrx_word' id='word_1_123' title='bbox 3323 786 3544 841; x_wconf 81' lang='lat' dir='ltr'><strong>videtur</strong></span> 
     </span>
    </p>
   </div>
   <div class='ocr_carea' id='block_1_21' title="bbox 1971 876 3543 951">
    <p class='ocr_par' dir='ltr' id='par_1_21' title="bbox 1971 876 3543 951">
     <span class='ocr_line' id='line_1_21' title="bbox 1971 876 3543 951; baseline -0.003 -17"><span class='ocrx_word' id='word_1_124' title='bbox 1971 893 2000 934; x_wconf 90' lang='lat' dir='ltr'><strong>a</strong></span> <span class='ocrx_word' id='word_1_125' title='bbox 2032 876 2215 947; x_wconf 85' lang='lat' dir='ltr'><strong>specie</strong></span> <span class='ocrx_word' id='word_1_126' title='bbox 2242 877 2338 931; x_wconf 83' lang='lat' dir='ltr'><strong>lilii</strong></span> <span class='ocrx_word' id='word_1_127' title='bbox 2368 876 2639 932; x_wconf 72' lang='lat' dir='ltr'><strong>Crinoniat</strong></span> <span class='ocrx_word' id='word_1_128' title='bbox 2678 893 2875 942; x_wconf 77' lang='lat' dir='ltr'><strong>nomen</strong></span> <span class='ocrx_word' id='word_1_129' title='bbox 2909 878 3201 937; x_wconf 81' lang='lat' dir='ltr'><strong>invenisse,</strong></span> <span class='ocrx_word' id='word_1_130' title='bbox 3235 888 3291 931; x_wconf 91' lang='lat' dir='ltr'><strong>ut</strong></span> <span class='ocrx_word' id='word_1_131' title='bbox 3319 886 3392 951; x_wconf 35' lang='lat' dir='ltr'><strong>et.</strong></span> <span class='ocrx_word' id='word_1_132' title='bbox 3413 877 3543 931; x_wconf 87' lang='lat' dir='ltr'><strong>illud</strong></span> 
     </span>
    </p>
   </div>
   <div class='ocr_carea' id='block_1_22' title="bbox 1972 967 3544 1041">
    <p class='ocr_par' dir='ltr' id='par_1_22' title="bbox 1972 967 3544 1041">
     <span class='ocr_line' id='line_1_22' title="bbox 1972 967 3544 1041; baseline -0.001 -17"><span class='ocrx_word' id='word_1_133' title='bbox 1972 968 2349 1041; x_wconf 79' lang='lat' dir='ltr'><strong>tetrapltgllum</strong></span> <span class='ocrx_word' id='word_1_134' title='bbox 2387 985 2418 1026; x_wconf 85' lang='lat' dir='ltr'><strong>a</strong></span> <span class='ocrx_word' id='word_1_135' title='bbox 2458 979 2693 1041; x_wconf 88' lang='lat' dir='ltr'><strong>quatuor</strong></span> <span class='ocrx_word' id='word_1_136' title='bbox 2730 968 2898 1024; x_wconf 80' lang='lat' dir='ltr'><strong>foliis.</strong></span> <span class='ocrx_word' id='word_1_137' title='bbox 2960 967 3254 1038; x_wconf 88' lang='lat' dir='ltr'><strong>Utriusque</strong></span> <span class='ocrx_word' id='word_1_138' title='bbox 3291 969 3544 1023; x_wconf 80' lang='lat' dir='ltr'><strong>meminit</strong></span> 
     </span>
    </p>
   </div>
   <div class='ocr_carea' id='block_1_23' title="bbox 1970 1056 3543 1128">
    <p class='ocr_par' dir='ltr' id='par_1_23' title="bbox 1970 1056 3543 1128">
     <span class='ocr_line' id='line_1_23' title="bbox 1970 1056 3543 1128; baseline -0.004 -13"><span class='ocrx_word' id='word_1_139' title='bbox 1970 1058 2337 1123; x_wconf 78' lang='lat' dir='ltr'><strong>Glossarium,</strong></span> <span class='ocrx_word' id='word_1_140' title='bbox 2389 1057 2486 1115; x_wconf 87' lang='lat' dir='ltr'><strong>sed</strong></span> <span class='ocrx_word' id='word_1_141' title='bbox 2545 1059 2712 1114; x_wconf 88' lang='lat' dir='ltr'><strong>nudis</strong></span> <span class='ocrx_word' id='word_1_142' title='bbox 2786 1057 3030 1128; x_wconf 80' lang='lat' dir='ltr'><strong>solisque</strong></span> <span class='ocrx_word' id='word_1_143' title='bbox 3084 1057 3264 1111; x_wconf 84' lang='lat' dir='ltr'><strong>verbis</strong></span> <span class='ocrx_word' id='word_1_144' title='bbox 3322 1056 3543 1119; x_wconf 90' lang='lat' dir='ltr'><strong>Codini,</strong></span> 
     </span>
    </p>
   </div>
   <div class='ocr_carea' id='block_1_24' title="bbox 1972 1147 3088 1219">
    <p class='ocr_par' dir='ltr' id='par_1_24' title="bbox 1972 1147 3088 1219">
     <span class='ocr_line' id='line_1_24' title="bbox 1972 1147 3088 1219; baseline -0.001 -17"><span class='ocrx_word' id='word_1_145' title='bbox 1972 1149 2119 1204; x_wconf 87' lang='lat' dir='ltr'><strong>nulla</strong></span> <span class='ocrx_word' id='word_1_146' title='bbox 2144 1149 2506 1219; x_wconf 78' lang='lat' dir='ltr'><strong>explicatione</strong></span> <span class='ocrx_word' id='word_1_147' title='bbox 2537 1148 2801 1203; x_wconf 84' lang='lat' dir='ltr'><strong>adhibita.</strong></span> <span class='ocrx_word' id='word_1_148' title='bbox 2872 1147 3088 1205; x_wconf 76' lang='lat' dir='ltr'><strong>Gnsrs.</strong></span> 
     </span>
    </p>
   </div>
   <div class='ocr_carea' id='block_1_25' title="bbox 2044 1236 3547 1314">
    <p class='ocr_par' dir='ltr' id='par_1_25' title="bbox 2044 1236 3547 1314">
     <span class='ocr_line' id='line_1_25' title="bbox 2044 1236 3547 1314; baseline -0.002 -19"><span class='ocrx_word' id='word_1_149' title='bbox 2044 1240 2426 1314; x_wconf 72' lang='grc' dir='ltr'><strong>[Κρινωνιάν.</strong></span> <span class='ocrx_word' id='word_1_150' title='bbox 2483 1238 2747 1296; x_wconf 80' lang='lat' dir='ltr'><strong>Coronam</strong></span> <span class='ocrx_word' id='word_1_151' title='bbox 2809 1240 2941 1296; x_wconf 79' lang='lat' dir='ltr'><strong>[iliis</strong></span> <span class='ocrx_word' id='word_1_152' title='bbox 3004 1240 3119 1295; x_wconf 77' lang='lat' dir='ltr'><strong>sive</strong></span> <span class='ocrx_word' id='word_1_153' title='bbox 3177 1237 3420 1293; x_wconf 83' lang='lat' dir='ltr'><strong>ﬂosculis</strong></span> <span class='ocrx_word' id='word_1_154' title='bbox 3487 1236 3547 1292; x_wconf 88' lang='lat' dir='ltr'><strong>in</strong></span> 
     </span>
    </p>
   </div>
   <div class='ocr_carea' id='block_1_26' title="bbox 1971 1328 3545 1406">
    <p class='ocr_par' dir='ltr' id='par_1_26' title="bbox 1971 1328 3545 1406">
     <span class='ocr_line' id='line_1_26' title="bbox 1971 1328 3545 1406; baseline -0.003 -20"><span class='ocrx_word' id='word_1_155' title='bbox 1971 1348 2163 1406; x_wconf 75' lang='lat' dir='ltr'><strong>gyrum</strong></span> <span class='ocrx_word' id='word_1_156' title='bbox 2196 1334 2602 1405; x_wconf 75' lang='lat' dir='ltr'><strong>germinantem.</strong></span> <span class='ocrx_word' id='word_1_157' title='bbox 2652 1332 2908 1389; x_wconf 86' lang='lat' dir='ltr'><strong>Coresius</strong></span> <span class='ocrx_word' id='word_1_158' title='bbox 2947 1332 3001 1389; x_wconf 89' lang='lat' dir='ltr'><strong>in</strong></span> <span class='ocrx_word' id='word_1_159' title='bbox 3058 1330 3362 1400; x_wconf 83' lang='lat' dir='ltr'><strong>rescriptis.</strong></span> <span class='ocrx_word' id='word_1_160' title='bbox 3417 1328 3545 1382; x_wconf 84' lang='lat' dir='ltr'><strong>Bal-</strong></span> 
     </span>
    </p>
   </div>
   <div class='ocr_carea' id='block_1_27' title="bbox 1972 1421 3543 1483">
    <p class='ocr_par' dir='ltr' id='par_1_27' title="bbox 1972 1421 3543 1483">
     <span class='ocr_line' id='line_1_27' title="bbox 1972 1421 3543 1483; baseline -0.006 0"><span class='ocrx_word' id='word_1_161' title='bbox 1972 1427 2182 1483; x_wconf 77' lang='lat' dir='ltr'><strong>salmon</strong></span> <span class='ocrx_word' id='word_1_162' title='bbox 2217 1426 2479 1483; x_wconf 77' lang='lat' dir='ltr'><strong>Meditato</strong></span> <span class='ocrx_word' id='word_1_163' title='bbox 2506 1426 2829 1481; x_wconf 88' lang='lat' dir='ltr'><strong>deincensis</strong></span> <span class='ocrx_word' id='word_1_164' title='bbox 2878 1433 2985 1480; x_wconf 90' lang='lat' dir='ltr'><strong>etc.</strong></span> <span class='ocrx_word' id='word_1_165' title='bbox 3051 1422 3199 1481; x_wconf 74' lang='lat' dir='ltr'><strong>Iuris</strong></span> <span class='ocrx_word' id='word_1_166' title='bbox 3251 1421 3344 1479; x_wconf 77' lang='lat' dir='ltr'><strong>GR</strong></span> <span class='ocrx_word' id='word_1_167' title='bbox 3395 1421 3433 1475; x_wconf 92' lang='lat' dir='ltr'><strong>l.</strong></span> <span class='ocrx_word' id='word_1_168' title='bbox 3462 1421 3493 1474; x_wconf 90' lang='lat'>7</span> <span class='ocrx_word' id='word_1_169' title='bbox 3526 1437 3543 1475; x_wconf 89' lang='lat'><strong>:</strong></span> 
     </span>
    </p>
   </div>
   <div class='ocr_carea' id='block_1_28' title="bbox 1972 1516 3021 1590">
    <p class='ocr_par' dir='ltr' id='par_1_28' title="bbox 1972 1516 3021 1590">
     <span class='ocr_line' id='line_1_28' title="bbox 1972 1516 3021 1590; baseline -0.005 -16"><span class='ocrx_word' id='word_1_170' title='bbox 1972 1520 2176 1590; x_wconf 79' lang='grc' dir='ltr'>Κρίνος</span> <span class='ocrx_word' id='word_1_171' title='bbox 2195 1520 2262 1572; x_wconf 71' lang='grc' dir='ltr'><strong>ἐκ</strong></span> <span class='ocrx_word' id='word_1_172' title='bbox 2284 1518 2579 1590; x_wconf 75' lang='grc' dir='ltr'>κρινωνιᾶς</span> <span class='ocrx_word' id='word_1_173' title='bbox 2609 1516 3021 1586; x_wconf 75' lang='grc' dir='ltr'><strong>συλλεγόμενος.</strong></span> 
     </span>
    </p>
   </div>
   <div class='ocr_carea' id='block_1_29' title="bbox 2044 1604 3541 1684">
    <p class='ocr_par' dir='ltr' id='par_1_29' title="bbox 2044 1604 3541 1684">
     <span class='ocr_line' id='line_1_29' title="bbox 2044 1604 3541 1684; baseline -0.005 -20"><span class='ocrx_word' id='word_1_174' title='bbox 2044 1611 2188 1666; x_wconf 83' lang='lat' dir='ltr'><strong>Ibid.</strong></span> <span class='ocrx_word' id='word_1_175' title='bbox 2223 1609 2683 1684; x_wconf 68' lang='grc' dir='ltr'><strong>[τετράφυλλον.</strong></span> <span class='ocrx_word' id='word_1_176' title='bbox 2718 1610 2975 1667; x_wconf 85' lang='lat' dir='ltr'><strong>Coresius</strong></span> <span class='ocrx_word' id='word_1_177' title='bbox 3014 1607 3156 1662; x_wconf 84' lang='lat' dir='ltr'><strong>idem</strong></span> <span class='ocrx_word' id='word_1_178' title='bbox 3185 1607 3347 1661; x_wconf 87' lang='lat' dir='ltr'><strong>docet</strong></span> <span class='ocrx_word' id='word_1_179' title='bbox 3379 1604 3541 1658; x_wconf 88' lang='lat' dir='ltr'><strong>aliam</strong></span> 
     </span>
    </p>
   </div>
   <div class='ocr_carea' id='block_1_30' title="bbox 1972 1696 3539 1772">
    <p class='ocr_par' dir='ltr' id='par_1_30' title="bbox 1972 1696 3539 1772">
     <span class='ocr_line' id='line_1_30' title="bbox 1972 1696 3539 1772; baseline -0.004 -16"><span class='ocrx_word' id='word_1_180' title='bbox 1972 1718 2230 1761; x_wconf 84' lang='lat' dir='ltr'><strong>coronam</strong></span> <span class='ocrx_word' id='word_1_181' title='bbox 2270 1718 2408 1766; x_wconf 85' lang='lat' dir='ltr'><strong>esse.</strong></span> <span class='ocrx_word' id='word_1_182' title='bbox 2444 1718 2472 1757; x_wconf 89' lang='lat' dir='ltr'><strong>e</strong></span> <span class='ocrx_word' id='word_1_183' title='bbox 2500 1717 2604 1772; x_wconf 86' lang='lat' dir='ltr'><strong>qua</strong></span> <span class='ocrx_word' id='word_1_184' title='bbox 2638 1710 2875 1772; x_wconf 80' lang='lat' dir='ltr'><strong>quatuor</strong></span> <span class='ocrx_word' id='word_1_185' title='bbox 2910 1699 3149 1762; x_wconf 82' lang='lat' dir='ltr'><strong>ﬂosculi,</strong></span> <span class='ocrx_word' id='word_1_186' title='bbox 3199 1698 3266 1753; x_wconf 89' lang='lat' dir='ltr'><strong>ad</strong></span> <span class='ocrx_word' id='word_1_187' title='bbox 3304 1696 3539 1751; x_wconf 81' lang='lat' dir='ltr'><strong>frontem</strong></span> 
     </span>
    </p>
   </div>
   <div class='ocr_carea' id='block_1_31' title="bbox 1973 1785 3544 1863">
    <p class='ocr_par' dir='ltr' id='par_1_31' title="bbox 1973 1785 3544 1863">
     <span class='ocr_line' id='line_1_31' title="bbox 1973 1785 3544 1863; baseline -0.004 -18"><span class='ocrx_word' id='word_1_188' title='bbox 1973 1791 2230 1845; x_wconf 84' lang='lat' dir='ltr'><strong>nimirum</strong></span> <span class='ocrx_word' id='word_1_189' title='bbox 2261 1801 2315 1845; x_wconf 90' lang='lat' dir='ltr'><strong>et</strong></span> <span class='ocrx_word' id='word_1_190' title='bbox 2344 1791 2587 1861; x_wconf 82' lang='lat' dir='ltr'><strong>sinciput</strong></span> <span class='ocrx_word' id='word_1_191' title='bbox 2620 1806 2685 1847; x_wconf 85' lang='lat' dir='ltr'><strong>ac</strong></span> <span class='ocrx_word' id='word_1_192' title='bbox 2717 1790 2783 1847; x_wconf 85' lang='lat' dir='ltr'><strong>ad</strong></span> <span class='ocrx_word' id='word_1_193' title='bbox 2816 1803 3106 1863; x_wconf 87' lang='lat' dir='ltr'><strong>utramque</strong></span> <span class='ocrx_word' id='word_1_194' title='bbox 3154 1802 3366 1856; x_wconf 86' lang='lat' dir='ltr'><strong>aurem,</strong></span> <span class='ocrx_word' id='word_1_195' title='bbox 3398 1785 3544 1840; x_wconf 88' lang='lat' dir='ltr'><strong>emi-</strong></span> 
     </span>
    </p>
   </div>
   <div class='ocr_carea' id='block_1_32' title="bbox 1973 1880 2346 1955">
    <p class='ocr_par' dir='ltr' id='par_1_32' title="bbox 1973 1880 2346 1955">
     <span class='ocr_line' id='line_1_32' title="bbox 1973 1880 2346 1955; baseline 0 -17"><span class='ocrx_word' id='word_1_196' title='bbox 1973 1892 2120 1939; x_wconf 72' lang='lat' dir='ltr'><strong>cant.</strong></span> <span class='ocrx_word' id='word_1_197' title='bbox 2145 1880 2346 1955; x_wconf 70' lang='lat' dir='ltr'><strong>Gosn.]</strong></span> 
     </span>
    </p>
   </div>
   <div class='ocr_carea' id='block_1_33' title="bbox 286 1960 3548 2047">
    <p class='ocr_par' dir='ltr' id='par_1_33' title="bbox 286 1960 3548 2047">
     <span class='ocr_line' id='line_1_33' title="bbox 286 1960 3548 2047; baseline 0.002 -28"><span class='ocrx_word' id='word_1_198' title='bbox 286 1964 531 2022; x_wconf 65' lang='lat' dir='ltr'><strong>doctrina</strong></span> <span class='ocrx_word' id='word_1_199' title='bbox 568 1968 901 2041; x_wconf 78' lang='lat' dir='ltr'><strong>Christiana,</strong></span> <span class='ocrx_word' id='word_1_200' title='bbox 938 1988 990 2032; x_wconf 90' lang='lat' dir='ltr'><strong>c.</strong></span> <span class='ocrx_word' id='word_1_201' title='bbox 1041 1975 1137 2042; x_wconf 74' lang='grc'><strong>26,</strong></span> <span class='ocrx_word' id='word_1_202' title='bbox 1180 1984 1236 2028; x_wconf 82' lang='lat' dir='ltr'><strong>et</strong></span> <span class='ocrx_word' id='word_1_203' title='bbox 1281 1990 1425 2043; x_wconf 67' lang='lat' dir='ltr'><strong>saepe</strong></span> <span class='ocrx_word' id='word_1_204' title='bbox 1472 1976 1527 2031; x_wconf 91' lang='lat' dir='ltr'><strong>in</strong></span> <span class='ocrx_word' id='word_1_205' title='bbox 1588 1975 1862 2034; x_wconf 86' lang='lat' dir='ltr'><strong>llomiliis.</strong></span> <span class='ocrx_word' id='word_1_206' title='bbox 1898 1960 1941 2017; x_wconf 73' lang='grc' dir='ltr'><strong>Β</strong></span> <span class='ocrx_word' id='word_1_207' title='bbox 2037 1976 2178 2032; x_wconf 86' lang='lat' dir='ltr'><strong>Ibid.</strong></span> <span class='ocrx_word' id='word_1_208' title='bbox 2200 1973 2245 2028; x_wconf 87' lang='lat' dir='ltr'><em>F</em></span> <span class='ocrx_word' id='word_1_209' title='bbox 2249 1977 2525 2032; x_wconf 85' lang='lat' dir='ltr'><strong>lammnla.</strong></span> <span class='ocrx_word' id='word_1_210' title='bbox 2551 1976 2758 2033; x_wconf 81' lang='lat' dir='ltr'><strong>Dicitur</strong></span> <span class='ocrx_word' id='word_1_211' title='bbox 2780 1977 2839 2030; x_wconf 69' lang='grc' dir='ltr'><strong>τὸ</strong></span> <span class='ocrx_word' id='word_1_212' title='bbox 2857 1975 3190 2047; x_wconf 78' lang='lat' dir='ltr'><strong>ﬂammulam</strong></span> <span class='ocrx_word' id='word_1_213' title='bbox 3217 1980 3272 2029; x_wconf 89' lang='lat' dir='ltr'><strong>et</strong></span> <span class='ocrx_word' id='word_1_214' title='bbox 3295 1973 3363 2025; x_wconf 82' lang='grc' dir='ltr'><strong>τὰ</strong></span> <span class='ocrx_word' id='word_1_215' title='bbox 3386 1971 3548 2041; x_wconf 82' lang='lat' dir='ltr'><strong>ﬂam-</strong></span> 
     </span>
    </p>
   </div>
   <div class='ocr_carea' id='block_1_34' title="bbox 287 2055 1510 2125">
    <p class='ocr_par' dir='ltr' id='par_1_34' title="bbox 287 2055 1510 2125">
     <span class='ocr_line' id='line_1_34' title="bbox 287 2055 1510 2125; baseline 0.013 -16"><span class='ocrx_word' id='word_1_216' title='bbox 287 2055 565 2114; x_wconf 82' lang='lat' dir='ltr'><strong>llactenus</strong></span> <span class='ocrx_word' id='word_1_217' title='bbox 604 2061 673 2116; x_wconf 88' lang='lat' dir='ltr'><strong>de</strong></span> <span class='ocrx_word' id='word_1_218' title='bbox 691 2061 796 2118; x_wconf 88' lang='lat' dir='ltr'><strong>ista</strong></span> <span class='ocrx_word' id='word_1_219' title='bbox 842 2067 1264 2124; x_wconf 76' lang='lat' dir='ltr'><strong>consuetudine.</strong></span> <span class='ocrx_word' id='word_1_220' title='bbox 1303 2067 1510 2125; x_wconf 75' lang='lat' dir='ltr'><strong>Gaurs.</strong></span> 
     </span>
    </p>
   </div>
   <div class='ocr_carea' id='block_1_35' title="bbox 352 2150 1863 2233">
    <p class='ocr_par' dir='ltr' id='par_1_35' title="bbox 352 2150 1863 2233">
     <span class='ocr_line' id='line_1_35' title="bbox 352 2150 1863 2233; baseline 0.016 -29"><span class='ocrx_word' id='word_1_221' title='bbox 352 2150 522 2223; x_wconf 67' lang='grc'><strong>282</strong></span> <span class='ocrx_word' id='word_1_222' title='bbox 542 2152 603 2207; x_wconf 86' lang='grc' dir='ltr'><strong>Ρ.</strong></span> <span class='ocrx_word' id='word_1_223' title='bbox 624 2154 720 2212; x_wconf 61' lang='grc' dir='ltr'><strong>ιϐ.</strong></span> <span class='ocrx_word' id='word_1_224' title='bbox 738 2155 900 2228; x_wconf 84' lang='grc' dir='ltr'><strong>[Σᾶς.</strong></span> <span class='ocrx_word' id='word_1_225' title='bbox 923 2157 1271 2218; x_wconf 83' lang='lat' dir='ltr'><strong>Pronominis</strong></span> <span class='ocrx_word' id='word_1_226' title='bbox 1297 2162 1361 2215; x_wconf 83' lang='grc' dir='ltr'>σύ</span> <span class='ocrx_word' id='word_1_227' title='bbox 1384 2162 1593 2233; x_wconf 76' lang='lat' dir='ltr'><strong>plurale</strong></span> <span class='ocrx_word' id='word_1_228' title='bbox 1612 2171 1699 2218; x_wconf 86' lang='lat' dir='ltr'><strong>est</strong></span> <span class='ocrx_word' id='word_1_229' title='bbox 1722 2163 1863 2227; x_wconf 82' lang='grc' dir='ltr'>ἐσεῖς</span> 
     </span>
    </p>
   </div>
   <div class='ocr_carea' id='block_1_36' title="bbox 288 2243 1865 2329">
    <p class='ocr_par' dir='ltr' id='par_1_36' title="bbox 288 2243 1865 2329">
     <span class='ocr_line' id='line_1_36' title="bbox 288 2243 1865 2329; baseline 0.01 -31"><span class='ocrx_word' id='word_1_230' title='bbox 288 2243 340 2298; x_wconf 79' lang='lat' dir='ltr'><strong>is</strong></span> <span class='ocrx_word' id='word_1_231' title='bbox 409 2246 594 2315; x_wconf 82' lang='lat' dir='ltr'><strong>primo</strong></span> <span class='ocrx_word' id='word_1_232' title='bbox 653 2264 821 2315; x_wconf 83' lang='lat' dir='ltr'><strong>casu;</strong></span> <span class='ocrx_word' id='word_1_233' title='bbox 856 2250 911 2306; x_wconf 90' lang='lat' dir='ltr'><strong>in</strong></span> <span class='ocrx_word' id='word_1_234' title='bbox 962 2253 1190 2324; x_wconf 78' lang='lat' dir='ltr'><strong>reliquis</strong></span> <span class='ocrx_word' id='word_1_235' title='bbox 1214 2257 1313 2318; x_wconf 77' lang='grc' dir='ltr'><strong>σᾶς</strong></span> <span class='ocrx_word' id='word_1_236' title='bbox 1347 2266 1401 2312; x_wconf 89' lang='lat' dir='ltr'><strong>et</strong></span> <span class='ocrx_word' id='word_1_237' title='bbox 1419 2257 1549 2320; x_wconf 72' lang='grc' dir='ltr'><strong>ὲσᾶς</strong></span> <span class='ocrx_word' id='word_1_238' title='bbox 1608 2268 1865 2329; x_wconf 80' lang='lat' dir='ltr'><strong>corrupte</strong></span> 
     </span>
    </p>
   </div>
   <div class='ocr_carea' id='block_1_37' title="bbox 287 2339 867 2404">
    <p class='ocr_par' dir='ltr' id='par_1_37' title="bbox 287 2339 867 2404">
     <span class='ocr_line' id='line_1_37' title="bbox 287 2339 867 2404; baseline 0.021 -17"><span class='ocrx_word' id='word_1_239' title='bbox 287 2339 603 2404; x_wconf 79' lang='lat' dir='ltr'><strong>pronuntiat</strong></span> <span class='ocrx_word' id='word_1_240' title='bbox 634 2341 867 2399; x_wconf 70' lang='lat' dir='ltr'><strong>Graecia.</strong></span> 
     </span>
    </p>
   </div>
   <div class='ocr_carea' id='block_1_38' title="bbox 349 2428 1865 2516">
    <p class='ocr_par' dir='ltr' id='par_1_38' title="bbox 349 2428 1865 2516">
     <span class='ocr_line' id='line_1_38' title="bbox 349 2428 1865 2516; baseline 0.011 -32"><span class='ocrx_word' id='word_1_241' title='bbox 349 2428 492 2486; x_wconf 85' lang='lat' dir='ltr'><strong>Ibid.</strong></span> <span class='ocrx_word' id='word_1_242' title='bbox 534 2431 728 2506; x_wconf 76' lang='grc' dir='ltr'><strong>[Θεός.</strong></span> <span class='ocrx_word' id='word_1_243' title='bbox 750 2436 851 2492; x_wconf 86' lang='lat' dir='ltr'><strong>Cui</strong></span> <span class='ocrx_word' id='word_1_244' title='bbox 882 2439 1052 2495; x_wconf 81' lang='lat' dir='ltr'><strong>verbo</strong></span> <span class='ocrx_word' id='word_1_245' title='bbox 1076 2440 1246 2497; x_wconf 80' lang='lat' dir='ltr'><strong>addes</strong></span> <span class='ocrx_word' id='word_1_246' title='bbox 1269 2457 1334 2498; x_wconf 83' lang='lat' dir='ltr'><strong>ex</strong></span> <span class='ocrx_word' id='word_1_247' title='bbox 1364 2442 1680 2516; x_wconf 77' lang='lat' dir='ltr'><strong>Horologio,</strong></span> <span class='ocrx_word' id='word_1_248' title='bbox 1708 2455 1768 2501; x_wconf 93' lang='lat' dir='ltr'><strong>ut</strong></span> <span class='ocrx_word' id='word_1_249' title='bbox 1793 2450 1865 2502; x_wconf 88' lang='lat' dir='ltr'><strong>sit</strong></span> 
     </span>
    </p>
   </div>
   <div class='ocr_carea' id='block_1_39' title="bbox 285 2522 1865 2611">
    <p class='ocr_par' dir='ltr' id='par_1_39' title="bbox 285 2522 1865 2611">
     <span class='ocr_line' id='line_1_39' title="bbox 285 2522 1865 2611; baseline 0.012 -35"><span class='ocrx_word' id='word_1_250' title='bbox 285 2522 546 2580; x_wconf 81' lang='lat' dir='ltr'><strong>modulus</strong></span> <span class='ocrx_word' id='word_1_251' title='bbox 568 2525 796 2598; x_wconf 81' lang='lat' dir='ltr'><strong>integer,</strong></span> <span class='ocrx_word' id='word_1_252' title='bbox 818 2531 938 2583; x_wconf 85' lang='grc' dir='ltr'><strong>Τῶν</strong></span> <span class='ocrx_word' id='word_1_253' title='bbox 954 2533 1207 2601; x_wconf 80' lang='grc' dir='ltr'><strong>πατέρων</strong></span> <span class='ocrx_word' id='word_1_254' title='bbox 1229 2536 1260 2607; x_wconf 87' lang='grc' dir='ltr'><strong>ἡ</strong></span> <span class='ocrx_word' id='word_1_255' title='bbox 1268 2537 1385 2605; x_wconf 83' lang='grc' dir='ltr'>μῶν</span> <span class='ocrx_word' id='word_1_256' title='bbox 1402 2539 1430 2591; x_wconf 86' lang='grc' dir='ltr'><strong>ὁ</strong></span> <span class='ocrx_word' id='word_1_257' title='bbox 1450 2540 1619 2593; x_wconf 85' lang='grc' dir='ltr'>ποιῶν</span> <span class='ocrx_word' id='word_1_258' title='bbox 1640 2540 1725 2593; x_wconf 69' lang='grc' dir='ltr'><strong>ἀεὶ</strong></span> <span class='ocrx_word' id='word_1_259' title='bbox 1745 2540 1865 2611; x_wconf 74' lang='grc' dir='ltr'><strong>μεθ’</strong></span> 
     </span>
    </p>
   </div>
   <div class='ocr_carea' id='block_1_40' title="bbox 283 2617 1867 2703">
    <p class='ocr_par' dir='ltr' id='par_1_40' title="bbox 283 2617 1867 2703">
     <span class='ocr_line' id='line_1_40' title="bbox 283 2617 1867 2703; baseline 0.011 -34"><span class='ocrx_word' id='word_1_260' title='bbox 283 2617 439 2686; x_wconf 68' lang='grc' dir='ltr'><strong>ἡμῶν</strong></span> <span class='ocrx_word' id='word_1_261' title='bbox 455 2619 602 2675; x_wconf 78' lang='grc' dir='ltr'><strong>κατὰ</strong></span> <span class='ocrx_word' id='word_1_262' title='bbox 618 2620 719 2691; x_wconf 74' lang='grc' dir='ltr'><strong>τὴν</strong></span> <span class='ocrx_word' id='word_1_263' title='bbox 738 2624 840 2691; x_wconf 74' lang='grc' dir='ltr'>σὴν</span> <span class='ocrx_word' id='word_1_264' title='bbox 857 2625 1176 2694; x_wconf 72' lang='grc' dir='ltr'>ἐπιείκειαν,</span> <span class='ocrx_word' id='word_1_265' title='bbox 1223 2630 1297 2699; x_wconf 80' lang='grc' dir='ltr'><strong>μὴ</strong></span> <span class='ocrx_word' id='word_1_266' title='bbox 1309 2629 1625 2703; x_wconf 76' lang='grc' dir='ltr'>ἁποστήσης</span> <span class='ocrx_word' id='word_1_267' title='bbox 1642 2634 1701 2686; x_wconf 84' lang='grc' dir='ltr'><strong>τὸ</strong></span> <span class='ocrx_word' id='word_1_268' title='bbox 1721 2633 1867 2699; x_wconf 66' lang='grc' dir='ltr'><strong>ἔλεός</strong></span> 
     </span>
    </p>
   </div>
   <div class='ocr_carea' id='block_1_41' title="bbox 283 2708 1865 2798">
    <p class='ocr_par' dir='ltr' id='par_1_41' title="bbox 283 2708 1865 2798">
     <span class='ocr_line' id='line_1_41' title="bbox 283 2708 1865 2798; baseline 0.01 -36"><span class='ocrx_word' id='word_1_269' title='bbox 283 2722 375 2763; x_wconf 77' lang='grc' dir='ltr'>σου</span> <span class='ocrx_word' id='word_1_270' title='bbox 398 2708 494 2777; x_wconf 75' lang='grc' dir='ltr'><strong>ἀφ’</strong></span> <span class='ocrx_word' id='word_1_271' title='bbox 518 2709 700 2780; x_wconf 76' lang='grc' dir='ltr'>ήμῶν,</span> <span class='ocrx_word' id='word_1_272' title='bbox 731 2713 867 2767; x_wconf 77' lang='grc' dir='ltr'>ἀλλὰ</span> <span class='ocrx_word' id='word_1_273' title='bbox 912 2718 1032 2781; x_wconf 81' lang='grc' dir='ltr'><strong>ταῖς</strong></span> <span class='ocrx_word' id='word_1_274' title='bbox 1069 2720 1250 2773; x_wconf 80' lang='grc' dir='ltr'>αὐτῶν</span> <span class='ocrx_word' id='word_1_275' title='bbox 1308 2722 1538 2788; x_wconf 76' lang='grc' dir='ltr'><strong>ἱκεσίαις</strong></span> <span class='ocrx_word' id='word_1_276' title='bbox 1584 2726 1643 2778; x_wconf 83' lang='grc' dir='ltr'>ὲν</span> <span class='ocrx_word' id='word_1_277' title='bbox 1669 2725 1865 2798; x_wconf 77' lang='grc' dir='ltr'>είρήνῃ</span> 
     </span>
    </p>
   </div>
   <div class='ocr_carea' id='block_1_42' title="bbox 284 2798 1864 2881">
    <p class='ocr_par' dir='ltr' id='par_1_42' title="bbox 284 2798 1864 2881">
     <span class='ocr_line' id='line_1_42' title="bbox 284 2798 1864 2881; baseline 0.014 -30"><span class='ocrx_word' id='word_1_278' title='bbox 284 2798 625 2870; x_wconf 72' lang='grc' dir='ltr'>κυϐέρνησον</span> <span class='ocrx_word' id='word_1_279' title='bbox 645 2801 744 2873; x_wconf 77' lang='grc' dir='ltr'><strong>τὴν</strong></span> <span class='ocrx_word' id='word_1_280' title='bbox 771 2805 917 2876; x_wconf 69' lang='grc' dir='ltr'><strong>ζωὴν</strong></span> <span class='ocrx_word' id='word_1_281' title='bbox 939 2808 1118 2877; x_wconf 77' lang='grc' dir='ltr'>ἡμῶν.</span> <span class='ocrx_word' id='word_1_282' title='bbox 1171 2810 1683 2881; x_wconf 84' lang='lat' dir='ltr'><strong>Polychronismum</strong></span> <span class='ocrx_word' id='word_1_283' title='bbox 1742 2831 1864 2872; x_wconf 84' lang='lat' dir='ltr'><strong>mo-</strong></span> 
     </span>
    </p>
   </div>
   <div class='ocr_carea' id='block_1_43' title="bbox 283 2892 1867 2978">
    <p class='ocr_par' dir='ltr' id='par_1_43' title="bbox 283 2892 1867 2978">
     <span class='ocr_line' id='line_1_43' title="bbox 283 2892 1867 2978; baseline 0.012 -33"><span class='ocrx_word' id='word_1_284' title='bbox 283 2892 590 2948; x_wconf 88' lang='lat' dir='ltr'><strong>naeborum</strong></span> <span class='ocrx_word' id='word_1_285' title='bbox 610 2895 667 2950; x_wconf 90' lang='lat' dir='ltr'><strong>in</strong></span> <span class='ocrx_word' id='word_1_286' title='bbox 686 2899 995 2967; x_wconf 84' lang='lat' dir='ltr'><strong>superioris</strong></span> <span class='ocrx_word' id='word_1_287' title='bbox 1039 2903 1275 2960; x_wconf 77' lang='lat' dir='ltr'><strong>salutem</strong></span> <span class='ocrx_word' id='word_1_288' title='bbox 1324 2907 1590 2965; x_wconf 88' lang='lat' dir='ltr'><strong>emissum</strong></span> <span class='ocrx_word' id='word_1_289' title='bbox 1645 2909 1867 2978; x_wconf 77' lang='lat' dir='ltr'><strong>require</strong></span> 
     </span>
    </p>
   </div>
   <div class='ocr_carea' id='block_1_44' title="bbox 283 2982 1511 3072">
    <p class='ocr_par' dir='ltr' id='par_1_44' title="bbox 283 2982 1511 3072">
     <span class='ocr_line' id='line_1_44' title="bbox 283 2982 1511 3072; baseline 0.014 -37"><span class='ocrx_word' id='word_1_290' title='bbox 283 2982 335 3041; x_wconf 91' lang='lat' dir='ltr'><strong>in</strong></span> <span class='ocrx_word' id='word_1_291' title='bbox 370 2983 582 3042; x_wconf 62' lang='lat' dir='ltr'><strong>Maneo</strong></span> <span class='ocrx_word' id='word_1_292' title='bbox 606 2998 755 3045; x_wconf 88' lang='lat' dir='ltr'><strong>retro</strong></span> <span class='ocrx_word' id='word_1_293' title='bbox 807 2989 973 3049; x_wconf 80' lang='lat' dir='ltr'><strong>Nonae</strong></span> <span class='ocrx_word' id='word_1_294' title='bbox 1016 2995 1274 3053; x_wconf 86' lang='lat' dir='ltr'><strong>ollicium.</strong></span> <span class='ocrx_word' id='word_1_295' title='bbox 1314 2998 1511 3072; x_wconf 74' lang='lat' dir='ltr'><strong>Gesn.)</strong></span> 
     </span>
    </p>
   </div>
   <div class='ocr_carea' id='block_1_45' title="bbox 348 3075 1865 3152">
    <p class='ocr_par' dir='ltr' id='par_1_45' title="bbox 348 3075 1865 3152">
     <span class='ocr_line' id='line_1_45' title="bbox 348 3075 1865 3152; baseline 0.014 -21"><span class='ocrx_word' id='word_1_296' title='bbox 348 3075 501 3135; x_wconf 71' lang='lat' dir='ltr'><strong>Ibid.</strong></span> <span class='ocrx_word' id='word_1_297' title='bbox 530 3077 1049 3150; x_wconf 82' lang='lat' dir='ltr'><strong>Protapostolarins.</strong></span> <span class='ocrx_word' id='word_1_298' title='bbox 1081 3088 1241 3148; x_wconf 80' lang='lat' dir='ltr'><strong>Vides</strong></span> <span class='ocrx_word' id='word_1_299' title='bbox 1273 3099 1329 3147; x_wconf 90' lang='lat' dir='ltr'><strong>et</strong></span> <span class='ocrx_word' id='word_1_300' title='bbox 1359 3093 1448 3149; x_wconf 88' lang='lat' dir='ltr'><strong>hic</strong></span> <span class='ocrx_word' id='word_1_301' title='bbox 1479 3109 1681 3151; x_wconf 87' lang='lat' dir='ltr'><strong>nomen</strong></span> <span class='ocrx_word' id='word_1_302' title='bbox 1712 3094 1865 3152; x_wconf 74' lang='lat' dir='ltr'><strong>Grae-</strong></span> 
     </span>
    </p>
   </div>
   <div class='ocr_carea' id='block_1_46' title="bbox 282 3168 1861 3259">
    <p class='ocr_par' dir='ltr' id='par_1_46' title="bbox 282 3168 1861 3259">
     <span class='ocr_line' id='line_1_46' title="bbox 282 3168 1861 3259; baseline 0.013 -35"><span class='ocrx_word' id='word_1_303' title='bbox 282 3168 491 3259; x_wconf 65' lang='lat' dir='ltr'><strong>canica</strong></span> <span class='ocrx_word' id='word_1_304' title='bbox 519 3173 866 3245; x_wconf 83' lang='lat' dir='ltr'><strong>ambitionis,</strong></span> <span class='ocrx_word' id='word_1_305' title='bbox 905 3180 1050 3250; x_wconf 89' lang='lat' dir='ltr'><strong>quod</strong></span> <span class='ocrx_word' id='word_1_306' title='bbox 1082 3181 1228 3238; x_wconf 89' lang='lat' dir='ltr'><strong>inter</strong></span> <span class='ocrx_word' id='word_1_307' title='bbox 1257 3183 1377 3241; x_wconf 88' lang='lat' dir='ltr'><strong>illos</strong></span> <span class='ocrx_word' id='word_1_308' title='bbox 1404 3186 1501 3257; x_wconf 85' lang='lat' dir='ltr'><strong>qui</strong></span> <span class='ocrx_word' id='word_1_309' title='bbox 1551 3188 1861 3259; x_wconf 83' lang='lat' dir='ltr'><strong>apostolum</strong></span> 
     </span>
    </p>
   </div>
   <div class='ocr_carea' id='block_1_47' title="bbox 285 3258 1931 3377">
    <p class='ocr_par' dir='ltr' id='par_1_47' title="bbox 285 3258 1931 3377">
     <span class='ocr_line' id='line_1_47' title="bbox 285 3258 1931 3377; baseline 0.012 -63"><span class='ocrx_word' id='word_1_310' title='bbox 285 3258 507 3377; x_wconf 54' lang='lat' dir='ltr'><strong>Pa‘ulum</strong></span> <span class='ocrx_word' id='word_1_311' title='bbox 542 3264 759 3377; x_wconf 67' lang='lat' dir='ltr'><strong>publice</strong></span> <span class='ocrx_word' id='word_1_312' title='bbox 779 3267 1051 3340; x_wconf 75' lang='lat' dir='ltr'><strong>legebant,</strong></span> <span class='ocrx_word' id='word_1_313' title='bbox 1077 3272 1181 3329; x_wconf 90' lang='lat' dir='ltr'><strong>hoc</strong></span> <span class='ocrx_word' id='word_1_314' title='bbox 1204 3284 1288 3331; x_wconf 89' lang='lat' dir='ltr'><strong>est</strong></span> <span class='ocrx_word' id='word_1_315' title='bbox 1311 3276 1455 3332; x_wconf 88' lang='lat' dir='ltr'><strong>inter</strong></span> <span class='ocrx_word' id='word_1_316' title='bbox 1472 3258 1859 3346; x_wconf 74' lang='lat' dir='ltr'><strong>apostolarios,</strong></span> <span class='ocrx_word' id='word_1_317' title='bbox 1882 3311 1931 3377; x_wconf 68' lang='grc' dir='ltr'>α</span> 
     </span>
    </p>
   </div>
   <div class='ocr_carea' id='block_1_48' title="bbox 282 3354 1648 3435">
    <p class='ocr_par' dir='ltr' id='par_1_48' title="bbox 282 3354 1648 3435">
     <span class='ocr_line' id='line_1_48' title="bbox 282 3354 1648 3435; baseline 0.015 -30"><span class='ocrx_word' id='word_1_318' title='bbox 282 3354 574 3413; x_wconf 75' lang='lat' dir='ltr'><strong>voluerunt</strong></span> <span class='ocrx_word' id='word_1_319' title='bbox 599 3358 802 3417; x_wconf 84' lang='lat' dir='ltr'><strong>habere</strong></span> <span class='ocrx_word' id='word_1_320' title='bbox 852 3366 1395 3435; x_wconf 81' lang='lat' dir='ltr'><strong>protapostolarium.</strong></span> <span class='ocrx_word' id='word_1_321' title='bbox 1441 3367 1648 3427; x_wconf 75' lang='lat' dir='ltr'><strong>Gners.</strong></span> 
     </span>
    </p>
   </div>
   <div class='ocr_carea' id='block_1_49' title="bbox 238 3447 1861 3543">
    <p class='ocr_par' dir='ltr' id='par_1_49' title="bbox 238 3447 1861 3543">
     <span class='ocr_line' id='line_1_49' title="bbox 238 3447 1861 3543; baseline 0.012 -43"><span class='ocrx_word' id='word_1_322' title='bbox 238 3534 253 3543; x_wconf 24' lang='grc' dir='ltr'><em>ἡ</em></span> <span class='ocrx_word' id='word_1_323' title='bbox 348 3447 495 3505; x_wconf 74' lang='lat' dir='ltr'><strong>Ibid.</strong></span> <span class='ocrx_word' id='word_1_324' title='bbox 528 3448 633 3523; x_wconf 82' lang='lat' dir='ltr'><strong>[&#39;H</strong></span> <span class='ocrx_word' id='word_1_325' title='bbox 663 3453 774 3523; x_wconf 79' lang='grc' dir='ltr'><strong>τῆς</strong></span> <span class='ocrx_word' id='word_1_326' title='bbox 794 3458 1165 3531; x_wconf 71' lang='grc' dir='ltr'><strong>λειτουργίας</strong></span> <span class='ocrx_word' id='word_1_327' title='bbox 1197 3460 1341 3530; x_wconf 82' lang='grc' dir='ltr'>ὥρα.</span> <span class='ocrx_word' id='word_1_328' title='bbox 1367 3461 1497 3530; x_wconf 77' lang='lat' dir='ltr'><strong>Qum</strong></span> <span class='ocrx_word' id='word_1_329' title='bbox 1526 3462 1628 3520; x_wconf 86' lang='lat' dir='ltr'><strong>hac</strong></span> <span class='ocrx_word' id='word_1_330' title='bbox 1677 3464 1765 3519; x_wconf 88' lang='lat' dir='ltr'><strong>die</strong></span> <span class='ocrx_word' id='word_1_331' title='bbox 1794 3466 1861 3520; x_wconf 87' lang='lat' dir='ltr'><strong>ab</strong></span> 
     </span>
    </p>
   </div>
   <div class='ocr_carea' id='block_1_50' title="bbox 282 3542 1860 3622">
    <p class='ocr_par' dir='ltr' id='par_1_50' title="bbox 282 3542 1860 3622">
     <span class='ocr_line' id='line_1_50' title="bbox 282 3542 1860 3622; baseline 0.011 -29"><span class='ocrx_word' id='word_1_332' title='bbox 282 3547 398 3602; x_wconf 87' lang='lat' dir='ltr'><strong>orto</strong></span> <span class='ocrx_word' id='word_1_333' title='bbox 424 3542 545 3609; x_wconf 84' lang='lat' dir='ltr'><strong>sole</strong></span> <span class='ocrx_word' id='word_1_334' title='bbox 573 3543 787 3609; x_wconf 80' lang='lat' dir='ltr'><strong>decima</strong></span> <span class='ocrx_word' id='word_1_335' title='bbox 814 3556 919 3604; x_wconf 89' lang='lat' dir='ltr'><strong>est.</strong></span> <span class='ocrx_word' id='word_1_336' title='bbox 948 3549 1026 3605; x_wconf 86' lang='lat' dir='ltr'><strong>Ita</strong></span> <span class='ocrx_word' id='word_1_337' title='bbox 1074 3559 1238 3622; x_wconf 82' lang='lat' dir='ltr'><strong>typus</strong></span> <span class='ocrx_word' id='word_1_338' title='bbox 1287 3554 1536 3610; x_wconf 84' lang='lat' dir='ltr'><strong>hodierni</strong></span> <span class='ocrx_word' id='word_1_339' title='bbox 1596 3554 1757 3611; x_wconf 78' lang='lat' dir='ltr'><strong>oﬂicii</strong></span> <span class='ocrx_word' id='word_1_340' title='bbox 1794 3559 1860 3612; x_wconf 84' lang='lat' dir='ltr'><strong>ad</strong></span> 
     </span>
    </p>
   </div>
   <div class='ocr_carea' id='block_1_51' title="bbox 280 3629 1862 3719">
    <p class='ocr_par' dir='ltr' id='par_1_51' title="bbox 280 3629 1862 3719">
     <span class='ocr_line' id='line_1_51' title="bbox 280 3629 1862 3719; baseline 0.01 -32"><span class='ocrx_word' id='word_1_341' title='bbox 280 3629 447 3691; x_wconf 66' lang='lat' dir='ltr'><strong>None</strong></span> <span class='ocrx_word' id='word_1_342' title='bbox 466 3635 674 3692; x_wconf 80' lang='lat' dir='ltr'><strong>calcem</strong></span> <span class='ocrx_word' id='word_1_343' title='bbox 693 3639 903 3708; x_wconf 87' lang='lat' dir='ltr'><strong>positus</strong></span> <span class='ocrx_word' id='word_1_344' title='bbox 923 3657 937 3698; x_wconf 91' lang='lat'><strong>:</strong></span> <span class='ocrx_word' id='word_1_345' title='bbox 959 3641 1093 3714; x_wconf 78' lang='grc' dir='ltr'><strong>Περὶ</strong></span> <span class='ocrx_word' id='word_1_346' title='bbox 1112 3644 1169 3697; x_wconf 63' lang='grc' dir='ltr'><strong>δὲ</strong></span> <span class='ocrx_word' id='word_1_347' title='bbox 1183 3644 1332 3715; x_wconf 84' lang='grc' dir='ltr'>ὥραν</span> <span class='ocrx_word' id='word_1_348' title='bbox 1353 3646 1583 3718; x_wconf 74' lang='grc' dir='ltr'><strong>δεκάτην</strong></span> <span class='ocrx_word' id='word_1_349' title='bbox 1605 3649 1862 3719; x_wconf 73' lang='grc' dir='ltr'><strong>σημαίνει</strong></span> 
     </span>
    </p>
   </div>
   <div class='ocr_carea' id='block_1_52' title="bbox 284 3723 1859 3809">
    <p class='ocr_par' dir='ltr' id='par_1_52' title="bbox 284 3723 1859 3809">
     <span class='ocr_line' id='line_1_52' title="bbox 284 3723 1859 3809; baseline 0.013 -33"><span class='ocrx_word' id='word_1_350' title='bbox 284 3723 339 3777; x_wconf 77' lang='grc' dir='ltr'><strong>τὸ</strong></span> <span class='ocrx_word' id='word_1_351' title='bbox 387 3727 540 3796; x_wconf 77' lang='grc' dir='ltr'>μέγα</span> <span class='ocrx_word' id='word_1_352' title='bbox 615 3738 724 3783; x_wconf 88' lang='lat' dir='ltr'><strong>etc.</strong></span> <span class='ocrx_word' id='word_1_353' title='bbox 774 3731 843 3784; x_wconf 88' lang='lat' dir='ltr'><strong>ad</strong></span> <span class='ocrx_word' id='word_1_354' title='bbox 903 3733 1153 3802; x_wconf 81' lang='lat' dir='ltr'><strong>synaxim</strong></span> <span class='ocrx_word' id='word_1_355' title='bbox 1208 3734 1464 3791; x_wconf 81' lang='lat' dir='ltr'><strong>videlicet</strong></span> <span class='ocrx_word' id='word_1_356' title='bbox 1507 3753 1859 3809; x_wconf 84' lang='lat' dir='ltr'><strong>vesperarum</strong></span> 
     </span>
    </p>
   </div>
   <div class='ocr_carea' id='block_1_53' title="bbox 286 3817 1862 3905">
    <p class='ocr_par' dir='ltr' id='par_1_53' title="bbox 286 3817 1862 3905">
     <span class='ocr_line' id='line_1_53' title="bbox 286 3817 1862 3905; baseline 0.01 -33"><span class='ocrx_word' id='word_1_357' title='bbox 286 3817 634 3887; x_wconf 73' lang='lat' dir='ltr'><strong>habendam;</strong></span> <span class='ocrx_word' id='word_1_358' title='bbox 670 3823 872 3892; x_wconf 82' lang='lat' dir='ltr'><strong>quibus</strong></span> <span class='ocrx_word' id='word_1_359' title='bbox 902 3824 1071 3883; x_wconf 71' lang='lat' dir='ltr'><strong>[initis</strong></span> <span class='ocrx_word' id='word_1_360' title='bbox 1106 3827 1339 3898; x_wconf 67' lang='grc' dir='ltr'><strong>καθεξῆς</strong></span> <span class='ocrx_word' id='word_1_361' title='bbox 1378 3830 1413 3901; x_wconf 76' lang='grc' dir='ltr'><strong>ἡ</strong></span> <span class='ocrx_word' id='word_1_362' title='bbox 1449 3828 1568 3884; x_wconf 80' lang='grc' dir='ltr'>θεία</span> <span class='ocrx_word' id='word_1_363' title='bbox 1615 3831 1862 3905; x_wconf 77' lang='grc' dir='ltr'><strong>λιιτουρ-</strong></span> 
     </span>
    </p>
   </div>
   <div class='ocr_carea' id='block_1_54' title="bbox 284 3913 1123 3986">
    <p class='ocr_par' dir='ltr' id='par_1_54' title="bbox 284 3913 1123 3986">
     <span class='ocr_line' id='line_1_54' title="bbox 284 3913 1123 3986; baseline 0.012 -19"><span class='ocrx_word' id='word_1_364' title='bbox 284 3913 374 3981; x_wconf 64' lang='lat' dir='ltr'><strong>ria</strong></span> <span class='ocrx_word' id='word_1_365' title='bbox 396 3913 499 3968; x_wconf 76' lang='grc' dir='ltr'><strong>τοῦ</strong></span> <span class='ocrx_word' id='word_1_366' title='bbox 526 3916 770 3986; x_wconf 68' lang='grc' dir='ltr'><strong>μγὰλου</strong></span> <span class='ocrx_word' id='word_1_367' title='bbox 814 3917 1123 3977; x_wconf 74' lang='grc' dir='ltr'>Βασιλείαν.</span> 
     </span>
    </p>
   </div>
   <div class='ocr_carea' id='block_1_55' title="bbox 350 4006 1860 4101">
    <p class='ocr_par' dir='ltr' id='par_1_55' title="bbox 350 4006 1860 4101">
     <span class='ocr_line' id='line_1_55' title="bbox 350 4006 1860 4101; baseline 0.009 -37"><span class='ocrx_word' id='word_1_368' title='bbox 350 4006 493 4101; x_wconf 74' lang='lat' dir='ltr'><strong>Ibid.</strong></span> <span class='ocrx_word' id='word_1_369' title='bbox 554 4007 824 4101; x_wconf 54' lang='lat' dir='ltr'><strong>[sabbato</strong></span> <span class='ocrx_word' id='word_1_370' title='bbox 862 4011 951 4068; x_wconf 84' lang='lat' dir='ltr'><strong>vel</strong></span> <span class='ocrx_word' id='word_1_371' title='bbox 1006 4011 1292 4071; x_wconf 89' lang='lat' dir='ltr'><strong>Dominica</strong></span> <span class='ocrx_word' id='word_1_372' title='bbox 1337 4015 1609 4086; x_wconf 86' lang='lat' dir='ltr'><strong>jejunium</strong></span> <span class='ocrx_word' id='word_1_373' title='bbox 1652 4018 1860 4085; x_wconf 59' lang='lat' dir='ltr'><strong>Graecis</strong></span> 
     </span>
    </p>
   </div>
   <div class='ocr_carea' id='block_1_56' title="bbox 291 4099 1861 4168">
    <p class='ocr_par' dir='ltr' id='par_1_56' title="bbox 291 4099 1861 4168">
     <span class='ocr_line' id='line_1_56' title="bbox 291 4099 1861 4168; baseline 0.011 -18"><span class='ocrx_word' id='word_1_374' title='bbox 291 4099 573 4158; x_wconf 77' lang='lat' dir='ltr'><strong>illicitum.</strong></span> <span class='ocrx_word' id='word_1_375' title='bbox 606 4100 740 4159; x_wconf 83' lang='lat' dir='ltr'><strong>Eam</strong></span> <span class='ocrx_word' id='word_1_376' title='bbox 778 4104 849 4159; x_wconf 91' lang='lat' dir='ltr'><strong>ob</strong></span> <span class='ocrx_word' id='word_1_377' title='bbox 873 4119 988 4161; x_wconf 88' lang='lat' dir='ltr'><strong>rem</strong></span> <span class='ocrx_word' id='word_1_378' title='bbox 1019 4106 1066 4161; x_wconf 89' lang='lat' dir='ltr'><strong>si</strong></span> <span class='ocrx_word' id='word_1_379' title='bbox 1094 4104 1371 4164; x_wconf 79' lang='lat' dir='ltr'><strong>Natalium</strong></span> <span class='ocrx_word' id='word_1_380' title='bbox 1416 4106 1621 4166; x_wconf 82' lang='lat' dir='ltr'><strong>Christi</strong></span> <span class='ocrx_word' id='word_1_381' title='bbox 1670 4112 1861 4168; x_wconf 87' lang='lat' dir='ltr'><strong>diebus</strong></span> 
     </span>
    </p>
   </div>
   <div class='ocr_carea' id='block_1_57' title="bbox 284 4188 1860 4273">
    <p class='ocr_par' dir='ltr' id='par_1_57' title="bbox 284 4188 1860 4273">
     <span class='ocr_line' id='line_1_57' title="bbox 284 4188 1860 4273; baseline 0.012 -29"><span class='ocrx_word' id='word_1_382' title='bbox 284 4188 608 4259; x_wconf 75' lang='lat' dir='ltr'><strong>huiusmodi</strong></span> <span class='ocrx_word' id='word_1_383' title='bbox 644 4209 766 4253; x_wconf 83' lang='lat' dir='ltr'><strong>sors</strong></span> <span class='ocrx_word' id='word_1_384' title='bbox 798 4194 937 4253; x_wconf 80' lang='lat' dir='ltr'><strong>lerat</strong></span> <span class='ocrx_word' id='word_1_385' title='bbox 969 4198 1239 4255; x_wconf 80' lang='lat' dir='ltr'><strong>celebrari</strong></span> <span class='ocrx_word' id='word_1_386' title='bbox 1309 4202 1679 4273; x_wconf 76' lang='lat' dir='ltr'><strong>pervigilium,</strong></span> <span class='ocrx_word' id='word_1_387' title='bbox 1740 4214 1860 4263; x_wconf 87' lang='lat' dir='ltr'><strong>uta</strong></span> 
     </span>
    </p>
   </div>
   <div class='ocr_carea' id='block_1_58' title="bbox 274 4281 1859 4369">
    <p class='ocr_par' dir='ltr' id='par_1_58' title="bbox 274 4281 1859 4369">
     <span class='ocr_line' id='line_1_58' title="bbox 274 4281 1859 4369; baseline 0.011 -33"><span class='ocrx_word' id='word_1_388' title='bbox 274 4281 489 4352; x_wconf 78' lang='lat' dir='ltr'><strong>jejunio</strong></span> <span class='ocrx_word' id='word_1_389' title='bbox 525 4285 825 4356; x_wconf 87' lang='lat' dir='ltr'><strong>abstinent,</strong></span> <span class='ocrx_word' id='word_1_390' title='bbox 860 4290 936 4345; x_wconf 87' lang='lat' dir='ltr'><strong>ita</strong></span> <span class='ocrx_word' id='word_1_391' title='bbox 990 4292 1212 4353; x_wconf 82' lang='lat' dir='ltr'><strong>missam</strong></span> <span class='ocrx_word' id='word_1_392' title='bbox 1261 4303 1528 4352; x_wconf 87' lang='lat' dir='ltr'><strong>consueto</strong></span> <span class='ocrx_word' id='word_1_393' title='bbox 1591 4306 1859 4369; x_wconf 87' lang='lat' dir='ltr'><strong>tempore,</strong></span> 
     </span>
    </p>
   </div>
   <div class='ocr_carea' id='block_1_59' title="bbox 278 4374 1858 4452">
    <p class='ocr_par' dir='ltr' id='par_1_59' title="bbox 278 4374 1858 4452">
     <span class='ocr_line' id='line_1_59' title="bbox 278 4374 1858 4452; baseline 0.013 -26"><span class='ocrx_word' id='word_1_394' title='bbox 278 4374 426 4440; x_wconf 84' lang='lat' dir='ltr'><strong>quod</strong></span> <span class='ocrx_word' id='word_1_395' title='bbox 457 4374 569 4431; x_wconf 86' lang='lat' dir='ltr'><strong>diei</strong></span> <span class='ocrx_word' id='word_1_396' title='bbox 609 4378 766 4433; x_wconf 85' lang='lat' dir='ltr'><strong>tertia</strong></span> <span class='ocrx_word' id='word_1_397' title='bbox 787 4389 896 4444; x_wconf 87' lang='lat' dir='ltr'><strong>est,</strong></span> <span class='ocrx_word' id='word_1_398' title='bbox 931 4393 1203 4452; x_wconf 70' lang='lat' dir='ltr'><strong>peragunt</strong></span> <span class='ocrx_word' id='word_1_399' title='bbox 1234 4400 1247 4439; x_wconf 91' lang='lat'><strong>:</strong></span> <span class='ocrx_word' id='word_1_400' title='bbox 1282 4384 1329 4442; x_wconf 91' lang='lat' dir='ltr'><strong>si</strong></span> <span class='ocrx_word' id='word_1_401' title='bbox 1357 4386 1496 4441; x_wconf 85' lang='lat' dir='ltr'><strong>alias</strong></span> <span class='ocrx_word' id='word_1_402' title='bbox 1551 4387 1758 4445; x_wconf 87' lang='lat' dir='ltr'><strong>incidat</strong></span> <span class='ocrx_word' id='word_1_403' title='bbox 1804 4391 1858 4447; x_wconf 91' lang='lat' dir='ltr'><strong>in</strong></span> 
     </span>
    </p>
   </div>
   <div class='ocr_carea' id='block_1_60' title="bbox 275 4465 1859 4547">
    <p class='ocr_par' dir='ltr' id='par_1_60' title="bbox 275 4465 1859 4547">
     <span class='ocr_line' id='line_1_60' title="bbox 275 4465 1859 4547; baseline 0.014 -28"><span class='ocrx_word' id='word_1_404' title='bbox 275 4465 471 4534; x_wconf 78' lang='lat' dir='ltr'><strong>ferias,</strong></span> <span class='ocrx_word' id='word_1_405' title='bbox 498 4484 624 4525; x_wconf 87' lang='lat' dir='ltr'><strong>cum</strong></span> <span class='ocrx_word' id='word_1_406' title='bbox 652 4472 874 4530; x_wconf 82' lang='lat' dir='ltr'><strong>nonnisi</strong></span> <span class='ocrx_word' id='word_1_407' title='bbox 926 4475 1108 4533; x_wconf 72' lang='lat' dir='ltr'><strong>missas</strong></span> <span class='ocrx_word' id='word_1_408' title='bbox 1160 4479 1464 4547; x_wconf 67' lang='lat' dir='ltr'><strong>praemissis</strong></span> <span class='ocrx_word' id='word_1_409' title='bbox 1518 4484 1859 4541; x_wconf 82' lang='lat' dir='ltr'><strong>solemnibus</strong></span> 
     </span>
    </p>
   </div>
   <div class='ocr_carea' id='block_1_61' title="bbox 274 4557 1857 4645">
    <p class='ocr_par' dir='ltr' id='par_1_61' title="bbox 274 4557 1857 4645">
     <span class='ocr_line' id='line_1_61' title="bbox 274 4557 1857 4645; baseline 0.014 -34"><span class='ocrx_word' id='word_1_410' title='bbox 274 4559 357 4614; x_wconf 78' lang='lat' dir='ltr'><strong>las</strong></span> <span class='ocrx_word' id='word_1_411' title='bbox 382 4560 457 4616; x_wconf 85' lang='lat' dir='ltr'><strong>sit</strong></span> <span class='ocrx_word' id='word_1_412' title='bbox 490 4562 706 4619; x_wconf 84' lang='lat' dir='ltr'><strong>solvere</strong></span> <span class='ocrx_word' id='word_1_413' title='bbox 738 4564 1032 4634; x_wconf 87' lang='lat' dir='ltr'><strong>jejunium,</strong></span> <span class='ocrx_word' id='word_1_414' title='bbox 1069 4569 1204 4626; x_wconf 89' lang='lat' dir='ltr'><strong>illud</strong></span> <span class='ocrx_word' id='word_1_415' title='bbox 1268 4587 1397 4628; x_wconf 79' lang='lat' dir='ltr'><strong>vero</strong></span> <span class='ocrx_word' id='word_1_416' title='bbox 1459 4574 1524 4627; x_wconf 87' lang='lat' dir='ltr'><strong>ad</strong></span> <span class='ocrx_word' id='word_1_417' title='bbox 1577 4557 1857 4645; x_wconf 75' lang='lat' dir='ltr'><strong>vesperam</strong></span> 
     </span>
    </p>
   </div>
   <div class='ocr_carea' id='block_1_62' title="bbox 1968 2065 3545 2140">
    <p class='ocr_par' dir='ltr' id='par_1_62' title="bbox 1968 2065 3545 2140">
     <span class='ocr_line' id='line_1_62' title="bbox 1968 2065 3545 2140; baseline -0.004 -18"><span class='ocrx_word' id='word_1_418' title='bbox 1968 2067 2457 2135; x_wconf 84' lang='lat' dir='ltr'><strong>mula,aliquando</strong></span> <span class='ocrx_word' id='word_1_419' title='bbox 2516 2069 2751 2140; x_wconf 89' lang='lat' dir='ltr'><strong>simplici</strong></span> <span class='ocrx_word' id='word_1_420' title='bbox 2804 2086 2863 2139; x_wconf 83' lang='grc' dir='ltr'><strong>μ,</strong></span> <span class='ocrx_word' id='word_1_421' title='bbox 2924 2069 3197 2125; x_wconf 85' lang='lat' dir='ltr'><strong>interdum</strong></span> <span class='ocrx_word' id='word_1_422' title='bbox 3248 2065 3545 2137; x_wconf 80' lang='lat' dir='ltr'><strong>geminato.</strong></span> 
     </span>
    </p>
   </div>
   <div class='ocr_carea' id='block_1_63' title="bbox 1965 2155 3534 2231">
    <p class='ocr_par' dir='ltr' id='par_1_63' title="bbox 1965 2155 3534 2231">
     <span class='ocr_line' id='line_1_63' title="bbox 1965 2155 3534 2231; baseline -0.003 -17"><span class='ocrx_word' id='word_1_423' title='bbox 1965 2160 2174 2215; x_wconf 87' lang='lat' dir='ltr'><strong>Dicitur</strong></span> <span class='ocrx_word' id='word_1_424' title='bbox 2227 2160 2392 2216; x_wconf 86' lang='lat' dir='ltr'><strong>etiam</strong></span> <span class='ocrx_word' id='word_1_425' title='bbox 2453 2158 2683 2231; x_wconf 80' lang='lat' dir='ltr'><strong>ﬂamnla</strong></span> <span class='ocrx_word' id='word_1_426' title='bbox 2739 2158 2993 2231; x_wconf 66' lang='lat' dir='ltr'><strong>ﬂamular,</strong></span> <span class='ocrx_word' id='word_1_427' title='bbox 3021 2172 3218 2230; x_wconf 78' lang='lat' dir='ltr'><strong>genere</strong></span> <span class='ocrx_word' id='word_1_428' title='bbox 3249 2155 3534 2212; x_wconf 78' lang='lat' dir='ltr'><strong>leininino.</strong></span> 
     </span>
    </p>
   </div>
   <div class='ocr_carea' id='block_1_64' title="bbox 1967 2248 3545 2322">
    <p class='ocr_par' dir='ltr' id='par_1_64' title="bbox 1967 2248 3545 2322">
     <span class='ocr_line' id='line_1_64' title="bbox 1967 2248 3545 2322; baseline -0.004 -14"><span class='ocrx_word' id='word_1_429' title='bbox 1967 2249 2244 2322; x_wconf 76' lang='lat' dir='ltr'><strong>Vegetius.</strong></span> <span class='ocrx_word' id='word_1_430' title='bbox 2262 2267 2344 2316; x_wconf 83' lang='grc' dir='ltr'>ιιι,</span> <span class='ocrx_word' id='word_1_431' title='bbox 2362 2250 2427 2306; x_wconf 84' lang='lat'><strong>5:</strong></span> <span class='ocrx_word' id='word_1_432' title='bbox 2450 2250 2674 2315; x_wconf 65' lang='lat' dir='ltr'><strong>Aquilia,</strong></span> <span class='ocrx_word' id='word_1_433' title='bbox 2701 2253 2979 2315; x_wconf 84' lang='lat' dir='ltr'><strong>dracones,</strong></span> <span class='ocrx_word' id='word_1_434' title='bbox 2995 2250 3211 2312; x_wconf 73' lang='lat' dir='ltr'><strong>vexilla,</strong></span> <span class='ocrx_word' id='word_1_435' title='bbox 3234 2248 3545 2318; x_wconf 74' lang='lat' dir='ltr'><strong>ﬂammulw,</strong></span> 
     </span>
    </p>
   </div>
   <div class='ocr_carea' id='block_1_65' title="bbox 1969 2337 3546 2411">
    <p class='ocr_par' dir='ltr' id='par_1_65' title="bbox 1969 2337 3546 2411">
     <span class='ocr_line' id='line_1_65' title="bbox 1969 2337 3546 2411; baseline -0.003 -15"><span class='ocrx_word' id='word_1_436' title='bbox 1969 2343 2097 2411; x_wconf 73' lang='lat' dir='ltr'><strong>turn:</strong></span> <span class='ocrx_word' id='word_1_437' title='bbox 2134 2358 2226 2396; x_wconf 86' lang='lat' dir='ltr'><strong>seu</strong></span> <span class='ocrx_word' id='word_1_438' title='bbox 2253 2343 2453 2411; x_wconf 81' lang='lat' dir='ltr'><strong>tuplue.</strong></span> <span class='ocrx_word' id='word_1_439' title='bbox 2488 2340 2683 2396; x_wconf 81' lang='lat' dir='ltr'><strong>Merito</strong></span> <span class='ocrx_word' id='word_1_440' title='bbox 2706 2352 2887 2397; x_wconf 88' lang='lat' dir='ltr'><strong>autem</strong></span> <span class='ocrx_word' id='word_1_441' title='bbox 2922 2340 3278 2410; x_wconf 82' lang='lat' dir='ltr'><strong>reprehendit</strong></span> <span class='ocrx_word' id='word_1_442' title='bbox 3305 2337 3546 2408; x_wconf 86' lang='lat' dir='ltr'><strong>Lipsius,</strong></span> 
     </span>
    </p>
   </div>
   <div class='ocr_carea' id='block_1_66' title="bbox 1965 2428 3544 2502">
    <p class='ocr_par' dir='ltr' id='par_1_66' title="bbox 1965 2428 3544 2502">
     <span class='ocr_line' id='line_1_66' title="bbox 1965 2428 3544 2502; baseline -0.004 -14"><span class='ocrx_word' id='word_1_443' title='bbox 1965 2433 2002 2488; x_wconf 92' lang='lat' dir='ltr'><strong>l.</strong></span> <span class='ocrx_word' id='word_1_444' title='bbox 2039 2449 2092 2487; x_wconf 84' lang='lat' dir='ltr'><strong>tv</strong></span> <span class='ocrx_word' id='word_1_445' title='bbox 2116 2434 2181 2488; x_wconf 89' lang='lat' dir='ltr'><strong>de</strong></span> <span class='ocrx_word' id='word_1_446' title='bbox 2206 2433 2391 2489; x_wconf 81' lang='lat' dir='ltr'><strong>Militia</strong></span> <span class='ocrx_word' id='word_1_447' title='bbox 2454 2431 2726 2499; x_wconf 78' lang='lat' dir='ltr'><strong>Romana,</strong></span> <span class='ocrx_word' id='word_1_448' title='bbox 2763 2434 2888 2488; x_wconf 87' lang='lat' dir='ltr'><strong>illos</strong></span> <span class='ocrx_word' id='word_1_449' title='bbox 2946 2433 3039 2496; x_wconf 88' lang='lat' dir='ltr'><strong>qui</strong></span> <span class='ocrx_word' id='word_1_450' title='bbox 3095 2432 3237 2502; x_wconf 89' lang='lat' dir='ltr'><strong>apud</strong></span> <span class='ocrx_word' id='word_1_451' title='bbox 3262 2428 3544 2501; x_wconf 67' lang='lat' dir='ltr'><strong>chetium</strong></span> 
     </span>
    </p>
   </div>
   <div class='ocr_carea' id='block_1_67' title="bbox 1966 2524 3542 2598">
    <p class='ocr_par' dir='ltr' id='par_1_67' title="bbox 1966 2524 3542 2598">
     <span class='ocr_line' id='line_1_67' title="bbox 1966 2524 3542 2598; baseline -0.002 -16"><span class='ocrx_word' id='word_1_452' title='bbox 1966 2529 2273 2598; x_wconf 80' lang='lat' dir='ltr'><strong>ﬂammulas</strong></span> <span class='ocrx_word' id='word_1_453' title='bbox 2299 2537 2514 2583; x_wconf 89' lang='lat' dir='ltr'><strong>mutant</strong></span> <span class='ocrx_word' id='word_1_454' title='bbox 2545 2530 2596 2583; x_wconf 88' lang='lat' dir='ltr'><strong>in</strong></span> <span class='ocrx_word' id='word_1_455' title='bbox 2652 2528 2953 2583; x_wconf 81' lang='lat' dir='ltr'><strong>ﬂameola:</strong></span> <span class='ocrx_word' id='word_1_456' title='bbox 3018 2524 3063 2581; x_wconf 89' lang='lat'><em>0</em></span> <span class='ocrx_word' id='word_1_457' title='bbox 3118 2526 3275 2591; x_wconf 74' lang='lat' dir='ltr'><strong>male,</strong></span> <span class='ocrx_word' id='word_1_458' title='bbox 3339 2525 3542 2595; x_wconf 85' lang='lat' dir='ltr'><strong>inquit,</strong></span> 
     </span>
    </p>
   </div>
   <div class='ocr_carea' id='block_1_68' title="bbox 1964 2613 3533 2689">
    <p class='ocr_par' dir='ltr' id='par_1_68' title="bbox 1964 2613 3533 2689">
     <span class='ocr_line' id='line_1_68' title="bbox 1964 2613 3533 2689; baseline -0.005 -14"><span class='ocrx_word' id='word_1_459' title='bbox 1964 2620 2288 2675; x_wconf 79' lang='lat' dir='ltr'><strong>abstineant.</strong></span> <span class='ocrx_word' id='word_1_460' title='bbox 2319 2619 2382 2674; x_wconf 86' lang='lat' dir='ltr'><strong>Et</strong></span> <span class='ocrx_word' id='word_1_461' title='bbox 2410 2619 2603 2674; x_wconf 86' lang='lat' dir='ltr'><strong>merito</strong></span> <span class='ocrx_word' id='word_1_462' title='bbox 2638 2627 2823 2674; x_wconf 88' lang='lat' dir='ltr'><strong>monet</strong></span> <span class='ocrx_word' id='word_1_463' title='bbox 2857 2626 2916 2672; x_wconf 92' lang='lat' dir='ltr'><strong>ut</strong></span> <span class='ocrx_word' id='word_1_464' title='bbox 2979 2616 3328 2678; x_wconf 83' lang='lat' dir='ltr'><strong>abstineant;</strong></span> <span class='ocrx_word' id='word_1_465' title='bbox 3370 2613 3533 2689; x_wconf 71' lang='lat'><strong>283</strong></span> 
     </span>
    </p>
   </div>
   <div class='ocr_carea' id='block_1_69' title="bbox 1965 2709 3544 2785">
    <p class='ocr_par' dir='ltr' id='par_1_69' title="bbox 1965 2709 3544 2785">
     <span class='ocr_line' id='line_1_69' title="bbox 1965 2709 3544 2785; baseline -0.005 -18"><span class='ocrx_word' id='word_1_466' title='bbox 1965 2714 2060 2785; x_wconf 84' lang='lat' dir='ltr'><strong>qui</strong></span> <span class='ocrx_word' id='word_1_467' title='bbox 2121 2720 2272 2767; x_wconf 87' lang='lat' dir='ltr'><strong>recte</strong></span> <span class='ocrx_word' id='word_1_468' title='bbox 2327 2712 2511 2768; x_wconf 91' lang='lat' dir='ltr'><strong>itidem</strong></span> <span class='ocrx_word' id='word_1_469' title='bbox 2569 2711 2804 2784; x_wconf 79' lang='lat' dir='ltr'><strong>castigat</strong></span> <span class='ocrx_word' id='word_1_470' title='bbox 2860 2710 3214 2783; x_wconf 87' lang='lat' dir='ltr'><strong>interpretem</strong></span> <span class='ocrx_word' id='word_1_471' title='bbox 3290 2709 3544 2772; x_wconf 81' lang='lat' dir='ltr'><strong>Ccdreni,</strong></span> 
     </span>
    </p>
   </div>
   <div class='ocr_carea' id='block_1_70' title="bbox 1966 2801 3540 2875">
    <p class='ocr_par' dir='ltr' id='par_1_70' title="bbox 1966 2801 3540 2875">
     <span class='ocr_line' id='line_1_70' title="bbox 1966 2801 3540 2875; baseline -0.005 -16"><span class='ocrx_word' id='word_1_472' title='bbox 1966 2804 2085 2861; x_wconf 69' lang='lat' dir='ltr'><strong>haec</strong></span> <span class='ocrx_word' id='word_1_473' title='bbox 2122 2805 2285 2861; x_wconf 88' lang='lat' dir='ltr'><strong>verba</strong></span> <span class='ocrx_word' id='word_1_474' title='bbox 2315 2803 2501 2863; x_wconf 61' lang='lat' dir='ltr'><strong>Graeca</strong></span> <span class='ocrx_word' id='word_1_475' title='bbox 2532 2804 2622 2857; x_wconf 75' lang='grc' dir='ltr'><strong>τδν</strong></span> <span class='ocrx_word' id='word_1_476' title='bbox 2646 2804 2744 2875; x_wconf 80' lang='grc' dir='ltr'><strong>τῆς</strong></span> <span class='ocrx_word' id='word_1_477' title='bbox 2773 2805 2996 2875; x_wconf 80' lang='grc' dir='ltr'>εἰρήνης</span> <span class='ocrx_word' id='word_1_478' title='bbox 3023 2802 3305 2873; x_wconf 76' lang='grc' dir='ltr'>ἔγγραφον</span> <span class='ocrx_word' id='word_1_479' title='bbox 3327 2801 3540 2872; x_wconf 79' lang='grc' dir='ltr'><strong>χάρτην</strong></span> 
     </span>
    </p>
   </div>
   <div class='ocr_carea' id='block_1_71' title="bbox 1964 2891 3547 2968">
    <p class='ocr_par' dir='ltr' id='par_1_71' title="bbox 1964 2891 3547 2968">
     <span class='ocr_line' id='line_1_71' title="bbox 1964 2891 3547 2968; baseline -0.003 -18"><span class='ocrx_word' id='word_1_480' title='bbox 1964 2898 2057 2953; x_wconf 72' lang='grc' dir='ltr'><strong>ἐπὶ</strong></span> <span class='ocrx_word' id='word_1_481' title='bbox 2075 2897 2464 2968; x_wconf 81' lang='grc' dir='ltr'><strong>φλαμμυολίου</strong></span> <span class='ocrx_word' id='word_1_482' title='bbox 2497 2897 2874 2967; x_wconf 81' lang='grc' dir='ltr'><strong>κρεμάσαντες</strong></span> <span class='ocrx_word' id='word_1_483' title='bbox 2903 2896 2991 2952; x_wconf 87' lang='lat' dir='ltr'><strong>his</strong></span> <span class='ocrx_word' id='word_1_484' title='bbox 3020 2894 3229 2948; x_wconf 83' lang='lat' dir='ltr'><strong>Latinis</strong></span> <span class='ocrx_word' id='word_1_485' title='bbox 3281 2891 3547 2962; x_wconf 82' lang='lat' dir='ltr'><strong>interpre-</strong></span> 
     </span>
    </p>
   </div>
   <div class='ocr_carea' id='block_1_72' title="bbox 1965 2983 3543 3055">
    <p class='ocr_par' dir='ltr' id='par_1_72' title="bbox 1965 2983 3543 3055">
     <span class='ocr_line' id='line_1_72' title="bbox 1965 2983 3543 3055; baseline -0.006 -10"><span class='ocrx_word' id='word_1_486' title='bbox 1965 2996 2194 3049; x_wconf 85' lang='lat' dir='ltr'><strong>tantem.</strong></span> <span class='ocrx_word' id='word_1_487' title='bbox 2264 2987 2460 3045; x_wconf 82' lang='lat' dir='ltr'><strong>tabulis</strong></span> <span class='ocrx_word' id='word_1_488' title='bbox 2516 2988 2662 3055; x_wconf 83' lang='lat' dir='ltr'><strong>pacis</strong></span> <span class='ocrx_word' id='word_1_489' title='bbox 2695 2988 2759 3041; x_wconf 88' lang='lat' dir='ltr'><strong>de</strong></span> <span class='ocrx_word' id='word_1_490' title='bbox 2824 2996 2976 3040; x_wconf 86' lang='lat' dir='ltr'><strong>conto</strong></span> <span class='ocrx_word' id='word_1_491' title='bbox 3032 2987 3321 3053; x_wconf 81' lang='lat' dir='ltr'><strong>suspensis.</strong></span> <span class='ocrx_word' id='word_1_492' title='bbox 3386 2983 3543 3054; x_wconf 87' lang='lat' dir='ltr'><strong>quasi</strong></span> 
     </span>
    </p>
   </div>
   <div class='ocr_carea' id='block_1_73' title="bbox 1965 3056 3543 3152">
    <p class='ocr_par' dir='ltr' id='par_1_73' title="bbox 1965 3056 3543 3152">
     <span class='ocr_line' id='line_1_73' title="bbox 1965 3056 3543 3152; baseline -0.003 -18"><span class='ocrx_word' id='word_1_493' title='bbox 1965 3079 2294 3152; x_wconf 77' lang='grc' dir='ltr'>φλαμούλιον</span> <span class='ocrx_word' id='word_1_494' title='bbox 2322 3082 2391 3137; x_wconf 89' lang='lat' dir='ltr'><strong>sit</strong></span> <span class='ocrx_word' id='word_1_495' title='bbox 2420 3089 2623 3135; x_wconf 83' lang='lat' dir='ltr'><strong>contus.</strong></span> <span class='ocrx_word' id='word_1_496' title='bbox 2645 3079 2970 3135; x_wconf 76' lang='lat' dir='ltr'><strong>Rectissime</strong></span> <span class='ocrx_word' id='word_1_497' title='bbox 2994 3056 3213 3147; x_wconf 65' lang='lat' dir='ltr'><strong>Lipsius</strong></span> <span class='ocrx_word' id='word_1_498' title='bbox 3246 3076 3543 3133; x_wconf 81' lang='lat' dir='ltr'><strong>:Chartant</strong></span> 
     </span>
    </p>
   </div>
   <div class='ocr_carea' id='block_1_74' title="bbox 1964 3168 3547 3249">
    <p class='ocr_par' dir='ltr' id='par_1_74' title="bbox 1964 3168 3547 3249">
     <span class='ocr_line' id='line_1_74' title="bbox 1964 3168 3547 3249; baseline -0.004 -21"><span class='ocrx_word' id='word_1_499' title='bbox 1964 3175 2340 3244; x_wconf 77' lang='lat' dir='ltr'><strong>conscriptam,</strong></span> <span class='ocrx_word' id='word_1_500' title='bbox 2396 3175 2543 3244; x_wconf 83' lang='lat' dir='ltr'><strong>pacis</strong></span> <span class='ocrx_word' id='word_1_501' title='bbox 2609 3181 2813 3237; x_wconf 88' lang='lat' dir='ltr'><strong>testem,</strong></span> <span class='ocrx_word' id='word_1_502' title='bbox 2845 3188 3004 3243; x_wconf 84' lang='lat' dir='ltr'><strong>super</strong></span> <span class='ocrx_word' id='word_1_503' title='bbox 3057 3168 3283 3249; x_wconf 82' lang='lat' dir='ltr'><strong>ﬂamula</strong></span> <span class='ocrx_word' id='word_1_504' title='bbox 3328 3184 3547 3239; x_wconf 78' lang='lat' dir='ltr'><strong>suspen-</strong></span> 
     </span>
    </p>
   </div>
   <div class='ocr_carea' id='block_1_75' title="bbox 1966 3263 3542 3336">
    <p class='ocr_par' dir='ltr' id='par_1_75' title="bbox 1966 3263 3542 3336">
     <span class='ocr_line' id='line_1_75' title="bbox 1966 3263 3542 3336; baseline -0.006 -13"><span class='ocrx_word' id='word_1_505' title='bbox 1966 3268 2166 3323; x_wconf 81' lang='lat' dir='ltr'><strong>dentes.</strong></span> <span class='ocrx_word' id='word_1_506' title='bbox 2198 3266 2311 3323; x_wconf 85' lang='lat' dir='ltr'><strong>Nec</strong></span> <span class='ocrx_word' id='word_1_507' title='bbox 2344 3275 2495 3322; x_wconf 87' lang='lat' dir='ltr'><strong>recte</strong></span> <span class='ocrx_word' id='word_1_508' title='bbox 2528 3264 2729 3323; x_wconf 82' lang='lat' dir='ltr'><strong>Junius</strong></span> <span class='ocrx_word' id='word_1_509' title='bbox 2779 3263 3092 3336; x_wconf 75' lang='grc' dir='ltr'><strong>φλάμουλον</strong></span> <span class='ocrx_word' id='word_1_510' title='bbox 3142 3267 3542 3332; x_wconf 84' lang='lat' dir='ltr'><strong>interpretatur</strong></span> 
     </span>
    </p>
   </div>
   <div class='ocr_carea' id='block_1_76' title="bbox 1972 3355 3545 3432">
    <p class='ocr_par' dir='ltr' id='par_1_76' title="bbox 1972 3355 3545 3432">
     <span class='ocr_line' id='line_1_76' title="bbox 1972 3355 3545 3432; baseline -0.006 -16"><span class='ocrx_word' id='word_1_511' title='bbox 1972 3361 2235 3422; x_wconf 85' lang='lat' dir='ltr'><strong>labarum.</strong></span> <span class='ocrx_word' id='word_1_512' title='bbox 2272 3361 2401 3432; x_wconf 85' lang='lat' dir='ltr'><strong>quia</strong></span> <span class='ocrx_word' id='word_1_513' title='bbox 2426 3360 2673 3415; x_wconf 85' lang='lat' dir='ltr'><strong>labarum</strong></span> <span class='ocrx_word' id='word_1_514' title='bbox 2721 3375 2892 3414; x_wconf 89' lang='lat' dir='ltr'><strong>unum</strong></span> <span class='ocrx_word' id='word_1_515' title='bbox 2949 3367 3105 3424; x_wconf 87' lang='lat' dir='ltr'><strong>erat;</strong></span> <span class='ocrx_word' id='word_1_516' title='bbox 3152 3366 3207 3411; x_wconf 89' lang='lat' dir='ltr'><strong>at</strong></span> <span class='ocrx_word' id='word_1_517' title='bbox 3258 3355 3545 3427; x_wconf 78' lang='grc' dir='ltr'><strong>φλάμου).α</strong></span> 
     </span>
    </p>
   </div>
   <div class='ocr_carea' id='block_1_77' title="bbox 1968 3446 3552 3526">
    <p class='ocr_par' dir='ltr' id='par_1_77' title="bbox 1968 3446 3552 3526">
     <span class='ocr_line' id='line_1_77' title="bbox 1968 3446 3552 3526; baseline -0.008 -15"><span class='ocrx_word' id='word_1_518' title='bbox 1968 3456 2131 3511; x_wconf 85' lang='lat' dir='ltr'><strong>etiam</strong></span> <span class='ocrx_word' id='word_1_519' title='bbox 2164 3454 2418 3526; x_wconf 76' lang='grc' dir='ltr'>βασιλικά</span> <span class='ocrx_word' id='word_1_520' title='bbox 2446 3462 2500 3507; x_wconf 91' lang='lat' dir='ltr'><strong>et</strong></span> <span class='ocrx_word' id='word_1_521' title='bbox 2526 3453 2875 3524; x_wconf 86' lang='lat' dir='ltr'><strong>imperatoria</strong></span> <span class='ocrx_word' id='word_1_522' title='bbox 2908 3451 3081 3522; x_wconf 92' lang='lat' dir='ltr'><strong>plura,</strong></span> <span class='ocrx_word' id='word_1_523' title='bbox 3107 3449 3367 3504; x_wconf 86' lang='lat' dir='ltr'><strong>nimirum</strong></span> <span class='ocrx_word' id='word_1_524' title='bbox 3418 3446 3552 3503; x_wconf 72' lang='lat' dir='ltr'><strong>duo~</strong></span> 
     </span>
    </p>
   </div>
   <div class='ocr_carea' id='block_1_78' title="bbox 1969 3542 3551 3617">
    <p class='ocr_par' dir='ltr' id='par_1_78' title="bbox 1969 3542 3551 3617">
     <span class='ocr_line' id='line_1_78' title="bbox 1969 3542 3551 3617; baseline -0.008 -13"><span class='ocrx_word' id='word_1_525' title='bbox 1969 3547 2258 3616; x_wconf 82' lang='lat' dir='ltr'><strong>decim;et</strong></span> <span class='ocrx_word' id='word_1_526' title='bbox 2285 3546 2430 3601; x_wconf 91' lang='lat' dir='ltr'><strong>domi</strong></span> <span class='ocrx_word' id='word_1_527' title='bbox 2463 3560 2703 3617; x_wconf 89' lang='lat' dir='ltr'><strong>quoque,</strong></span> <span class='ocrx_word' id='word_1_528' title='bbox 2741 3561 2847 3601; x_wconf 90' lang='lat' dir='ltr'><strong>non</strong></span> <span class='ocrx_word' id='word_1_529' title='bbox 2885 3553 3094 3601; x_wconf 89' lang='lat' dir='ltr'><strong>tantum</strong></span> <span class='ocrx_word' id='word_1_530' title='bbox 3133 3543 3187 3598; x_wconf 92' lang='lat' dir='ltr'><strong>in</strong></span> <span class='ocrx_word' id='word_1_531' title='bbox 3217 3542 3359 3597; x_wconf 80' lang='lat' dir='ltr'><strong>bello</strong></span> <span class='ocrx_word' id='word_1_532' title='bbox 3414 3554 3551 3610; x_wconf 68' lang='lat' dir='ltr'><strong>pra?-</strong></span> 
     </span>
    </p>
   </div>
   <div class='ocr_carea' id='block_1_79' title="bbox 1969 3636 3548 3708">
    <p class='ocr_par' dir='ltr' id='par_1_79' title="bbox 1969 3636 3548 3708">
     <span class='ocr_line' id='line_1_79' title="bbox 1969 3636 3548 3708; baseline -0.003 -13"><span class='ocrx_word' id='word_1_533' title='bbox 1969 3639 2307 3706; x_wconf 83' lang='lat' dir='ltr'><strong>l‘erebantur,</strong></span> <span class='ocrx_word' id='word_1_534' title='bbox 2334 3647 2394 3694; x_wconf 89' lang='lat' dir='ltr'><strong>ut</strong></span> <span class='ocrx_word' id='word_1_535' title='bbox 2429 3641 2585 3694; x_wconf 87' lang='lat' dir='ltr'><strong>docet</strong></span> <span class='ocrx_word' id='word_1_536' title='bbox 2624 3637 2976 3708; x_wconf 87' lang='lat' dir='ltr'><strong>Curopalata,</strong></span> <span class='ocrx_word' id='word_1_537' title='bbox 3032 3654 3082 3693; x_wconf 89' lang='lat' dir='ltr'><strong>c.</strong></span> <span class='ocrx_word' id='word_1_538' title='bbox 3119 3636 3175 3693; x_wconf 89' lang='grc'><strong>6.</strong></span> <span class='ocrx_word' id='word_1_539' title='bbox 3206 3636 3367 3693; x_wconf 86' lang='lat' dir='ltr'><strong>Forte</strong></span> <span class='ocrx_word' id='word_1_540' title='bbox 3388 3644 3548 3690; x_wconf 78' lang='lat' dir='ltr'><strong>vetus</strong></span> 
     </span>
    </p>
   </div>
   <div class='ocr_carea' id='block_1_80' title="bbox 1969 3728 3544 3802">
    <p class='ocr_par' dir='ltr' id='par_1_80' title="bbox 1969 3728 3544 3802">
     <span class='ocr_line' id='line_1_80' title="bbox 1969 3728 3544 3802; baseline -0.004 -14"><span class='ocrx_word' id='word_1_541' title='bbox 1969 3733 2102 3788; x_wconf 88' lang='lat' dir='ltr'><strong>illud</strong></span> <span class='ocrx_word' id='word_1_542' title='bbox 2130 3733 2377 3788; x_wconf 83' lang='lat' dir='ltr'><strong>labarum</strong></span> <span class='ocrx_word' id='word_1_543' title='bbox 2408 3730 2552 3802; x_wconf 89' lang='lat' dir='ltr'><strong>apud</strong></span> <span class='ocrx_word' id='word_1_544' title='bbox 2602 3731 2935 3801; x_wconf 84' lang='lat' dir='ltr'><strong>posteriores</strong></span> <span class='ocrx_word' id='word_1_545' title='bbox 2996 3728 3219 3786; x_wconf 83' lang='lat' dir='ltr'><strong>Graecos</strong></span> <span class='ocrx_word' id='word_1_546' title='bbox 3266 3729 3544 3784; x_wconf 81' lang='lat' dir='ltr'><strong>desierat:</strong></span> 
     </span>
    </p>
   </div>
   <div class='ocr_carea' id='block_1_81' title="bbox 1967 3813 3549 3892">
    <p class='ocr_par' dir='ltr' id='par_1_81' title="bbox 1967 3813 3549 3892">
     <span class='ocr_line' id='line_1_81' title="bbox 1967 3813 3549 3892; baseline -0.005 -11"><span class='ocrx_word' id='word_1_547' title='bbox 1967 3826 2052 3881; x_wconf 90' lang='lat' dir='ltr'><strong>sin</strong></span> <span class='ocrx_word' id='word_1_548' title='bbox 2080 3825 2286 3889; x_wconf 89' lang='lat' dir='ltr'><strong>minus,</strong></span> <span class='ocrx_word' id='word_1_549' title='bbox 2311 3822 2575 3877; x_wconf 76' lang='grc' dir='ltr'>διϐἐλλιον</span> <span class='ocrx_word' id='word_1_550' title='bbox 2597 3813 2783 3892; x_wconf 79' lang='lat' dir='ltr'><strong>potius</strong></span> <span class='ocrx_word' id='word_1_551' title='bbox 2810 3823 3002 3879; x_wconf 85' lang='lat' dir='ltr'><strong>labare</strong></span> <span class='ocrx_word' id='word_1_552' title='bbox 3037 3823 3371 3892; x_wconf 85' lang='lat' dir='ltr'><strong>respondere</strong></span> <span class='ocrx_word' id='word_1_553' title='bbox 3401 3820 3549 3877; x_wconf 29' lang='lat' dir='ltr'><strong>dices</strong></span> 
     </span>
    </p>
   </div>
   <div class='ocr_carea' id='block_1_82' title="bbox 1966 3911 3550 3987">
    <p class='ocr_par' dir='ltr' id='par_1_82' title="bbox 1966 3911 3550 3987">
     <span class='ocr_line' id='line_1_82' title="bbox 1966 3911 3550 3987; baseline -0.007 -14"><span class='ocrx_word' id='word_1_554' title='bbox 1966 3931 2080 3975; x_wconf 87' lang='lat' dir='ltr'><strong>rem</strong></span> <span class='ocrx_word' id='word_1_555' title='bbox 2109 3934 2124 3972; x_wconf 90' lang='lat'><strong>:</strong></span> <span class='ocrx_word' id='word_1_556' title='bbox 2166 3914 2272 3972; x_wconf 85' lang='lat' dir='ltr'><strong>hoc</strong></span> <span class='ocrx_word' id='word_1_557' title='bbox 2300 3915 2444 3969; x_wconf 88' lang='lat' dir='ltr'><strong>enim</strong></span> <span class='ocrx_word' id='word_1_558' title='bbox 2468 3916 2687 3969; x_wconf 90' lang='lat' dir='ltr'><strong>unicum</strong></span> <span class='ocrx_word' id='word_1_559' title='bbox 2711 3925 2850 3978; x_wconf 89' lang='lat' dir='ltr'><strong>erat,</strong></span> <span class='ocrx_word' id='word_1_560' title='bbox 2888 3926 3013 3968; x_wconf 86' lang='lat' dir='ltr'><strong>ante</strong></span> <span class='ocrx_word' id='word_1_561' title='bbox 3047 3929 3240 3969; x_wconf 86' lang='lat' dir='ltr'><strong>omnes</strong></span> <span class='ocrx_word' id='word_1_562' title='bbox 3274 3911 3550 3987; x_wconf 66' lang='lat' dir='ltr'><strong>llamulas,</strong></span> 
     </span>
    </p>
   </div>
   <div class='ocr_carea' id='block_1_83' title="bbox 1967 3996 3544 4070">
    <p class='ocr_par' dir='ltr' id='par_1_83' title="bbox 1967 3996 3544 4070">
     <span class='ocr_line' id='line_1_83' title="bbox 1967 3996 3544 4070; baseline -0.01 0"><span class='ocrx_word' id='word_1_563' title='bbox 1967 4009 2500 4070; x_wconf 85' lang='lat' dir='ltr'><strong>utihidemdicitur.</strong></span> <span class='ocrx_word' id='word_1_564' title='bbox 2552 4005 2663 4063; x_wconf 83' lang='lat' dir='ltr'><strong>Nec</strong></span> <span class='ocrx_word' id='word_1_565' title='bbox 2713 4005 3076 4061; x_wconf 89' lang='lat' dir='ltr'><strong>omittendum</strong></span> <span class='ocrx_word' id='word_1_566' title='bbox 3127 4004 3257 4058; x_wconf 90' lang='lat' dir='ltr'><strong>illud</strong></span> <span class='ocrx_word' id='word_1_567' title='bbox 3311 3996 3544 4056; x_wconf 66' lang='lat' dir='ltr'><strong>Suidte:</strong></span> 
     </span>
    </p>
   </div>
   <div class='ocr_carea' id='block_1_84' title="bbox 1967 4097 3548 4179">
    <p class='ocr_par' dir='ltr' id='par_1_84' title="bbox 1967 4097 3548 4179">
     <span class='ocr_line' id='line_1_84' title="bbox 1967 4097 3548 4179; baseline -0.009 -17"><span class='ocrx_word' id='word_1_568' title='bbox 1967 4107 2216 4179; x_wconf 87' lang='grc' dir='ltr'>Σαυρίων</span> <span class='ocrx_word' id='word_1_569' title='bbox 2245 4100 2381 4169; x_wconf 68' lang='lat' dir='ltr'><strong>albo;</strong></span> <span class='ocrx_word' id='word_1_570' title='bbox 2410 4100 2713 4175; x_wconf 76' lang='grc' dir='ltr'>σημαίαςῆ</span> <span class='ocrx_word' id='word_1_571' title='bbox 2767 4097 3101 4170; x_wconf 72' lang='grc' dir='ltr'><strong>φλαμούλου.</strong></span> <span class='ocrx_word' id='word_1_572' title='bbox 3155 4097 3296 4165; x_wconf 86' lang='lat' dir='ltr'><strong>Quid</strong></span> <span class='ocrx_word' id='word_1_573' title='bbox 3364 4107 3548 4161; x_wconf 38' lang='lat' dir='ltr'><strong>tamen,</strong></span> 
     </span>
    </p>
   </div>
   <div class='ocr_carea' id='block_1_85' title="bbox 1968 4186 3545 4269">
    <p class='ocr_par' dir='ltr' id='par_1_85' title="bbox 1968 4186 3545 4269">
     <span class='ocr_line' id='line_1_85' title="bbox 1968 4186 3545 4269; baseline -0.011 -12"><span class='ocrx_word' id='word_1_574' title='bbox 1968 4201 2215 4264; x_wconf 85' lang='lat' dir='ltr'><strong>saurion,</strong></span> <span class='ocrx_word' id='word_1_575' title='bbox 2248 4198 2467 4269; x_wconf 74' lang='lat' dir='ltr'><strong>ignoro.</strong></span> <span class='ocrx_word' id='word_1_576' title='bbox 2510 4194 2691 4265; x_wconf 88' lang='lat' dir='ltr'><strong>inquit</strong></span> <span class='ocrx_word' id='word_1_577' title='bbox 2721 4191 2962 4265; x_wconf 85' lang='lat' dir='ltr'><strong>Lipsius.</strong></span> <span class='ocrx_word' id='word_1_578' title='bbox 3016 4189 3119 4244; x_wconf 87' lang='lat' dir='ltr'><strong>Sed</strong></span> <span class='ocrx_word' id='word_1_579' title='bbox 3152 4189 3281 4260; x_wconf 90' lang='lat' dir='ltr'><strong>quid</strong></span> <span class='ocrx_word' id='word_1_580' title='bbox 3319 4186 3364 4245; x_wconf 91' lang='lat' dir='ltr'><strong>si</strong></span> <span class='ocrx_word' id='word_1_581' title='bbox 3400 4188 3545 4257; x_wconf 75' lang='lat' dir='ltr'><strong>lege-</strong></span> 
     </span>
    </p>
   </div>
   <div class='ocr_carea' id='block_1_86' title="bbox 1969 4282 3549 4363">
    <p class='ocr_par' dir='ltr' id='par_1_86' title="bbox 1969 4282 3549 4363">
     <span class='ocr_line' id='line_1_86' title="bbox 1969 4282 3549 4363; baseline -0.011 -12"><span class='ocrx_word' id='word_1_582' title='bbox 1969 4303 2121 4351; x_wconf 87' lang='lat' dir='ltr'><strong>retur</strong></span> <span class='ocrx_word' id='word_1_583' title='bbox 2153 4290 2478 4363; x_wconf 74' lang='lat' dir='ltr'><strong>ctaupiwv‘l</strong></span> <span class='ocrx_word' id='word_1_584' title='bbox 2517 4288 2682 4345; x_wconf 87' lang='lat' dir='ltr'><strong>Certe</strong></span> <span class='ocrx_word' id='word_1_585' title='bbox 2714 4301 2885 4344; x_wconf 88' lang='lat' dir='ltr'><strong>unum</strong></span> <span class='ocrx_word' id='word_1_586' title='bbox 2913 4301 2974 4340; x_wconf 83' lang='lat' dir='ltr'><strong>ex</strong></span> <span class='ocrx_word' id='word_1_587' title='bbox 2999 4282 3236 4339; x_wconf 86' lang='lat' dir='ltr'><strong>ﬂamulis</strong></span> <span class='ocrx_word' id='word_1_588' title='bbox 3263 4282 3549 4353; x_wconf 82' lang='lat' dir='ltr'><strong>imperato-</strong></span> 
     </span>
    </p>
   </div>
   <div class='ocr_carea' id='block_1_87' title="bbox 1967 4376 3546 4458">
    <p class='ocr_par' dir='ltr' id='par_1_87' title="bbox 1967 4376 3546 4458">
     <span class='ocr_line' id='line_1_87' title="bbox 1967 4376 3546 4458; baseline -0.01 -13"><span class='ocrx_word' id='word_1_589' title='bbox 1967 4390 2046 4448; x_wconf 88' lang='lat' dir='ltr'><strong>ris</strong></span> <span class='ocrx_word' id='word_1_590' title='bbox 2085 4387 2314 4458; x_wconf 79' lang='grc' dir='ltr'>σταυρός</span> <span class='ocrx_word' id='word_1_591' title='bbox 2349 4396 2489 4451; x_wconf 90' lang='lat' dir='ltr'><strong>erat,</strong></span> <span class='ocrx_word' id='word_1_592' title='bbox 2533 4386 2637 4440; x_wconf 88' lang='lat' dir='ltr'><strong>hoc</strong></span> <span class='ocrx_word' id='word_1_593' title='bbox 2669 4391 2756 4439; x_wconf 89' lang='lat' dir='ltr'><strong>est</strong></span> <span class='ocrx_word' id='word_1_594' title='bbox 2786 4397 2948 4447; x_wconf 78' lang='lat' dir='ltr'><strong>crux,</strong></span> <span class='ocrx_word' id='word_1_595' title='bbox 3008 4388 3069 4435; x_wconf 90' lang='lat' dir='ltr'><strong>ut</strong></span> <span class='ocrx_word' id='word_1_596' title='bbox 3109 4394 3273 4447; x_wconf 88' lang='lat' dir='ltr'><strong>supra</strong></span> <span class='ocrx_word' id='word_1_597' title='bbox 3338 4376 3546 4432; x_wconf 86' lang='lat' dir='ltr'><strong>dictum</strong></span> 
     </span>
    </p>
   </div>
   <div class='ocr_carea' id='block_1_88' title="bbox 1967 4469 3548 4553">
    <p class='ocr_par' dir='ltr' id='par_1_88' title="bbox 1967 4469 3548 4553">
     <span class='ocr_line' id='line_1_88' title="bbox 1967 4469 3548 4553; baseline -0.011 -14"><span class='ocrx_word' id='word_1_598' title='bbox 1967 4499 2034 4539; x_wconf 84' lang='lat' dir='ltr'><strong>ex</strong></span> <span class='ocrx_word' id='word_1_599' title='bbox 2060 4482 2381 4553; x_wconf 84' lang='lat' dir='ltr'><strong>CurOpalata</strong></span> <span class='ocrx_word' id='word_1_600' title='bbox 2422 4494 2471 4536; x_wconf 94' lang='lat' dir='ltr'><strong>c.</strong></span> <span class='ocrx_word' id='word_1_601' title='bbox 2514 4476 2567 4533; x_wconf 91' lang='lat'><strong>6.</strong></span> <span class='ocrx_word' id='word_1_602' title='bbox 2598 4475 2670 4532; x_wconf 83' lang='lat' dir='ltr'><strong>Ut</strong></span> <span class='ocrx_word' id='word_1_603' title='bbox 2701 4476 2863 4549; x_wconf 77' lang='lat' dir='ltr'><strong>igitur</strong></span> <span class='ocrx_word' id='word_1_604' title='bbox 2895 4491 2926 4530; x_wconf 85' lang='lat' dir='ltr'><strong>a</strong></span> <span class='ocrx_word' id='word_1_605' title='bbox 2980 4474 3217 4530; x_wconf 86' lang='lat' dir='ltr'><strong>dracone</strong></span> <span class='ocrx_word' id='word_1_606' title='bbox 3270 4469 3548 4524; x_wconf 71' lang='lat' dir='ltr'><strong>llaunu&#39;um</strong></span> 
     </span>
    </p>
   </div>
   <div class='ocr_carea' id='block_1_89' title="bbox 1968 4563 3549 4646">
    <p class='ocr_par' dir='ltr' id='par_1_89' title="bbox 1968 4563 3549 4646">
     <span class='ocr_line' id='line_1_89' title="bbox 1968 4563 3549 4646; baseline -0.011 -15"><span class='ocrx_word' id='word_1_607' title='bbox 1968 4575 2242 4646; x_wconf 85' lang='lat' dir='ltr'><strong>quoddam</strong></span> <span class='ocrx_word' id='word_1_608' title='bbox 2277 4573 2484 4629; x_wconf 89' lang='lat' dir='ltr'><strong>dicitur</strong></span> <span class='ocrx_word' id='word_1_609' title='bbox 2544 4571 2687 4638; x_wconf 88' lang='lat' dir='ltr'><strong>apud</strong></span> <span class='ocrx_word' id='word_1_610' title='bbox 2728 4567 3118 4639; x_wconf 83' lang='lat' dir='ltr'><strong>Curopalatam</strong></span> <span class='ocrx_word' id='word_1_611' title='bbox 3182 4563 3549 4632; x_wconf 75' lang='grc' dir='ltr'><strong>δρακοντεῖον,</strong></span> 
     </span>
    </p>
   </div>
   <div class='ocr_carea' id='block_1_90' title="bbox 272 4654 3551 4737">
    <p class='ocr_par' dir='ltr' id='par_1_90' title="bbox 272 4654 3551 4737">
     <span class='ocr_line' id='line_1_90' title="bbox 272 4654 3551 4737; baseline 0.002 -31"><span class='ocrx_word' id='word_1_612' title='bbox 272 4665 455 4720; x_wconf 79' lang='lat' dir='ltr'><strong>usque</strong></span> <span class='ocrx_word' id='word_1_613' title='bbox 479 4654 557 4709; x_wconf 85' lang='lat' dir='ltr'><strong>sit</strong></span> <span class='ocrx_word' id='word_1_614' title='bbox 594 4657 1046 4729; x_wconf 83' lang='lat' dir='ltr'><strong>protrahendum,</strong></span> <span class='ocrx_word' id='word_1_615' title='bbox 1077 4676 1305 4733; x_wconf 82' lang='lat' dir='ltr'><strong>vespere</strong></span> <span class='ocrx_word' id='word_1_616' title='bbox 1348 4665 1721 4733; x_wconf 86' lang='lat' dir='ltr'><strong>solummodo,</strong></span> <span class='ocrx_word' id='word_1_617' title='bbox 1752 4688 1861 4737; x_wconf 84' lang='lat' dir='ltr'><strong>quo</strong></span> <span class='ocrx_word' id='word_1_618' title='bbox 1894 4673 1942 4735; x_wconf 68' lang='grc' dir='ltr'><strong>[δ</strong></span> <span class='ocrx_word' id='word_1_619' title='bbox 1971 4667 2051 4723; x_wconf 83' lang='lat' dir='ltr'><strong>sic</strong></span> <span class='ocrx_word' id='word_1_620' title='bbox 2080 4666 2224 4737; x_wconf 88' lang='lat' dir='ltr'><strong>apud</strong></span> <span class='ocrx_word' id='word_1_621' title='bbox 2246 4661 2482 4721; x_wconf 60' lang='lat' dir='ltr'><strong>&#39;Suidam</strong></span> <span class='ocrx_word' id='word_1_622' title='bbox 2515 4666 2734 4721; x_wconf 85' lang='lat' dir='ltr'><strong>videtur</strong></span> <span class='ocrx_word' id='word_1_623' title='bbox 2769 4678 2798 4717; x_wconf 85' lang='lat' dir='ltr'><strong>a</strong></span> <span class='ocrx_word' id='word_1_624' title='bbox 2846 4673 3143 4719; x_wconf 83' lang='lat' dir='ltr'><strong>staurosen</strong></span> <span class='ocrx_word' id='word_1_625' title='bbox 3180 4674 3343 4716; x_wconf 82' lang='lat' dir='ltr'><strong>cruce</strong></span> <span class='ocrx_word' id='word_1_626' title='bbox 3368 4659 3551 4712; x_wconf 73' lang='lat' dir='ltr'><strong>vocari</strong></span> 
     </span>
    </p>
   </div>
   <div class='ocr_carea' id='block_1_91' title="bbox 275 4748 1860 4826">
    <p class='ocr_par' dir='ltr' id='par_1_91' title="bbox 275 4748 1860 4826">
     <span class='ocr_line' id='line_1_91' title="bbox 275 4748 1860 4826; baseline 0.011 -27"><span class='ocrx_word' id='word_1_627' title='bbox 275 4748 725 4816; x_wconf 85' lang='lat' dir='ltr'><strong>vespertinarum</strong></span> <span class='ocrx_word' id='word_1_628' title='bbox 778 4750 1003 4807; x_wconf 83' lang='lat' dir='ltr'><strong>laudum</strong></span> <span class='ocrx_word' id='word_1_629' title='bbox 1053 4762 1272 4826; x_wconf 88' lang='lat' dir='ltr'><strong>tempus</strong></span> <span class='ocrx_word' id='word_1_630' title='bbox 1320 4757 1510 4822; x_wconf 89' lang='lat' dir='ltr'><strong>instat,</strong></span> <span class='ocrx_word' id='word_1_631' title='bbox 1551 4762 1713 4816; x_wconf 87' lang='lat' dir='ltr'><strong>simul</strong></span> <span class='ocrx_word' id='word_1_632' title='bbox 1736 4778 1860 4818; x_wconf 89' lang='lat' dir='ltr'><strong>cum</strong></span> 
     </span>
    </p>
   </div>
   <div class='ocr_carea' id='block_1_92' title="bbox 276 4841 1863 4925">
    <p class='ocr_par' dir='ltr' id='par_1_92' title="bbox 276 4841 1863 4925">
     <span class='ocr_line' id='line_1_92' title="bbox 276 4841 1863 4925; baseline 0.013 -33"><span class='ocrx_word' id='word_1_633' title='bbox 276 4841 417 4910; x_wconf 78' lang='lat' dir='ltr'><strong>ipsis</strong></span> <span class='ocrx_word' id='word_1_634' title='bbox 448 4853 708 4899; x_wconf 81' lang='lat' dir='ltr'><strong>cantatur</strong></span> <span class='ocrx_word' id='word_1_635' title='bbox 750 4845 956 4915; x_wconf 87' lang='lat' dir='ltr'><strong>missa;</strong></span> <span class='ocrx_word' id='word_1_636' title='bbox 1007 4864 1114 4917; x_wconf 88' lang='lat' dir='ltr'><strong>qua</strong></span> <span class='ocrx_word' id='word_1_637' title='bbox 1160 4852 1315 4907; x_wconf 87' lang='lat' dir='ltr'><strong>linita</strong></span> <span class='ocrx_word' id='word_1_638' title='bbox 1368 4853 1477 4909; x_wconf 88' lang='lat' dir='ltr'><strong>cibi</strong></span> <span class='ocrx_word' id='word_1_639' title='bbox 1504 4856 1751 4925; x_wconf 82' lang='lat' dir='ltr'><strong>capiendi</strong></span> <span class='ocrx_word' id='word_1_640' title='bbox 1809 4859 1863 4912; x_wconf 89' lang='lat' dir='ltr'><strong>lil</strong></span> 
     </span>
    </p>
   </div>
   <div class='ocr_carea' id='block_1_93' title="bbox 271 4934 1865 5016">
    <p class='ocr_par' dir='ltr' id='par_1_93' title="bbox 271 4934 1865 5016">
     <span class='ocr_line' id='line_1_93' title="bbox 271 4934 1865 5016; baseline 0.013 -32"><span class='ocrx_word' id='word_1_641' title='bbox 271 4942 546 5001; x_wconf 84' lang='lat' dir='ltr'><strong>potestas.</strong></span> <span class='ocrx_word' id='word_1_642' title='bbox 569 4934 692 4992; x_wconf 79' lang='lat' dir='ltr'><strong>Ha-c</strong></span> <span class='ocrx_word' id='word_1_643' title='bbox 707 4952 773 4992; x_wconf 80' lang='lat' dir='ltr'><strong>ex</strong></span> <span class='ocrx_word' id='word_1_644' title='bbox 802 4938 909 4996; x_wconf 91' lang='lat' dir='ltr'><strong>ritu</strong></span> <span class='ocrx_word' id='word_1_645' title='bbox 933 4940 1098 5007; x_wconf 83' lang='lat' dir='ltr'><strong>hujus</strong></span> <span class='ocrx_word' id='word_1_646' title='bbox 1121 4941 1224 4998; x_wconf 88' lang='lat' dir='ltr'><strong>diei</strong></span> <span class='ocrx_word' id='word_1_647' title='bbox 1244 4944 1300 5001; x_wconf 90' lang='lat' dir='ltr'><strong>in</strong></span> <span class='ocrx_word' id='word_1_648' title='bbox 1322 4944 1527 5002; x_wconf 71' lang='lat' dir='ltr'><strong>Memno</strong></span> <span class='ocrx_word' id='word_1_649' title='bbox 1546 4936 1865 5016; x_wconf 68' lang='lat' dir='ltr'><strong>reperiendo</strong></span> 
     </span>
    </p>
   </div>
   <div class='ocr_carea' id='block_1_94' title="bbox 271 5024 1368 5111">
    <p class='ocr_par' dir='ltr' id='par_1_94' title="bbox 271 5024 1368 5111">
     <span class='ocr_line' id='line_1_94' title="bbox 271 5024 1368 5111; baseline 0.015 -32"><span class='ocrx_word' id='word_1_650' title='bbox 271 5024 344 5079; x_wconf 87' lang='lat' dir='ltr'><strong>ad</strong></span> <span class='ocrx_word' id='word_1_651' title='bbox 382 5027 549 5096; x_wconf 83' lang='lat' dir='ltr'><strong>hujus</strong></span> <span class='ocrx_word' id='word_1_652' title='bbox 579 5029 682 5085; x_wconf 85' lang='lat' dir='ltr'><strong>loci</strong></span> <span class='ocrx_word' id='word_1_653' title='bbox 715 5034 1139 5100; x_wconf 79' lang='lat' dir='ltr'><strong>expositionem.</strong></span> <span class='ocrx_word' id='word_1_654' title='bbox 1174 5036 1368 5111; x_wconf 68' lang='grc' dir='ltr'>ϐοιιι]</span> 
     </span>
    </p>
   </div>
   <div class='ocr_carea' id='block_1_95' title="bbox 352 5116 1865 5200">
    <p class='ocr_par' dir='ltr' id='par_1_95' title="bbox 352 5116 1865 5200">
     <span class='ocr_line' id='line_1_95' title="bbox 352 5116 1865 5200; baseline 0.011 -30"><span class='ocrx_word' id='word_1_655' title='bbox 352 5116 414 5172; x_wconf 85' lang='grc' dir='ltr'><strong>Ρ.</strong></span> <span class='ocrx_word' id='word_1_656' title='bbox 469 5117 564 5173; x_wconf 71' lang='grc'><strong>47.</strong></span> <span class='ocrx_word' id='word_1_657' title='bbox 624 5118 752 5175; x_wconf 85' lang='lat' dir='ltr'><strong>Post</strong></span> <span class='ocrx_word' id='word_1_658' title='bbox 821 5124 959 5179; x_wconf 79' lang='lat' dir='ltr'><strong>hunc</strong></span> <span class='ocrx_word' id='word_1_659' title='bbox 1010 5127 1230 5197; x_wconf 80' lang='lat' dir='ltr'><strong>liturgia</strong></span> <span class='ocrx_word' id='word_1_660' title='bbox 1292 5129 1589 5200; x_wconf 78' lang='lat' dir='ltr'><strong>perﬁcitur.</strong></span> <span class='ocrx_word' id='word_1_661' title='bbox 1647 5133 1865 5189; x_wconf 75' lang='lat' dir='ltr'><strong>Habent</strong></span> 
     </span>
    </p>
   </div>
   <div class='ocr_carea' id='block_1_96' title="bbox 275 5209 1862 5293">
    <p class='ocr_par' dir='ltr' id='par_1_96' title="bbox 275 5209 1862 5293">
     <span class='ocr_line' id='line_1_96' title="bbox 275 5209 1862 5293; baseline 0.013 -31"><span class='ocrx_word' id='word_1_662' title='bbox 275 5209 430 5266; x_wconf 88' lang='lat' dir='ltr'><strong>hunc</strong></span> <span class='ocrx_word' id='word_1_663' title='bbox 468 5226 678 5268; x_wconf 88' lang='lat' dir='ltr'><strong>morem</strong></span> <span class='ocrx_word' id='word_1_664' title='bbox 727 5215 923 5281; x_wconf 63' lang='lat' dir='ltr'><strong>Graeci.</strong></span> <span class='ocrx_word' id='word_1_665' title='bbox 995 5219 1139 5275; x_wconf 90' lang='lat' dir='ltr'><strong>utin</strong></span> <span class='ocrx_word' id='word_1_666' title='bbox 1195 5223 1612 5293; x_wconf 80' lang='lat' dir='ltr'><strong>quadragesima</strong></span> <span class='ocrx_word' id='word_1_667' title='bbox 1668 5226 1862 5283; x_wconf 89' lang='lat' dir='ltr'><strong>diebus</strong></span> 
     </span>
    </p>
   </div>
   <div class='ocr_carea' id='block_1_97' title="bbox 266 5300 1865 5380">
    <p class='ocr_par' dir='ltr' id='par_1_97' title="bbox 266 5300 1865 5380">
     <span class='ocr_line' id='line_1_97' title="bbox 266 5300 1865 5380; baseline 0.009 -23"><span class='ocrx_word' id='word_1_668' title='bbox 266 5300 473 5374; x_wconf 73' lang='lat' dir='ltr'><strong>ieiunii</strong></span> <span class='ocrx_word' id='word_1_669' title='bbox 497 5305 624 5359; x_wconf 85' lang='lat' dir='ltr'><strong>etin</strong></span> <span class='ocrx_word' id='word_1_670' title='bbox 653 5306 851 5376; x_wconf 71' lang='lat' dir='ltr'><strong>vigiliis</strong></span> <span class='ocrx_word' id='word_1_671' title='bbox 876 5309 1150 5380; x_wconf 76' lang='lat' dir='ltr'><strong>liturgiam</strong></span> <span class='ocrx_word' id='word_1_672' title='bbox 1187 5327 1283 5372; x_wconf 84' lang='lat' dir='ltr'><strong>seu</strong></span> <span class='ocrx_word' id='word_1_673' title='bbox 1315 5314 1538 5373; x_wconf 74' lang='lat' dir='ltr'><strong>missam</strong></span> <span class='ocrx_word' id='word_1_674' title='bbox 1584 5316 1865 5374; x_wconf 84' lang='lat' dir='ltr'><strong>celebrent</strong></span> 
     </span>
    </p>
   </div>
   <div class='ocr_carea' id='block_1_98' title="bbox 270 5396 1860 5479">
    <p class='ocr_par' dir='ltr' id='par_1_98' title="bbox 270 5396 1860 5479">
     <span class='ocr_line' id='line_1_98' title="bbox 270 5396 1860 5479; baseline 0.012 -32"><span class='ocrx_word' id='word_1_675' title='bbox 270 5408 311 5447; x_wconf 65' lang='grc' dir='ltr'><strong>θ</strong></span> <span class='ocrx_word' id='word_1_676' title='bbox 341 5396 591 5465; x_wconf 75' lang='lat' dir='ltr'><strong>meridie,</strong></span> <span class='ocrx_word' id='word_1_677' title='bbox 634 5407 690 5453; x_wconf 89' lang='lat' dir='ltr'><strong>et</strong></span> <span class='ocrx_word' id='word_1_678' title='bbox 726 5408 785 5456; x_wconf 91' lang='lat' dir='ltr'><strong>ut</strong></span> <span class='ocrx_word' id='word_1_679' title='bbox 804 5400 933 5458; x_wconf 85' lang='lat' dir='ltr'><strong>hinc</strong></span> <span class='ocrx_word' id='word_1_680' title='bbox 987 5413 1233 5475; x_wconf 84' lang='lat' dir='ltr'><strong>apparet,</strong></span> <span class='ocrx_word' id='word_1_681' title='bbox 1294 5415 1431 5477; x_wconf 71' lang='lat' dir='ltr'><strong>post</strong></span> <span class='ocrx_word' id='word_1_682' title='bbox 1480 5422 1758 5479; x_wconf 86' lang='lat' dir='ltr'><strong>vesperas.</strong></span> <span class='ocrx_word' id='word_1_683' title='bbox 1807 5412 1860 5466; x_wconf 87' lang='lat' dir='ltr'><strong>lu</strong></span> 
     </span>
    </p>
   </div>
   <div class='ocr_carea' id='block_1_99' title="bbox 274 5485 1864 5564">
    <p class='ocr_par' dir='ltr' id='par_1_99' title="bbox 274 5485 1864 5564">
     <span class='ocr_line' id='line_1_99' title="bbox 274 5485 1864 5564; baseline 0.011 -22"><span class='ocrx_word' id='word_1_684' title='bbox 274 5485 551 5547; x_wconf 77' lang='lat' dir='ltr'><strong>Psschate</strong></span> <span class='ocrx_word' id='word_1_685' title='bbox 573 5490 790 5564; x_wconf 72' lang='lat' dir='ltr'><strong>Iiturgia</strong></span> <span class='ocrx_word' id='word_1_686' title='bbox 817 5495 874 5550; x_wconf 90' lang='lat' dir='ltr'><strong>lit</strong></span> <span class='ocrx_word' id='word_1_687' title='bbox 893 5503 1019 5551; x_wconf 84' lang='lat' dir='ltr'><strong>ante</strong></span> <span class='ocrx_word' id='word_1_688' title='bbox 1048 5498 1184 5557; x_wconf 87' lang='lat' dir='ltr'><strong>solis</strong></span> <span class='ocrx_word' id='word_1_689' title='bbox 1212 5500 1486 5559; x_wconf 78' lang='lat' dir='ltr'><strong>exortum.</strong></span> <span class='ocrx_word' id='word_1_690' title='bbox 1513 5501 1649 5557; x_wconf 81' lang='lat' dir='ltr'><strong>Aliis</strong></span> <span class='ocrx_word' id='word_1_691' title='bbox 1671 5504 1864 5559; x_wconf 86' lang='lat' dir='ltr'><strong>diebus</strong></span> 
     </span>
    </p>
   </div>
   <div class='ocr_carea' id='block_1_100' title="bbox 279 5579 1861 5657">
    <p class='ocr_par' dir='ltr' id='par_1_100' title="bbox 279 5579 1861 5657">
     <span class='ocr_line' id='line_1_100' title="bbox 279 5579 1861 5657; baseline 0.009 -23"><span class='ocrx_word' id='word_1_692' title='bbox 279 5579 410 5636; x_wconf 79' lang='lat' dir='ltr'><strong>hora</strong></span> <span class='ocrx_word' id='word_1_693' title='bbox 447 5583 631 5648; x_wconf 86' lang='lat' dir='ltr'><strong>tertia,</strong></span> <span class='ocrx_word' id='word_1_694' title='bbox 675 5594 932 5656; x_wconf 83' lang='lat' dir='ltr'><strong>tanquam</strong></span> <span class='ocrx_word' id='word_1_695' title='bbox 967 5602 1253 5657; x_wconf 87' lang='lat' dir='ltr'><strong>consueta,</strong></span> <span class='ocrx_word' id='word_1_696' title='bbox 1314 5601 1370 5647; x_wconf 90' lang='lat' dir='ltr'><strong>ut</strong></span> <span class='ocrx_word' id='word_1_697' title='bbox 1421 5591 1583 5648; x_wconf 89' lang='lat' dir='ltr'><strong>docet</strong></span> <span class='ocrx_word' id='word_1_698' title='bbox 1640 5593 1861 5650; x_wconf 88' lang='lat' dir='ltr'><strong>Gabriel</strong></span> 
     </span>
    </p>
   </div>
   <div class='ocr_carea' id='block_1_101' title="bbox 281 5671 1863 5753">
    <p class='ocr_par' dir='ltr' id='par_1_101' title="bbox 281 5671 1863 5753">
     <span class='ocr_line' id='line_1_101' title="bbox 281 5671 1863 5753; baseline 0.011 -28"><span class='ocrx_word' id='word_1_699' title='bbox 281 5671 778 5744; x_wconf 76' lang='lat' dir='ltr'><strong>Philadelphiensis</strong></span> <span class='ocrx_word' id='word_1_700' title='bbox 810 5679 1099 5753; x_wconf 76' lang='lat' dir='ltr'><strong>episcopus</strong></span> <span class='ocrx_word' id='word_1_701' title='bbox 1144 5682 1198 5739; x_wconf 89' lang='lat' dir='ltr'><strong>in</strong></span> <span class='ocrx_word' id='word_1_702' title='bbox 1233 5699 1337 5743; x_wconf 88' lang='lat' dir='ltr'><strong>suo</strong></span> <span class='ocrx_word' id='word_1_703' title='bbox 1400 5685 1474 5740; x_wconf 77' lang='lat' dir='ltr'><strong>De</strong></span> <span class='ocrx_word' id='word_1_704' title='bbox 1502 5689 1863 5744; x_wconf 84' lang='lat' dir='ltr'><strong>sacramentis</strong></span> 
     </span>
    </p>
   </div>
   <div class='ocr_carea' id='block_1_102' title="bbox 279 5766 730 5826">
    <p class='ocr_par' dir='ltr' id='par_1_102' title="bbox 279 5766 730 5826">
     <span class='ocr_line' id='line_1_102' title="bbox 279 5766 730 5826; baseline 0.013 -8"><span class='ocrx_word' id='word_1_705' title='bbox 279 5766 486 5822; x_wconf 85' lang='lat' dir='ltr'><strong>libello.</strong></span> <span class='ocrx_word' id='word_1_706' title='bbox 524 5767 730 5826; x_wconf 75' lang='grc' dir='ltr'><strong>ῦιιετε.</strong></span> 
     </span>
    </p>
   </div>
   <div class='ocr_carea' id='block_1_103' title="bbox 354 5858 1860 5941">
    <p class='ocr_par' dir='ltr' id='par_1_103' title="bbox 354 5858 1860 5941">
     <span class='ocr_line' id='line_1_103' title="bbox 354 5858 1860 5941; baseline 0.008 -28"><span class='ocrx_word' id='word_1_707' title='bbox 354 5858 498 5916; x_wconf 87' lang='lat' dir='ltr'><strong>Ibid.</strong></span> <span class='ocrx_word' id='word_1_708' title='bbox 539 5862 629 5917; x_wconf 74' lang='grc'><strong>15.</strong></span> <span class='ocrx_word' id='word_1_709' title='bbox 681 5862 1069 5935; x_wconf 71' lang='grc' dir='ltr'><strong>[Ἃλλὰσσει.</strong></span> <span class='ocrx_word' id='word_1_710' title='bbox 1113 5866 1230 5923; x_wconf 81' lang='lat' dir='ltr'><strong>Non</strong></span> <span class='ocrx_word' id='word_1_711' title='bbox 1277 5879 1490 5935; x_wconf 84' lang='lat' dir='ltr'><strong>mutat,</strong></span> <span class='ocrx_word' id='word_1_712' title='bbox 1534 5871 1629 5927; x_wconf 87' lang='lat' dir='ltr'><strong>sed</strong></span> <span class='ocrx_word' id='word_1_713' title='bbox 1679 5870 1860 5941; x_wconf 80' lang='lat' dir='ltr'><strong>potius</strong></span> 
     </span>
    </p>
   </div>
   <div class='ocr_carea' id='block_1_104' title="bbox 278 5944 1856 6028">
    <p class='ocr_par' dir='ltr' id='par_1_104' title="bbox 278 5944 1856 6028">
     <span class='ocr_line' id='line_1_104' title="bbox 278 5944 1856 6028; baseline 0.01 -29"><span class='ocrx_word' id='word_1_714' title='bbox 278 5944 475 6014; x_wconf 71' lang='lat' dir='ltr'><strong>induit,</strong></span> <span class='ocrx_word' id='word_1_715' title='bbox 508 5949 572 6002; x_wconf 79' lang='grc' dir='ltr'>τὺ</span> <span class='ocrx_word' id='word_1_716' title='bbox 600 5950 789 6008; x_wconf 71' lang='grc' dir='ltr'><strong>ἐπάνω</strong></span> <span class='ocrx_word' id='word_1_717' title='bbox 820 5956 1080 6014; x_wconf 73' lang='lat' dir='ltr'><strong>nimirum</strong></span> <span class='ocrx_word' id='word_1_718' title='bbox 1117 5956 1339 6028; x_wconf 72' lang='grc' dir='ltr'>ἔνδυμα,</span> <span class='ocrx_word' id='word_1_719' title='bbox 1380 5971 1486 6016; x_wconf 83' lang='lat' dir='ltr'><strong>etc.</strong></span> <span class='ocrx_word' id='word_1_720' title='bbox 1540 5962 1617 6015; x_wconf 80' lang='lat' dir='ltr'><strong>Ad</strong></span> <span class='ocrx_word' id='word_1_721' title='bbox 1673 5972 1856 6018; x_wconf 79' lang='lat' dir='ltr'><strong>notam</strong></span> 
     </span>
    </p>
   </div>
   <div class='ocr_carea' id='block_1_105' title="bbox 1966 4755 3552 4829">
    <p class='ocr_par' dir='ltr' id='par_1_105' title="bbox 1966 4755 3552 4829">
     <span class='ocr_line' id='line_1_105' title="bbox 1966 4755 3552 4829; baseline -0.007 -15"><span class='ocrx_word' id='word_1_722' title='bbox 1966 4759 2213 4815; x_wconf 84' lang='lat' dir='ltr'><strong>staurion</strong></span> <span class='ocrx_word' id='word_1_723' title='bbox 2236 4758 2367 4814; x_wconf 87' lang='lat' dir='ltr'><strong>illud</strong></span> <span class='ocrx_word' id='word_1_724' title='bbox 2394 4757 2537 4829; x_wconf 87' lang='lat' dir='ltr'><strong>quod</strong></span> <span class='ocrx_word' id='word_1_725' title='bbox 2566 4772 2598 4813; x_wconf 87' lang='lat' dir='ltr'><strong>a</strong></span> <span class='ocrx_word' id='word_1_726' title='bbox 2654 4755 2979 4826; x_wconf 76' lang='lat' dir='ltr'><strong>Curopalata</strong></span> <span class='ocrx_word' id='word_1_727' title='bbox 3019 4764 3236 4815; x_wconf 85' lang='lat' dir='ltr'><strong>stanrus</strong></span> <span class='ocrx_word' id='word_1_728' title='bbox 3267 4766 3364 4805; x_wconf 87' lang='lat' dir='ltr'><strong>seu</strong></span> <span class='ocrx_word' id='word_1_729' title='bbox 3416 4764 3552 4803; x_wconf 73' lang='lat' dir='ltr'><strong>crux</strong></span> 
     </span>
    </p>
   </div>
   <div class='ocr_carea' id='block_1_106' title="bbox 1967 4839 3550 4920">
    <p class='ocr_par' dir='ltr' id='par_1_106' title="bbox 1967 4839 3550 4920">
     <span class='ocr_line' id='line_1_106' title="bbox 1967 4839 3550 4920; baseline -0.007 -14"><span class='ocrx_word' id='word_1_730' title='bbox 1967 4851 2300 4920; x_wconf 87' lang='lat' dir='ltr'><strong>appellatur.</strong></span> <span class='ocrx_word' id='word_1_731' title='bbox 2375 4850 2739 4918; x_wconf 79' lang='grc' dir='ltr'>Φλάμπουρον</span> <span class='ocrx_word' id='word_1_732' title='bbox 2825 4860 3046 4915; x_wconf 87' lang='lat' dir='ltr'><strong>quoque</strong></span> <span class='ocrx_word' id='word_1_733' title='bbox 3105 4843 3354 4898; x_wconf 88' lang='lat' dir='ltr'><strong>invenias</strong></span> <span class='ocrx_word' id='word_1_734' title='bbox 3405 4839 3550 4911; x_wconf 85' lang='lat' dir='ltr'><strong>apud</strong></span> 
     </span>
    </p>
   </div>
   <div class='ocr_carea' id='block_1_107' title="bbox 1968 4928 3551 5014">
    <p class='ocr_par' dir='ltr' id='par_1_107' title="bbox 1968 4928 3551 5014">
     <span class='ocr_line' id='line_1_107' title="bbox 1968 4928 3551 5014; baseline -0.009 -14"><span class='ocrx_word' id='word_1_735' title='bbox 1968 4944 2377 5014; x_wconf 81' lang='lat' dir='ltr'><strong>MoschOpulum</strong></span> <span class='ocrx_word' id='word_1_736' title='bbox 2424 4962 2437 4998; x_wconf 92' lang='lat'><strong>:</strong></span> <span class='ocrx_word' id='word_1_737' title='bbox 2473 4942 2615 5011; x_wconf 87' lang='lat' dir='ltr'><strong>apud</strong></span> <span class='ocrx_word' id='word_1_738' title='bbox 2651 4928 2977 5001; x_wconf 81' lang='lat' dir='ltr'><strong>Cedreuum.</strong></span> <span class='ocrx_word' id='word_1_739' title='bbox 3030 4952 3083 5007; x_wconf 91' lang='lat' dir='ltr'><strong>p.</strong></span> <span class='ocrx_word' id='word_1_740' title='bbox 3141 4937 3266 4996; x_wconf 68' lang='grc'><strong>441.</strong></span> <span class='ocrx_word' id='word_1_741' title='bbox 3302 4933 3551 5004; x_wconf 75' lang='grc' dir='ltr'><strong>φλαμού-</strong></span> 
     </span>
    </p>
   </div>
   <div class='ocr_carea' id='block_1_108' title="bbox 1965 5025 3554 5104">
    <p class='ocr_par' dir='ltr' id='par_1_108' title="bbox 1965 5025 3554 5104">
     <span class='ocr_line' id='line_1_108' title="bbox 1965 5025 3554 5104; baseline -0.007 -16"><span class='ocrx_word' id='word_1_742' title='bbox 1965 5034 2100 5101; x_wconf 85' lang='grc' dir='ltr'>λιον,</span> <span class='ocrx_word' id='word_1_743' title='bbox 2132 5036 2273 5104; x_wconf 90' lang='lat' dir='ltr'><strong>apud</strong></span> <span class='ocrx_word' id='word_1_744' title='bbox 2305 5034 2540 5088; x_wconf 86' lang='lat' dir='ltr'><strong>Leonem</strong></span> <span class='ocrx_word' id='word_1_745' title='bbox 2572 5031 2625 5085; x_wconf 88' lang='lat' dir='ltr'><strong>in</strong></span> <span class='ocrx_word' id='word_1_746' title='bbox 2650 5031 2890 5104; x_wconf 79' lang='lat' dir='ltr'><strong>Tacticis</strong></span> <span class='ocrx_word' id='word_1_747' title='bbox 2906 5026 3190 5083; x_wconf 85' lang='lat' dir='ltr'><strong>eonstitut.</strong></span> <span class='ocrx_word' id='word_1_748' title='bbox 3223 5025 3279 5094; x_wconf 90' lang='lat'><strong>5,</strong></span> <span class='ocrx_word' id='word_1_749' title='bbox 3312 5025 3554 5096; x_wconf 75' lang='grc' dir='ltr'>φλαμου-</span> 
     </span>
    </p>
   </div>
   <div class='ocr_carea' id='block_1_109' title="bbox 1963 5100 3550 5191">
    <p class='ocr_par' dir='ltr' id='par_1_109' title="bbox 1963 5100 3550 5191">
     <span class='ocr_line' id='line_1_109' title="bbox 1963 5100 3550 5191; baseline -0.008 -10"><span class='ocrx_word' id='word_1_750' title='bbox 1963 5100 2193 5188; x_wconf 19' lang='grc' dir='ltr'>λίσκιονὴ,</span> <span class='ocrx_word' id='word_1_751' title='bbox 2225 5125 2282 5180; x_wconf 91' lang='lat' dir='ltr'><strong>in</strong></span> <span class='ocrx_word' id='word_1_752' title='bbox 2306 5124 2581 5179; x_wconf 81' lang='lat' dir='ltr'><strong>Pandecte</strong></span> <span class='ocrx_word' id='word_1_753' title='bbox 2615 5122 2693 5178; x_wconf 83' lang='lat' dir='ltr'><strong>Tu</strong></span> <span class='ocrx_word' id='word_1_754' title='bbox 2707 5100 2854 5179; x_wconf 59' lang='lat' dir='ltr'><strong>reici)</strong></span> <span class='ocrx_word' id='word_1_755' title='bbox 2887 5120 3206 5191; x_wconf 81' lang='lat' dir='ltr'><strong>ﬂambarum</strong></span> <span class='ocrx_word' id='word_1_756' title='bbox 3231 5126 3286 5173; x_wconf 85' lang='lat' dir='ltr'><strong>et</strong></span> <span class='ocrx_word' id='word_1_757' title='bbox 3313 5116 3550 5187; x_wconf 66' lang='lat' dir='ltr'><strong>[lambit-</strong></span> 
     </span>
    </p>
   </div>
   <div class='ocr_carea' id='block_1_110' title="bbox 1968 5210 3552 5289">
    <p class='ocr_par' dir='ltr' id='par_1_110' title="bbox 1968 5210 3552 5289">
     <span class='ocr_line' id='line_1_110' title="bbox 1968 5210 3552 5289; baseline -0.008 -14"><span class='ocrx_word' id='word_1_758' title='bbox 1968 5220 2115 5286; x_wconf 81' lang='lat' dir='ltr'><strong>lum;</strong></span> <span class='ocrx_word' id='word_1_759' title='bbox 2153 5233 2275 5289; x_wconf 68' lang='lat' dir='ltr'><strong>quae</strong></span> <span class='ocrx_word' id='word_1_760' title='bbox 2301 5226 2356 5273; x_wconf 91' lang='lat' dir='ltr'><strong>et</strong></span> <span class='ocrx_word' id='word_1_761' title='bbox 2395 5216 2555 5272; x_wconf 88' lang='lat' dir='ltr'><strong>hodie</strong></span> <span class='ocrx_word' id='word_1_762' title='bbox 2585 5215 2792 5273; x_wconf 68' lang='lat' dir='ltr'><strong>Graecis</strong></span> <span class='ocrx_word' id='word_1_763' title='bbox 2817 5214 3044 5270; x_wconf 87' lang='lat' dir='ltr'><strong>usitata.</strong></span> <span class='ocrx_word' id='word_1_764' title='bbox 3075 5213 3331 5282; x_wconf 81' lang='lat' dir='ltr'><strong>Idemque</strong></span> <span class='ocrx_word' id='word_1_765' title='bbox 3365 5210 3552 5274; x_wconf 88' lang='lat' dir='ltr'><strong>omnia</strong></span> 
     </span>
    </p>
   </div>
   <div class='ocr_carea' id='block_1_111' title="bbox 1964 5306 3551 5390">
    <p class='ocr_par' dir='ltr' id='par_1_111' title="bbox 1964 5306 3551 5390">
     <span class='ocr_line' id='line_1_111' title="bbox 1964 5306 3551 5390; baseline -0.009 -22"><span class='ocrx_word' id='word_1_766' title='bbox 1964 5315 2082 5375; x_wconf 69' lang='lat' dir='ltr'><strong>haec</strong></span> <span class='ocrx_word' id='word_1_767' title='bbox 2111 5311 2400 5375; x_wconf 87' lang='lat' dir='ltr'><strong>vocabula,</strong></span> <span class='ocrx_word' id='word_1_768' title='bbox 2429 5309 2532 5365; x_wconf 90' lang='lat' dir='ltr'><strong>etsi</strong></span> <span class='ocrx_word' id='word_1_769' title='bbox 2563 5310 2783 5365; x_wconf 79' lang='lat' dir='ltr'><strong>diverse</strong></span> <span class='ocrx_word' id='word_1_770' title='bbox 2815 5307 2980 5365; x_wconf 89' lang='lat' dir='ltr'><strong>scribi</strong></span> <span class='ocrx_word' id='word_1_771' title='bbox 3001 5307 3184 5390; x_wconf 67' lang='lat' dir='ltr'><strong>sgiita,</strong></span> <span class='ocrx_word' id='word_1_772' title='bbox 3214 5306 3551 5374; x_wconf 79' lang='lat' dir='ltr'><strong>signiﬁcant,</strong></span> 
     </span>
    </p>
   </div>
   <div class='ocr_carea' id='block_1_112' title="bbox 1968 5395 3545 5476">
    <p class='ocr_par' dir='ltr' id='par_1_112' title="bbox 1968 5395 3545 5476">
     <span class='ocr_line' id='line_1_112' title="bbox 1968 5395 3545 5476; baseline -0.008 -17"><span class='ocrx_word' id='word_1_773' title='bbox 1968 5421 2163 5476; x_wconf 84' lang='lat' dir='ltr'><strong>nempe</strong></span> <span class='ocrx_word' id='word_1_774' title='bbox 2190 5404 2473 5467; x_wconf 78' lang='lat' dir='ltr'><strong>vexillum,</strong></span> <span class='ocrx_word' id='word_1_775' title='bbox 2500 5417 2617 5467; x_wconf 87' lang='lat' dir='ltr'><strong>seu,</strong></span> <span class='ocrx_word' id='word_1_776' title='bbox 2647 5409 2707 5456; x_wconf 89' lang='lat' dir='ltr'><strong>ut</strong></span> <span class='ocrx_word' id='word_1_777' title='bbox 2729 5401 3121 5470; x_wconf 85' lang='lat' dir='ltr'><strong>interpretatur</strong></span> <span class='ocrx_word' id='word_1_778' title='bbox 3150 5398 3369 5452; x_wconf 85' lang='lat' dir='ltr'><strong>Nicctas</strong></span> <span class='ocrx_word' id='word_1_779' title='bbox 3402 5395 3545 5464; x_wconf 88' lang='lat' dir='ltr'><strong>apud</strong></span> 
     </span>
    </p>
   </div>
   <div class='ocr_carea' id='block_1_113' title="bbox 1965 5486 3553 5563">
    <p class='ocr_par' dir='ltr' id='par_1_113' title="bbox 1965 5486 3553 5563">
     <span class='ocr_line' id='line_1_113' title="bbox 1965 5486 3553 5563; baseline -0.004 -13"><span class='ocrx_word' id='word_1_780' title='bbox 1965 5495 2268 5563; x_wconf 74' lang='lat' dir='ltr'><strong>Rigaltium</strong></span> <span class='ocrx_word' id='word_1_781' title='bbox 2304 5495 2356 5548; x_wconf 92' lang='lat' dir='ltr'><strong>in</strong></span> <span class='ocrx_word' id='word_1_782' title='bbox 2381 5493 2689 5559; x_wconf 88' lang='lat' dir='ltr'><strong>Glossario,</strong></span> <span class='ocrx_word' id='word_1_783' title='bbox 2722 5494 2933 5563; x_wconf 84' lang='lat' dir='ltr'><strong>signum</strong></span> <span class='ocrx_word' id='word_1_784' title='bbox 2956 5490 3209 5544; x_wconf 85' lang='lat' dir='ltr'><strong>militare.</strong></span> <span class='ocrx_word' id='word_1_785' title='bbox 3230 5486 3339 5543; x_wconf 81' lang='lat' dir='ltr'><strong>Nec</strong></span> <span class='ocrx_word' id='word_1_786' title='bbox 3371 5496 3553 5555; x_wconf 81' lang='lat' dir='ltr'><strong>tamen</strong></span> 
     </span>
    </p>
   </div>
   <div class='ocr_carea' id='block_1_114' title="bbox 1967 5578 3544 5655">
    <p class='ocr_par' dir='ltr' id='par_1_114' title="bbox 1967 5578 3544 5655">
     <span class='ocr_line' id='line_1_114' title="bbox 1967 5578 3544 5655; baseline -0.009 -11"><span class='ocrx_word' id='word_1_787' title='bbox 1967 5590 2175 5645; x_wconf 75' lang='lat' dir='ltr'><strong>militia:</strong></span> <span class='ocrx_word' id='word_1_788' title='bbox 2207 5589 2387 5646; x_wconf 88' lang='lat' dir='ltr'><strong>solum</strong></span> <span class='ocrx_word' id='word_1_789' title='bbox 2413 5588 2508 5647; x_wconf 88' lang='lat' dir='ltr'><strong>sed</strong></span> <span class='ocrx_word' id='word_1_790' title='bbox 2546 5596 2601 5643; x_wconf 90' lang='lat' dir='ltr'><strong>et</strong></span> <span class='ocrx_word' id='word_1_791' title='bbox 2632 5588 2778 5642; x_wconf 89' lang='lat' dir='ltr'><strong>domi</strong></span> <span class='ocrx_word' id='word_1_792' title='bbox 2811 5585 3130 5655; x_wconf 87' lang='lat' dir='ltr'><strong>imperatori</strong></span> <span class='ocrx_word' id='word_1_793' title='bbox 3159 5593 3215 5638; x_wconf 90' lang='lat' dir='ltr'><strong>et</strong></span> <span class='ocrx_word' id='word_1_794' title='bbox 3280 5578 3544 5652; x_wconf 66' lang='lat' dir='ltr'><strong>principi~</strong></span> 
     </span>
    </p>
   </div>
   <div class='ocr_carea' id='block_1_115' title="bbox 1966 5674 3554 5754">
    <p class='ocr_par' dir='ltr' id='par_1_115' title="bbox 1966 5674 3554 5754">
     <span class='ocr_line' id='line_1_115' title="bbox 1966 5674 3554 5754; baseline -0.009 -15"><span class='ocrx_word' id='word_1_795' title='bbox 1966 5684 2068 5740; x_wconf 90' lang='lat' dir='ltr'><strong>bus</strong></span> <span class='ocrx_word' id='word_1_796' title='bbox 2095 5684 2278 5754; x_wconf 89' lang='lat' dir='ltr'><strong>palatii</strong></span> <span class='ocrx_word' id='word_1_797' title='bbox 2306 5682 2548 5753; x_wconf 58' lang='lat' dir='ltr'><strong>praeferri</strong></span> <span class='ocrx_word' id='word_1_798' title='bbox 2580 5690 2926 5745; x_wconf 89' lang='lat' dir='ltr'><strong>consuetum,</strong></span> <span class='ocrx_word' id='word_1_799' title='bbox 2993 5676 3139 5748; x_wconf 87' lang='lat' dir='ltr'><strong>quod</strong></span> <span class='ocrx_word' id='word_1_800' title='bbox 3202 5674 3424 5744; x_wconf 84' lang='lat' dir='ltr'><strong>planum</strong></span> <span class='ocrx_word' id='word_1_801' title='bbox 3486 5684 3554 5725; x_wconf 82' lang='lat' dir='ltr'><strong>ex</strong></span> 
     </span>
    </p>
   </div>
   <div class='ocr_carea' id='block_1_116' title="bbox 1964 5764 3552 5847">
    <p class='ocr_par' dir='ltr' id='par_1_116' title="bbox 1964 5764 3552 5847">
     <span class='ocr_line' id='line_1_116' title="bbox 1964 5764 3552 5847; baseline -0.011 -15"><span class='ocrx_word' id='word_1_802' title='bbox 1964 5776 2225 5847; x_wconf 89' lang='lat' dir='ltr'><strong>Curopal.</strong></span> <span class='ocrx_word' id='word_1_803' title='bbox 2278 5791 2327 5831; x_wconf 90' lang='lat' dir='ltr'><strong>e.</strong></span> <span class='ocrx_word' id='word_1_804' title='bbox 2398 5775 2452 5829; x_wconf 84' lang='lat'><strong>6.</strong></span> <span class='ocrx_word' id='word_1_805' title='bbox 2515 5772 2627 5829; x_wconf 90' lang='lat' dir='ltr'><strong>lmo</strong></span> <span class='ocrx_word' id='word_1_806' title='bbox 2681 5772 2829 5828; x_wconf 86' lang='lat' dir='ltr'><strong>domi</strong></span> <span class='ocrx_word' id='word_1_807' title='bbox 2892 5770 3045 5841; x_wconf 84' lang='lat' dir='ltr'><strong>plura</strong></span> <span class='ocrx_word' id='word_1_808' title='bbox 3103 5764 3552 5836; x_wconf 70' lang='lat' dir='ltr'><strong>praeferebantur.</strong></span> 
     </span>
    </p>
   </div>
   <div class='ocr_carea' id='block_1_117' title="bbox 1963 5854 3553 5928">
    <p class='ocr_par' dir='ltr' id='par_1_117' title="bbox 1963 5854 3553 5928">
     <span class='ocr_line' id='line_1_117' title="bbox 1963 5854 3553 5928; baseline -0.011 -4"><span class='ocrx_word' id='word_1_809' title='bbox 1963 5869 2230 5924; x_wconf 85' lang='lat' dir='ltr'><strong>nimirum</strong></span> <span class='ocrx_word' id='word_1_810' title='bbox 2262 5866 2549 5922; x_wconf 80' lang='lat' dir='ltr'><strong>duodecim</strong></span> <span class='ocrx_word' id='word_1_811' title='bbox 2585 5884 2600 5921; x_wconf 89' lang='lat'><strong>:</strong></span> <span class='ocrx_word' id='word_1_812' title='bbox 2667 5865 2854 5925; x_wconf 79' lang='grc' dir='ltr'><strong>Ἐκτδς</strong></span> <span class='ocrx_word' id='word_1_813' title='bbox 2882 5863 2938 5917; x_wconf 83' lang='grc' dir='ltr'><strong>δὲ</strong></span> <span class='ocrx_word' id='word_1_814' title='bbox 2956 5861 3154 5915; x_wconf 82' lang='grc' dir='ltr'><strong>ὁπόταν</strong></span> <span class='ocrx_word' id='word_1_815' title='bbox 3204 5856 3492 5928; x_wconf 83' lang='grc' dir='ltr'><strong>στρατεύει</strong></span> <span class='ocrx_word' id='word_1_816' title='bbox 3523 5854 3553 5906; x_wconf 80' lang='grc' dir='ltr'><strong>ὁ</strong></span> 
     </span>
    </p>
   </div>
   <div class='ocr_carea' id='block_1_118' title="bbox 1970 5944 3549 6047">
    <p class='ocr_par' dir='ltr' id='par_1_118' title="bbox 1970 5944 3549 6047">
     <span class='ocr_line' id='line_1_118' title="bbox 1970 5944 3549 6047; baseline -0.009 -34"><span class='ocrx_word' id='word_1_817' title='bbox 1970 5958 2244 6024; x_wconf 71' lang='grc' dir='ltr'>βασιλεὺς,</span> <span class='ocrx_word' id='word_1_818' title='bbox 2284 5960 2423 6047; x_wconf 68' lang='grc' dir='ltr'><strong>κατρ</strong></span> <span class='ocrx_word' id='word_1_819' title='bbox 2454 5957 2744 6025; x_wconf 71' lang='grc' dir='ltr'>ἀναλογίαν</span> <span class='ocrx_word' id='word_1_820' title='bbox 2784 5958 2880 6022; x_wconf 73' lang='grc' dir='ltr'><strong>τῆς</strong></span> <span class='ocrx_word' id='word_1_821' title='bbox 2918 5952 3207 6020; x_wconf 62' lang='grc' dir='ltr'><strong>πραότητος</strong></span> <span class='ocrx_word' id='word_1_822' title='bbox 3233 5950 3330 6018; x_wconf 79' lang='grc' dir='ltr'><strong>τῆς</strong></span> <span class='ocrx_word' id='word_1_823' title='bbox 3380 5944 3549 6000; x_wconf 62' lang='grc' dir='ltr'>αὐταῦ</span> 
     </span>
    </p>
   </div>
  </div>
