3852 6602
310 523 414 589 317

1430 527 1814 590 GRETSER!
1856 526 1953 586 ET
1995 526 2232 590 GOARI
2273 531 2514 593 NOTAE.

3475 521 3584 588 3l8

304 641 469 696 sectis
498 638 979 698 laeiniisinfcrius
1013 642 1250 699 divisum
1293 645 1699 718 clx-idylwcsov,
1742 651 1906 720 poly—

2022 650 2109 704 καὶ
2136 651 2295 714 αὐτὸς
2336 650 2462 715 ἕνας
2498 652 2575 714 εἰς
2608 649 2664 705 τὸ
2690 648 2879 719 τάγμα
2926 645 3061 699 ἓπσυ
3097 641 3441 713 ὠνομίζετον
3470 637 3583 692 Τύ-

304 732 613 804 podenique
644 733 907 791 scissuris
929 735 1194 801 referens,
1226 737 1555 794 ὀκταποδεου
1576 755 1773 795 nomen
1800 757 1894 796 ac-

300 825 440 893 cepit
463 841 491 877 a
532 826 723 897 vulgo.

372 915 517 971 Ibid.
560 917 855 989 [Σταυρὸς
881 920 1041 989 ἔχων
1068 920 1335 989 εἰκόνας.
1381 923 1613 985 Crucem
1651 926 1794 981 hanc
1841 926 1895 982 in

296 1011 501 1063 castris
527 1021 584 1063 et
617 1010 975 1068 conﬂictibus
1031 1013 1266 1068 delatam
1338 1014 1608 1081 ejusmodi
1662 1018 1898 1075 arbitror

296 1100 491 1168 quales
526 1102 582 1175 in
613 1103 790 1156 sacris
826 1104 1176 1171 processibus
1212 1105 1296 1160 vel
1351 1106 1402 1160 in
1457 1108 1706 1164 ecclesiis
1765 1108 1896 1162 ado-

298 1192 505 1245 randas
539 1207 628 1248 me
651 1196 1003 1265 conspexisse
1028 1197 1275 1251 memini.
1330 1197 1549 1268 Lignea:
1609 1207 1740 1255 sunt
1790 1200 1897 1255 illa:

297 1282 622 1353 (argenteas
649 1289 944 1358 aureisque
1001 1290 1224 1345 laminis
1282 1300 1567 1348 contecth
1626 1295 1900 1363 rapacitas,

296 1376 536 1433 Turcica
568 1379 923 1451 eliminavit),
952 1388 1005 1436 et
1039 1384 1103 1436 ad
1132 1399 1323 1442 earum
1389 1394 1666 1443 extremos
1713 1403 1897 1444 ramos

295 1473 559 1540 quamvis
588 1473 804 1544 amplos
836 1474 1060 1530 latiores
1090 1476 1271 1532 adhuc
1311 1477 1642 1534 trifoliorum
1711 1479 1895 1549 ﬁgura:

296 1565 646 1635 prominent,
678 1567 735 1621 in
762 1566 965 1638 quibus
990 1584 1385 1641 nonnunquam
1414 1579 1612 1642 pectus
1646 1580 1699 1628 et
1727 1573 1896 1628 facies

293 1667 545 1727 quatuor
572 1660 1031 1730 evangelistarum
1065 1662 1149 1717 vel
1168 1662 1298 1717 hinc
1327 1663 1452 1718 inde
1489 1663 1733 1736 Deiparze
1762 1677 1816 1720 et
1835 1664 1893 1721 S.

297 1750 545 1807 Joannis
589 1751 895 1809 aliorumve
922 1753 1087 1810 variis
1122 1755 1421 1823 coloribus,
1452 1756 1722 1815 delineata
1746 1759 1897 1832 prius

293 1844 355 1897 in
390 1845 576 1901 medio
608 1848 859 1902 cruciﬁxi
884 1848 1089 1919 specie,
1119 1832 1437 1903 exarantur.
1465 1848 1668 1917 Quidni
1695 1852 1897 1923 pariter

293 1935 467 2000 οὗτος
498 1941 528 1992 ὁ
558 1939 799 2013 σταυρὸς
836 1940 976 2012 ἔχων
1013 1939 1093 2013 (ὲν
1117 1943 1240 2006 ταῖς
1279 1942 1528 2015 ἁκρίαις)
1557 1945 1667 1998 τῶν
1723 1944 1897 2013 ἁγίων

2009 762 2200 813 ρωνες,
2234 743 2382 797 ὠσὰν
2408 744 2474 797 νὰ
2509 743 2669 815 εἴπῃς
2696 741 3111 809 ἐκατόνταρχος.
3145 734 3211 790 In
3243 735 3427 790 oraine
3453 733 3584 786 tiro-

2007 852 2131 889 num
2180 834 2562 889 nunrerabalur
2601 834 2918 905 prwcipttus,
2963 837 3096 885 vetut
3140 829 3187 882 si
3228 826 3584 884 centuriatim):
3628 872 3639 875 _

2005 930 2177 983 dicas.
2204 928 2284 989 ita
2308 929 2489 983 dictus
2520 937 2712 982 auctor
2750 924 2957 993 vulgari
2990 923 3272 977 idiomate.
3307 914 3511 987 ΟΜΝ]

2054 1022 2133 1091 εΡ.
2164 1021 2252 1074 48.
2292 1018 2429 1077 Illud
2483 1016 2775 1089 Θεοδώρων
2826 1027 2910 1073 est
2967 1014 3257 1083 utriusque
3314 1007 3584 1065 Theodori

2009 1114 2288 1185 martyris,
2322 1112 2479 1168 ducis
2507 1120 2560 1168 et
2602 1111 2822 1167 tironis.
2893 1107 3103 1161 Prioris
3156 1104 3355 1160 festum
3420 1107 3583 1171 agunt

2006 1204 2176 1261 Grzeci
2202 1207 2235 1260 8
2265 1204 2436 1265 Junii,
2471 1204 2792 1274 posterioris
2826 1201 2890 1255 i7
2918 1198 3081 1255 Febr.
3115 1196 3177 1251 Et
3205 1197 3258 1249 in
3293 1197 3437 1248 hunc
3459 1194 3564 1246 tiro

2006 1313 2129 1351 nem
2161 1306 2336 1352 exstat
2363 1294 2422 1354 S.
2446 1293 2696 1367 Gregorii
2731 1292 2963 1366 Nysseni
2996 1289 3362 1362 pulcherrima
3386 1285 3590 1343 oratio.

2004 1387 2537 1551 :[l‘adiprior
2552 1476 2841 1545 ἔφιππον.
2855 1469 3209 1527 Notissimum
3228 1466 3357 1521 olim
3374 1458 3591 1525 ducem.

2005 1572 2211 1628 sanctis
2256 1586 2405 1626 nunc
2450 1569 2679 1625 tolerato
2715 1564 2979 1636 martyrio
2999 1561 3289 1631 Georgium
3334 1557 3589 1612 allectum

2004 1665 2243 1737 equitem
2278 1677 2492 1734 semper
2520 1661 2750 1732 pingunt
2781 1656 2984 1724 Grazci;
3011 1655 3157 1726 quod
3185 1642 3385 1722 saepius
3415 1650 3487 1705 sit
3512 1646 3595 1702 vi-

2005 1774 2099 1815 sus
2125 1756 2478 1832 καεαλλάρης
2505 1756 2582 1817 εἰς
2601 1753 2797 1822 ἄλογον
2831 1746 3044 1823 ἆσπρον
3068 1755 3123 1804 et
3151 1743 3482 1814 λευκοφόρος
3502 1758 3596 1794 κα-

2007 1851 2304 1922 σαλλάριος
2330 1851 2408 1917 εἰς
2430 1848 2627 1917 ἄλογον
2649 1846 2881 1915 ἀσπρον.
2912 1840 3285 1897 Damascenus
3308 1837 3506 1895 citatus
3538 1832 3594 1888 in

2006 1941 2313 1999 Thesauro.
2351 1941 2425 1997 De
2453 1939 2689 2006 Georgio
2720 1949 2771 1992 et
2795 1933 3086 1991 Theodoro
3117 1930 3323 1987 sanctis
3378 1927 3595 2001 Graeco-

295 2034 592 2102 τεσςάρων
616 2034 872 2103 μεγάλων
892 2030 1189 2109 μαρτύρων
1216 2013 1434 2101 τεκόνις
1468 2013 1724 2107 ἐφαίνετο
1743 2057 1759 2105 ;
1777 2055 1901 2094 cru-

2022 2053 2130 2092 rum
2163 2034 2587 2091 auxiliatoribus
2615 2031 2858 2105 Nicetius,
2882 2025 3147 2082 Manuelis
3167 2019 3434 2077 Comneni
3452 2018 3489 2072 Ι.
3515 2033 3592 2074 Vt.

300 2137 428 2177 cent
472 2126 694 2194 qualem
730 2122 820 2183 hic
853 2144 1100 2184 memoro
1139 2131 1386 2201 depictus
1428 2130 1482 2186 in
1518 2132 1767 2189 icouihus
1805 2149 1904 2204 per

302 2215 425 2271 ιιοοε
444 2234 474 2271 e
491 2233 631 2289 opus
648 2219 843 2280 Codini
873 2230 929 2278 et
948 2223 1066 2293 ejus
1086 2226 1482 2281 commentaria
1507 2227 1712 2296 sparsis
1730 2237 1907 2297 gestat

304 2313 625 2380 patriarcha
650 2313 765 2371 (ΣΡ.

374 2401 763 2475 [Δημηιτριου²
787 2408 1127 2478 Προκοπίου
1148 2408 1248 2463 καὶ
1267 2408 1602 2480 Θεοὸὠρων.
1625 2409 1797 2465 Duces
1819 2426 1908 2464 ar-

301 2499 414 2555 mis
446 2500 727 2567 quondam
765 2500 1009 2571 insignes
1038 2516 1321 2556 armorum
1351 2503 1534 2558 socios
1556 2512 1610 2558 et
1644 2503 1700 2557 in
1750 2504 1907 2559 hellis

299 2601 650 2661 protectores
696 2591 894 2649 Oriens
940 2594 1236 2649 invocabat
1298 2594 1657 2663 Demetrium,
1704 2596 1907 2652 Proco-

297 2682 488 2751 pium,
515 2683 884 2751 καλλινίκους,
918 2694 973 2740 et
1000 2686 1336 2758 Θεοδώρους,
1381 2687 1633 2744 Cedreno
1660 2689 1714 2744 in
1767 2689 1907 2747 Tze-

296 2774 483 2830 misce
512 2775 706 2833 ducem
732 2793 900 2833 unum
930 2780 1167 2835 etalium
1203 2782 1437 2838 tironem
1465 2783 1662 2840 dictos.
1689 2783 1908 2841 Primus

297 2868 622 2929 Demetrius
707 2873 1150 2946 φλαμπουράρης
1235 2890 1301 2931 ac
1384 2892 1586 2947 praeses
1668 2877 1908 2933 Thessa-

299 2965 394 3020 lis
447 2967 551 3022 sub
601 2966 930 3023 Maximiano
1013 2976 1224 3041 martyr
1298 2968 1434 3025 obiit
1504 2969 1910 3032 Thessalonica:

301 3058 401 3117 ubi
437 3073 641 3128 corpus
664 3059 785 3125 ejus
828 3076 987 3117 sacro
1045 3060 1261 3132 liquore
1289 3063 1571 3119 exundans
1630 3066 1910 3135 perpetuis

300 3165 531 3222 quoque
566 3153 956 3209 miraculorum
995 3155 1227 3210 scaturit
1257 3154 1499 3211 ﬂuentis.
1535 3156 1579 3212 Δ
1630 3156 1907 3227 profectu-

302 3244 386 3303 ris
407 3244 463 3299 in
493 3246 745 3314 praelium
783 3246 1095 3312 invocatur,
1126 3262 1338 3317 suoque
1366 3248 1631 3306 bellantes
1680 3251 1906 3321 adjuvat

2080 2127 2220 2182 Ibid.
2241 2127 2295 2183 5.
2327 2123 2760 2201 [Δρακοντεῖον.
2788 2119 2926 2179 Cum
2959 2116 3159 2196 aquilis
3179 2115 3232 2169 iii
3256 2114 3428 2169 aciem
3454 2110 3593 2166 inter

2011 2222 2210 2277 vexilla
2242 2221 2331 2275 lati
2364 2226 2493 2276 sunt
2526 2218 2689 2275 etiam
2735 2216 3026 2275 dracones,
3089 2209 3325 2265 maxime
3378 2204 3596 2259 labente

2012 2312 2265 2383 imperio.
2300 2309 2467 2367 Docet
2500 2309 2856 2378 Dempsterus
2884 2301 2951 2359 ad
2980 2301 3141 2359 Rom.
3163 2299 3337 2368 antiq.
3364 2295 3592 2352 calcem.

2016 2398 2089 2459 De
2123 2403 2322 2474 quibus
2351 2401 2547 2458 Suidas
2574 2416 2626 2454 ν.
2660 2399 2872 2469 Σημεῖα.
2916 2415 2931 2451 :
2969 2394 3004 2449 ἃ
3028 2394 3290 2463 φέρουσιν
3318 2391 3374 2442 ὲν
3395 2387 3473 2457 τῷ
3498 2405 3594 2440 πο-

2013 2496 2163 2571 λέμῳ
2193 2496 2493 2568 ὑφάσματὰ
2515 2496 2623 2548 εἰσι
2659 2494 2806 2564 βαφῇ
2827 2486 3251 2557 πεποικιλμένα,
3277 2482 3313 2537 ἃ.
3333 2484 3411 2545 εἰς
3447 2480 3593 2534 ἰδέαν

2015 2595 2252 2667 μάλιστα
2290 2592 2469 2663 ὄφεων
2503 2589 2781 2652 εἴκασται,
2848 2585 2942 2640 καὶ
2977 2580 3343 2655 ἀπῃὼρηνται
3388 2573 3595 2631 κοντῶν

2015 2685 2374 2756 συμμέτρων.
2411 2681 2781 2750 Descripserat
2815 2676 2966 2748 prius
2995 2669 3368 2734 Marceilinus,
3393 2667 3431 2722 ι.
3462 2681 3593 2721 xw:

2013 2781 2301 2853 Purpureis
2328 2779 2424 2834 sub
2460 2775 2772 2848 tegminibus
2790 2773 2926 2844 terti
2953 2766 3346 2825 circumdedere
3402 2762 3595 2816 draco-

2011 2894 2126 2939 nes,
2159 2875 2436 2928 hastarum
2468 2872 2646 2926 aureis
2670 2866 3018 2939 gemmeisque
3053 2859 3448 2916 summitatibus
3490 2854 3602 2909 ilii-

2013 2971 2150 3044 gati,
2175 2969 2329 3022 hiatu
2354 2974 2502 3020 vasto
2539 2962 2849 3036 perﬂatiles,
2881 2967 2929 3013 et
2962 2955 3200 3011 relutira
3233 2949 3421 3023 perciti
3468 2947 3599 3002 sibi-

2015 3064 2206 3124 lantes,
2227 3059 2626 3128 caudarumque
2643 3054 2907 3111 volumina
2928 3050 3282 3120 relinquentes
3299 3047 3351 3098 in
3368 3052 3597 3098 ventum.

2015 3156 2189 3212 Goan.

2087 3173 2189 3210 ΜΒ.

2087 3154 2581 3318 llis]imperatoriis
2607 3240 2844 3297 ﬁamulis
2876 3253 2973 3296 seu
3007 3236 3220 3293 vexillis
3249 3241 3471 3305 propter
3502 3245 3597 3284 co-

301 3338 575 3404 praasidio
603 3355 619 3405 ;
654 3354 755 3395 nec
790 3339 845 3394 in
874 3340 1103 3396 dubium
1138 3353 1427 3396 revocatur
1461 3345 1608 3413 quod
1668 3320 1901 3398 Thessa-
1931 3358 1974 3416 ο
2014 3341 2323 3412 gnationem
2349 3335 2614 3398 nominis,
2638 3333 2775 3399 adde
2794 3330 3056 3386 vexillum
3086 3327 3145 3381 S.
3178 3323 3445 3395 Dionysii,
3475 3320 3604 3377 Gal-

306 3430 692 3487 tonicensibus
758 3431 1051 3489 obsidione
1093 3434 1163 3489 ab
1211 3434 1476 3489 Alusiano
1542 3432 1902 3508 Bulgarorum

306 3525 511 3581 cinctis
564 3535 953 3597 unguentoque
1004 3528 1075 3585 ab
1127 3527 1247 3597 ejus
1298 3527 1554 3599 sepulcro
1614 3536 1907 3584 emanante

310 3619 494 3674 unctis
528 3618 790 3675 contulit.
847 3616 1112 3677 Romana:
1167 3621 1307 3676 aciei
1371 3620 1473 3677 fuit
1526 3620 1638 3676 dux
1703 3630 1909 3693 martyr

313 3709 651 3778 Demetrius,
688 3711 767 3766 ait
793 3710 1075 3768 Cedrenus
1125 3712 1179 3769 in
1235 3713 1503 3770 Michaele
1534 3713 1906 3786 Paphlagone,

314 3805 529 3875 iterque
552 3804 947 3875 complanavit,
974 3807 1119 3875 quod
1139 3806 1358 3878 Bulgari
1382 3807 1579 3878 captivi
1597 3806 1910 3877 juramento

308 3902 745 3963 conﬁrmarunt,
777 3898 1031 3955 dicentes
1056 3899 1263 3965 vidisse
1282 3915 1343 3957 se
1360 3901 1622 3971 juvenem
1646 3902 1908 3972 equitem,

304 3990 404 4059 qui
443 3991 703 4052 Romana:
738 3991 995 4063 phalangi
1028 3991 1268 4064 prae-iret,
1310 4008 1465 4064 aquo
1489 3993 1750 4051 exsiliens
1772 3994 1913 4064 ignis

300 4087 578 4140 adversos
606 4094 880 4140 crctnaret
918 4086 1123 4145 hostes.
1157 4087 1314 4143 Alter
1360 4085 1665 4158 Procopius
1721 4088 1913 4164 militia

301 4181 499 4235 clarus
525 4178 636 4232 dux
672 4177 1018 4234 Alexandriae
1047 4178 1166 4245 fuit,
1197 4187 1258 4234 ut
1289 4179 1471 4235 verbis
1506 4178 1701 4234 iisdem
1736 4178 1913 4250 Syna-

302 4273 513 4335 xarion
541 4270 740 4328 asserit
767 4268 899 4332 Julii
933 4270 1000 4326 8:
1026 4271 1258 4342 Χαίροις
1286 4270 1578 4342 μαρτύρων
1628 4269 1912 4341 κᾳύχημα,

302 4365 591 4434 pamth
615 4365 946 4436 κραταιῳμα
973 4364 1251 4436 canitejus
1278 4364 1418 4420 festo
1439 4364 1679 4423 Ecclesia
1703 4362 1913 4424 Greca.

302 4458 547 4515 Tertius
579 4457 677 4512 fuit
708 4458 1033 4515 Theodorus
1065 4457 1449 4529 στρατηλάτης
1473 4459 1705 4527 equitum
1724 4458 1920 4527 magis-

307 4564 402 4606 ter
438 4549 545 4603 sub
576 4547 811 4615 Licinio,
865 4565 895 4606 a
926 4565 1035 4619 qun
1066 4558 1299 4608 mortem
1330 4548 1539 4604 illatam
1604 4547 1866 4603 sustinuit
1899 4565 1915 4602 :

304 4641 448 4696 exin
470 4635 843 4695 Romanorum
856 4642 1024 4696 armis
1043 4640 1223 4696 favere
1241 4640 1409 4711 coepit
1425 4656 1455 4696 e
1473 4644 1635 4706 eiero,
1664 4657 1727 4694 ac
1746 4637 1914 4695 Joan-

2018 3434 2124 3489 lice
2156 3432 2458 3503 ariﬂamme
2482 3428 2713 3492 dictum,
2757 3423 2904 3495 quod
2959 3435 3117 3492 rcges
3173 3417 3361 3473 Galliae
3387 3426 3602 3470 summa

2011 3524 2276 3596 religione
2304 3536 2488 3577 secum
2515 3519 2567 3575 in
2611 3515 2989 3587 expeditiones
3043 3511 3367 3574 educebant,
3400 3507 3467 3561 de
3496 3520 3604 3574 quo

2018 3617 2143 3672 vide
2167 3624 2319 3688 gesta
2345 3607 2988 3669 LudoviciFrancorum
3019 3603 3164 3674 regis
3200 3601 3294 3656 fol.
3332 3600 3457 3663 158,
3482 3598 3600 3658 lu.

2013 3720 2066 3768 et
2088 3709 2390 3782 Rigordum
2421 3707 2487 3764 de
2513 3704 2685 3778 gestis
2707 3701 2941 3771 Philippi
2963 3697 3193 3770 Augusti
3217 3696 3361 3767 regis
3384 3690 3603 3750 {01.186

2012 3805 2099 3860 ed.
2133 3803 2357 3858 Pitliaei.

2084 3896 2204 3952 Non
2234 3911 2455 3967 possum
2478 3895 2584 3949 hoc
2608 3893 2730 3948 loco
2754 3890 2955 3946 tacitus
2991 3882 3274 3956 pricterire
3309 3878 3602 3950 Nicephori

2015 3990 2271 4061 Gregorte
2298 3989 2336 4044 l.
2367 4004 2439 4044 vn
2471 3987 2758 4043 sinistrum
2788 3992 2842 4037 ct
2880 3980 3156 4050 abjectum
3216 3974 3480 4047 judicium
3539 3971 3607 4025 de

2017 4079 2426 4137 marchionihus
2455 4077 2687 4144 Latinis,
2712 4090 2850 4147 quos
2881 4074 2958 4128 ait
2992 4086 3100 4124 non
3120 4085 3230 4123 esse
3251 4067 3423 4120 claros
3462 4063 3603 4133 apud

2015 4174 2257 4241 Latinos,
2287 4174 2378 4229 sed
2412 4187 2530 4228 eum
2554 4168 2831 4241 dignitatis
2858 4165 3083 4237 gradum
3097 4171 3269 4215 tenere
3291 4173 3443 4228 quem
3464 4153 3606 4225 apud

2018 4268 2299 4325 Romanos
2323 4265 2684 4340 (Cpolitanos)
2712 4262 2886 4318 tenete
2918 4258 3018 4330 τὴν
3052 4255 3334 4327 βασιλικὴν
3365 4249 3607 4320 σημαίαν

2019 4363 2079 4415 ὲν
2112 4359 2494 4431 στρατεύμασι
2527 4356 2796 4424 κατέχων,
2819 4362 2871 4409 et
2899 4348 3199 4407 marchioni
3228 4353 3477 4413 perpetuo
3512 4340 3608 4394 hoc

2019 4453 2334 4506 attributum
2365 4465 2477 4505 esse
2507 4456 2565 4501 ut
2590 4464 2718 4501 novo
2734 4444 3036 4513 imperatori
3054 4438 3305 4495 vexillum
3328 4432 3604 4504 prwferat.

2024 4544 2245 4601 Scilicet
2279 4542 2526 4598 marchio
2594 4535 3009 4599 Moutisferrati,
3062 4531 3292 4594 Misnim,
3357 4526 3606 4581 Brande-

2022 4636 2280 4708 burgicus
2306 4646 2359 4690 et
2384 4635 2591 4690 similes
2613 4634 2752 4703 apud
2779 4631 3004 4684 Latinos
3060 4623 3285 4693 majoris
3329 4617 3609 4687 dignitatis

309 4733 411 4787 nis
440 4732 732 4795 'l'zindscis
766 4740 1012 4802 tempore
1051 4742 1214 4787 tautae
1246 4698 1578 4804 Scytharum
1610 4732 1664 4784 in
1689 4729 1911 4791 Graecos
1943 4698 1989 4755 θ
2019 4744 2126 4784 non
2159 4739 2316 4784 erant
2337 4743 2500 4797 quam
2536 4725 2909 4795 lampadarius
2939 4731 3033 4775 aut
3092 4722 3137 4773 is
3197 4715 3288 4786 qui
3348 4710 3605 4804 diveliuui

306 4825 687 4896 pratliantium
718 4827 918 4896 stragis
941 4832 1134 4879 auctor
1171 4826 1292 4889 fuit,
1328 4834 1389 4880 ut
1407 4827 1456 4880 ei
1489 4825 1658 4896 286
1675 4826 1905 4895 gratiam

308 4934 427 4993 pro
453 4932 559 4988 ope
587 4919 1001 4987 latalrelaturus
1025 4918 1349 4983 Tzimisces,
1380 4920 1583 4988 templo
1608 4904 1664 4973 in
1708 4932 1818 4987 quo
1864 4917 1911 4974 is

307 5012 593 5066 humatus
622 5020 740 5066 erat
768 5010 1067 5076 destructo,
1116 5010 1267 5077 aliud
1323 5008 1770 5080 magniﬁcentius
1820 5023 1915 5063 ex-

307 5113 603 5161 structum
636 5103 853 5174 praediis
882 5104 1096 5175 amplos
1113 5102 1445 5159 habentibus
1477 5102 1684 5158 reditus
1709 5102 1917 5159 ditave-

308 5203 423 5262 rit,
451 5208 510 5253 et
540 5198 753 5264 urbem,
786 5197 1118 5255 Euchaneia:
1144 5211 1440 5267 suppresso
1463 5196 1703 5259 nomine,
1752 5211 1915 5251 voea-

310 5292 468 5348 verit
499 5290 981 5362 Theodoropolim.
1010 5288 1207 5345 Subdit
1232 5288 1544 5351 Cedrenus,
1564 5304 1634 5342 ex
1666 5302 1777 5356 quo
1805 5289 1921 5342 haec

314 5388 656 5456 deprompta
690 5401 706 5440 :
742 5370 875 5441 sane
904 5384 991 5439 his
1006 5398 1224 5453 semper
1242 5382 1565 5452 auspicibus
1581 5388 1748 5451 atque
1766 5390 1923 5435 ante-

318 5478 576 5549 signanis
605 5477 895 5533 adversum
923 5477 1111 5533 hostes
1138 5476 1217 5531 uti
1250 5474 1464 5531 solebat
1486 5475 1785 5544 imperator
1805 5473 1916 5528 hic.

317 5570 439 5628 Nec
469 5580 673 5627 temere
707 5587 722 5625 :
755 5571 907 5626 visus
953 5570 1099 5625 enim
1154 5567 1444 5623 manifesto
1508 5574 1716 5638 martyr
1765 5580 1923 5636 opem

323 5678 495 5733 terre,
526 5664 751 5720 hostiles
775 5678 981 5720 cuneos
1005 5663 1320 5728 turbare,et
1353 5660 1793 5730 praeclarissima-
1827 5661 1928 5715 du-

322 5773 445 5813 cem
486 5773 544 5813 se
568 5765 829 5826 praestare
857 5756 1119 5811 victoriae.
1142 5752 1379 5810 Ultimus
1407 5751 1730 5807 Theodorus
1758 5752 1923 5816 alius,

325 5850 434 5906 tiro
458 5851 665 5915 dictus,
694 5865 807 5904 non
842 5849 986 5919 quod
1009 5862 1290 5903 armorum
1317 5845 1571 5902 tirocinio
1598 5845 1927 5912 erudiretur,

326 5943 429 5998 sed
450 5941 600 6012 quod
633 5942 688 5995 in
723 5943 951 5997 cohorte
970 5942 1224 5996 tironum
1256 5939 1400 5993 dicta
1427 5948 1720 6008 provectus
1744 5948 1931 5992 centu-

331 6033 417 6090 rio
448 6043 878 6104 prornererctur.
913 6033 1280 6111 Damasceuus
1317 6024 1917 6085 subdiaconusflth

2017 4832 2111 4877 aut
2136 4820 2416 4877 ﬂammula
2439 4819 2794 4889 imperatoria
2833 4813 2977 4885 apud
3012 4810 3237 4865 Grmcos
3291 4802 3608 4875 imperatori

2015 4915 2383 4987 praaportabat
2413 4932 2427 4980 ;
2454 4927 2555 4967 nec
2583 4907 2930 4964 marchioues
2958 4920 3079 4968 seu,
3110 4912 3168 4957 ut
3196 4897 3367 4956 Graeci
3423 4893 3612 4966 appel-

2015 5008 2152 5074 lant,
2183 5007 2427 5061 marcesii
2453 5018 2652 5059 nomen
2708 5000 2814 5055 hoc
2853 4997 3056 5052 habent
3087 5008 3115 5047 a
3140 4990 3332 5047 vexillo
3361 5006 3457 5046 seu
3483 4991 3613 5043 ban‘

2017 5100 2110 5166 da,
2137 5099 2231 5155 sed
2270 5096 2591 5153 aiimitibus
2649 5091 2888 5148 tuendis.
2933 5086 3094 5144 Ματή
3148 5085 3292 5140 enim
3325 5081 3612 5138 Germanis

2019 5195 2179 5249 limes
2215 5202 2319 5249 est.
2354 5190 2489 5247 Nam
2520 5189 2721 5244 ﬁnibus
2760 5182 3116 5242 defendendis
3152 5176 3397 5252 praefecti
3427 5185 3606 5235 erant.

2024 5286 2116 5357 qui
2147 5283 2408 5355 temporis
2432 5296 2725 5353 progressu
2753 5279 2820 5333 ad
2852 5275 3226 5346 amplissimas
3263 5286 3393 5339 opes
3455 5267 3610 5323 latis-

2024 5383 2303 5450 simosque
2332 5378 2675 5448 principatus
2707 5378 3050 5429 emerserunt
3080 5388 3095 5425 :
3132 5365 3316 5438 qualis
3366 5364 3514 5419 enim
3559 5369 3613 5414 et

2027 5488 2189 5543 quam
2222 5480 2415 5540 potens
2437 5466 2684 5522 marchio
2715 5462 3214 5532 Brandeburgicus,
3247 5454 3493 5512 marchio
3511 5451 3609 5505 Ba-

2029 5564 2234 5628 densis,
2271 5561 2514 5616 marchio
2546 5556 2973 5628 Onspachensis,
3024 5551 3272 5608 marchio
3338 5546 3610 5604 Moravim,

2032 5655 2278 5711 marchio
2315 5654 2613 5723 Burgoicus
2632 5661 2685 5706 et
2709 5649 2846 5705 alii?
2883 5651 2999 5716 ipse
3036 5646 3200 5700 etiam
3232 5637 3611 5695 NicctasCho-

2032 5749 2227 5810 niates,
2258 5748 2294 5802 ι.
2329 5763 2401 5800 vn
2440 5747 2505 5801 de
2541 5745 2703 5801 rebus
2738 5744 2902 5812 gestis
2933 5734 3097 5809 287
3159 5731 3420 5789 Maiiuclis
3474 5745 3614 5782 mar-

2033 5843 2192 5898 chesii
2220 5837 2610 5895 Montisfurrati
2646 5836 2982 5889 nobilitatem
3008 5842 3063 5885 et
3084 5825 3383 5899 potentiam
3407 5838 3612 5893 agnos-

2037 5953 2160 5993 cere
2189 5947 2243 5990 et
2268 5936 2563 6004 prmdicaru
2591 5941 2816 5984 coactus
2844 5936 2946 5981 est.
2977 5924 3185 5979 Csars.

2108 6028 2252 6082 Ibid.
2290 6025 2393 6095 L'I‘c‘t
2422 6024 2539 6077 τῶν
2572 6017 2909 6083 δεσποτῶν,
2947 6016 3045 6070 καὶ
3104 6013 3221 6068 τῶν
3275 6012 3611 6083 ἀρχόνζέυν.
