3852 6604
320 513 428 579 315

1407 497 1490 559 ΙΝ
1540 495 1846 557 LIBRUM
1891 489 1986 550 DE
2031 483 2359 546 OF-FICIIS

3479 463 3578 530 316

325 625 628 690 συντάξεως
659 625 767 695 ἔχει
827 621 920 675 καὶ
970 617 1279 688 φλτμουλον
1305 615 1362 668 ἓν
1396 615 1558 684 τυχδν
1589 615 1620 685 ἢ
1648 615 1759 667 δὺο.
1815 611 1908 676 Qui

2021 603 2281 660 caelestis.
2341 601 2530 656 Tertio
2583 595 3014 662 archistrategus
3069 579 3179 644 non
3207 594 3324 644 erat
3351 584 3577 642 cilicium

321 716 656 770 ﬂammulam
685 719 881 782 gestat,
916 709 1120 764 Graecis
1146 715 1228 762 est
1261 705 1566 775 [lamularis
1593 719 1684 758 seu
1741 705 1904 770 ﬂam-

325 809 498 863 bular.
531 806 789 860 Pandect.
822 803 990 856 Turc.
1019 817 1067 856 c.
1105 799 1206 852 174
1233 809 1288 854 ει
1343 797 1464 852 Vet.
1511 795 1694 851 Gloss.
1760 793 1904 862 apud

325 898 524 966 Rigalt.
558 895 973 964 φλαμουλάριοι.
1003 893 1057 948 ltt
1087 891 1394 946 Turno—Gr.
1465 905 1518 958 p.
1579 887 1674 940 161
1734 885 1910 953 φλαμ-

321 989 612 1056 πυλάρεοι
649 985 952 1056 vexilliferi.
985 1002 1036 1053 p.
1067 986 1164 1039 εοι
1230 983 1506 1037 llambolcr
1536 981 1744 1048 signum
1811 991 1904 1030 seu

320 1079 598 1135 vexillarii.
633 1078 878 1133 Transiit
910 1077 1126 1132 llamnla
1158 1093 1220 1131 ex
1255 1075 1411 1129 Latio
1445 1075 1508 1128 ad
1544 1073 1784 1135 Graecos,
1815 1069 1906 1138 qui

325 1171 458 1225 illud
494 1173 664 1234 varie,
691 1181 746 1222 ut
785 1170 984 1236 solent,
1037 1169 1422 1220 immutarunt.

395 1262 454 1315 Ρ.
496 1263 584 1316 48.
638 1261 931 1328 Flagitiose
987 1273 1218 1330 prorsus
1257 1258 1457 1312 Junius
1486 1257 1539 1309 in
1578 1255 1912 1326 interpreta-

324 1353 474 1412 tione
533 1362 586 1406 et
627 1352 990 1422 explicatione
1033 1365 1222 1406 corum
1285 1365 1405 1419 qua:
1469 1348 1645 1402 iliCtlL'
1677 1345 1912 1400 llantulis

324 1445 644 1498 scribuntur
672 1453 923 1499 versatus
959 1453 1065 1497 est.
1123 1441 1177 1497 ld
1209 1453 1266 1497 ut
1291 1441 1584 1507 viilcas,en
1632 1441 1730 1493 tibi
1766 1437 1912 1492 Junii

321 1539 510 1590 verba:
544 1537 621 1588 Ea
647 1535 910 1606 (liamula)
936 1545 1058 1589 sunt
1083 1537 1212 1592 haec.
1248 1535 1486 1588 Primum
1503 1537 1600 1605 fert
1629 1534 1917 1587 archistra-

327 1637 472 1699 tegus
496 1647 514 1683 :
538 1631 779 1699 princeps
813 1645 1086 1683 sacrorum
1122 1629 1427 1692 secundum,
1455 1627 1646 1680 habens
1665 1627 1915 1696 imagines

323 1725 525 1777 divinas
543 1725 755 1778 multas.
780 1723 946 1777 Aliud
972 1725 1177 1788 tertius,
1203 1722 1396 1775 habens
1420 1721 1674 1789 imagines
1707 1731 1919 1774 sancto-

325 1833 442 1869 rum
471 1825 698 1886 quatuor
724 1834 1036 1888 magnorum
1063 1825 1381 1885 martyrum,
1415 1815 1690 1879 Demetrii,
1716 1813 1920 1869 Proco-

322 1909 398 1976 pii
427 1918 475 1961 et
510 1907 791 1962 Theodori.
833 1909 1018 1974 Aliud,
1063 1911 1150 1979 qui
1182 1909 1284 1976 fert
1335 1917 1580 1961 sanctum
1633 1907 1914 1976 Georgium

324 2000 573 2068 equitem,
591 1999 740 2054 aliud
764 2000 1130 2062 draconteum,
1153 1999 1370 2052 etaliud
1393 2001 1588 2052 habens
1613 2009 1904 2068 equestrem

325 2093 660 2159 imperatoris
721 2101 984 2147 statuam.
1023 2092 1320 2162 Perperam
1373 2107 1627 2162 prorsus.
1673 2089 1906 2145 Verten-

325 2187 453 2240 dum
491 2189 660 2253 enim,
719 2197 778 2246 ut
835 2189 952 2262 ipsa
1008 2187 1178 2246 verba
1237 2197 1293 2244 et
1351 2203 1504 2244 mens
1559 2187 1907 2256 Guropalatze

325 2280 630 2345 postulant,
689 2281 840 2335 hunc
897 2282 952 2336 in
989 2283 1210 2336 modum
1244 2295 1258 2334 :
1320 2281 1402 2338 Ea
1431 2292 1605 2334 autem
1635 2277 1902 2349 (ﬂatnula)

323 2382 445 2425 sunt
498 2375 628 2428 huic.
684 2373 928 2430 Primum
979 2375 1434 2444 archistrategus:
1501 2373 1737 2426 alterum
1785 2389 1905 2427 t'ero

326 2463 654 2536 (ﬂantulum)
713 2471 912 2528 multas
971 2468 1169 2522 habens
1205 2485 1392 2522 sacras
1444 2477 1494 2521 et
1523 2467 1739 2522 divinas
1765 2467 1904 2520 ima-

325 2555 473 2626 gines
502 2559 810 2627 pontiﬁcqu
840 2570 888 2614 et
921 2559 1176 2615 Ecclesia:
1219 2559 1534 2629 mensulam;
1565 2559 1716 2614 aliud
1748 2574 1904 2624 crux,

326 2649 519 2703 habens
541 2650 850 2720 (legendum
872 2653 1016 2706 enim
1052 2669 1116 2707 ex
1136 2654 1260 2706 cod.
1288 2669 1390 2706 ms.
1412 2652 1655 2708 doctoris
1683 2649 1906 2722 Georgii

331 2741 638 2806 Lautlterii,
667 2743 796 2798 ἄλλο
859 2745 1094 2814 σταυρὸς
1135 2744 1294 2814 ἔχων)
1322 2746 1578 2814 imagines
1606 2751 1908 2798 sanctorum

327 2847 558 2904 quatuor
588 2851 898 2904 magnorum
931 2835 1097 2908 284
1121 2846 1439 2906 martyrum,
1461 2834 1736 2902 Demetrii,
1769 2835 1908 2890 Pro-

332 2929 472 2998 copii
500 2936 550 2982 et
585 2930 862 3000 utriusque
897 2929 1158 2984 Theodori
1187 2929 1499 3000 (legendum
1531 2930 1678 2984 enim
1709 2929 1762 2984 in
1789 2931 1908 2999 plu-

337 3019 436 3072 ιιιιὶ
494 3019 812 3091 Θεοδώρων,
867 3032 927 3076 ιιι
989 3022 1193 3076 habent
1242 3038 1377 3078 mss.
1425 3022 1692 3091 codices).
1745 3021 1907 3076 Aliud

329 3107 524 3163 habens
561 3111 727 3184 (ἔχον)
752 3112 810 3168 S.
839 3111 1123 3186 Georgium
1180 3114 1433 3184 equitem.
1493 3113 1655 3168 Aliud
1680 3114 1909 3168 dracon-

329 3212 490 3270 teum,
519 3213 568 3257 et
596 3203 743 3259 aliud
767 3205 961 3259 habens
981 3214 1273 3275 equestrem
1297 3206 1632 3275 imperatoris
1647 3216 1906 3264 statuam.

333 3295 488 3350 llanc
523 3311 642 3352 esse
669 3312 854 3352 veram
904 3298 1412 3368 interpretationem
1449 3299 1630 3368 quivis
1661 3301 1744 3354 vel
1770 3315 1902 3370 pau-
1927 3299 1970 3358 C
2010 3294 2209 3356 innuit,
2275 3307 2326 3346 c.
2390 3291 2446 3352 4,
2477 3295 2532 3342 et
2589 3285 2966 3337 Damascenus
3027 3275 3229 3328 citatus

331 3387 502 3440 Iulum
553 3399 788 3442 mentem
821 3387 1113 3443 advertens
1163 3389 1458 3445 fatebitur:
1495 3407 1621 3445 nam
1663 3391 1902 3460 primum

328 3478 661 3549 Cur-opalata
716 3497 1041 3537 enumerare
1097 3482 1284 3537 volens
1333 3499 1584 3553 quemnam
1637 3487 1750 3538 sint
1809 3483 1905 3537 illa

329 3571 633 3633 llammula.
661 3574 738 3626 ait
763 3584 885 3628 sunt
916 3587 1088 3630 autem
1117 3577 1226 3630 hazc
1258 3593 1274 3630 :
1300 3587 1485 3645 postea
1523 3577 1741 3646 singula
1779 3591 1906 3646 per-

330 3673 540 3718 censet.
603 3663 871 3728 Primum,
930 3665 1129 3736 inquit,
1186 3676 1264 3721 est
1307 3669 1744 3738 archistrutegus,
1796 3683 1902 3720 non

329 3757 427 3825 fert
463 3757 902 3829 archistrategus.
955 3757 1143 3831 Neque
1198 3763 1343 3814 enim
1380 3763 1709 3830 th-opalata
1743 3761 1907 3816 liabet

327 3849 474 3903 istud
509 3849 634 3919 fert,
659 3853 754 3908 sed
777 3854 1004 3922 primum
1027 3863 1102 3907 est
1135 3869 1228 3910 seu
1249 3853 1904 3924 diciturarchistratcgus,

329 3961 356 3998 a
409 3944 472 3998 ι).
521 3943 804 4001 Michaelis
850 3948 1109 4018 imagine,
1188 3965 1310 4018 qua:
1365 3950 1417 4002 in
1494 3949 1587 4003 illo
1625 3931 1907 4002 llamniulo

329 4050 588 4104 expressa
622 4045 676 4090 et
703 4037 902 4092 cllit-ta.
937 4038 1074 4093 llinc
1101 4040 1466 4110 arcltangelus
1497 4040 1592 4096 toti
1625 4039 1906 4110 ﬂatumnlo

330 4143 529 4180 llttmcn
577 4127 750 4193 dedit,
801 4139 860 4184 ut
915 4131 1194 4185 diceretur
1266 4132 1704 4200 archistrategus.
1768 4107 1902 4184 Nam

332 4216 390 4271 S.
427 4218 655 4274 Michael
685 4219 1118 4290 arcliistrategus
1139 4237 1168 4274 a
1194 4221 1400 4276 Grecis
1427 4222 1728 4290 appellatur
1749 4221 1904 4288 quasi

332 4310 592 4378 princeps
612 4310 852 4366 caelestis
873 4311 1099 4364 militiae.
1123 4309 1202 4364 ita
1237 4323 1464 4365 vocatur
1505 4312 1558 4379 l)
1587 4313 1655 4366 ab
1689 4311 1907 4366 Emma—

331 4402 490 4454 nucle
538 4404 870 4470 imperatore
923 4403 1164 4459 Constit.
1208 4403 1276 4458 de
1327 4401 1538 4458 Feriis:
1595 4400 1902 4468 Feriumur,

331 4495 532 4562 inquit,
579 4505 734 4548 sexta
765 4493 1109 4565 Septembris,
1143 4495 1224 4548 ὅτι
1247 4496 1303 4549 ὲν
1335 4497 1474 4567 αὐτῇ
1511 4496 1569 4548 τὸ
1601 4498 1659 4548 ὲν
1691 4497 1904 4560 Χώναις

329 4587 424 4640 τοῦ
454 4589 897 4658 ἀρχιστρατήγου
958 4587 1180 4659 Μιχαὴλ
1213 4588 1399 4659 θαῦμα
1426 4591 1900 4662 τερατουργείται.

2007 697 2092 752 vel
2120 709 2318 750 nomen
2345 692 2508 748 otIicii
2537 689 2701 744 aulici
2723 689 2806 743 vel
2834 684 3124 741 militaris:
3159 679 3398 750 alioquin
3425 677 3582 734 omis-

2009 806 2130 844 sum
2165 803 2272 843 non
2339 786 2533 842 fuisset
2561 784 2666 836 hoc
2693 795 2894 836 munus
2925 793 2954 832 a
2995 773 3326 844 Curopalata
3357 772 3414 825 in
3439 780 3584 826 cata-

2008 883 2151 952 logo.
2173 879 2354 944 Quare
2367 893 2504 932 vana
2523 884 2604 930 est
2629 875 2717 928 illa
2739 870 3043 928 Calviniani
3067 877 3197 922 nota
3219 867 3274 920 τό
3295 863 3584 934 ἀρχιστρά-

2013 991 2210 1044 τηγος,
2237 981 2393 1044 puta,
2418 970 2656 1042 quisquis
2678 976 2756 1021 est
2784 981 2878 1035 per
2908 963 3042 1017 illud
3065 973 3294 1027 tempus.
3317 957 3387 1009 At
3409 954 3585 1008 nullus

2011 1076 2096 1122 est
2127 1066 2564 1132 archistrategus
2604 1067 2750 1132 apud
2797 1057 3186 1127 Guropalatam
3217 1045 3584 1105 nisi‘Micltael

2013 1161 2399 1230 archangelus.
2438 1157 2642 1212 Gut-:15.

2085 1253 2144 1308 P.
2171 1253 2261 1308 48.
2289 1250 2566 1324 [leestis
2595 1243 2984 1312 terrestrisque
3005 1238 3216 1295 militiae
3237 1235 3344 1291 dux
3363 1233 3589 1288 ducum—

1967 1351 1980 1369 ’
2014 1359 2126 1418 que‘
2152 1346 2396 1399 omnium
2433 1343 2685 1412 princeps
2709 1335 2960 1404 Michael,
2993 1330 3436 1404 ἀρχιστράτηγος
3461 1325 3586 1378 ideo

2019 1452 2046 1490 a
2079 1436 2359 1496 militibus,
2397 1449 2426 1488 a
2459 1433 2623 1501 vulgo
2667 1430 2793 1500 (hoc
2827 1427 2972 1482 enim
3007 1422 3128 1479 solo
3157 1418 3378 1474 nomine
3407 1415 3586 1484 plebe-

2019 1532 2162 1586 culte
2197 1541 2362 1584 notus
2419 1527 2526 1595 est)
2591 1524 2893 1594 ταξιάρχης
2964 1518 3277 1577 salutatus;
3309 1511 3466 1581 cujus
3495 1524 3588 1562 no-

2020 1626 2165 1680 mine
2195 1623 2483 1678 ecclesiam
2518 1621 2572 1674 in
2629 1615 2930 1674 Sostbenio
2959 1621 3118 1667 extra
3151 1622 3344 1664 muros
3375 1604 3587 1660 dedica-

2022 1728 2128 1773 tam
2159 1711 2759 1780 aCoustantino,cujus
2787 1704 3090 1762 munimine
3123 1700 3366 1769 reginam
3401 1695 3584 1749 urbem

2021 1808 2324 1864 abinsultu
2380 1805 2740 1858 barbarorum
2797 1815 2904 1854 non
2965 1793 3134 1850 sen'el
3197 1798 3438 1860 ereptam
3511 1800 3590 1840 re-

2023 1903 2129 1958 fert
2185 1901 2557 1954 Damascenus
2624 1879 2868 1948 Studites
2916 1887 3307 1943 subdiaconus
3378 1877 3590 1948 vulgari

2019 1975 2272 2050 sermone
2295 1993 2363 2048 de
2384 1991 2502 2061 ejus
2532 1987 2828 2044 festivitate
2853 1984 3081 2052 scripto,
3114 1993 3276 2050 quem
3301 1975 3450 2032 velut
3483 1987 3594 2027 ma-

2010 2088 2198 2154 gniac
2253 2081 2601 2142 celeberrimi
2645 2079 2704 2134 S.
2775 2077 3002 2146 SOpltite
3061 2071 3246 2141 templi
3309 2067 3590 2123 custodem

2011 2179 2262 2249 depinxit
2309 2177 2659 2234 Justinianus
2719 2173 2776 2225 iv
2815 2170 3056 2241 προνάῳ,
3085 2167 3210 2219 καθ’
3235 2163 3263 2216 ὅ
3289 2163 3353 2232 δὴ
3381 2164 3410 2214 ὁ
3440 2159 3592 2230 πρώ-

2009 2291 2196 2338 τιστος
2227 2273 2320 2327 καὶ
2357 2273 2618 2340 μέγιστος
2651 2267 2758 2322 τῶν
2791 2261 3296 2336 παραστατοὺντων
3326 2253 3593 2324 ἀρχαγέλο

2010 2367 2119 2420 λων
2179 2365 2300 2436 Θεῷ
2329 2362 2551 2432 Μιχαὴλ
2581 2359 2930 2426 ἐσπασμένος
2990 2351 3267 2424 ῥομφαίαν
3293 2345 3594 2415 ἐστὴλωται

2017 2455 2270 2525 ψηφίδων
2329 2454 2564 2516 λεπταῖς
2591 2449 2896 2511 ἐπιθέσεσι,
2939 2441 3116 2514 φύλαξ
3152 2437 3596 2510 προϐεϐλημένος

2011 2550 2106 2604 τοῦ
2137 2547 2307 2621 ἱεροῦ,
2342 2547 2521 2616 inquit
2551 2543 2770 2598 Nicetes
2803 2541 2856 2594 in
2891 2537 3080 2592 Alexio
3111 2535 3188 2600 ll;
3221 2545 3382 2600 quem
3415 2539 3598 2582 sacro-

2013 2659 2132 2699 rum
2187 2641 2450 2712 przesidcs
2538 2639 2593 2691 in
2662 2635 2804 2691 sacri
2858 2628 3151 2686 tribunalis
3203 2623 3435 2684 foribus,
3487 2631 3592 2672 non

2012 2707 2300 2806 ejiciendis
2333 2731 2428 2786 sed
2465 2727 2804 2782 advocandis
2851 2721 3033 2792 potiqs
3064 2717 3116 2770 in
3159 2711 3468 2784 paradisum
3500 2707 3598 2760 bo-

2013 2828 2286 2892 minibus,
2343 2822 2720 2878 excubitorcm
2784 2831 2890 2870 non
2939 2813 3170 2883 pingunt
3203 2807 3368 2862 modo
3408 2803 3502 2858 sed
3539 2810 3593 2854 ct

2014 2929 2376 2983 venerantur,
2415 2921 2655 2970 tremunt
2709 2920 2761 2964 et
2785 2915 3106 2980 precantur,
3143 2911 3203 2956 ut
3233 2901 3286 2952 in
3321 2895 3593 2950 Eucliolo-

2015 3014 2149 3084 gicis
2199 3009 2582 3068 cnarravimus
2619 3022 2632 3071 ;
2679 3016 2842 3073 quem
2878 2997 3119 3066 denique
3149 2990 3364 3061 imperii
3397 2987 3586 3043 defen-

2022 3122 2205 3164 sorem
2239 3103 2403 3159 simul
2433 3117 2556 3156 cum
2591 3095 2848 3151 Gabriele
2867 3091 3024 3148 socio
3047 3088 3150 3143 sibi
3185 3089 3372 3140 datum
3401 3091 3591 3136 tenue-

2020 3210 2154 3257 runt
2179 3197 2493 3254 Graecorum
2514 3190 2812 3263 principes,
2852 3185 2970 3252 ubi,
2997 3187 3158 3253 prout
3195 3185 3386 3233 auctor
3412 3183 3594 3229 noster

3285 3269 3593 3338 proﬁtetur,

2013 3387 2307 3454 imaginem
2359 3395 2514 3436 suam
2571 3377 2697 3430 hinc
2747 3371 2876 3426 inde
2924 3365 3179 3422 aesacris
3212 3362 3336 3416 istis
3368 3347 3594 3412 duobus

2013 3478 2316 3534 taxiarcliis
2345 3475 2602 3540 stipatam
2658 3475 2983 3521 concessere
3037 3455 3396 3527 gestandum:
3431 3447 3597 3518 285

2010 3571 2150 3640 ejus,
2202 3568 2450 3636 inquam,
2519 3559 2728 3616 nomini
2753 3557 2995 3626 primum
3031 3546 3460 3621 etpra‘cipuum
3497 3541 3597 3594 im-

2009 3662 2146 3732 perii
2193 3658 2531 3714 ﬂainmulum
2560 3661 2946 3709 consecratum
2997 3655 3100 3712 est,
3133 3651 3188 3699 et
3225 3634 3596 3710 ἀρχιστράτηο

2011 3771 2107 3825 γος
2137 3758 2512 3819 nuncupatur.

2079 3845 2220 3900 Ibid.
2242 3841 2521 3914 [Εἰκόνας
2537 3839 2696 3906 ἔχων
2713 3833 2971 3898 πολλάς.
2998 3830 3056 3884 Si
3077 3829 3260 3900 plures
3279 3823 3596 3896 pontificum

2012 3938 2278 4006 imagines
2301 3948 2365 3988 eo
2389 3931 2585 3988 vexillo
2617 3930 2938 4000 pinguntur,
2971 3937 3160 3978 eorum
3185 3935 3324 3990 quos
3349 3915 3597 3971 devotius

2011 4031 2263 4086 coluntct
2284 4027 2336 4080 in
2361 4023 2593 4095 publicis
2625 4019 2878 4090 precibus
2903 4013 3246 4083 frequentius
3275 4009 3596 4070 inclamant,

2013 4119 2196 4191 magni
2232 4117 2440 4182 Basilii,
2480 4112 2730 4182 Grcgprii
2767 4096 3060 4175 Tlteologi,
3085 4102 3315 4156 Joannis
3357 4099 3599 4169 Chryso-

2011 4188 2195 4281 atomi,
2225 4203 2736 4278 Athanasii,Cyrilli
2771 4195 3126 4254 Alexandrini
3161 4203 3217 4249 et
3247 4191 3450 4246 Nicolai
3487 4188 3600 4258 ιι)-

2015 4305 2194 4360 rcusis
2241 4301 2442 4355 ibidem
2477 4297 2683 4368 positas
2731 4291 2862 4346 mihi
2897 4303 3123 4360 prorsus
3159 4281 3442 4338 indubiam
3474 4289 3597 4343 est;

2011 4407 2066 4454 et
2117 4403 2265 4451 certe
2295 4395 2350 4448 in
2393 4387 2616 4446 octit‘tdo
2679 4383 2880 4439 vexillo
2910 4377 3214 4450 ejusmodi,
3243 4389 3342 4444 pro
3361 4371 3599 4440 singulis

2011 4491 2272 4548 nimirum
2297 4485 2516 4554 lingulis
2549 4493 2745 4544 unum,
2775 4484 2900 4531 octo
2929 4483 3130 4527 censeo
3161 4467 3426 4536 depictos,
3450 4473 3504 4518 et
3533 4465 3599 4516 ad

2013 4583 2224 4654 priores
2267 4594 2376 4632 non
2423 4589 2614 4646 parum
2660 4571 2728 4626 ab
2801 4568 2882 4624 eis
2911 4563 3216 4621 celebratos
3271 4558 3598 4628 Gregorium

330 4679 387 4750 c.2)
415 4681 455 4732 A
493 4651 745 4736 Gedreno
863 4651 1097 4752 imperio
1125 4651 1722 4738 Basilii-Maceilonis'r
1749 4682 1902 4735 Ἀνε-
1935 4681 1978 4736 Β
2009 4651 2474 4738 'l‘haumaturgum
2501 4661 3116 4729 etHierosolymitanum
3135 4653 3398 4724 Cyrillum
3427 4651 3598 4706 alium

333 4770 549 4826 καίνισε
605 4771 662 4824 δὲ
731 4771 821 4826 τὸν
885 4775 1063 4844 μέγαν
1116 4771 1212 4826 τοῦ
1265 4773 1710 4844 ἀρχιστρατήγου
1780 4773 1906 4826 ναὸν

332 4867 422 4918 τὸν
475 4866 530 4918 ὲν
572 4865 881 4936 Σωσθενίῳ.
939 4866 996 4935 5)
1044 4867 1087 4919 Α
1141 4865 1328 4926 Nicela
1387 4865 1718 4920 Cltoniatel.
1749 4881 1810 4920 ιιι
1843 4868 1908 4919 de

337 4956 571 5026 imperio
630 4957 804 5013 lsaaci
851 4958 1079 5028 Angeli:
1126 4957 1603 5012 Ἐπισκευάσαιδὲ
1627 4957 1908 5029 βουληθεὶς

333 5049 429 5101 καὶ
462 5050 553 5102 τὶν
577 5052 635 5103 ἐν
665 5052 744 5121 τῷ
777 5051 1006 5124 ἀνάπλῳ
1033 5051 1169 5110 νεὼν
1207 5050 1302 5104 τοῦ
1329 5053 1775 5122 ἀρχιστρατήγου
1801 5049 1911 5101 τῶν

333 5140 445 5194 ἄνω
481 5141 689 5206 τάξεων
749 5143 992 5214 Μιχαὴλ.
1029 5142 1164 5198 Eod.
1187 5143 1283 5199 lib.
1317 5143 1410 5206 Εἰς
1441 5143 1530 5196 τδν
1565 5142 1912 5212 περιώνυμον

333 5231 472 5286 νεὼν
525 5233 974 5306 ἀρχιστρατήγου
997 5235 1106 5287 τῶν
1147 5234 1309 5288 θείων
1341 5235 1432 5288 καὶ
1461 5215 1640 5288 ἁῦ).ων
1669 5233 1911 5303 Μιχαὴλ.

336 5323 482 5378 Idem
507 5323 547 5378 l.
571 5341 638 5380 vn
660 5325 728 5382 de
762 5327 993 5396 imperio
1015 5326 1306 5382 Manuelis.
1332 5328 1574 5396 Denique
1597 5327 1790 5381 eodem
1825 5341 1914 5378 ar-

335 5419 656 5489 chistrategi
688 5420 909 5474 nomine
933 5419 1178 5476 alliciunt
1207 5421 1264 5475 S.
1283 5419 1602 5475 Michaelem
1625 5419 1800 5474 Graeci
1819 5421 1912 5488 qui

338 5513 587 5566 (‘llt'Olllla
631 5514 684 5566 in
722 5529 845 5568 eum
882 5515 1294 5583 scripseruntet
1321 5513 1591 5567 miracula
1626 5513 1785 5566 abeo
1817 5527 1916 5581 pa-

341 5613 484 5657 trata
539 5604 734 5658 litteris
781 5606 1202 5676 consignarunt.
1260 5605 1468 5660 Deinde
1521 5621 1644 5659 cum
1673 5605 1825 5675 signa
1863 5617 1916 5659 et

347 5695 565 5757 vexilla,
621 5711 742 5764 qua:
763 5695 1094 5766 Curopalata
1131 5703 1550 5758 commemorat,
1584 5696 1917 5765 imaginibus

347 5789 592 5842 multum
647 5801 908 5844 exornata
971 5789 1196 5853 fuerint,
1248 5791 1474 5844 omnino
1525 5799 1742 5860 oportet
1775 5801 1834 5842 ut
1866 5799 1920 5842 et

325 5881 588 5960 .pt'illtlllll
646 5881 819 5953 relligio
869 5883 1052 5952 aliqua
1109 5881 1274 5938 fuerit
1317 5883 1634 5954 insignitum
1669 5904 1681 5938 :
1717 5893 1772 5938 at
1813 5885 1918 5938 alia

353 5971 672 6056 insignitum
702 5991 807 6030 non
835 5973 1113 6043 fuitquam
1139 5973 1230 6026 τοῦ
1257 5973 1695 6044 ἀρχιστρατήγου
1719 5975 1921 6029 militi:e

2013 4755 2340 4824 accessisse.
2371 4757 2572 4831 Gosn.]

2085 4859 2230 4913 Ibid.
2261 4855 2370 4910 Nec
2391 4856 2574 4908 minus
2596 4859 2743 4906 errat
2763 4847 2982 4910 Junius,
3009 4857 3130 4899 cum
3161 4839 3294 4896 illud
3322 4835 3600 4910 ἱεραρχῶν

2013 4953 2128 5006 vult
2155 4951 2298 5005 idem
2323 4961 2448 5002 esse
2471 4945 2616 5012 quod
2631 4942 2870 5010 princeps
2893 4952 3190 4997 sacrorum.
3219 4935 3372 5002 quasi
3391 4933 3604 4986 scilicet

2015 5045 2269 5115 princeps
2295 5053 2576 5098 sacrorum
2603 5038 2742 5092 ferat
2767 5033 2901 5088 illud
2938 5030 3220 5086 vexillum.
3247 5029 3430 5092 Nugze.
3457 5023 3599 5078 Nam

2017 5135 2292 5205 ἱεραρχῶν
2317 5141 2399 5186 est
2427 5127 2638 5200 patrius
2682 5141 2842 5180 casus
2895 5121 3104 5176 muneri
3153 5115 3518 5173 multitudinis
3571 5130 3604 5169 a

2017 5235 2164 5280 recto
2199 5221 2485 5294 ἱεράρχης,
2519 5233 2642 5289 quae
2669 5231 2774 5272 vox
2808 5212 3114 5282 praesulem,
3153 5209 3470 5278 episcopum
3505 5219 3604 5260 seu

2020 5315 2328 5388 pontificem
2357 5315 2601 5368 denotat.
2655 5307 2929 5362 Νικολάου
2991 5303 3086 5356 τοῦ
3131 5299 3487 5372 περιωνύμου
3545 5301 3604 5352 ὲν

2021 5415 2310 5485 ἱεράρχαις
2342 5412 2434 5464 τὴν
2454 5407 2760 5478 περικαλλῆ
2791 5402 3005 5456 τουτονὶ
3029 5400 3175 5464 ναόν,
3197 5397 3376 5466 inquit
3397 5393 3608 5448 Cedre-

2022 5528 2122 5566 nus
2155 5511 2212 5564 in
2243 5507 2475 5579 imperio
2505 5502 2715 5558 Basilii.
2767 5499 2910 5568 Ergo
2957 5494 3236 5550 hierarclta
3285 5490 3608 5562 Cpolitanus

2021 5611 2136 5658 erat
2165 5599 2478 5672 patriarcha
2529 5595 2774 5666 ejusdem
2831 5589 3002 5654 urbis,
3061 5601 3220 5657 quem
3283 5585 3608 5654 imperatori

2020 5693 2298 5747 llanutlum
2325 5705 2422 5746 seu
2453 5685 2712 5743 vexillum
2739 5691 3096 5754 praeportasse
3113 5679 3235 5749 quis
3259 5676 3462 5740 credat,
3495 5675 3608 5732 nisi

2023 5785 2246 5864 aliunde
2266 5784 2317 5838 id
2349 5781 2547 5837 Junius
2581 5777 2772 5848 probet
2801 5775 2824 5830 ?
2852 5775 3048 5829 GRETS.

2097 5859 2232 5931 Ibid.
2265 5870 2671 5948 [ὀκταπόδιον.
2697 5868 2905 5922 Pisccm
2937 5863 3250 5934 polypodem
3302 5859 3608 5914 hodiernus

2025 5971 2280 6040 loquendi
2314 5981 2446 6024 usus
2481 5963 2800 6021 ὀκταπόδιον
2837 5967 3012 6015 vocat.
3055 5955 3464 6012 chillnmillud
3491 5959 3609 6012 dis-
