3852 6590
316 510 418 578 3i?

1441 519 1825 581 GBETSERI
1867 519 1965 579 ET
2006 519 2243 583 GOARI
2285 524 2526 587 NOTAE.

3487 516 3594 583 3i8

310 630 479 686 sectis
506 629 991 690 laciniisinl‘crius
1024 634 1262 691 divisum
1304 636 1710 710 ὁκτάγλωσσον,
1753 643 1912 712 poly-

2030 642 2120 697 καὶ
2148 644 2306 707 αὐτὸς
2347 644 2473 709 ἕνας
2509 645 2586 708 εἰς
2619 642 2675 698 τὸ
2702 642 2890 713 τάγμα
2936 639 3072 693 ὅπου
3108 636 3453 706 ὠνομάζετον
3481 632 3595 686 τύ-

309 722 621 794 podemque
651 724 919 782 scissuris
941 726 1205 792 referens,
1237 728 1565 786 ὀκταποδίου
1586 748 1784 787 nomen
1811 749 1905 789 ac-

305 816 455 883 cepit
475 832 503 869 a
542 817 732 888 vulgo.

382 905 530 961 Ibid.
570 908 866 980 [Σταυρὸς
892 912 1052 981 ἔχων
1079 912 1345 981 εἰκόνας.
1392 914 1623 977 Crucem
1662 917 1805 974 hanc
1851 918 1906 975 iu

301 1000 512 1054 castris
538 1012 593 1054 et
628 1000 986 1059 conﬂictibus
1043 1005 1276 1060 delatam
1349 1006 1618 1073 ejusmodi
1672 1010 1909 1068 arbitror

301 1091 504 1158 qnales
538 1093 594 1165 in
624 1094 800 1148 sacris
837 1095 1187 1162 processibus
1222 1096 1307 1152 vel
1362 1099 1413 1152 in
1467 1101 1717 1156 ecclesiis
1776 1100 1907 1155 ado.

303 1183 518 1237 randas
552 1198 639 1239 me
660 1187 1014 1256 conspexisse
1039 1189 1285 1242 memini.
1340 1188 1559 1260 Lignea:
1619 1200 1750 1247 sunt
1801 1193 1907 1248 illm

303 1272 633 1344 (argenteas
659 1280 955 1350 aureisque
1011 1281 1233 1337 laminis
1292 1292 1577 1340 contectis
1636 1287 1906 1355 rapacitas

301 1366 549 1423 Turcica
581 1370 934 1442 eliminavit),
963 1380 1016 1428 et
1049 1375 1113 1428 ad
1142 1391 1333 1435 earum
1399 1386 1676 1436 extremos
1724 1395 1907 1436 ramos

299 1464 570 1531 quamvis
599 1464 815 1534 amplos
847 1466 1071 1522 latiores
1101 1469 1281 1524 adhuc
1320 1469 1652 1526 trifoliorum
1721 1470 1906 1541 ﬁgurae

303 1556 657 1625 prominent,
690 1558 745 1612 in
773 1557 976 1629 quibus
1000 1576 1394 1633 nonnunquam
1424 1571 1623 1634 pectus
1656 1572 1709 1620 et
1737 1566 1906 1621 facies

299 1657 556 1718 quatuor
583 1651 1040 1721 evangelistarum
1075 1654 1159 1708 vel
1179 1653 1308 1709 hinc
1336 1654 1463 1711 inde
1498 1656 1742 1729 Deiparze
1773 1670 1826 1713 et
1846 1656 1903 1714 S.

302 1740 557 1799 Joannis
600 1742 905 1800 aliorumve
932 1744 1098 1801 variis
1131 1747 1732 1831 coloribus,ldelineata
1756 1752 1907 1825 prius

298 1834 361 1888 in
397 1836 587 1892 medio
617 1839 869 1894 cruciﬁxi
894 1839 1099 1910 specie,
1128 1849 1447 1896 exarantur.
1475 1840 1677 1909 Quidni
1705 1844 1907 1915 pariter

297 1927 475 1991 οὗτος
508 1932 539 1983 ὀ
569 1930 809 2004 σταυρὸς
846 1931 985 2003 ιχων
1022 1931 1103 2004 (ἐν
1126 1935 1250 1998 ταῖς
1288 1934 1537 2007 ἀκρίαις)
1567 1937 1677 1990 τῶν
1733 1937 1906 2005 ἁγίων

2021 754 2211 806 ρωνες,
2245 735 2393 790 ὼσὰν
2419 737 2485 793 νὰ
2520 736 2680 808 εἴπῃς
2707 734 3122 803 ἑκατόνταρχος.
3156 729 3221 784 In
3254 729 3437 787 oraine
3464 727 3596 780 tiro-

2017 845 2143 881 num
2191 827 2573 883 numerabatur
2611 828 2929 898 prmeipuus,
2974 830 3108 879 eetut
3152 823 3198 876 si
3239 820 3595 876 centurionem
3638 864 3657 871 κ

2016 923 2188 977 dicas.
2214 921 2295 981 lla
2319 921 2499 976 dictus
2531 930 2723 975 auctor
2760 918 2968 987 vulgari
3001 901 3284 971 idiomate.
3318 908 3522 982 Coum]

2066 1014 2144 1083 Ρ.
2175 1014 2262 1067 48.
2303 1012 2439 1073 Illud
2493 1009 2785 1082 Θεοδώρων
2837 1021 2920 1066 est
2977 1008 3267 1077 utriusque
3325 1001 3595 1059 Theodori

2019 1106 2299 1177 martyris,
2333 1106 2489 1161 ducis
2517 1114 2570 1160 et
2612 1104 2832 1161 tironis.
2904 1101 3113 1155 Prioris
3167 1099 3366 1154 festum
3431 1102 3594 1166 agunt

2016 1197 2187 1254 Grmci
2213 1200 2245 1253 8
2276 1197 2447 1257 Junii.
2481 1197 2803 1267 posterioris
2836 1195 2901 1248 l7
2929 1192 3091 1249 Febr.
3125 1190 3187 1245 Et
3215 1190 3268 1244 in
3304 1190 3447 1243 hunc
3469 1188 3575 1240 tiro

2017 1305 2139 1344 nem
2171 1299 2347 1346 exstat
2374 1287 2432 1347 S.
2457 1287 2706 1360 Gregorii
2741 1286 2974 1360 Nysseni
3005 1282 3371 1355 pulcherrima
3395 1279 3600 1337 oratio.

2014 1380 2217 1443 Gnsrs.

2066 1472 2205 1531 Ibid.
2224 1469 2547 1545 [Γεὼργιον
2562 1469 2850 1538 ἔφιππον.
2865 1463 3219 1522 Notissimum
3237 1460 3367 1515 olim
3384 1452 3600 1519 ducem.

2014 1565 2221 1621 sanctis
2265 1579 2415 1619 nunc
2459 1563 2690 1618 tolerato
2724 1558 2989 1630 martyrio
3009 1555 3299 1625 Georgium
3343 1550 3599 1606 allectum

2014 1658 2253 1730 equitem
2287 1670 2502 1727 semper
2530 1654 2760 1726 pingunt
2790 1650 2993 1718 Grarci;
3020 1649 3166 1719 quod
3194 1636 3395 1717 saepius
3424 1644 3496 1699 sit
3522 1641 3604 1697 vi-

2015 1767 2109 1807 sus
2134 1749 2488 1825 καϐαλλάρης
2515 1749 2592 1810 εἰς
2610 1746 2806 1815 ἄλογον
2840 1742 3053 1817 ἄσπρον
3077 1749 3133 1798 et
3160 1738 3492 1809 λευκοφόρος
3512 1753 3605 1789 κα-

2016 1845 2313 1916 6αλλάριος
2340 1844 2417 1907 εἰς
2440 1842 2636 1910 ἄλογον
2659 1839 2890 1909 ἀσπρον.
2921 1832 3294 1891 Damascenus
3316 1831 3516 1889 citatus
3547 1826 3603 1882 in

2016 1934 2322 1992 Thesauro.
2360 1935 2435 1990 De
2462 1932 2698 2000 Georgio
2730 1943 2780 1986 et
2805 1927 3095 1985 Theodoro
3126 1924 3332 1981 sanctis
3388 1921 3604 1977 Graeco-

300 2024 602 2093 τεσσάρων
625 2025 882 2094 μσγὰλων
902 2022 1198 2101 μαρτύρων
1226 2006 1443 2093 ιῑκόνας
1478 2006 1732 2098 ἐφαίνετο
1753 2049 1768 2098 ;
1786 2047 1910 2087 eru-

2030 2045 2139 2085 tum
2172 2028 2597 2084 auxiliatoribus
2624 2024 2867 2087 Nicetes,
2892 2019 3157 2075 Manuelis
3176 2014 3442 2071 Comneni
3461 2012 3498 2066 ι.
3524 2027 3601 2068 vt.

305 2129 436 2168 cem
481 2117 703 2185 qualem
740 2116 829 2174 hic
863 2135 1109 2176 memoro
1148 2122 1395 2192 depictus
1437 2123 1491 2177 in
1528 2124 1776 2181 iconibus
1815 2141 1913 2196 per

308 2207 483 2262 hoc-e
500 2225 640 2280 opus
657 2211 852 2271 Codini
883 2214 1076 2284 eteius
1094 2217 1491 2273 commentaria
1516 2219 1721 2288 sparsis
1740 2230 1916 2289 gestat

311 2303 634 2371 patriarcha
658 2304 774 2363 (ΣΡ.

383 2392 772 2467 [Δημπιψῑοω
796 2399 1136 2470 Προκοπίου
1156 2400 1256 2455 καὶ
1275 2400 1610 2472 Θεοδώρων.
1634 2401 1807 2457 Duces
1828 2418 1916 2456 ar-

307 2491 422 2544 mis
454 2491 737 2558 quondam
774 2492 1018 2563 insignes
1048 2508 1330 2549 artnorutn
1359 2496 1543 2551 socios
1564 2505 1619 2551 et
1653 2495 1709 2550 in
1759 2496 1916 2552 hellis

305 2591 659 2652 protectores
704 2582 902 2640 Oriens
948 2586 1244 2642 invocabat
1308 2586 1666 2655 Demetrium,
1713 2588 1916 2645 Proco-

302 2674 495 2742 pium,
523 2674 894 2743 καλλινίκους,
927 2686 982 2732 et
1008 2677 1345 2749 Θεοδώρους,
1388 2679 1642 2736 Cedreno
1668 2681 1723 2736 in
1776 2682 1915 2739 Τιθ-

302 2764 491 2820 misce
520 2766 715 2827 durem
741 2784 908 2824 unum
938 2771 1175 2826 etalium
1211 2773 1445 2830 tironem
1473 2776 1671 2832 dictos.
1698 2775 1916 2833 Primus

304 2859 632 2919 Demetrius
716 2864 1159 2937 φλαμπουράρης
1243 2882 1309 2923 ac
1392 2883 1594 2938 praeses
1677 2870 1917 2926 Thessa-

304 2956 403 3010 lia:
456 2958 561 3013 sub
610 2956 938 3015 Maximiano
1021 2968 1232 3032 martyr
1306 2960 1441 3017 obiit
1512 2961 1919 3025 Thessalonica:

306 3050 409 3105 ubi
446 3064 649 3119 corpus
672 3050 793 3117 eius
836 3067 995 3108 sacro
1053 3052 1269 3123 liquore
1296 3056 1580 3110 exundans
1638 3058 1918 3127 perpetuis

305 3156 539 3212 quoque
574 3144 964 3200 miraculorum
1002 3146 1234 3202 scaturit
1264 3145 1506 3203 ﬁuentis.
1542 3148 1587 3204 A
1637 3149 1915 3219 profectu-

306 3235 393 3293 ris
416 3235 472 3290 in
501 3236 753 3305 praelium
791 3237 1102 3303 invocatur,
1133 3253 1345 3309 suoque
1374 3240 1638 3297 bellantes
1688 3243 1914 3313 adjuvat

2089 2120 2229 2176 Ibid.
2250 2120 2304 2176 5.
2336 2117 2769 2194 [Δρακοντεῖον.
2797 2113 2935 2173 Cum
2968 2110 3167 2191 aquilis
3187 2110 3241 2164 in
3264 2109 3437 2165 aciem
3463 2105 3603 2161 inter

2021 2215 2219 2271 vexilla
2251 2214 2339 2269 lati
2373 2220 2502 2270 sunt
2535 2211 2699 2268 etiam
2744 2209 3035 2270 dracones,
3098 2203 3334 2259 maxime
3386 2198 3604 2253 labente

2022 2305 2274 2376 imperio.
2310 2304 2476 2360 Docet
2510 2303 2865 2372 Dempsterus
2893 2295 2959 2353 ad
2988 2295 3148 2353 Boni.
3171 2293 3345 2362 antiq.
3372 2290 3601 2347 calcem.

2025 2390 2098 2453 De
2132 2395 2331 2468 quibus
2360 2395 2556 2451 Suidas
2582 2410 2635 2447 v.
2668 2392 2880 2464 Σημεῖα
2924 2409 2939 2445 z
2977 2387 3012 2443 ἃ
3036 2388 3298 2457 φέρουσιν
3326 2386 3382 2436 ὲν
3402 2381 3481 2452 τῷ
3506 2399 3602 2435 που

2022 2489 2172 2564 λέμῳ
2202 2489 2501 2561 ὑφάσματά
2523 2490 2632 2541 εισι
2668 2487 2814 2558 βαφῇ
2836 2480 3259 2552 πεποικιλμένα,
3285 2477 3321 2531 ἃ
3340 2478 3420 2540 εἰς
3455 2475 3601 2529 ἰδέαν

2024 2588 2261 2660 μάλιστα
2299 2584 2477 2656 ὄφεων
2512 2582 2789 2646 εἴκασται,
2856 2579 2950 2634 καὶ
2985 2575 3351 2649 ἀπῃώρηνται
3396 2568 3603 2625 κοντῶν

2024 2678 2383 2749 συμμέτρων.
2420 2673 2789 2743 Descripserat
2824 2669 2974 2741 prius
3003 2664 3377 2728 Marcellinus,
3402 2662 3439 2716 ι.
3471 2676 3601 2716 xvt:

2021 2774 2310 2845 Purpureis
2337 2771 2433 2827 sub
2468 2768 2781 2842 tegminibus
2800 2767 2934 2837 texti
2962 2760 3355 2818 circumdedere
3410 2756 3604 2811 draco-

2019 2887 2135 2932 nes,
2168 2868 2444 2921 hastarum
2476 2865 2654 2919 aureis
2678 2860 3027 2932 genuneisque
3061 2853 3456 2910 summitatibus
3498 2849 3609 2904 illi-

2021 2964 2158 3036 gati,
2183 2962 2335 3015 hiatu
2362 2966 2510 3013 vasto
2546 2955 2856 3029 per/lutilos,
2889 2961 2937 3007 et
2970 2949 3208 3005 relutira
3241 2944 3429 3018 perciti
3476 2942 3607 2996 sibi-

2023 3057 2213 3117 lantes.
2235 3052 2633 3123 caudarumque
2650 3047 2915 3104 volumina
2936 3044 3290 3115 relinquentes
3307 3041 3359 3093 in
3376 3047 3605 3093 ventum.

2023 3149 2226 3205 Cotini
3554 3198 3557 3199 ν

2094 3165 2197 3203 nm.
3554 3198 3557 3199 ν

2094 3146 2589 3310 llis]imperatoriis
2615 3234 2852 3291 ﬁamulis
2883 3247 2980 3290 seu
3015 3231 3228 3287 vexillis
3257 3237 3480 3300 propter
3509 3240 3605 3279 eo-

309 3329 582 3394 przesidio
610 3346 625 3396 ;
660 3345 763 3386 nec
799 3330 853 3385 in
882 3332 1110 3387 dubium
1145 3344 1435 3388 revocatur
1469 3337 1616 3404 quod
1676 3335 1909 3390 Thessa-
1939 3350 1982 3409 ο
2022 3334 2329 3405 gnationem
2356 3329 2622 3391 nominis,
2645 3327 2783 3393 adde
2802 3324 3063 3381 vexillum
3093 3322 3152 3376 S.
3185 3318 3453 3390 Dionysii,
3483 3315 3612 3372 Gal-

313 3422 700 3478 touieensibus
766 3423 1059 3480 obsidione
1100 3426 1170 3481 ab
1217 3426 1483 3480 Alusiano
1550 3424 1910 3501 Bnlgarorum

313 3515 519 3571 cinctis
570 3526 961 3588 unguentoque
1012 3519 1082 3576 ab
1134 3519 1255 3588 ejus
1305 3519 1561 3591 sepulcro
1621 3528 1914 3576 emanante

316 3610 501 3665 unctis
535 3610 797 3666 contulit.
854 3607 1119 3668 Romana:
1174 3612 1314 3668 aciei
1376 3612 1480 3669 fuit
1533 3612 1646 3668 dux
1711 3623 1916 3685 martyr

321 3701 658 3769 Demetrius,
695 3702 774 3758 ait
801 3701 1082 3760 Cedrenus
1132 3704 1185 3760 in
1242 3704 1509 3762 Michaele
1541 3705 1913 3778 Paphlagoue,

322 3796 534 3867 iterque
558 3796 954 3867 complanavit,
980 3798 1126 3867 quod
1145 3798 1365 3870 Bulgari
1388 3799 1586 3869 captivi
1604 3798 1918 3869 iuramento

317 3894 751 3954 conﬁrmarunt,
785 3890 1037 3963 dicentes
1063 3892 1269 3948 vidisse
1289 3907 1350 3949 se
1367 3893 1629 3963 juvenem
1653 3894 1915 3964 equitem,

312 3982 408 4050 qui
449 3982 710 4043 Romanae
745 3982 1001 4055 phalangi
1035 3982 1274 4056 praeiret,
1316 3999 1472 4056 aquo
1495 3986 1756 4043 exsiliens
1779 3986 1919 4056 ignis

310 4078 585 4131 adversos
612 4085 887 4131 cremarat
925 4077 1129 4135 hostes.
1163 4078 1321 4135 Alter
1366 4077 1672 4150 Procopius
1728 4080 1919 4135 militia

311 4171 505 4226 clarus
530 4169 642 4224 dux
678 4169 1024 4225 Alexandriae
1053 4170 1172 4237 luit,
1203 4178 1264 4225 ut
1296 4171 1478 4227 verbis
1512 4170 1708 4226 iisdem
1742 4152 1920 4242 Syna-

311 4264 518 4326 nriou
546 4262 746 4319 asserit
773 4259 904 4319 Julii
940 4262 1006 4318 8:
1032 4263 1265 4334 Χαιροις
1292 4262 1585 4334 μαρτύρων
1634 4261 1919 4333 καύχημα,

310 4356 596 4426 βασιλέων
620 4357 952 4428 κραταιῳμα
979 4356 1258 4426 canitejus
1285 4356 1424 4412 festo
1444 4356 1685 4419 Ecclesia
1710 4354 1919 4417 Graeca.

310 4448 552 4505 Tertius
584 4448 683 4503 fuit
714 4449 1039 4506 Theodorus
1071 4449 1456 4521 στρατηλάτης
1478 4451 1711 4519 equitum
1730 4450 1926 4519 magis—

314 4555 407 4597 ter
443 4541 549 4594 sub
582 4538 816 4606 Licinio,
871 4556 900 4597 a
933 4556 1040 4611 quo
1071 4549 1305 4600 mortem
1337 4541 1546 4596 illatam
1610 4540 1871 4596 sustinuit
1906 4558 1920 4595 :

313 4632 452 4687 exin
475 4626 848 4686 Romanorum
862 4633 1030 4689 armis
1048 4631 1230 4688 favere
1247 4632 1415 4703 cmpit
1431 4649 1461 4689 e
1478 4636 1640 4698 ctelo,
1670 4649 1733 4687 ac
1752 4630 1920 4687 Joan-

2026 3427 2131 3482 lice
2163 3425 2466 3495 oriﬂamme
2489 3422 2720 3485 dictum,
2765 3417 2912 3488 quod
2966 3429 3125 3487 reges
3180 3412 3368 3468 Gallia:
3395 3422 3610 3465 summa

2018 3518 2282 3588 religione
2311 3529 2495 3571 secum
2522 3512 2574 3568 in
2618 3509 2996 3581 expeditiones
3051 3505 3374 3568 educebant,
3407 3501 3474 3556 de
3505 3516 3612 3568 quo

2026 3610 2150 3665 vide
2174 3618 2326 3680 gesta
2352 3605 2616 3662 Ludovici
2654 3601 2995 3657 Francorum
3026 3597 3172 3668 regis
3208 3596 3302 3650 fol.
3340 3594 3464 3657 158,
3490 3593 3608 3653 tu,

2020 3712 2073 3761 et
2095 3702 2397 3774 Rigordum
2427 3701 2494 3756 de
2520 3698 2692 3771 gestis
2713 3695 2949 3766 Philippi
2971 3692 3199 3764 Augusti
3224 3691 3368 3760 regis
3391 3687 3486 3746 fol.
3508 3686 3611 3743 l8i;

2020 3798 2106 3853 ed.
2139 3795 2364 3851 Pitltmi.

2092 3888 2210 3944 Non
2241 3904 2461 3960 possum
2485 3888 2590 3942 hoc
2615 3886 2737 3941 loco
2761 3883 2962 3939 tacitus
2997 3879 3281 3951 praeterire
3316 3873 3609 3945 Nicephori

2022 3982 2277 4054 Gregorio
2304 3982 2342 4037 ι.
2374 3997 2445 4037 vn
2477 3980 2764 4036 sinistrum
2795 3986 2849 4031 et
2887 3975 3163 4044 abjectum
3222 3969 3487 4040 judicium
3546 3967 3614 4021 de

2024 4072 2432 4130 marchionibus
2460 4071 2693 4138 Latinis,
2718 4084 2857 4140 quos
2888 4068 2965 4122 ait
2999 4080 3106 4119 non
3127 4080 3237 4117 esse
3257 4061 3430 4114 claros
3469 4057 3610 4128 apud

2022 4166 2264 4233 Latinos,
2294 4167 2384 4222 sed
2418 4180 2537 4220 eum
2561 4162 2838 4234 dignitatis
2865 4159 3090 4231 gradum
3103 4165 3274 4210 tenere
3298 4167 3450 4223 quem
3471 4147 3613 4219 apud

2024 4260 2305 4317 Romanos
2329 4258 2690 4332 (Cpolitanos)
2719 4256 2892 4312 teneto
2924 4252 3025 4324 τὴν
3058 4249 3340 4321 βασιλικὴν
3371 4244 3614 4315 σημαίαν

2025 4355 2084 4408 ὲν
2118 4352 2500 4425 στρατεύμασι
2534 4349 2803 4417 κατέχων,
2825 4356 2878 4403 et
2904 4342 3205 4401 marchioni
3235 4348 3484 4409 perpetuo
3518 4335 3615 4388 hoc

2025 4445 2340 4499 attributum
2371 4458 2483 4498 esse
2514 4450 2571 4495 ut
2596 4457 2725 4495 novo
2742 4438 3043 4507 imperatori
3061 4432 3311 4490 uexillum
3335 4427 3610 4499 prwferut.

2030 4537 2252 4593 Scilicet
2285 4535 2533 4591 marchio
2600 4529 3015 4592 Montisl‘errati,
3068 4525 3298 4589 Misuim,
3363 4520 3613 4575 Brande-

2026 4629 2286 4701 burgicus
2312 4639 2365 4683 et
2389 4628 2597 4684 similes
2619 4627 2759 4696 apud
2785 4624 3010 4678 Latinos
3067 4618 3291 4687 majoris
3335 4612 3615 4682 dignitatis

315 4724 413 4778 nis
445 4722 1018 4794 Tzimiseisgtempore
1056 4734 1219 4780 tantae
1252 4690 1584 4796 Scytharum
1617 4724 1670 4777 in
1694 4720 1916 4781 Graecos
1949 4690 1994 4748 θ
2024 4690 2322 4777 ηοηνρτιιηι
2343 4736 2506 4791 quam
2542 4719 2914 4788 lampadarius
2945 4725 3039 4768 aut
3098 4716 3143 4766 is
3203 4709 3294 4779 qui
3354 4705 3611 4760 dive-lium

314 4816 693 4886 prmliautium
724 4819 924 4888 stragis
947 4824 1139 4872 auctor
1177 4818 1297 4881 fuit,
1333 4826 1395 4873 ut
1413 4819 1461 4872 ei
1495 4817 1663 4888 286
1680 4819 1910 4887 gratiam

314 4925 433 4984 pro
457 4924 565 4979 ope
593 4911 1006 4979 latacrelaturns
1029 4910 1354 4975 Tzimisces,
1385 4912 1588 4980 templo
1613 4898 1668 4965 in
1713 4924 1823 4980 quo
1868 4909 1916 4966 is

316 5003 599 5056 humatus
628 5011 746 5057 erat
773 5003 1072 5069 destructo,
1121 5001 1272 5071 aliud
1328 5000 1775 5071 magniﬁcentius
1825 5015 1920 5055 ex-

317 5104 608 5151 structum
642 5096 859 5165 praediis
888 5096 1101 5167 amplos
1118 5095 1450 5152 habentibus
1482 5095 1688 5151 reditus
1714 5096 1922 5151 ditave-

317 5193 428 5253 rit,
458 5199 514 5244 et
546 5188 758 5255 urbem,
790 5188 1123 5255 Euchaneiae
1149 5204 1444 5259 suppresso
1468 5189 1708 5252 nomine,
1758 5202 1921 5244 voca-

316 5283 473 5339 verit
504 5280 987 5353 Tbeodoropolim.
1015 5280 1213 5337 Subdit
1236 5281 1548 5343 Cedrenus,
1569 5296 1638 5335 ex
1671 5295 1782 5349 quo
1810 5282 1926 5334 haec

319 5379 661 5447 deprompta
695 5392 711 5431 :
747 5360 881 5432 sane
909 5375 996 5430 his
1011 5390 1228 5445 semper
1246 5375 1569 5445 auspicibus
1586 5382 1752 5444 atque
1771 5383 1927 5428 ante-

322 5469 580 5539 signanis
610 5468 900 5525 adversum
928 5468 1115 5524 hostes
1144 5467 1222 5522 uti
1255 5467 1468 5522 solebat
1491 5467 1789 5537 imperator
1809 5466 1921 5521 hic.

323 5562 443 5618 Nec
473 5571 677 5618 temere
712 5578 727 5616 :
761 5562 913 5617 visus
957 5562 1103 5617 enim
1160 5559 1450 5615 manifesto
1512 5567 1720 5630 martyr
1769 5574 1927 5629 opem

329 5670 501 5724 terre,
531 5656 756 5711 hostiles
780 5669 986 5711 cuneos
1010 5655 1326 5720 turbare,et
1357 5652 1798 5722 praeclarissime
1831 5654 1933 5707 du-

328 5764 450 5803 rem
490 5764 548 5803 se
572 5756 834 5817 praestare
862 5747 1125 5803 victorice.
1146 5744 1384 5801 Ultimus
1411 5742 1734 5801 Theodorus
1763 5745 1927 5809 alius,

330 5842 439 5897 tiro
462 5842 669 5906 dictus,
698 5856 812 5895 non
847 5841 991 5909 quod
1015 5854 1295 5895 armorum
1321 5837 1575 5894 tirocinio
1602 5838 1931 5906 erudiretur,

330 5934 435 5989 sed
455 5932 605 6003 quod
638 5934 693 5987 in
727 5933 955 5988 cohorte
976 5934 1229 5987 tironum
1261 5931 1404 5986 dicta
1431 5940 1725 6000 provectus
1748 5940 1935 5985 centu-

334 6024 422 6082 rio
454 6034 883 6096 prornereretur.
917 6024 1285 6103 Damasceuus
1320 6016 1921 6077 Sttbdiacmnts;'ll:ov

2022 4825 2117 4870 aut
2141 4813 2800 4882 ﬂammulaimpcratoria
2839 4806 2982 4879 apud
3018 4804 3243 4860 Graecos
3296 4796 3613 4867 imperatori

2021 4908 2388 4978 praeportabat
2418 4926 2433 4972 ;
2460 4920 2561 4960 nec
2588 4901 2936 4958 marchioues
2964 4913 3084 4962 seu,
3115 4904 3173 4950 ut
3202 4890 3374 4950 Grmci
3429 4887 3617 4959 appel-

2020 5000 2158 5066 lant,
2188 5000 2432 5053 marcesii
2458 5011 2657 5052 nomen
2714 4994 2819 5048 hoc
2858 4991 3062 5047 habent
3092 5002 3120 5041 a
3145 4983 3338 5040 vexillo
3366 4998 3464 5039 seu
3489 4983 3619 5036 ban‘

2023 5092 2115 5158 do,
2142 5091 2237 5147 sed
2275 5089 2596 5146 alimitibus
2653 5084 2894 5141 tuendis.
2938 5080 3099 5137 Harl:
3153 5080 3296 5134 enim
3329 5074 3618 5132 Germanis

2024 5187 2184 5241 limes
2221 5194 2325 5241 est.
2359 5182 2495 5239 Nam
2525 5182 2726 5237 ﬁnibus
2765 5176 3121 5235 defendendis
3157 5171 3401 5245 praefecti
3432 5179 3612 5230 erant,

2028 5279 2122 5349 qui
2152 5275 2413 5348 temporis
2437 5289 2729 5346 progressu
2758 5271 2824 5326 ad
2857 5269 3231 5340 amplissimas
3267 5280 3398 5333 opes
3460 5262 3616 5318 latis~

2029 5375 2308 5443 simusque
2338 5370 2680 5441 principatus
2712 5372 3055 5422 emerserunt
3085 5382 3099 5418 :
3137 5359 3322 5432 qualis
3370 5357 3519 5413 enim
3564 5363 3618 5409 et

2032 5481 2195 5536 quam
2226 5472 2419 5533 potens
2442 5459 2689 5515 marchio
2719 5455 3219 5526 Brandeburgicus,
3251 5449 3498 5506 marchio
3514 5446 3613 5500 Ba-

2034 5558 2239 5621 densis,
2276 5553 2518 5609 inarchio
2551 5549 2978 5621 Onspachensis,
3028 5546 3276 5602 marchio
3342 5541 3616 5599 Moraviae.

2036 5648 2283 5704 marcltio
2319 5647 2617 5716 Burgoicns
2636 5654 2689 5700 et
2713 5643 2852 5699 alii?
2887 5643 3004 5710 ipse
3041 5640 3204 5693 etiam
3238 5632 3617 5689 NicctasCho-

2036 5743 2232 5803 niates,
2262 5741 2298 5795 Ι.
2332 5756 2406 5794 vlt
2444 5741 2509 5794 de
2544 5739 2707 5795 rebus
2742 5737 2907 5806 gestis
2938 5728 3102 5803 287
3163 5726 3424 5783 Mauuelis
3479 5739 3619 5776 mar-

2038 5837 2196 5891 chesii
2225 5831 2613 5888 Montisl‘orrati
2650 5830 2987 5882 nobilitatem
3013 5836 3067 5879 et
3088 5819 3387 5893 potentiam
3412 5832 3617 5887 agnos-

2041 5947 2163 5987 cere
2193 5941 2247 5984 et
2272 5931 2567 5997 pt'inCaru
2595 5936 2820 5978 coactus
2848 5930 2950 5975 est.
2982 5918 3189 5973 Cns'rs.

2113 6022 2256 6075 Ibid.
2294 6019 2397 6088 μὰ
2425 6017 2543 6071 τῶν
2576 6012 2913 6077 δεσποτῶν,
2950 6010 3049 6065 καὶ
3108 6007 3225 6062 τῶν
3279 6007 3616 6077 (ὶρχόνζῳν.
