3852 6604
365 463 468 526 ειιτι

1437 475 1518 537 IN
1561 477 1860 540 LIBRUM
1907 478 2002 538 DE
2060 478 2389 538 OFFICIIS
2443 479 2550 538 (ΣΡ.

3513 479 3612 542 3Ξο

365 572 435 624 lis
461 577 677 631 szeculis
708 577 822 633 lucc
861 580 1064 650 scripta
1095 581 1296 654 quibus
1332 603 1441 643 non
1471 592 1634 646 modo
1665 609 1820 663 reges
1883 603 1932 648 et

2046 593 2098 644 ἐν
2139 594 2318 664 χὰρτῃ
2346 591 2444 664 τὴν
2469 589 2722 656 σύνταξιν
2749 590 2856 644 τῶν
2877 590 3130 660 ἐραστῶν
3159 589 3250 644 τοῦ
3283 585 3614 660 χλοάζοντος

364 667 660 738 principes,
693 670 788 724 sed
830 681 884 725 ct
915 673 1210 730 nobiliores
1245 679 1456 748 equites
1489 682 1720 751 alicujus
1754 686 1936 741 vexilli

363 756 480 810 sive
535 758 697 814 bandi
753 761 1035 820 deferendi
1089 767 1350 824 honorem
1405 773 1736 830 ambiebant.
1797 777 1936 833 llinc

361 849 628 904 nobilium
677 849 1012 910 Francorum
1070 861 1264 928 equites
1317 862 1603 935 bandiferi,
1656 867 1934 926 clzevaliers

363 943 657 997 bannerets.
692 944 802 1000 Leo
861 947 1212 1006 Tacticorum
1275 963 1450 1010 const.
1517 957 1590 1012 5:
1643 960 1936 1032 φλάμουλα

365 1032 599 1100 μεγάλα,
631 1035 1039 1106 φλαμουλίσκια
1065 1042 1173 1094 τῶν
1207 1047 1531 1116 κονταρίων,
1599 1049 1770 1118 βάνδα
1813 1052 1933 1106 δια-

361 1122 543 1192 φόρως
573 1123 924 1197 βεϐαμμένα.
982 1130 1302 1190 Habuerunt
1335 1140 1550 1208 equites
1611 1144 1845 1213 gregarii
1881 1145 1934 1200 in

359 1216 536 1296 contis
567 1215 808 1275 damula.
852 1220 961 1277 Leo
1011 1225 1150 1280 idem
1185 1232 1446 1300 κοντάρια
1492 1236 1667 1304 μικρά
1724 1236 1933 1289 καδαλ-

358 1305 584 1372 λαρικά,
612 1307 807 1378 ἔχοντα
839 1313 1028 1382 λουρία
1055 1318 1194 1370 κατὰ
1221 1319 1386 1385 μέσον
1418 1323 1558 1390 μετὰ
1582 1325 1930 1393 φλαμούλων.

359 1395 533 1451 Etiam
573 1399 628 1453 in
681 1402 926 1459 humeris
963 1407 1172 1461 minora
1227 1411 1330 1465 sibi
1383 1413 1624 1482 ﬁgebant
1669 1416 1930 1474 damula:

429 1671 570 1765 Ibid.
633 1675 908 1749 17.[Τῶν
959 1680 1305 1754 δημάρχων.
1355 1677 1770 1762 Aurigantium,
1838 1697 1933 1765 qui

358 1763 632 1858 quondam
665 1766 807 1823 ludis
839 1771 1182 1832 circensibus
1227 1776 1414 1836 Romae
1455 1783 1688 1852 palmam
1721 1763 1934 1858 quaere-

357 1853 512 1921 bant,
563 1853 829 1915 factiones
862 1861 976 1918 sive
1009 1876 1196 1935 partes
1253 1869 1406 1926 fuere
1453 1883 1713 1944 quatuor,
1738 1853 1873 1948 quae
1904 1895 1936 1936 a

2047 682 2340 754 ἐνεχάραξε
2365 683 2677 754 χρώματος,
2707 683 3097 746 πεντακοσίους
3125 684 3258 752 πρὸς
3283 684 3400 746 τοῖς
3423 683 3616 756 χιλίοις

2036 776 2427 845 τυγχάνοντας,
2461 776 2490 826 ό
2513 774 2568 827 δὲ
2618 774 2847 842 Κοσμᾶς
2872 774 2998 834 τοὺς
3029 775 3126 841 τῆς
3163 773 3448 826 ἁντιθέτου
3467 775 3613 843 αἱρέ-

2039 883 2176 930 σεως
2211 867 2574 932 ἑκατοντάδας
2611 867 2775 920 ἐννέα
2809 867 3140 934 συντέταχεν
3163 882 3176 894 ·
3227 867 3310 928 εἰς
3345 865 3438 917 δύο
3507 867 3612 934 γὰρ

2038 959 2345 1026 χρωμάτων
2371 958 2590 1026 ἐφέσεις
2611 957 2678 1010 τὰ
2697 957 2808 1010 τῶν
2841 957 3135 1026 Ῥωμαίων
3201 957 3610 1010 καταπέπωκε

2038 1049 2240 1120 πλήθη.
2277 1049 2519 1104 Zonaras
2551 1049 2606 1103 in
2659 1047 2882 1104 Phoca:
2922 1049 2982 1102 Ὀ
3005 1051 3200 1112 Φωκᾶς
3227 1049 3326 1118 τὴν
3377 1052 3612 1117 γυναῖκα

2037 1141 2298 1194 Λεοντίαν
2319 1140 2642 1210 Αὐγοῢσταν
2679 1141 2844 1204 εὐθὺς
2899 1140 3239 1220 ἀνηγόρευσε
3294 1141 3402 1192 τῶν
3429 1142 3612 1209 δήμων

2036 1235 2344 1304 παρόντων.
2381 1235 2517 1288 Τότε
2549 1235 2638 1288 διὰ
2667 1236 2851 1290 τόπων
2887 1236 2944 1287 ἐν
2975 1232 3055 1298 οἷς
3109 1235 3328 1288 ἵσταντο
3377 1235 3611 1300 ἀμφιδο-

2037 1325 2154 1390 λίας
2211 1327 2515 1400 γενομένης
2566 1330 2678 1390 τοῖς
2713 1328 3014 1398 Πρασίνοις
3055 1326 3150 1380 καὶ
3188 1327 3302 1388 τοῖς
3365 1327 3610 1388 Βενέτοις

2040 1415 2355 1480 στασιάζειν
2381 1416 2618 1487 ἤρξαντο
2647 1417 2767 1469 κατ’
2794 1417 3066 1488 ἀλλήλων.
3100 1415 3329 1484 Πέμψας
3370 1415 3428 1468 δέ
3463 1433 3607 1478 τινας

2039 1509 2066 1560 ό
2119 1509 2316 1572 Φωκᾶς
2337 1510 2777 1572 κατασκευάζειν
2803 1510 2988 1572 αὐτοῖς
3026 1509 3126 1579 τὴν
3175 1509 3364 1560 στάσιν
3401 1509 3609 1574 ἐπεχείο

2038 1618 2145 1672 ρει.
2187 1599 2340 1664 Ἐνὸς
2370 1597 2461 1654 οὗν
2491 1602 2600 1654 τῶν
2659 1601 2963 1655 σταλέντων
3011 1600 3103 1652 τὸν
3155 1599 3266 1651 τῶν
3324 1598 3605 1668 [Ignota-om

2038 1692 2366 1763 ὑϐρίσαντος
2422 1693 2706 1764 δήμαρχον
2765 1695 2862 1748 καὶ
2902 1693 3096 1746 τοῦτον
3145 1692 3485 1760 ὠθήσαντος,
3537 1689 3610 1758 μὴ

2037 1787 2354 1856 ἐνεγκόντες
2379 1787 2427 1839 οἱ
2451 1785 2545 1840 τοῦ
2599 1788 2774 1856 δήμου
2830 1787 2985 1839 τοῦτο
3016 1785 3268 1854 ἔκραζον.
3305 1785 3362 1837 Et
3419 1785 3559 1837 infra
3589 1802 3602 1838 :

2051 1872 2302 1926 Ἱππικὸν
2357 1874 2544 1941 ἀγῶνα
2611 1876 2776 1940 ἄγων
2832 1875 2999 1946 288
3055 1875 3314 1928 ἐθεάσατο
3363 1875 3459 1926 σὺν
3493 1877 3606 1936 ταῖς

358 1946 634 2002 coloribus
661 1947 872 2020 viridis,
906 1959 1142 2026 czerulei,
1182 1962 1334 2018 rubri
1364 1965 1581 2036 albique
1615 1946 1804 2038 panni,
1827 1987 1932 2042 quo

362 2039 389 2059 -.Ι
412 2041 518 2059 --μ-Ι
551 2057 562 2059 μ
619 2051 631 2059 -
893 2048 905 2059 '
1001 2037 1004 2040 ’
1395 2057 1416 2059 “

2046 1963 2203 2018 αὐτοῦ
2237 1966 2407 2018 εἰκόσι
2434 1967 2649 2021 καὶτοῦ
2687 1968 2929 2038 Πρίσκου
2962 1970 3053 2020 καὶ
3083 1968 3179 2036 τῆς
3223 1965 3387 2020 αὐτοῦ
3419 1985 3610 2033 γυναι.

359 2039 725 2130 donabantur,
759 2048 980 2103 nomina
1001 2037 1338 2124 acceperunt
1391 2037 1651 2126 Prusiam,
1695 2037 1935 2130 Venetzr,

357 2127 598 2199 llusatae,
623 2136 847 2206 Albane,
877 2140 945 2196 de
969 2145 1170 2214 quibus
1197 2148 1517 2220 Suetonius,
1541 2153 1826 2223 Martialis,
1843 2127 1937 2210 Ju;

359 2223 567 2277 venalis
597 2230 918 2296 meminere,
974 2243 1028 2288 et
1065 2239 1312 2293 omnium
1345 2241 1761 2302 distinctissime
1794 2245 1935 2301 Ter-

359 2315 619 2372 tullianns
654 2319 906 2390 Latinus,
937 2335 991 2382 et
1021 2327 1073 2382 in
1105 2329 1429 2402 Anthologia
1455 2333 1770 2392 Graecorum
1803 2337 1936 2408 Epi-

355 2417 725 2472 grammatum
753 2416 818 2470 ad
843 2416 880 2471 l.
909 2434 938 2470 v
969 2421 1172 2476 calcem
1203 2439 1344 2494 pene
1365 2435 1666 2482 extremam
1693 2429 1933 2486 Thomas

357 2499 630 2557 Patricius
660 2506 882 2564 Graecus
912 2509 1274 2583 descripsere.
1305 2518 1442 2574 Cum
1473 2519 1814 2577 Circensium
1851 2523 1935 2578 lu-

357 2589 547 2646 dorum
579 2597 762 2650 studio
786 2602 1069 2670 exercitia,
1106 2607 1354 2672 nomina,
1385 2611 1600 2667 colores
1626 2611 1930 2668 factionum

359 2681 528 2738 Roma
572 2685 786 2756 Cpolim
836 2693 1307 2764 commigrarunt;
1344 2711 1396 2754 et
1425 2717 1489 2756 ex
1542 2702 1934 2760 dimicantibus

356 2775 408 2826 iu
441 2773 601 2830 Circo
636 2778 969 2838 factionibus
998 2787 1231 2854 populus
1267 2803 1488 2862 quoque
1537 2799 1682 2848 totus
1727 2795 1935 2850 divisus

357 2863 406 2916 in
437 2875 642 2934 partes,
675 2885 795 2940 quae
819 2888 878 2929 se
907 2879 1236 2949 quandoque
1268 2883 1472 2940 mutuis
1499 2886 1762 2953 caedibus,
1791 2887 1935 2956 rapi-

357 2957 461 3018 nis.
491 2959 706 3028 injuriis
740 2979 1150 3037 consumpsere.
1183 2969 1566 3043 Theophanes,
1607 2975 1930 3044 Simocatta,

355 3049 659 3122 Cedrcnus;
695 3055 938 3114 Zonaras
967 3069 1019 3116 et
1045 3063 1136 3118 alii
1170 3066 1496 3124 tumultibus
1527 3069 1636 3126 illis
1689 3079 1744 3126 et
1786 3069 1931 3126 sedi-

357 3142 600 3198 tionibus
621 3144 735 3216 jam
775 3162 804 3200 a
845 3147 1086 3208 Zenonis
1147 3157 1486 3225 temporibus
1529 3173 1625 3227 per
1681 3161 1928 3230 quaedam

357 3233 614 3305 deinceps
645 3239 844 3295 saecula
873 3243 1212 3302 continuatis
1232 3249 1435 3320 scripta
1462 3267 1562 3308 sua
1595 3268 1928 3323 respersere.

2036 2055 2130 2119 κὸς
2161 2057 2458 2122 Δομεντίας
2490 2058 2792 2128 ἱσταμένας
2849 2060 3088 2122 εἰκόνας,
3121 2060 3214 2114 καὶ
3237 2059 3500 2128 ἐκμανεὶς
3525 2075 3614 2126 γε-

2042 2143 2218 2210 γονὼς
2248 2144 2636 2218 ἀποτμηθῆναι
2677 2151 2803 2212 τοὺς
2824 2151 3138 2220 δημάρχους
3169 2151 3423 2204 ἐκέλευσε
3445 2166 3458 2178 ·
3495 2151 3614 2216 δεη-

2037 2233 2242 2291 θέντων
2270 2239 2326 2292 δὲ
2360 2239 2467 2294 τῶν
2490 2242 2678 2312 δήμων
2705 2241 2859 2311 μόλις
2899 2243 3111 2312 ἀφῆκεν
3145 2242 3359 2303 αὐτούς.
3397 2241 3612 2296 Veneta:

2036 2339 2217 2382 autem
2273 2331 2414 2400 parti
2481 2333 2657 2402 magis
2725 2332 2928 2388 favisse
2979 2333 3342 2402 imperatores
3399 2348 3614 2400 semper

2034 2430 2164 2476 sunt
2196 2422 2320 2490 visi,
2365 2423 2682 2494 eisdemque
2741 2423 3028 2479 Prasinam
3090 2424 3274 2479 minus
3335 2424 3609 2478 allectum.

2035 2507 2338 2578 Theophila
2367 2525 2488 2566 eam
2521 2513 2591 2566 ob
2629 2527 2741 2566 rem
2779 2512 2832 2565 in
2895 2513 3172 2566 theatrum
3208 2514 3446 2568 venienti
3490 2527 3612 2568 suc-

2034 2601 2303 2658 clamabat
2332 2603 2420 2658 illa
2451 2603 2595 2673 apud
2627 2601 2865 2659 Leonem
2903 2603 3335 2660 Grammaticum
3364 2617 3380 2658 :
3415 2605 3612 2668 Καλῶς

2030 2689 2218 2766 ἦλθες,
2279 2695 2580 2767 άσύγκριτε
2635 2698 2976 2769 φακτονάρη.
3013 2698 3214 2752 Horum
3257 2715 3325 2753 nc
3365 2700 3610 2765 reliquiae

2033 2787 2253 2858 quidem
2289 2789 2503 2845 ultimis
2559 2791 2778 2847 saeculis
2806 2791 2932 2847 licet
2995 2791 3379 2858 remanserint,
3442 2791 3608 2846 duces

2035 2888 2239 2944 tamen,
2273 2881 2357 2935 vel
2389 2882 2570 2951 quivis
2623 2883 2714 2938 alii
2757 2884 3028 2938 ineorum
3085 2883 3264 2938 locum
3301 2883 3604 2954 subregati,

2033 2971 2349 3040 imperatori
2397 2975 2451 3028 in
2505 2975 2784 3044 publicum
2837 2975 3151 3046 procedenti
3218 2991 3344 3030 cum
3401 2975 3610 3030 vexillis

2033 3072 2285 3134 poterant
2313 3075 2495 3124 astare
2525 3087 2539 3134 ;
2580 3069 2852 3139 iidemque
2901 3077 3033 3124 sunt
3063 3065 3181 3138 qui.
3221 3070 3482 3138 populum
3519 3085 3612 3138 per

2033 3159 2416 3228 contubernia,
2463 3161 2660 3228 tribus,
2715 3163 2964 3230 regiOnes
3004 3171 3058 3216 et.
3113 3161 3340 3229 collegia
3375 3163 3608 3215 divisum

2032 3254 2314 3324 regebant,
2347 3269 2489 3323 quos
2517 3255 2930 3322 πρωτοπολίτας
2956 3269 2985 3309 a
3013 3253 3346 3325 Theophane
3377 3255 3612 3324 scriptos

353 3327 618 3382 Consulet
649 3333 742 3400 qui
771 3335 1046 3394 curiosius
1072 3347 1126 3393 et
1157 3340 1407 3398 diffusius
1441 3345 1555 3401 haec
1585 3347 1732 3403 volet
1758 3350 1930 3418 expli-
1955 3333 2002 3398 C
2031 3329 2378 3401 observabis.
2411 3345 2610 3418 Ceam]

357 3428 495 3474 cata.
549 3421 758 3480 Unicus
819 3425 1110 3486 Balsamon
1169 3431 1520 3505 longissimos
1575 3439 1931 3496 historiarum

355 3520 560 3569 tractus
587 3517 773 3586 paucis
799 3524 1118 3594 perstringit
1138 3523 1190 3579 in
1209 3525 1280 3582 24
1305 3543 1570 3585 canonem
1589 3532 1932 3588 Trullanum.

355 3607 492 3660 Τότε
525 3609 626 3678 μὲν
655 3612 790 3683 γὰρ,
823 3615 1024 3686 inquit,
1053 3619 1162 3672 τῶν
1187 3619 1377 3690 δήμων
1403 3625 1935 3691 κατεξουσιαζόντων

357 3701 416 3750 ἐν
447 3705 563 3764 ταῖς
605 3703 1020 3777 ἱπποδρομίαις,
1076 3715 1171 3766 καὶ
1212 3715 1512 3772 ποιούντων
1568 3719 1792 3782 ταύτας,
1843 3721 1933 3774 ὅτε

361 3795 458 3848 καὶ
515 3795 664 3859 ὅπως
730 3799 1046 3868 ἠϐούλοντο,
1097 3804 1160 3857 ἐκ
1211 3805 1620 3878 δαπανημάτων
1677 3814 1930 3878 οἰκείων,

356 3882 432 3942 ὡς
485 3887 582 3939 καὶ
630 3889 860 3959 ἐχόντων
915 3894 1098 3960 οἴκους
1146 3899 1242 3950 καὶ
1307 3901 1558 3966 ἱππῶνας
1603 3903 1698 3958 καὶ
1762 3905 1932 3977 μέχρι

358 3979 452 4030 καὶ
483 3977 578 4031 νῦν
619 3983 1098 4056 περισωζομένους
1139 3991 1236 4044 καὶ
1268 3993 1570 4062 προσόδους
1599 3996 1762 4068 χάριν
1823 3999 1931 4054 τῶν

359 4069 754 4142 ίπποδρομιῶν,
815 4077 912 4130 καὶ
967 4079 1062 4133 τοῦ
1123 4082 1392 4150 βασιλέως
1444 4089 1928 4160 προσκαλουμένου

355 4165 450 4214 καὶ
485 4166 564 4226 είς
587 4165 746 4219 τοῦτο
798 4169 872 4238 μὴ
940 4169 1378 4241 ἐξουσιάζοντος,
1432 4177 1607 4233 πολλὰ
1659 4182 1930 4253 στασιώδη

357 4257 450 4309 καὶ
477 4259 653 4312 ἄτοπα
685 4263 1021 4318 συνέπιπτον
1061 4265 1312 4332 γίνεσθαι
1337 4273 1480 4324 κατά
1503 4273 1598 4326 τὸν
1630 4273 1732 4342 τῆς
1765 4276 1931 4329 ἱππο-

355 4348 585 4418 δρομίας
616 4353 832 4422 καιρὸν,
864 4354 976 4406 τῶν
1008 4357 1109 4423 μὲν
1138 4359 1594 4430 προστιθεμένων
1620 4363 1698 4432 τῷ
1765 4365 1928 4436 δήμῳ

355 4440 465 4492 τῶν
495 4443 760 4508 Βενέτων,
789 4447 900 4500 τῶν
931 4447 988 4500 δέ
1028 4449 1104 4520 τῷ
1141 4453 1298 4518 μέρει
1325 4453 1434 4508 τῶν
1485 4455 1795 4526 Πρασίνων.
1837 4459 1930 4515 Ἐν

357 4537 568 4601 καιροῖς
597 4536 650 4587 δέ
668 4555 780 4590 τισι
805 4539 898 4592 καὶ
931 4541 1157 4610 πόλεμοι
1198 4549 1690 4618 συνεκροτήθησαν
1747 4551 1927 4621 ἐμφύ-

2108 3439 2167 3493 Ρ.
2197 3437 2286 3494 48.
2318 3437 2654 3494 Autidorum.
2688 3437 2866 3509 Inepte
2894 3439 3093 3498 Junius
3123 3451 3366 3496 mutuum
3397 3457 3608 3495 munus.

2037 3529 2184 3584 Nihil
2213 3531 2412 3587 melius
2443 3547 2605 3602 quam
2637 3532 2815 3602 ipsum
2846 3535 3094 3590 Graecum
3125 3549 3322 3591 nomen
3353 3537 3611 3591 retinere.

2037 3621 2167 3678 Erat
2192 3625 2348 3694 panis
2379 3640 2444 3680 ex
2476 3641 2585 3694 quo
2608 3641 2708 3695 pro
2735 3625 3078 3683 Eucharistia
3109 3628 3455 3683 conﬁcienda
3489 3643 3613 3697 pars

2035 3715 2274 3781 desecta,
2301 3717 2502 3788 quique
2528 3729 2652 3773 ante
2681 3719 2953 3792 liturgiam
2977 3735 3074 3791 per
3097 3721 3357 3791 templum
3379 3722 3613 3775 circum-

2035 3808 2178 3865 latus
2208 3809 2407 3865 fuerat.
2457 3811 2505 3867 ls
2530 3812 2680 3866 finita
2719 3813 2938 3882 liturgia
2993 3813 3434 3886 distribuebatur
3471 3829 3612 3884 pra:—

2033 3902 2281 3958 sentibus
2327 3901 2722 3958 benedictionis
2757 3906 2952 3973 gratia,
3007 3913 3067 3962 ut
3118 3906 3210 3976 qui
3241 3905 3614 3978 Eucharistite

2034 3994 2328 4065 participes
2359 4009 2467 4050 non
2497 3995 2752 4062 fuissent,
2804 3997 2996 4053 saltem
3051 4003 3119 4054 de
3173 4001 3276 4053 hoc
3323 3999 3611 4053 benedicta

2033 4101 2174 4156 pane
2207 4087 2620 4158 participarcnt.
2663 4088 2874 4145 Gners.

2105 4177 2360 4251 [Summa
2421 4180 2733 4237 Grmcorum
2775 4199 2901 4253 erga
2948 4184 3246 4256 ἀντίδωρον
3293 4183 3614 4238 communio-

1997 4269 2002 4276 ’
2033 4271 2116 4324 nis
2145 4275 2423 4340 vicarium,
2454 4289 2648 4344 panem
2682 4274 3058 4338 benedictum,
3111 4276 3304 4343 religio
3333 4287 3444 4342 est,
3479 4285 3536 4329 ut
3565 4273 3611 4328 si

2033 4371 2505 4420 acramenterum
2541 4379 2650 4419 non
2683 4373 2768 4420 est
2810 4367 3109 4435 particeps,
3169 4367 3302 4421 illud
3357 4367 3610 4436 ipsemet,

2031 4455 2195 4512 etiam
2227 4457 2543 4527 imperator,
2587 4467 2646 4512 ut
2675 4459 2762 4514 hic
2789 4459 2962 4524 vides,
2993 4461 3044 4512 in
3077 4459 3310 4513 ecclesia
3343 4459 3410 4514 de
3444 4473 3609 4512 manu

2033 4551 2338 4608 sacerdotis
2367 4553 2542 4607 sacris
2575 4551 2744 4608 finitis
2772 4553 3030 4623 accipiat.
3073 4552 3146 4606 De
3171 4568 3236 4608 eo
3267 4567 3368 4608 nos
3411 4551 3466 4606 in
3500 4553 3610 4606 Eu-

358 4626 461 4678 λιοι
491 4629 655 4695 μέσον
680 4631 973 4686 ἀντιθέτων
1004 4637 1210 4707 μερῶν,
1237 4639 1331 4692 καὶ
1354 4642 1495 4694 κατὰ
1519 4642 1619 4712 τῆς
1651 4643 1928 4713 βασιλείου

2046 4643 2360 4715 chologicis.
2385 4642 2590 4716 Gesn]

359 4719 646 4788 περιωπῆς
674 4723 865 4793 ἀναιδῆ
901 4727 1122 4796 ῥήματα
1167 4732 1214 4784 οξ
1249 4731 1484 4802 δημόται
1511 4735 1922 4805 άπηρεύξαντο,

282 4855 284 4858 ,
360 4809 543 4874 καθὼς
567 4811 674 4865 ἀπὸ
715 4815 993 4887 διαφόρων
1051 4823 1322 4890 χρονικῶν
1369 4823 1526 4877 τοῦτο
1575 4829 1928 4896 παρίσταται.

359 4897 600 4956 l’artium
635 4903 850 4961 illarum
891 4909 1033 4980 (qum
1056 4911 1218 4983 δῆμοι
1241 4923 1291 4969 et
1310 4915 1564 4984 δημόται,
1593 4927 1651 4972 ιιι
1683 4917 1794 4988 jam
1849 4919 1928 4974 le-

359 4991 538 5060 gimus
568 5003 620 5049 et
649 4998 896 5054 scribunt
927 5001 1286 5074 TheOphanes
1318 5017 1370 5063 et
1399 5009 1702 5075 Ccdrenus,
1729 5027 1934 5066 vocan-

361 5085 470 5152 tur)
507 5090 763 5154 partium,
795 5093 1037 5164 inquam,
1075 5099 1250 5168 capita
1297 5103 1532 5158 ducesve
1561 5105 1834 5176 δήμαρχοι
1877 5119 1932 5160 et

357 5177 635 5250 δημάρχαι
678 5188 835 5253 quasi
890 5189 1000 5240 τῶν
1067 5193 1258 5262 δήμων
1315 5196 1574 5267 ἄρχοντες
1613 5199 1928 5264 audiebant,

359 5273 761 5354 popularesque
789 5281 890 5334 sibi
915 5283 1160 5339 subditos
1189 5287 1269 5340 vel
1299 5287 1525 5344 affectos
1549 5293 1928 5357 recensebant,

359 5363 446 5418 vel
506 5365 669 5420 etiam
721 5373 1049 5443 quandoque
1103 5376 1167 5430 ad
1206 5391 1301 5432 eos
1352 5381 1444 5448 qui
1504 5397 1598 5449 per
1655 5383 1930 5438 civitatem

357 5457 682 5517 oriebantur
712 5467 983 5522 tumultus
1024 5477 1078 5523 et
1125 5471 1426 5527 seditiones
1481 5474 1776 5528 ducebant.
1843 5475 1932 5530 Si-

358 5559 596 5608 mocatta
656 5571 776 5622 vm,
833 5557 910 5615 7:
965 5563 1104 5628 Τοὺς
1161 5562 1519 5634 δημάρχουςδ
1575 5567 1934 5639 αὐτοκράτωρ

357 5642 817 5736 εἰσκαλεσάμενος
843 5651 925 5718 εις
979 5655 1046 5707 τὰ
1072 5653 1344 5724 βασίλεια,
1375 5655 1470 5736 οὓς
1517 5655 1794 5729 διοικητὰς
1825 5659 1936 5713 τῶν

357 5733 548 5805 δήμων
607 5741 765 5796 εἴωθε
817 5743 880 5799 τὺ
935 5745 1140 5819 πλῆθος
1195 5733 1494 5805 ἀποκαλεῖν
1551 5751 1820 5822 (ὀνόματα
1877 5754 1935 5807 δὲ

361 5827 572 5895 τούτοις
601 5833 828 5908 Σέργιος
858 5839 950 5892 καὶ
985 5841 1234 5911 Κοσμᾶ;)
1263 5841 1595 5897 ἐπυνθάνετο
1619 5844 1730 5897 τῶν
1761 5844 1934 5914 δημο-

361 5921 627 5979 τευόντων
652 5928 746 5981 ἐπὶ
767 5929 964 5985 λεπτοῦ
990 5933 1078 5986 τὸν
1101 5934 1353 6004 ἀριθμόν.
1393 5935 1450 5988 ’0
1474 5935 1573 6007 μέν
1597 5933 1690 5990 οὖν
1713 5937 1936 6008 Σέργιος

2105 4737 2166 4792 Ρ.
2204 4738 2294 4792 49.
2332 4737 2622 4807 Ρεεειιίοιω
2683 4738 3012 4794 Germanice
3065 4739 3354 4806 spielleute.
3393 4741 3602 4792 Gnnrs.

2109 4826 2455 4900 [Corruptius
2485 4829 2803 4896 pronuntiat
2835 4829 3029 4897 vulgus
3073 4828 3494 4895 παιγνιδιώτας,
3527 4831 3612 4880 lu-

2035 4935 2198 4981 sorcs,
2226 4920 2318 4986 qui
2349 4919 2598 4974 videlicet
2630 4919 2827 4974 ludunt
2853 4919 3088 4974 musicis
3122 4920 3532 4983 instrumentis,
3559 4931 3614 4975 et

2035 5011 2096 5068 ea
2133 5013 2215 5066 vel
2241 5012 2458 5082 pulsant
2489 5013 2568 5065 vel
2622 5011 2836 5068 inflant.

2109 5103 2252 5159 Ibid.
2293 5105 2743 5178 [Βυκκινάτωρες
2797 5105 2991 5160 scribit
3027 5104 3343 5160 Theodotus
3379 5106 3433 5159 in
3480 5104 3610 5160 lure

2035 5193 2149 5250 GR.
2178 5196 2471 5250 Choniates
2501 5196 2757 5265 βύκανον,
2781 5195 2874 5250 alii
2903 5195 3147 5266 βύκινον.
3175 5195 3374 5267 Goan.]

2105 5284 2244 5338 Ibid.
2282 5285 2566 5339 Surulistee
2601 5299 2630 5339 a
2681 5285 2907 5340 surullio
2967 5286 3341 5341 instrumento
3375 5285 3608 5341 musico.

2037 5379 2192 5444 Quod
2217 5397 2346 5434 num
2378 5380 2577 5435 Junius
2603 5388 2748 5435 recte
2777 5379 2832 5433 in
2873 5379 3326 5434 adnotationibus
3369 5380 3486 5436 suis
3513 5396 3612 5434 cx-

2039 5473 2222 5540 plieet,
2249 5471 2371 5540 quis
2411 5489 2509 5527 nos
2535 5480 2717 5528 certos
2747 5471 2952 5526 faciet?
2981 5469 3184 5526 Gns'rs.

2110 5563 2512 5638 [Symphoniaci
2535 5565 2850 5629 cornicines,
2869 5565 3090 5632 joueurs
3107 5563 3171 5618 de
3189 5575 3398 5617 cometa
3425 5567 3458 5616 ἁ
3485 5569 3613 5616 δοτι-

2037 5658 2187 5729 quin.
2237 5657 2642 5729 Symphoniaca
2691 5657 2810 5713 sive
2843 5657 3054 5712 musica
3117 5671 3348 5720 cornua,
3409 5657 3612 5727 quibus

2039 5753 2342 5810 etiamnum
2378 5751 2543 5807 hodie
2569 5752 2765 5807 ludunt
2792 5751 3098 5806 Dervisides
3124 5750 3364 5822 religiosi
3391 5750 3608 5815 Turcae,

2043 5845 2340 5915 σουραύλια
2371 5854 2565 5900 vocant
2597 5843 2794 5908 Graeci,
2831 5841 3140 5900 Dervisides
3174 5842 3428 5898 inﬂantes
3458 5835 3614 5911 ejus-

2043 5939 2186 5994 modi
2251 5939 2611 5994 instrumcnta
2673 5933 3089 6004 σουραυλιστάς,
3159 5947 3310 5998 voce,
3373 5930 3608 5988 11111⁸ὓὶ
