3852 6592
278 398 369 463 321

1352 395 1738 455 GllETSERl
1770 393 1864 452 ET
1908 392 2148 452 GUAlll
2196 393 2443 455 NOTIE.

3435 404 3545 468 322

279 511 490 580 quidem
561 509 802 576 videtur,
859 525 971 581 pra:
1039 514 1428 584 σουρουλιστὰς
1487 517 1667 569 minus
1731 529 1845 568 cor-

1961 512 2122 566 nibus
2151 522 2451 568 coronantc
2479 526 2668 568 narrat
2694 517 3046 569 πεπτωκέναι
3071 516 3137 569 τὰ
3163 517 3437 587 axi-1:291,
3469 520 3546 583 ὡς

276 617 450 676 rupta.

347 698 427 752 Ib.
463 698 626 770 [Ἐπὶ
668 699 788 754 τῶν
812 701 988 770 ὤμων
1017 701 1238 757 αὐτῶν.
1271 701 1529 773 Barangi,
1571 718 1710 773 quos
1742 719 1850 757 non

278 811 380 847 uno
440 797 564 849 loco
621 795 1033 866 πελεκοφόρους
1071 797 1248 852 dictos
1289 800 1553 867 reperias,
1589 797 1852 866 bipennes

273 901 454 940 Curam
487 888 820 954 imperatore
851 889 1096 942 humeris
1131 889 1386 944 solebam
1423 901 1637 959 gestare
1673 891 1850 945 .Anna

257 965 518 1032 hlexiad.
566 995 617 1033 tv
644 997 657 1032 :
697 979 842 1042 Τοὺς
867 980 925 1032 δὲ
954 981 1049 1032 ἐπὶ
1079 980 1410 1049 τῶνοῶμων
1449 984 1517 1034 τὰ
1551 979 1854 1053 ὲτερόκοπα

273 1071 542 1139 φέροντας
589 1070 718 1141 ξίφη
778 1072 1248 1142 παρακατασχὼν.
1285 1072 1506 1130 Nicetas
1548 1074 1602 1128 in
1659 1074 1853 1130 Alexio

274 1181 353 1216 Ii:
391 1163 502 1215 Καὶ
551 1165 660 1216 ἀπὸ
706 1161 862 1216 τοῦδε
902 1163 951 1216 οἱ
995 1163 1094 1232 μὲν
1154 1165 1443 1236 δορυφόροι
1477 1168 1543 1219 τὰ
1599 1167 1694 1220 ἐπὶ
1745 1167 1853 1220 τῶν

273 1254 436 1320 ὤμων
469 1251 809 1321 ἑτερόθηκτα
838 1253 966 1324 ξίφη
1023 1255 1396 1325 κατήνεγκαν.
1445 1256 1601 1310 Anna
1658 1273 1854 1312 rursus

273 1348 312 1397 l.
342 1363 374 1398 ll
400 1364 413 1398 :
449 1347 736 1414 Συνήγαγε
766 1347 893 1411 τοὺς
925 1347 1146 1401 ἐπὶτῶν
1179 1348 1348 1419 ὤμων
1378 1349 1446 1402 τὰ
1473 1349 1602 1422 ξίφη
1633 1351 1858 1422 κραδαί-

265 1456 480 1502 κοντπς.
513 1439 712 1512 6013.}

335 1534 416 1586 Ib.
459 1535 805 1600 Βηλόθυρα.
869 1531 1038 1600 lnl‘ra,
1080 1549 1201 1589 cum
1242 1533 1312 1590 de
1350 1535 1710 1591 coronatione
1750 1537 1854 1591 im-

266 1625 543 1694 peratoris
571 1624 912 1694 disputatur,
930 1627 1229 1698 aliquoties
1250 1628 1392 1682 idem
1424 1642 1622 1684 nomen
1653 1645 1854 1684 occur-

264 1723 356 1782 rit,
389 1719 768 1788 compositum
802 1733 871 1775 ex
907 1721 1018 1774 velo
1043 1720 1246 1776 Latino
1275 1731 1327 1775 et
1356 1721 1548 1776 Graeco
1581 1720 1744 1792 θύρα,
1769 1737 1855 1776 ve-

263 1813 442 1866 latum
484 1827 584 1866 seu
629 1815 893 1876 relatura,
929 1827 1050 1882 quae
1073 1822 1156 1868 est
1187 1813 1310 1868 loco
1333 1813 1542 1882 janue.
1570 1813 1856 1869 Reclamat

265 1905 538 1963 Meursius
566 1924 580 1960 :
603 1903 728 1958 Non
755 1915 829 1959 est
863 1905 1120 1971 relatura,
1143 1905 1388 1974 degeneri
1414 1906 1563 1960 verba
1591 1906 1853 1972 Romano,

262 1999 348 2052 sed
365 1995 810 2067 παραπέτασμα,
837 1998 976 2066 quod
998 1997 1271 2050 diductum
1279 1997 1468 2067 janute
1487 1999 1661 2054 instar
1683 2009 1858 2054 trans-

263 2097 437 2142 cautes
502 2089 852 2142 transmittit.
916 2087 1304 2158 Aristophanis
1385 2088 1713 2146 scholiastes
1789 2090 1857 2146 ad

269 2177 438 2232 ﬂauas
463 2193 485 2232 :
508 2181 992 2250 Παραπετάσμασι
1010 2181 1132 2243 ταῖς
1155 2182 1404 2250 σκηναῖς,
1429 2182 1540 2243 τοῖς
1564 2183 1857 2252 Περσικοῖς

271 2273 442 2341 βήλοις
469 2272 505 2342 ἥ
536 2272 890 2344 βηλοθύροις.
927 2271 1035 2327 Sed
1071 2287 1184 2326 non
1215 2273 1376 2328 video
1413 2288 1513 2328 cur
1552 2274 1856 2346 βηλόουρον

272 2379 360 2419 non
397 2367 587 2436 possit
606 2381 730 2422 esse
769 2378 1085 2436 utrumque,
1118 2367 1295 2422 velum
1328 2368 1544 2424 scilicet
1560 2368 1765 2439 janum,
1797 2379 1856 2424 ut

267 2470 454 2512 nomen
491 2461 682 2527 ipsum
713 2456 945 2525 indicat,
981 2466 1038 2514 et
1076 2460 1252 2512 velum
1290 2457 1412 2514 loco
1436 2459 1642 2528 janute.
1673 2460 1852 2514 Etiam

265 2550 313 2604 in
341 2551 684 2606 Pontiﬁcum
712 2549 940 2606 historia
964 2550 1108 2619 apud
1126 2550 1477 2606 Anastasium
1504 2553 1771 2619 occurrit,
1797 2554 1852 2608 in

261 2643 543 2712 Stephano
581 2642 644 2698 Vl
672 2663 684 2698 :
708 2643 858 2698 Fecit
921 2643 1190 2714 velotlryra
1228 2644 1396 2714 289
1429 2656 1678 2715 quatuor.
1710 2646 1854 2704 Cou-

260 2738 377 2792 tulit
404 2739 683 2810 velothyra
701 2740 870 2795 serica
902 2740 1010 2793 tria
1039 2740 1095 2793 in
1116 2741 1344 2793 circuitu
1375 2740 1586 2795 altaris.
1610 2741 1712 2797 Ubi
1751 2745 1845 2798 ab-

259 2835 437 2888 solute
463 2848 567 2903 pro
599 2833 1026 2903 peripetasmate
1052 2833 1226 2903 accipi
1254 2832 1490 2889 videtur.
1522 2833 1725 2890 Ibidem
1751 2852 1851 2906 pro

259 2925 544 2995 προθύρου
569 2925 738 2980 codex
768 2927 908 2982 alter
940 2923 1140 2982 Boicus
1185 2925 1513 2997 βηλοθύρου,
1557 2936 1611 2982 et
1643 2929 1850 2986 rectius

261 3035 385 3073 meo
411 3019 648 3088 judicio.
681 3016 887 3077 Gnsrs.

329 3111 477 3166 Ibid.
516 3110 842 3183 [Πιλατῐκια
893 3121 1047 3168 vocat
1097 3125 1290 3169 auctor
1334 3127 1544 3182 pannos
1590 3115 1848 3185 palmaris

1959 600 2102 668 ἔθος,
2133 603 2393 657 inclinata
2417 603 2750 675 demissaque
2799 607 2961 673 fuisse
2994 624 3098 660 non
3136 609 3278 676 regia
3313 619 3546 678 sceptra,

1955 693 2050 749 sed
2085 694 2273 749 bellica
2301 697 2450 766 signa
2481 698 2776 762 vexillaque
2812 699 2863 752 in
2915 701 3278 769 subjet-tiunis
3336 713 3388 755 ct
3419 719 3546 772 erga
3609 755 3632 774 ,

1957 802 2147 842 recens
2166 802 2489 842 coronatum
2517 790 2773 844 Basilinm
2796 791 3119 846 obetlientia:
3138 806 3543 863 argumentum.
3569 795 3574 800 ’

1958 879 2036 931 Ex
2074 881 2276 947 quibus
2299 881 2559 952 σκῆπτρα
2593 883 2800 936 minora
2841 886 3036 938 vexilla
3087 904 3369 953 vocamus;
3400 889 3542 944 sicut

1957 970 2127 1040 βὰνδα
2153 972 2362 1040 majora
2396 991 2416 1040 ;
2452 983 2681 1043 utraque
2733 992 2862 1030 vero
2897 977 3181 1048 βασιλικῆς
3238 982 3407 1049 τιμῆς
3447 983 3542 1033 καὶ

1959 1067 2392 1134 στρατευμάτων
2423 1069 2645 1136 σημεῖα.
2670 1066 2867 1124 Fateor
2902 1069 3279 1125 illustrissimo
3335 1073 3540 1142 Cyrillo

1958 1152 2326 1223 Trapezuntis
2366 1157 2586 1228 prus-suli
2616 1169 2666 1212 et
2703 1160 2944 1214 Antonio
3000 1159 3176 1216 Cralis
3212 1160 3402 1215 lectori
3431 1161 3540 1224 (ΣΡ.

1957 1247 2248 1303 minima.
2276 1250 2611 1320 proindeque
2665 1253 2917 1322 σκῆπτρα
2978 1253 3155 1307 clavas
3210 1268 3275 1307 ex
3306 1271 3437 1307 auro
3495 1264 3545 1308 et

1957 1349 2175 1410 argento
2230 1343 2572 1413 principibus
2622 1343 2865 1414 pra-ferri
2917 1345 3108 1399 solitas
3139 1346 3545 1415 interpretanti-

1962 1431 2088 1497 bus,
2125 1434 2411 1504 prtemissa
2444 1450 2553 1490 non
2580 1437 2806 1490 omnino
2841 1437 3154 1507 displicere:
3177 1437 3546 1493 atcnmmla—

1957 1524 2111 1576 τίκια
2161 1525 2382 1596 capitis,
2449 1529 2595 1598 quod
2655 1531 2988 1600 exponimus
3039 1533 3105 1585 ad
3162 1547 3215 1600 p.
3259 1531 3349 1596 54,
3403 1532 3544 1586 scri-

1957 1611 2156 1667 bantur
2209 1617 2520 1687 μαργέλλια
2553 1620 2618 1672 ὲκ
2653 1621 2954 1690 σύρματος,
2987 1637 3108 1692 quae
3143 1622 3359 1677 nonnisi
3407 1638 3542 1692 pan-

1958 1720 2057 1761 nos
2081 1721 2218 1762 auro
2243 1717 2420 1766 textos
2445 1712 2709 1780 indicant,
2745 1723 2798 1768 et
2819 1713 3006 1770 solidae
3033 1731 3096 1769 ex
3135 1731 3275 1770 auro
3306 1717 3386 1771 vel
3446 1731 3541 1770 ar-

1961 1809 2121 1867 gento
2152 1800 2319 1854 clavae
2394 1814 2668 1872 nequeant
2720 1806 2951 1876 palniari
3007 1806 3284 1877 descripta
3342 1807 3542 1863 molec

1963 1891 2103 1947 collo
2131 1894 2419 1951 commode
2444 1897 2700 1966 pendere,
2720 1913 2884 1967 quam
2909 1914 2975 1954 ex
3002 1900 3539 1970 propositis-senten-

1963 1983 2052 2040 tiis
2083 1986 2374 2042 certiorem
2407 1989 2566 2060 eligat
2607 2005 2798 2060 aequus
2822 1991 2997 2048 lector
3020 1991 3310 2062 judicabit.
3375 1991 3536 2048 Certe

1960 2091 2082 2130 cum
2122 2077 2449 2134 ἀπελατῖκια
2477 2098 2868 2154 nonnunquam
2899 2085 3079 2156 legant
3115 2086 3289 2156 regia,
3327 2101 3536 2140 cavero

1959 2166 2144 2222 clavas
2186 2167 2532 2240 interpretari
2563 2182 2760 2245 cogant
2789 2173 2860 2227 τὰ
2903 2173 3044 2243 μετά
3065 2176 3257 2246 χεῖρας
3287 2177 3352 2229 ὲκ
3384 2175 3537 2244 σιδή-

1961 2276 2057 2329 ρου
2092 2263 2427 2317 ἀπελατίκια
2482 2267 2624 2335 apud
2685 2266 3008 2323 Nicetamin
3069 2268 3328 2325 Manuele
3383 2270 3424 2324 ι.
3480 2269 3535 2334 5,

1959 2356 2074 2408 haec
2108 2356 2237 2411 mihi
2261 2373 2362 2412 ceu
2391 2361 2598 2430 aequior
2653 2363 2894 2418 secunda
2925 2363 3194 2418 sententia
3257 2362 3534 2434 recipitur.

1958 2445 2154 2519 Coae]

2026 2536 2087 2593 Ρ.
2127 2539 2216 2596 50.
2246 2543 2497 2612 Ζωΰφιον
2523 2545 2940 2612 animalculum,
2965 2558 3024 2604 ut
3063 2565 3263 2614 musca,
3316 2551 3530 2616 vermis,

1955 2647 2206 2688 araneus.
2235 2631 2432 2690 Junius
2464 2635 2686 2707 ζοὺφιον
2716 2639 2908 2706 edidit,
2931 2649 2984 2694 et
3009 2641 3174 2695 stulte
3236 2639 3530 2694 admodum

1958 2725 2248 2780 Arabicum
2282 2744 2402 2784 esse
2423 2729 2576 2794 dicit,
2605 2731 2935 2802 stultiusque
2981 2732 3158 2790 adhuc
3215 2749 3374 2788 suurn
3426 2734 3530 2788 hoc

1951 2822 2243 2875 Arabicnm
2277 2823 2504 2894 ζοὺφιον
2534 2827 2948 2895 interpretatur.

2025 2911 2167 2968 Ibid.
2193 2913 2260 2970 Ut
2281 2925 2516 2971 veterem
2542 2919 2818 2973 notionem
2841 2921 3162 2976 diadematis
3194 2919 3532 2991 assequaris,

1953 3005 2164 3076 inspice
2196 3023 2474 3072 nummos,
2506 3025 2646 3080 quos
2695 3026 2820 3064 cum
2882 3012 2973 3066 alii
3050 3013 3340 3082 vulgarunt
3417 3024 3530 3068 tum

1953 3112 2056 3169 ego
2097 3107 2231 3154 tom.
2266 3098 2335 3154 Ill
2359 3101 2425 3156 de
2453 3101 2510 3157 S.
2539 3102 2718 3159 Cruce
2770 3105 2807 3158 l.
2835 3120 2873 3161 ι.
2915 3103 3163 3160 Notanda
3189 3117 3370 3162 autem
3402 3120 3531 3163 sunt

261 3205 652 3277 longitudinis,
683 3221 956 3263 mensum
985 3205 1242 3261 nimirum
1279 3221 1309 3262 ι
1352 3208 1554 3278 pollice
1582 3211 1651 3262 ad
1679 3211 1841 3265 mini.
1874 3197 1917 3254 C
1953 3194 2064 3248 haec
2098 3206 2216 3261 qua:
2235 3193 2322 3247 hic
2351 3195 2416 3248 de
2444 3194 2797 3252 distinctione
2819 3198 3140 3254 diadematis
3167 3210 3532 3260 etstemmatis

263 3315 416 3354 mum
450 3299 684 3368 digitum
712 3313 876 3355 manu
904 3308 1131 3356 extensa
1153 3299 1495 3373 interceptae,
1532 3302 1846 3359 latitudinis

262 3408 393 3448 vero
418 3393 594 3461 ipsius
624 3407 842 3456 manus,
871 3402 1108 3462 quatuor
1140 3393 1396 3450 videlicet
1429 3394 1744 3466 digitorum.
1773 3396 1846 3451 Ita

268 3488 504 3556 hujusce
522 3501 646 3558 cap.
675 3502 728 3558 p.
766 3486 835 3540 54
855 3484 1138 3541 πιλατεκια
1163 3487 1477 3555 huiusmodi
1502 3489 1850 3545 demonstrat

268 3579 677 3650 άπῃωρημένα.
734 3577 902 3634 Canto
957 3578 1144 3642 itaque
1189 3587 1347 3635 erant
1399 3580 1580 3636 aﬁixa.
1648 3580 1846 3637 Cantus

267 3681 452 3726 autem
486 3671 577 3726 ille
607 3685 704 3726 seu
734 3670 900 3740 pilum
921 3670 1127 3742 potius,
1165 3671 1310 3726 unde
1355 3672 1843 3740 πιλατίκιον,ἰ11υι1

266 3773 344 3818 cst
376 3763 530 3832 quod
557 3763 844 3833 σκῆπτρον
871 3763 1023 3818 dicit.
1066 3761 1185 3818 Uno
1217 3763 1388 3834 igitur
1418 3765 1589 3821 verbo
1627 3767 1844 3822 πιλατιη

262 3874 381 3910 ιιον
413 3867 500 3912 est
515 3856 653 3912 exile
671 3857 930 3912 vexillum
956 3857 1077 3927 (une
1094 3857 1398 3928 banderole)
1429 3860 1540 3930 pilo
1560 3875 1656 3914 seu
1681 3863 1847 3931 virga:

257 3962 592 4016 appensum.
610 3944 912 4000 Conﬁrmat
929 3946 1326 4016 expositionem
1346 3945 1730 4018 Theophanes,
1754 3951 1843 4006 ubi

255 4040 595 4109 σκήπτροις,
620 4053 736 4107 qut'e
773 4038 1056 4090 πιλατίκια
1099 4047 1257 4113 vocat
1281 4039 1366 4094 hic
1383 4050 1592 4108 auctor,
1621 4043 1842 4098 vexillo-

253 4147 382 4184 rum
419 4128 591 4199 aﬁigit
620 4143 866 4184 sensum:
888 4129 946 4183 Ὀ
960 4130 1112 4183 Λέων
1134 4131 1332 4200 Μάνην
1351 4131 1491 4201 μετὰ
1516 4131 1616 4201 τῆς
1635 4129 1842 4204 βὰσιλι-

145 4245 152 4249 ’
247 4223 362 4292 χῆς
385 4220 558 4290 τιμῆς
575 4223 669 4276 καὶ
689 4222 1121 4292 στρατευμάτων
1137 4222 1234 4277 καὶ
1261 4223 1582 4295 σκήπτρων,
1603 4227 1696 4278 καὶ
1709 4226 1838 4296 sev.

242 4317 363 4371 δων
394 4315 849 4385 εἰς’]ερουσαλὴμ
880 4315 1182 4385 ἐκπέμπει.
1207 4314 1341 4371 Vide
1368 4316 1426 4370 τὸ
1455 4317 1734 4388 σκῆπτρον
1753 4321 1841 4376 hic

248 4406 499 4462 minime
525 4405 751 4471 referre;
777 4422 897 4476 quae
935 4421 1168 4478 namque
1197 4407 1514 4464 detulerunt
1539 4420 1633 4466 aut
1671 4413 1839 4470 mise-

243 4506 392 4552 runt
417 4499 772 4567 imperatores
795 4499 1003 4569 antiqui
1036 4509 1250 4569 sceptra
1276 4501 1298 4554 ?
1326 4502 1409 4556 vel
1437 4518 1560 4572 qua:
1603 4518 1838 4560 consue-

245 4593 399 4648 tudo
421 4590 686 4645 Romanis
711 4591 940 4646 ducibus
959 4606 1216 4646 concessa
1245 4593 1490 4648 edocuit?
1513 4592 1794 4649 Triodium
1817 4611 1832 4650 :

243 4682 306 4740 Ἐ
316 4686 384 4736 πὶ
403 4683 668 4753 βασιλέως
686 4684 922 4754 παρουσὶ
931 4703 958 4753 ᾳ
978 4685 1412 4755 προπορεύονται
1433 4685 1500 4738 τὰ
1517 4686 1728 4740 ἐκείνου
1753 4703 1842 4755 ση-

245 4781 394 4849 psi:
418 4778 514 4829 καὶ
535 4775 1086 4848 σκῆπτρα.51ιι›άὶιιιι·
1105 4795 1120 4833 :
1141 4777 1372 4830 Μέλλων
1398 4777 1674 4850 ὁΧριστὸς
1697 4780 1842 4850 μετὰ

241 4870 420 4937 δόξης
459 4869 741 4940 προελθεῖν
769 4870 1002 4940 διὰητῆς
1049 4870 1427 4939 ἀναστασεμου
1454 4872 1668 4942 ἡμέρας
1705 4890 1837 4944 προ.

243 4964 478 5031 πέμπει
502 4962 561 5014 τὺ
585 4961 862 5032 σκῆπτρον
889 4961 1079 5028 αὐτοῦ,
1104 4963 1204 5034 τὴν
1231 4963 1523 5036 βασιλικὴν
1559 4967 1835 5036 σημαίαν,

239 5057 348 5109 τὸν
381 5054 653 5118 ζωοποιόν
691 5055 947 5122 σταυρόν.
1010 5055 1251 5110 Observa
1307 5057 1368 5108 τὸ
1420 5061 1704 5128 σκῆπτρον
1767 5065 1832 5132 τῇ

240 5149 475 5219 σημαία
513 5148 897 5214 compositum,
931 5149 1178 5214 acvelut
1245 5150 1478 5207 rationis
1534 5154 1700 5210 unius
1757 5155 1833 5210 si-

171 5245 184 5254 "
241 5258 424 5314 gnum
455 5253 507 5295 et
555 5242 711 5311 regia:
767 5243 1070 5310 tnajcslatis
1128 5256 1512 5312 argumentum
1575 5231 1832 5313 proferri.

240 5335 616 5403 Theophanes
654 5333 706 5387 in
751 5333 932 5388 Leone
984 5333 1314 5403 (lepronymi
1356 5352 1369 5389 :
1409 5336 1656 5406 Προῆλοε
1685 5337 1742 5390 δὲ
1797 5341 1830 5410 ἡ

244 5429 543 5500 βασίλισσα
562 5429 768 5500 Εἰρήνη
807 5427 948 5498 μετὰ
972 5429 1063 5482 τοῦ
1091 5429 1378 5499 προελθεῖν
1403 5431 1532 5493 τοὺς
1563 5429 1829 5500 βασιλεῖς,

241 5521 621 5594 ὀψικευομένη
651 5521 759 5575 ὑπὸ
787 5523 897 5573 τῶν
947 5520 1243 5592 σκήπτρων
1300 5521 1390 5575 διὰ
1435 5523 1545 5576 τῶν
1597 5526 1828 5593 σχολῶν.

242 5615 514 5684 Σκῆπτρα
543 5613 692 5668 velut
731 5611 834 5668 sibi
868 5611 1090 5681 propria
1125 5610 1444 5667 deferebant
1507 5617 1651 5670 circa
1720 5617 1831 5671 Ire-

246 5723 365 5760 nem
394 5705 617 5761 scholte;
643 5715 695 5759 at
730 5720 835 5758 non
866 5704 1000 5760 adeo
1025 5712 1239 5774 sceptra
1260 5719 1421 5766 quant
1453 5706 1630 5761 banda
1660 5711 1830 5764 vexil-

238 5803 399 5867 taque
420 5807 553 5853 sunt
592 5797 801 5853 scholis
831 5799 1209 5853 accommoda.
1233 5797 1599 5867 TheOphanes
1635 5818 1828 5858 rursus

231 5894 289 5946 in
322 5866 587 5948 Slichacle
624 5889 910 5958 Theophili
946 5889 1004 5945 F.
1042 5907 1106 5948 co
1137 5866 1404 5951 Basiliumﬁ
1441 5895 1673 5966 prepriis
1707 5911 1823 5948 ma-

1952 3295 2007 3338 et
2035 3302 2180 3340 zona:
2224 3287 2502 3356 militaris,
2539 3289 2788 3361 adeoque
2850 3291 2919 3348 de
2972 3305 3155 3364 torque
3207 3298 3526 3356 traduntur.

1951 3373 2154 3432 Ges-rs.

2026 3466 2054 3521 Ι
2062 3469 2169 3524 bid.
2193 3467 2417 3541 [Saccus
2432 3474 2601 3530 vestis
2627 3485 2735 3542 est,
2757 3487 2814 3530 ut
2835 3479 3180 3547 patriarchae,
3198 3481 3270 3537 ita
3293 3483 3531 3554 impera-

1953 3561 2060 3616 tori
2124 3564 2370 3634 propria.
2435 3564 2738 3637 Utrumque
2787 3572 2954 3627 :eneis
3014 3570 3206 3639 ﬁguris
3251 3585 3305 3631 et
3339 3590 3530 3633 nostro

1949 3666 2175 3726 sumptu
2229 3657 2284 3711 in
2336 3657 2735 3732 Euchologicis
2789 3664 3210 3734 descripsimus.
3261 3667 3528 3740 Superest

1953 3749 2296 3817 huneverbis
2322 3752 2442 3806 rudi
2465 3751 2705 3808 Minerva
2731 3755 3083 3813 delineemus.
3109 3759 3323 3818 Talaris
3346 3767 3526 3820 tunica

1951 3855 2017 3895 ex
2052 3842 2629 3902 villososericototum
2681 3863 2880 3917 corpus
2921 3849 3204 3922 obtegens,
3251 3856 3528 3928 nullisque

1949 3934 2166 3990 sinuum
2196 3935 2357 3991 undis
2388 3936 2530 3992 circa
2561 3937 2690 3991 illud
2713 3937 2910 3995 ludens
2959 3951 3054 3996 aut
3097 3954 3266 4012 mota,
3333 3964 3522 4005 verum

1947 4025 2197 4081 nonnihil
2233 4033 2489 4097 angusta,
2527 4027 2728 4084 liberos
2776 4039 2835 4082 ut
2870 4029 3084 4085 videtur
3122 4032 3372 4092 incessus
3413 4055 3522 4094 non

1946 4119 2293 4190 permittens,
2309 4118 2473 4190 29o
2499 4133 2560 4174 ac
2583 4119 2819 4190 denique
2837 4123 2980 4177 sacci
3003 4123 3231 4192 ﬁguram
3257 4129 3522 4198 referens,

1945 4227 2131 4266 saccus
2145 4219 2248 4267 est.
2269 4210 2456 4266 Rubro
2471 4211 2654 4268 colore
2674 4212 2949 4284 tingitms.
2972 4213 3272 4286 Tilianum,
3291 4218 3521 4292 Regium

1945 4305 2315 4376 Sandionysii,
2346 4305 2614 4363 Manuelis
2652 4309 2825 4364 ultimi
2854 4308 3188 4383 Joannisqne
3209 4314 3302 4370 ﬁlii
3349 4317 3524 4389 impe-

1946 4409 2190 4455 ratorum
2249 4409 2413 4455 totam
2476 4399 2702 4471 elligiem
2777 4418 3196 4475 repraesentans,
3252 4412 3518 4470 violaceo.

1947 4491 2188 4564 Uterque
2208 4509 2517 4564 purpureus
2535 4493 2766 4550 habetur
2807 4505 2861 4552 et
2908 4497 3290 4570 imperatorem
3342 4505 3520 4564 decet.

1865 4549 1919 4610 Β
1949 4549 2150 4661 ϐολαί]

2023 4682 2104 4737 Ib.
2131 4681 2382 4736 Φυάλιν.
2420 4680 2498 4736 Ita
2533 4684 2794 4739 scribitur
2843 4685 2984 4754 apud
3043 4688 3336 4746 Codinum.
3371 4694 3518 4749 lnte.

1943 4791 2100 4848 grum
2125 4785 2208 4831 est
2227 4775 2474 4844 φυάλιον,
2499 4777 2685 4829 velum.
2718 4776 2831 4829 Viri
2880 4779 3043 4843 docti,
3067 4780 3167 4834 hoc
3193 4792 3276 4836 est
3296 4782 3515 4854 Junius,

1944 4869 2122 4940 inquit
2153 4869 2512 4930 Glossarium,
2532 4870 2950 4938 interpretantur
2978 4875 3192 4925 vitream
3207 4881 3514 4934 carbasum.

1946 4959 2068 5015 Non
2093 4963 2374 5016 assentior.
2405 4961 2735 5015 lleceutiores
2756 4961 2928 5017 ϐττινεὶ
2948 4967 3234 5020 crassiores
3279 4985 3518 5036 promtu-

1941 5051 2166 5105 tiatione
2190 5063 2239 5104 et
2275 5051 2680 5115 πλατυάζοντες
2708 5053 2784 5106 sic
2810 5045 3102 5122 efferebant
3159 5055 3328 5112 velum
3371 5059 3518 5116 Lati-

1941 5160 2152 5198 norum.
2183 5142 2440 5198 Germani
2472 5160 2687 5214 quoque
2717 5156 2913 5201 vocant
2947 5161 3166 5204 sacrum
3192 5151 3519 5224 velum,quo

1939 5237 2206 5292 moniales
2237 5239 2509 5303 velantur,
2533 5239 2618 5292 ein
2644 5239 2821 5293 weiltel
2853 5256 2948 5295 seu
2971 5243 3104 5308 weil,
3130 5245 3413 5303 manifesta
3446 5265 3513 5305 ex

1937 5329 2126 5383 vocula
2157 5333 2267 5384 veto
2308 5331 2542 5401 origine.
2573 5331 2780 5386 Gne'rs.

2013 5425 2241 5497 [Φιάλην
2272 5425 2336 5479 ad
2377 5441 2459 5478 mc
2483 5425 2674 5480 scribit
2721 5425 2988 5498 Georgius
3015 5426 3270 5486 Coresius
3309 5428 3513 5484 Citien-

1916 5518 2033 5586 _sis,
2067 5533 2296 5588 eamque
2327 5527 2485 5572 vocat
2535 5517 2971 5589 πολυχρὼματον
3033 5521 3361 5592 ὑφασμένην
3415 5525 3513 5576 καὶ

1937 5611 2336 5682 πεπλεγμένην
2399 5611 2746 5682 καλύπτραν,
2807 5615 2998 5684 capitis
3066 5615 3289 5685 tegimen
3346 5617 3512 5669 variis

1935 5707 2194 5761 coloribus
2230 5708 2592 5760 intertextum.
2637 5705 2716 5760 An
2759 5707 2829 5762 ob
2857 5722 3064 5777 pennas
3097 5711 3181 5762 vel
3218 5708 3510 5763 volitantes

1935 5801 2272 5871 mobilesque
2302 5817 2544 5872 gemmas
2599 5801 2806 5871 φυαλην
2861 5801 3138 5856 fontanam
3194 5801 3504 5856 machinam

1939 5893 2259 5965 grandinem
2319 5909 2582 5965 aquarum
2651 5901 3273 5968 superne-eructantetn
3338 5891 3506 5950 fuerit
