3852 6598
363 335 470 404 323

1459 333 1540 394 ΙΝ
1587 334 1880 396 LIBRUM
1929 333 2022 392 Dii
2065 328 2398 390 OPFlCliS
2435 327 2542 384 CP.

3501 315 3598 380 324

365 455 594 517 imitata,
629 452 768 505 alius
794 449 1140 520 iudicaverit.
1172 449 1242 504 De
1267 449 1462 520 phyala
1487 451 1632 506 fonte
1663 453 1713 506 in
1739 451 1947 506 Eurho-

2060 447 2119 498 ιιυ
2169 444 2518 498 tuumtuum-ia
2568 438 2859 492 Andronici
2922 435 2973 488 in
3024 433 3218 488 solium
3253 431 3602 502 promotione,

359 545 553 612 logicis
585 545 966 598 disseruimus.
1005 541 1205 614 Ceam]

429 635 562 689 1⁵51.
597 635 1222 704 Tropteuchiaatropwa
1263 651 1356 691 seu
1430 635 1932 705 trophaao.Gnrrs.

429 727 682 799 [Tropaea
722 736 884 782 sonat
933 729 1050 784 haec
1112 730 1280 784 dictio
1348 731 1786 798 triunqrhosquo,
1849 750 1944 785 nec

360 817 673 872 immerito:
705 819 868 872 refert
913 823 1052 874 enim
1083 833 1368 890 augustum
1398 821 1530 876 illud
1563 836 1614 877 ιιι
1653 842 1724 892 lll't
1751 825 1944 874 ti-zslnu

357 911 594 978 tegimen
659 911 858 980 capitis
918 907 1212 966 candicans
1296 917 1600 984 etgemmis
1667 923 1942 976 ornatum,

355 1015 468 1067 quo
505 1003 572 1054 de
639 1011 794 1072 parta
857 997 1086 1058 Victoria
1154 1001 1483 1060 laetabantur
1563 1009 1944 1076 iuqieratorcs.

353 1091 614 1148 Coresfus
647 1096 700 1148 in
735 1097 1048 1165 rescriptis.
1084 1093 1290 1168 Ceam}

429 1183 516 1240 1b.
573 1171 966 1242 iustim‘aneum
1021 1204 1050 1242 a
1097 1185 1412 1243 Justiniano
1457 1189 1812 1260 imperatore,
1854 1189 1946 1261 qui

356 1278 503 1346 quali
550 1277 790 1346 tegmine
813 1267 1165 1350 capitis‘usus
1189 1283 1284 1352 sit,
1308 1293 1536 1352 apparet
1571 1285 1754 1356 aliquo
1785 1285 1949 1340 modo

356 1385 420 1425 ex
465 1373 711 1441 antiquis
767 1374 1138 1442 numismatis,
1175 1395 1410 1449 quorum
1461 1378 1722 1432 nonnulla
1756 1379 1946 1433 lectori

353 1465 648 1532 Spectanda
687 1469 1076 1538 proposuimus
1108 1479 1236 1524 tom.
1275 1470 1337 1524 ιιι
1367 1471 1434 1526 de
1463 1469 1520 1526 S.
1557 1469 1754 1536 Crucc,
1785 1485 1824 1533 ι,
1855 1467 1946 1523 20.

429 1545 632 1610 Ibidem
699 1557 844 1622 dixi,
910 1556 1240 1617 Justinianei
1295 1562 1528 1618 formam
1593 1563 1712 1617 esse
1783 1578 1948 1634 q-Iam

357 1643 556 1697 ibidem
597 1655 1015 1712 reprazsentutus
1062 1665 1320 1704 numnus
1388 1649 1654 1720 antiquus
1705 1649 1944 1704 exhibet.

357 1733 629 1803 Improbat
665 1738 766 1793 hoc
795 1735 912 1795 Nic.
945 1740 1282 1797 Alamannus
1318 1741 1373 1795 in
1409 1742 1811 1797 commentario
1879 1741 1944 1796 ad

2055 539 2238 590 ’Λλλοι
2273 535 2328 588 δὲ
2383 535 2482 605 τὴν
2541 531 2853 600 καπνηρὰν,
2917 527 3110 596 inquit,
3172 527 3264 578 καὶ
3319 539 3610 594 πυραμοει-

2049 629 2115 698 δῆ
2151 628 2314 698 ὲρέαν
2338 627 2435 694 τῆς
2484 623 2730 694 κεφαλῆς
2793 619 3121 689 ἀφελόμενοι
3190 615 3406 686 πυρσὴν
3467 613 3610 682 αὐτῷ

2052 721 2395 790 περιέοεντο,
2427 719 2522 772 καὶ
2548 716 2743 788 στολὴν
2799 711 3083 786 βασιλικὴν
3129 711 3387 764 ἐνέδυσαν
3419 706 3610 774 ἕτεροι.

2050 809 2250 883 Goan.]

2119 903 2530 960 Gestaminibus
2553 917 2674 971 qum
2705 901 3006 968 imperator
3033 896 3137 949 fert
3171 895 3226 948 in
3253 889 3614 975 capitenadde

2051 993 2214 1048 etiam
2275 995 2408 1048 illud
2477 993 2621 1064 quod
2681 984 2947 1061 G'eorgius
3007 985 3341 1056 Acropolita,
3393 997 3616 1052 magnus

2051 1085 2347 1154 logotheta,
2375 1086 2427 1139 in
2445 1099 2544 1141 suo
2582 1083 2859 1138 Chronico
2887 1081 3117 1150 appellat
3137 1076 3496 1148 gpyramidem,
3529 1075 3616 1127 ubi

2051 1177 2118 1230 de
2149 1177 2338 1231 lsaaco
2371 1179 2697 1246 imperatore
2720 1193 2747 1228 a
2778 1173 3029 1242 Bulgaris
3055 1171 3268 1224 devicto
3298 1169 3408 1239 agit
3435 1185 3486 1238 p.
3514 1167 3618 1220 εἰς

2051 1267 2122 1322 Et
2159 1269 2254 1322 hoc
2289 1279 2536 1337 tempore,
2579 1269 2781 1337 inquit,
2823 1265 3044 1335 Bulgari
3073 1265 3236 1318 tantis
3270 1263 3618 1315 Romanorum

2051 1362 2234 1430 spoliis
2269 1363 2546 1431 acquisitis
2593 1361 2874 1429 superbius
2917 1357 3332 1426 insolentiusque
3383 1371 3435 1408 se
3481 1369 3620 1422 gere-

2051 1455 2214 1510 bant:
2254 1456 2364 1508 Ka‘t
2395 1455 2504 1523 γὰρ
2542 1455 2634 1506 καὶ
2682 1456 2748 1506 ὲκ
2795 1453 2906 1506 τῶν
2945 1451 3247 1522 βασιλικῶν
3284 1447 3624 1516 παρασήμων

2052 1548 2120 1602 τὰ
2171 1549 2556 1617 καιριώτερα·
2619 1547 2718 1608 τάς
2769 1563 2828 1597 τε
2887 1545 2996 1614 γὰρ
3055 1543 3148 1596 τοῦ
3207 1540 3472 1611 βασιλέως
3527 1536 3623 1596 τὰς

2053 1643 2370 1711 πυραμίδας
2422 1640 2778 1694 ἀνελάϐοντο.
2827 1639 2906 1693 Ad
2959 1648 3078 1708 quae
3133 1637 3402 1703 interpres
3451 1631 3636 1716 Theos

2051 1736 2221 1789 dorus
2290 1734 2513 1788 Dousa:
2579 1733 2838 1804 Πυραμὲς
2873 1739 2986 1785 erat
3040 1730 3214 1799 pilosus
3271 1726 3624 1784 acuminatas,

357 1843 616 1882 arcanam
652 1830 935 1886 historiam
965 1833 1238 1904 Procopii,
1265 1837 1390 1904 quia
1411 1845 1533 1890 ante
1562 1835 1940 1891 Justinianum
1983 1811 2020 1864 Β
2051 1831 2226 1880 instar
2259 1815 2573 1897 pyramidis,
2619 1825 2980 1881 orientalium
3019 1824 3314 1894 principum
3346 1829 3624 1888 gestamen.

361 1919 728 1990 Theodosius,
764 1923 1093 1988 Marcianus.
1157 1927 1285 1992 Leo,
1315 1927 1486 1992 Zeno,
1531 1929 1856 1984 Anastasius
1890 1937 1944 1982 et

355 2011 604 2069 Justinus
671 2018 918 2072 eamdem
989 2019 1293 2090 πτερωτήν,
1368 2021 1608 2084 cristam,
1679 2023 1733 2074 in
1792 2021 1942 2090 galea

359 2115 664 2172 gestarum,
698 2119 754 2162 ut
783 2109 1040 2164 ineorum
1071 2112 1419 2166 numistnatis
1449 2097 1696 2182 apparet;
1779 2113 1943 2181 atque

357 2199 448 2254 illa
481 2209 564 2254 est
593 2217 756 2268 quam
786 2203 1176 2273 τροπαιουχίαν
1241 2213 1486 2260 vocatam
1516 2205 1656 2258 idem
1694 2203 1942 2262 Codinus

355 2287 614 2346 aftirmat.
650 2291 844 2347 Verum
886 2305 944 2349 ut
979 2293 1326 2351 Justinianus
1355 2297 1596 2365 integras
1665 2297 1828 2352 urbes
1890 2311 1944 2352 ct

359 2399 447 2438 res
515 2385 652 2440 alias
705 2401 736 2440 a
805 2402 908 2441 suo
979 2388 1202 2442 nomine
1282 2389 1574 2443 ambitiose
1638 2391 1946 2446 nominavit

355 2475 640 2532 exstinctis
726 2477 920 2547 priscis
1005 2480 1485 2552 appellationibus,
1583 2481 1658 2536 ita
1710 2491 1763 2537 et
1820 2483 1946 2536 huic

361 2559 556 2630 capitis
585 2564 854 2634 φορέματι
885 2581 976 2619 seu
1011 2569 1304 2636 gestamini
1333 2587 1490 2626 suum
1569 2578 1766 2625 nomen
1845 2573 1945 2625 im—

363 2652 565 2722 ponere
593 2657 790 2724 potuit,
833 2657 960 2716 licet
999 2659 1067 2712 ab
1120 2661 1563 2719 antecessoribus
1624 2663 1738 2718 suis
1778 2665 1942 2718 etiam

364 2751 688 2814 usttrputnm
723 2747 937 2802 fuisset.
977 2751 1044 2803 At
1079 2751 1481 2808 Justinianeum
1541 2757 1645 2811 hoc
1695 2757 1944 2812 diadema

361 2855 469 2893 non
495 2840 746 2894 bellicum
775 2849 863 2895 aut
897 2855 1176 2898 castrense
1198 2845 1316 2910 fuit,
1366 2851 1458 2902 sed
1515 2849 1772 2915 civicum;
1839 2867 1947 2920 quo

359 2927 493 2981 etin
531 2930 704 2985 sacris
741 2939 794 2985 et
823 2933 874 2986 in
915 2933 1166 2989 ecclesiis
1195 2937 1468 2992 utebatur.
1503 2937 1606 2992 Sed
1667 2951 1720 2995 et
1780 2941 1946 2998 Codi-

365 3029 469 3076 nus
510 3023 643 3078 satis
681 3023 885 3080 indiCat
913 3029 1290 3096 tropznuchian
1338 3039 1392 3084 et
1454 3030 1863 3090 Justiniancum
1893 3045 1948 3092 ct

365 3113 470 3166 alia
501 3113 730 3170 arbitrio
784 3117 1128 3186 imperatoris
1163 3130 1267 3174 tam
1307 3123 1450 3176 domi
1499 3139 1602 3194 qua
1670 3125 1798 3179 alibi
1861 3143 1949 3198 ge-

357 3213 505 3262 ltata
526 3224 538 3259 :
563 3206 638 3260 ait
660 3209 840 3262 enim:
877 3209 1001 3263 Ἐπὶ
1029 3211 1084 3262 δὲ
1109 3213 1350 3282 κεφαλῆς
1383 3215 1674 3284 φορέμοιτα
1693 3217 1946 3288 διάφορα,

365 3297 496 3350 ποτὲ
538 3297 639 3368 μὲν
666 3299 726 3352 τὸ
765 3297 1171 3370 ὀνομαζόμενον
1229 3307 1648 3377 τροπαιουχεαν,
1710 3311 1838 3362 ποτὲ
1897 3309 1954 3364 δὲ

372 3391 827 3461 Ἰουστινιάνειον,
868 3396 925 3446 ἐν
975 3395 1156 3459 ἄλλοις
1218 3397 1274 3451 δὲ
1331 3398 1639 3469 ὑπέρτερον
1675 3413 1781 3458 etc.
1821 3406 1953 3458 Ἀπὸ

363 3483 462 3552 μὲν
503 3479 597 3537 οὖν
625 3487 884 3540 τοιούτων
917 3489 1247 3558 φορεμάτων
1303 3495 1462 3564 φορεῖ
1503 3495 1529 3547 ὁ
1586 3493 1838 3566 βασιλεὺς
1867 3493 1953 3552 οἷοι

367 3577 433 3629 ἂν
468 3576 735 3646 βούλοιτο.
769 3579 841 3632 Ex
877 3569 1076 3648 quibus
1101 3579 1292 3637 Cadini
1321 3585 1502 3640 verbis
1525 3585 1690 3655 liquet
1724 3585 1956 3658 impera-

363 3677 544 3723 torem
571 3671 718 3722 varia
741 3670 1000 3726 habuisse
1021 3673 1216 3741 capitis
1236 3676 1548 3745 φορέματα,
1575 3687 1629 3730 et
1682 3677 1952 3733 arbitratu

363 3775 465 3814 suo
491 3775 638 3814 nunc
673 3761 778 3816 hoc
811 3759 956 3817 nu'nc
1001 3763 1132 3819 illud
1185 3774 1453 3833 gestasse.
1486 3763 1812 3823 Justinianei
1842 3768 1952 3823 for-

362 3867 507 3907 mam
535 3855 692 3909 nobis
734 3855 1066 3911 Alemaunus
1108 3857 1326 3914 exhibet
1363 3874 1429 3914 ex
1469 3859 1652 3916 tabula
1686 3863 1950 3932 quadam,

364 3961 488 4014 quae
545 3961 711 4016 Opere
764 3949 980 4003 musit'o
1043 3943 1318 4006 Ravennm
1373 3963 1584 4009 exstat:
1626 3969 1734 4009 non
1787 3971 1952 4026 nega-

369 4037 539 4091 verim
579 4035 956 4095 Justinianum
1023 4041 1118 4096 tali
1170 4043 1366 4113 capitis
1406 4047 1722 4118 legumento
1755 4063 1950 4102 nsum:

361 4130 456 4186 sed
494 4131 596 4186 hoc
633 4147 752 4187 esse
803 4135 982 4204 ipsum
1033 4129 1443 4192 Justinianeum
1497 4155 1560 4193 ex
1623 4141 1801 4196 tabula
1859 4141 1950 4196 illa

362 4223 580 4292 probari
617 4239 726 4278 non
769 4235 966 4293 potest.
1010 4227 1216 4284 Gners.

433 4315 592 4386 291
637 4317 706 4389 [Α
753 4317 1072 4376 Iustiniano
1133 4333 1409 4393 acceptam
1448 4327 1774 4398 καλύπτραν
1832 4329 1953 4400 ejus

365 4407 700 4462 numismata
743 4417 796 4462 et
851 4412 1074 4480 antiqua
1121 4421 1426 4469 statuarum
1474 4427 1854 4482 monmneuta,
1902 4423 1947 4474 si

2053 1923 2218 1990 Cujus
2243 1933 2424 1991 postea
2449 1921 2638 1974 iterum
2662 1925 2848 1972 unctor
2865 1919 3138 1971 meminit:
3169 1916 3278 1968 Kal
3297 1917 3364 1966 τὰ
3389 1917 3488 1982 μὲν
3511 1915 3630 1981 ἐρυ-

2055 2014 2160 2082 ορὰ
2177 2011 2720 2065 πέδιλαάπεϐἁλλετο
2743 2011 2956 2079 καὶτὴν
2993 2009 3418 2078 περιμάργαρον
3457 2021 3628 2074 πυρα-

2058 2105 2182 2173 μίδα
2217 2146 2231 2170 ,
2259 2107 2340 2168 εἰς
2389 2105 2454 2177 ἣν
2487 2107 2582 2157 καὶ
2644 2103 2790 2167 λίθος
2841 2104 3223 2174 ὐπερκάθητιι
3285 2103 3557 2164 κιέκκινος,
3595 2101 3630 2152 ἃ,

2056 2197 2310 2266 βασιλικὰ
2365 2197 2634 2267 σύμϐολα.
2699 2181 3140 2262 Cantacuzcnns,
3205 2195 3255 2261 1,
3313 2196 3368 2257 5,
3430 2194 3625 2262 pileum

2057 2293 2200 2344 hunc
2251 2307 2344 2343 seu
2403 2289 2594 2346 tiaram
2649 2291 2717 2344 ab
2775 2291 2981 2360 Inserto
3015 2288 3244 2364 Junione
3295 2291 3392 2341 seu
3456 2287 3631 2355 lapile

2059 2385 2296 2454 pretioso
2329 2383 2728 2454 synccdochice
2766 2383 3015 2435 neminat
3049 2381 3142 2433 τὸν
3176 2381 3270 2433 ἐπὶ
3327 2381 3426 2449 τῆς
3461 2395 3632 2446 κεφα-

2056 2477 2154 2548 λῆς
2195 2478 2364 2530 λῖῐὶον.
2395 2475 2458 2529 Et
2483 2477 2538 2542 4,
2573 2477 2664 2541 57,
2701 2475 2816 2529 inec
2842 2475 3028 2528 eadem
3065 2474 3202 2527 tiara
3239 2481 3324 2527 est
3355 2473 3634 2526 (iantacu-

2057 2580 2194 2620 zeno
2221 2567 2352 2636 λίθῳ
2381 2567 2804 2636 κεκοσμημένος
2837 2566 3008 2628 πῖλος.
3042 2565 3136 2618 Est
3187 2561 3495 2634 symbol'utn
3529 2565 3632 2617 iru-

2057 2660 2188 2728 perii
2210 2662 2258 2722 l,
2293 2661 2342 2714 5.
2378 2661 2646 2726 Qum-irca
2677 2659 2952 2714 diversum
2981 2659 3154 2712 forma
3193 2657 3366 2712 fuisse
3391 2659 3632 2726 oportuit

2056 2753 2208 2806 illum
2267 2760 2427 2822 quem
2473 2751 2736 2823 fugitivus
2771 2751 3124 2804 Andronicus
3155 2751 3473 2804 Cotnnenus
3532 2749 3630 2803 iure

2058 2857 2276 2914 perator
2324 2845 2524 2910 induit,
2591 2845 2716 2899 licet
2779 2844 3080 2915 pyramidis
3121 2858 3339 2913 quoque
3391 2841 3628 2911 speciem

2058 2953 2167 3007 prm
2197 2953 2254 2994 se
2287 2939 2493 2994 ferret:
2529 2939 2693 2991 Πῖλον
2739 2939 2848 3009 γὰρ
2899 2937 3242 3008 βαρϐαρικὸν
3295 2939 3358 3006 τῇ
3419 2936 3628 3006 κεφαλῇ

2057 3031 2441 3102 περιθέμενος,
2473 3032 2532 3094 ὃς
2567 3035 2647 3095 εἰς
2697 3031 2791 3097 ὀξὺ
2819 3033 3000 3102 λήγων
3042 3031 3308 3101 πνραμίδι
3355 3029 3630 3092 εἴκασται,

2055 3123 2154 3195 τὴν
2185 3124 2472 3195 βασιλικὴν
2508 3125 2737 3178 εἴσεισιν
2767 3124 2926 3189 αὖθις
2952 3125 3183 3195 τριήρη,
3217 3132 3276 3178 ut
3311 3124 3387 3178 ait
3417 3122 3634 3180 Nicetas

2057 3217 2091 3270 1.
2125 3233 2162 3271 ιι
2196 3221 2261 3271 de
2285 3217 2596 3272 Andronico
2623 3217 2928 3273 Conmeno.
2957 3217 3178 3274 Grande
3211 3225 3388 3272 tamen
3417 3219 3636 3276 aliunde

2057 3311 2198 3366 inter
2238 3313 2385 3366 hunc
2416 3312 2762 3367 barbaricum
2796 3312 3189 3383 pyramidalem
3241 3313 3446 3382 pileum
3486 3321 3539 3368 et
3569 3315 3632 3368 il-

2057 3403 2167 3456 lum
2231 3404 2463 3458 alterum
2523 3404 2934 3474 imperaIOrium
2965 3404 3346 3460 intercessisse
3397 3413 3632 3474 Oportet,

2056 3511 2176 3551 cum
2209 3499 2554 3552 AndrOnicus
2593 3501 2738 3553 hunc
2765 3497 3140 3564 barbaricum,
3200 3513 3266 3552 nc
3302 3505 3632 3568 agnoscere-

2056 3600 2143 3644 tur
2177 3593 2489 3660 imperntor,
2531 3592 2926 3660 assumpscrit:
2959 3592 3109 3647 sicut
3159 3600 3211 3645 et
3247 3591 3508 3662 turbinati
3560 3589 3634 3644 illl

2056 3683 2204 3753 pllei,
2230 3685 2414 3754 σχῆμα
2451 3685 2759 3755 πυραμίδος
2787 3684 3029 3754 ἔχοντες,
3061 3683 3262 3753 quibus
3291 3699 3549 3753 proceres
3581 3685 3632 3738 in

2054 3782 2175 3832 au‘la
2206 3779 2491 3849 Cpolitana
2550 3780 2869 3844 utebantur,
2927 3778 3118 3845 utique
3168 3777 3238 3832 ab
3281 3777 3632 3845 imperatoris

2055 3872 2402 3942 καλύπτραις
2437 3887 2531 3926 seu
2565 3871 2893 3941 tegumentis
2925 3869 2978 3923 in
3015 3869 3353 3941 pyramidem
3381 3869 3634 3939 fastigia.

2058 3967 2126 4020 tis
2163 3965 2569 4036 discrepahant.
2607 3963 2744 4022 Vide
2776 3961 3079 4036 Gregoram
3113 3964 3182 4019 ad
3244 3965 3455 4020 calcem
3513 3963 3634 4019 llis-

2055 4060 2242 4136 torizn‘

2126 4152 2324 4216 Gt‘tcci,
2373 4161 2598 4222 recepta
2631 4155 2659 4206 a
2717 4151 2925 4207 Latinis
2977 4151 3152 4220 Cpoii,
3183 4151 3342 4218 inter
3382 4151 3630 4206 Balduini

2055 4245 2096 4299 ll
2132 4245 2477 4314 imperatoris
2500 4245 2743 4313 symbola
2773 4255 3094 4314 repererunt
3125 4239 3423 4314 calyptram
3459 4242 3634 4298 forma

2055 4339 2264 4392 Latinis
2295 4337 2491 4392 nsitata
2520 4347 2862 4391 constantem
2901 4349 2952 4390 et
2985 4335 3284 4392 uuioniLus
3315 4335 3632 4390 distinctam

2058 4447 2180 4485 (um
2221 4431 2403 4500 lapillo
2441 4431 2591 4486 rubri
2626 4431 2831 4486 coloris
2863 4431 2916 4484 in
2951 4431 3156 4484 vertice
3209 4429 3424 4500 capitis,
3460 4438 3522 4483 ut
3581 4429 3636 4484 in

363 4515 485 4570 qua?
516 4502 818 4570 ειψοτεῖιιῑ,
852 4505 1071 4575 scriptis
1104 4506 1309 4564 clarius
1355 4510 1684 4568 edocetiunt.
1737 4515 1942 4588 Carm]
1979 4521 2018 4575 D
2051 4523 2324 4578 Pandecte
2353 4522 2543 4576 scribit
2599 4521 2967 4578 Leunelavius
3023 4538 3086 4578 ex
3125 4522 3364 4578 Praetore
3413 4521 3634 4577 Graecia:

427 4591 566 4648 Ibid.
599 4593 704 4647 Pro
734 4593 1037 4666 ὑπέρτερον
1069 4597 1303 4654 libenter
1335 4599 1570 4671 legerem
1605 4604 1949 4676 ὑπέρπυρον,

365 4690 424 4736 ut
474 4684 549 4737 sit
580 4694 862 4754 gestamen
935 4689 1129 4756 capitis
1191 4690 1366 4746 instar
1438 4691 1578 4762 ignis
1635 4695 1945 4754 ﬂammans.

365 4775 579 4832 Gnc'rs.

433 4891 842 4964 [Καλύπτρας.
895 4893 1066 4966 llujus
1099 4911 1296 4952 nomen
1347 4898 1595 4953 innuisst!
1627 4908 1680 4953 et
1722 4901 1949 4972 figuram

362 4997 788 5056 repraesentasse
812 4990 1022 5044 tidetur
1046 4991 1327 5046 Cedrcuus
1355 4993 1406 5045 in
1433 4992 1633 5046 Basilio
1657 5009 1669 5046 :
1691 4993 1951 5064 Στεφάνῳ

365 5078 551 5148 χρυσῷ
579 5079 742 5148 λόφον
767 5081 1076 5152 ἐφύπερθεν
1099 5083 1272 5152 ἔχοντι
1300 5085 1704 5154 ἐθριάμϐευσεν
1727 5090 1956 5152 ἐστεφα-

370 5171 635 5241 νωμένος.
697 5173 1055 5246 ’Υπέρπυρον
1109 5177 1398 5244 legendum
1443 5177 1688 5246 suggerit
1727 5177 1950 5232 Gretsc-

367 5279 481 5319 rus.
519 5263 635 5317 Non
673 5267 880 5334 ignare,
911 5284 996 5321 me
1031 5267 1275 5322 hercule.
1314 5269 1466 5339 Legit
1499 5271 1642 5324 enim
1681 5271 1817 5324 idem
1847 5269 1952 5323 Co—

367 5358 548 5412 rcsius
582 5357 711 5412 dum
751 5359 1002 5412 rescribit
1031 5376 1046 5414 :
1080 5359 1154 5412 Τὸ
1202 5359 1524 5430 ὑπέρπσρον
1577 5359 1816 5431 tegimen
1869 5369 1952 5416 est

367 5449 584 5519 capitis,
623 5450 844 5506 hostilis
882 5451 1167 5520 sanguinis
1202 5451 1516 5506 elfuudendi
1576 5469 1761 5516 omen,
1814 5453 1949 5522 regii

365 5541 654 5596 furnrisin
691 5543 1033 5600 adversarios
1091 5527 1390 5616 prdiecturi
1448 5546 1686 5615 signum,
1749 5545 1948 5599 eximia

364 5633 607 5703 purpura
669 5633 934 5702 fucatum,
971 5653 1079 5706 quo
1141 5652 1200 5691 se
1259 5639 1619 5708 imperatores
1681 5637 1763 5692 vel
1819 5637 1948 5690 belli

370 5738 616 5796 tempore
651 5731 730 5783 vel
767 5729 818 5782 in
843 5729 961 5800 ipso
990 5731 1248 5786 conflictu
1282 5731 1562 5790 Velabaut.
1627 5729 1763 5783 lllud
1836 5729 1947 5782 for-

367 5831 514 5878 tasse
542 5821 753 5893 πύρσης
787 5825 1006 5881 neruine
1059 5822 1277 5882 Nicetes
1329 5823 1504 5880 voluit
1566 5821 1820 5892 intelligi,
1857 5823 1947 5879 ubi

2063 4616 2327 4670 historico
2357 4615 2582 4668 inedita.

2131 4707 2362 4763 Basilius
2401 4709 2904 4778 Porphyrogenitus
2936 4709 3078 4776 apud
3105 4705 3374 4760 Zonaram
3433 4703 3634 4759 trium-

2060 4804 2188 4870 phirt
2213 4801 2381 4872 τιάρᾳ
2405 4799 2716 4864 ταινιωθεὶς
2743 4800 2926 4872 ὀρϐίᾳ,
2957 4800 3022 4870 ἣν
3061 4797 3270 4868 τοῢφαν
3308 4797 3466 4850 καλεῖ
3495 4799 3526 4848 ὁ
3547 4795 3638 4866 δη-

2063 4889 2240 4962 μώδης
2270 4895 2365 4946 καὶ
2393 4892 2561 4957 πολὺς
2603 4891 2915 4962 ἄνθρωπος,
2953 4891 3118 4961 292
3158 4890 3340 4961 inquit
3369 4889 3636 4944 Zonaras.

2056 4983 2220 5036 Addit
2248 4993 2490 5055 ctymou.
2531 4984 2716 5038 nescio
2739 4999 2903 5053 quam
2933 4998 3058 5036 vere
3083 5001 3098 5036 :
3125 4982 3308 5050 Τῦφον
3335 4979 3486 5050 οἴμαι
3509 4981 3640 5034 ὠνο-

2061 5077 2352 5146 μασμένην
2391 5075 2468 5138 ὡς
2498 5075 2842 5144 τετυφῶσθαι
2871 5075 3136 5128 ποιοῦσαν
3161 5076 3288 5138 τοὺς
3321 5074 3498 5145 ταύτῃ
3513 5075 3641 5126 ἀνα-

2057 5170 2376 5239 δουμένους.
2419 5169 2551 5235 Qua:
2587 5177 2671 5225 est
2703 5170 2878 5240 magis
2907 5169 2994 5239 pia
3024 5185 3187 5240 quam
3229 5181 3358 5223 vera
3385 5167 3632 5236 origina-

2059 5262 2152 5316 tio.
2190 5263 2470 5318 Cedrenus
2497 5263 2563 5318 de
2587 5263 2776 5318 eodem
2825 5263 3071 5332 ejusdem
3107 5261 3288 5318 Basilii
3325 5260 3639 5330 triumpho:

2055 5355 2315 5426 Στεφάνῳ
2357 5357 2548 5426 χρυσῷ
2596 5355 2758 5425 λόφον
2807 5353 3117 5426 ἐφύπερθεν
3171 5353 3353 5425 ἔχοντι
3403 5352 3640 5424 ἐθριάμ-

2057 5449 2251 5501 ϐευσεν
2308 5450 2793 5520 ἐστεφανωμένος.
2827 5449 3065 5502 Cristata
3116 5448 3374 5502 nimirum
3434 5461 3638 5500 corona

2055 5549 2277 5610 propter
2308 5541 2530 5610 tupham
2586 5556 2682 5596 seu
2717 5539 3053 5610 ﬂammulam
3092 5580 3107 5605 ,
3145 5555 3250 5609 qua
3305 5537 3641 5610 insiguieba-

2057 5643 2166 5699 tur,
2210 5649 2372 5702 quam
2406 5633 2690 5689 Cedrenus
2723 5646 2881 5688 vocat
2915 5633 3105 5702 λόφον,
3131 5633 3207 5686 ob
3251 5645 3415 5702 quant
3443 5630 3640 5700 vulgus

2059 5731 2252 5782 tiaram
2297 5731 2455 5783 istam
2491 5725 2666 5795 (up/ia:
2693 5725 2919 5781 nomine
2951 5725 3152 5781 aﬂ'ecit.
3185 5725 3390 5780 Gners.

2129 5821 2187 5874 Ρ.
2223 5819 2310 5876 5!.
2370 5819 2683 5890 [Σταυρόν.
2721 5818 2837 5876 Duo
2871 5826 3002 5876 sunt
3034 5817 3384 5890 imperatoris
3421 5823 3640 5885 sceptra
