3852 6594
325 380 441 469 325

1410 402 1797 461 GRETSERI
1846 401 1939 458 ET
1984 398 2221 457 GOARI
2270 396 2509 459 NOTIE.

3494 334 3615 455 323.

318 523 558 593 σταυρὸς
598 523 695 576 καὶ
724 519 960 596 νάρθηξ.
996 532 1126 575 crux
1156 530 1204 574 et
1238 518 1432 589 ferula.
1470 520 1545 573 De
1575 520 1780 589 quibus
1818 517 1901 588 Sy-

2027 518 2319 570 nocentius.
2362 514 2693 586 Mandylium
2724 529 2856 571 suos
2900 513 3106 570 natales
3162 512 3329 566 etiam
3383 510 3601 565 nemine

315 628 483 669 meon
510 610 922 670 Thessalonica:
942 615 1233 684 episcopus
1262 628 1278 666 :
1309 612 1468 665 Μετὰ
1497 612 1558 664 τὸ
1587 609 1777 663 λαϐεῖν
1805 611 1900 662 τὸν

312 706 556 776 σταυρὸν
580 706 666 770 εις
695 707 896 775 δεῖγμα
930 706 1028 774 τῆς
1057 703 1364 766 εὐσεϐείας,
1404 703 1494 758 καὶ
1517 702 1616 773 τὴν
1639 702 1899 764 ἀκακίαν,

310 801 459 870 ὅπερ
512 800 646 872 χοῦς
682 802 805 854 ἐστι
847 800 1133 870 σημαίνων
1158 798 1220 851 τὸ
1282 796 1529 867 φθαρτὸν
1577 797 1678 864 τῆς
1726 796 1903 866 ἀρχῆς

309 894 416 946 καὶ
444 890 543 963 τὴν
569 893 634 946 ὲκ
657 892 852 946 τούτου
878 891 1234 954 ταπείνωσιν,
1265 890 1365 942 καὶ
1400 887 1481 940 ἔτι
1519 888 1715 958 ῥάϐδον
1765 888 1905 957 λαμ-

310 985 498 1051 ϐάνει,
518 971 595 1039 οὗ
609 985 836 1057 βαρεῖαν
862 987 982 1039 τινὰ
1007 987 1102 1040 καὶ
1120 984 1391 1055 σκληρὰν,
1414 984 1530 1038 ἀλλ’
1552 983 1792 1053 ἐλαφρὰν
1813 984 1908 1036 καὶ

311 1078 577 1149 μαλακὴν
596 1080 684 1133 διὰ
703 1077 1135 1131 τδπαιδευτικδν
1158 1079 1216 1131 ὲν
1240 1081 1520 1147 πραότητι
1542 1077 1638 1131 καὶ
1662 1076 1737 1145 μὴ
1760 1074 1906 1146 ὀργί-

308 1170 412 1223 λον
442 1171 539 1223 καὶ
571 1170 891 1240 φθαρτικὴν,
928 1170 1064 1241 μηδὲ
1116 1168 1405 1241 συντρῖϐον
1469 1170 1566 1223 καὶ
1620 1166 1903 1236 ἀφανιζον.

311 1263 466 1319 Illud
496 1278 662 1333 porro
691 1264 915 1327 mirum,
947 1264 1190 1332 ligneum
1228 1271 1441 1316 tantum
1473 1272 1771 1330 utrumque
1798 1259 1904 1314 GP.

312 1356 721 1426 imperatorum
748 1355 917 1411 fuisse
944 1364 1243 1424 sceptrum.
1294 1355 1368 1409 De
1421 1355 1681 1409 narthece
1712 1366 1799 1408 res
1829 1361 1910 1408 est

310 1448 558 1502 indubia
585 1465 601 1500 :
641 1446 794 1501 cruci
826 1446 1020 1517 ligneae
1048 1446 1254 1515 eﬂigies
1289 1443 1555 1500 Manuelis
1584 1460 1706 1500 eam
1740 1459 1906 1498 manu

309 1541 600 1611 gestantis
631 1547 921 1595 attestatur
942 1538 997 1592 in
1026 1537 1464 1610 Sandionysiaco
1486 1549 1540 1592 et
1568 1536 1739 1607 Regio
1766 1551 1906 1590 ms.:

310 1634 375 1686 in
416 1648 486 1688 eo
517 1630 795 1701 siquidem
831 1631 1014 1686 crucis
1048 1632 1197 1701 virga
1228 1631 1426 1686 citrino
1482 1637 1695 1685 tantum
1727 1631 1911 1685 colore

311 1725 497 1790 picta,
531 1739 664 1779 crux
693 1734 876 1777 autem
924 1724 977 1777 in
1004 1732 1255 1778 extremo
1304 1726 1407 1776 lixa
1436 1738 1573 1778 auro
1622 1727 1747 1780 ficta
1783 1738 1915 1779 con-

307 1818 583 1885 spieitur.
614 1815 990 1885 Εηιιιιιιοιιισιιιο
1025 1827 1223 1871 auctor
1251 1815 1586 1872 clarioribus
1626 1817 1777 1871 omni
1809 1831 1910 1871 co-

2005 606 2344 660 admoncnte
2374 606 2581 675 prodit.

2075 669 2429 767 Imperatoris
2450 697 2635 753 itidem
2660 696 2893 768 insignia
2922 669 3358 767 eram’p/tbpurea
3383 690 3599 754 πέδιλα.

2008 806 2132 860 qua:
2164 805 2309 845 nunc
2331 790 2493 860 293
2521 790 2714 856 calcei,
2743 806 2891 844 nunc
2921 790 3191 850 sandalia,
3222 804 3370 841 nunc
3401 801 3596 849 θοι-ειν,

2008 894 2155 938 nunc
2190 883 2429 954 crepida:
2468 884 2778 940 vertuntur.
2815 885 2881 938 Et
2930 883 3147 952 quidem
3177 880 3382 951 ἐρυθρά
3412 880 3596 940 rubra,

2008 976 2241 1030 κδκκινα
2305 991 2399 1031 seu
2463 976 2788 1046 κοκκοὸαφῆ
2824 978 2981 1029 cocc'o
3034 975 3248 1037 tincta,
3307 988 3415 1027 non
3474 975 3599 1027 sine

2010 1069 2205 1137 aquilis
2230 1086 2245 1127 :
2275 1083 2397 1139 quae
2429 1072 2484 1123 et
2516 1069 2759 1138 τζάγγαι
2811 1077 2907 1123 seu
2962 1066 3202 1133 τςάγκαι
3251 1067 3595 1131 dicebantur,

2011 1176 2184 1229 usque
2223 1163 2289 1215 ad
2340 1177 2516 1232 genua
2556 1163 2951 1234 pertingentia,
2989 1160 3035 1216 si
3074 1160 3208 1214 fides
3241 1158 3514 1228 Procopio
3556 1161 3594 1210 l.

2012 1270 2071 1308 nt
2108 1254 2181 1309 De
2220 1255 2473 1310 {adificiis
2523 1255 2841 1310 Iustiniani.
2894 1252 3257 1324 ’Υποδήματα
3306 1254 3470 1323 μέχρι
3516 1257 3594 1316 εἰς

2011 1348 2141 1414 γόνυ
2173 1347 2429 1416 φοινικοῦ
2454 1348 2765 1419 χρώματος,
2796 1349 2831 1402 ἃ
2864 1348 2926 1417 δὴ
2979 1348 3204 1419 βασιλέα
3262 1347 3428 1417 μόνον
3463 1345 3600 1399 Ῥω-

2015 1440 2193 1510 μαίων
2226 1457 2284 1492 τε
2322 1442 2419 1494 καὶ
2480 1442 2711 1511 Περσῶν
2763 1440 3082 1495 ὑποδεῖσθαι
3116 1441 3293 1509 θέμις.
3352 1439 3595 1493 Posteris

2016 1535 2359 1603 temporibus
2395 1534 2535 1588 idem
2575 1537 2754 1603 honos
2782 1534 3019 1604 principi
3066 1533 3336 1604 Bulgaria:
3367 1548 3596 1603 conces;

2014 1643 2130 1694 sus,
2170 1628 2311 1681 inter
2335 1631 2492 1698 cujus
2521 1628 2755 1698 insignia
2776 1639 2933 1682 erant
2967 1642 3130 1682 aurea
3162 1643 3380 1694 corona,
3418 1635 3477 1680 ut
3511 1636 3596 1681 est

2014 1718 2158 1789 apud
2188 1718 2455 1774 Joannem
2490 1722 2874 1790 Curopalatam
2902 1720 2957 1776 in
2979 1721 3269 1794 Tzintisce,
3297 1721 3394 1774 καὶ
3429 1718 3595 1790 τιάρα

2015 1814 2326 1884 νενησμένη
2358 1814 2423 1866 ὲκ
2481 1814 2708 1883 βύσσου,
2766 1815 2865 1867 καὶ
2915 1814 3114 1868 πέδιλα
3168 1813 3404 1884 ἐρυθρὰ,
3470 1828 3595 1882 qua:

305 1910 443 1962 lore
474 1909 659 1964 verbis
708 1908 975 1978 depingit.
1036 1909 1127 1963 ubi
1175 1907 1435 1977 superius
1493 1909 1561 1963 de
1603 1909 1901 1977 primicerii

2014 1899 2242 1957 Zonara:
2266 1913 2396 1958 sunt
2424 1903 2779 1974 φοινικόχροα
2801 1915 2852 1959 et
2877 1903 3076 1960 Niceta:
3106 1906 3161 1959 in
3196 1905 3407 1960 Joanne
3430 1902 3596 1978 Cum-

309 2001 526 2057 haculo
552 2017 602 2055 c.
630 2000 684 2066 4,
718 2015 771 2069 p.
810 1999 897 2061 19.
935 2015 988 2054 v.
1050 2000 1140 2063 16,
1200 2002 1321 2055 ait:
1364 1999 1676 2053 Δικανίκιον
1740 2001 1907 2055 αὐτοῦ

310 2093 488 2159 ξύλον
511 2093 954 2164 κεχρυσωμένον,
978 2089 1092 2145 οἷον
1110 2092 1172 2146 τδ
1218 2093 1316 2146 τοῦ
1366 2091 1654 2164 βασιλέως.
1681 2093 1907 2146 Amavi.

317 2201 450 2239 κιον
485 2186 651 2242 teiam
683 2195 961 2240 vocatum.
987 2181 1188 2257 Gen]

397 2272 486 2329 Ib.
516 2274 592 2329 De
621 2275 788 2330 blatio
817 2274 931 2345 jam
956 2290 1123 2344 supra
1155 2274 1398 2330 diximus
1427 2273 1465 2329 l.
1497 2289 1560 2340 tt,
1586 2289 1636 2330 c.
1669 2274 1723 2339 5,
1757 2273 1823 2329 ad
1851 2288 1905 2343 p.

322 2365 415 2421 18.
439 2364 650 2421 Gaz-rs.
860 2419 877 2427 ,

389 2456 793 2530 1ὺὶά.[Κώὄικι
812 2455 1009 2524 ἐοικὸς
1023 2452 1352 2527 δεδομένον
1368 2454 1520 2526 μετὰ
1535 2456 1903 2527 μανδυλίου.

312 2550 642 2607 Graecorum
671 2552 1065 2622 imperatorum
1094 2552 1324 2620 efﬁgiem
1376 2553 1578 2624 pictam
1613 2551 1668 2606 ni
1732 2553 1908 2607 lector

310 2644 551 2710 viderit,
587 2645 680 2700 vix
727 2644 844 2701 hac
877 2646 1161 2716 percipiat.
1190 2646 1270 2701 illi
1325 2646 1630 2717 longiorem
1671 2645 1901 2702 fasciam

313 2739 641 2808 margaritis
669 2752 921 2796 ornatam
974 2739 1121 2795 velut
1180 2739 1469 2795 humerale
1528 2740 1597 2795 ab
1661 2739 1906 2795 humeris

313 2843 476 2889 retro
508 2833 834 2902 pendentem
867 2848 897 2887 a
924 2835 1116 2889 dextro
1149 2833 1321 2889 latere
1357 2844 1483 2888 ante
1515 2841 1707 2904 peetus
1765 2835 1906 2887 reci-

314 2926 487 2996 piunt
515 2934 569 2980 et
627 2924 853 2983 sinistro
914 2925 1143 2980 brachio
1199 2934 1612 2995 superponunt;
1673 2939 1735 2979 ea
1778 2940 1907 2979 vero

316 3028 484 3089 parte
505 3034 615 3084 qua
642 3034 862 3074 manum
897 3014 1139 3089 attingit,
1201 3018 1522 3088 adjunctum
1554 3026 1610 3073 et
1655 3026 1904 3072 assutum

318 3110 495 3165 habet
527 3111 820 3165 rotundum
857 3112 1163 3175 sacculum,
1201 3110 1397 3164 κὼδικι
1429 3109 1627 3177 ἐοικός,
1683 3110 1905 3164 involu-

314 3215 484 3256 crum
513 3201 779 3257 nimirum
840 3204 1107 3258 volumini
1163 3204 1494 3273 complicato
1554 3203 1668 3258 sive
1718 3203 1904 3273 potius

317 3293 574 3347 involuto
603 3292 801 3356 simile,
833 3293 978 3360 quod
1012 3301 1098 3349 est
1131 3293 1264 3349 illud
1314 3293 1534 3365 βλάτιον
1567 3295 1693 3365 ἕχον
1739 3293 1904 3364 χῶμα

316 3384 482 3446 ἐντὸς
510 3385 609 3437 καὶ
640 3383 889 3437 καλεῖται
910 3383 1140 3439 ἀκακία.
1171 3383 1366 3440 Fascia
1403 3401 1536 3443 vero
1558 3403 1655 3443 seu
1693 3386 1901 3458 μανδύ-

316 3473 462 3537 λισν,
518 3472 747 3527 linteum
806 3460 1101 3543 oblongiui
1133 3474 1355 3528 mantile
1387 3474 1594 3530 dictum
1633 3474 1902 3542 referens,

318 3564 442 3631 ipsa
473 3570 695 3633 quoque
727 3563 1021 3632 μανδυλιου
1049 3566 1281 3621 sortitur
1306 3566 1749 3635 appellationem.
1782 3563 1902 3631 Quo

318 3655 620 3711 observato
679 3654 908 3723 visaque
962 3656 1316 3721 imperatoris
1384 3657 1551 3728 figura
1587 3696 1602 3724 ,
1639 3657 1771 3727 quid
1827 3657 1902 3710 sit

320 3745 719 3814 imperatorem
744 3745 803 3796 ὲν
828 3747 895 3814 τῇ
926 3745 1196 3815 ἀριστερᾷ
1223 3745 1414 3816 φέρειν
1442 3745 1657 3817 βλὰτιον
1709 3745 1901 3799 κὼδικι

319 3836 506 3899 ἐοικὸς
530 3836 676 3903 μετὰ
707 3834 999 3905 μανδυλίου
1032 3837 1341 3909 δεδεμένον,
1371 3838 1701 3909 relinquitur
1726 3838 1898 3895 mani-

311 3930 550 3984 festum.

392 4019 485 4075 lb.
514 4018 938 4093 [Κόνινιᾶμμον,
963 4030 1017 4077 et
1042 4021 1206 4093 χῶμα
1233 4022 1577 4094 distinguunt
1606 4039 1670 4080 ex
1696 4023 1901 4096 judicio

309 4112 602 4167 hodierni:
632 4112 781 4177 κόνις
804 4113 973 4181 pulvis
1000 4122 1104 4180 est,
1133 4112 1315 4183 ἄμμος
1344 4130 1529 4182 arena,
1555 4113 1721 4185 χῶμα
1750 4127 1900 4171 terra

304 4205 585 4276 frugifera
609 4205 742 4260 satis
765 4214 821 4261 et
850 4206 1051 4275 plantis
1069 4206 1287 4262 idonea.
1314 4200 1511 4262 Suidas
1535 4206 1721 4279 χῶμα,
1747 4208 1898 4281 χοῦν.

306 4296 471 4351 Hinc
499 4292 596 4349 tibi
624 4290 794 4351 Annae
853 4296 1150 4352 Comnena:
1177 4296 1212 4351 Ι.
1247 4313 1282 4352 ιι
1322 4298 1594 4353 obscurus
1627 4299 1782 4355 locus
1810 4299 1900 4367 lu-

304 4400 447 4440 cem
480 4384 700 4455 accipit.
734 4383 1039 4441 Extraneos
1070 4392 1279 4441 untites
1334 4401 1365 4440 a
1420 4386 1731 4455 terrigenis,
1784 4387 1901 4442 sive

306 4475 531 4531 melius
569 4475 741 4541 dicas,
786 4476 1120 4547 alienigenas
1149 4477 1217 4532 ab
1270 4477 1540 4546 indigenis
1584 4478 1897 4550 distinguit.

2011 2008 2154 2047 neno
2174 1995 2565 2065 φοινικοϐαφῆ.
2595 1996 2745 2050 idem
2773 1997 3136 2068 Bulgarorum
3164 1998 3421 2068 princeps
3447 1996 3596 2050 Grae-

2010 2084 2382 2154 οἱςβασιλεύς
2427 2088 2828 2157 appellabatur,
2888 2096 2944 2144 ut
2992 2089 3165 2160 liquet
3196 2104 3262 2144 ex
3321 2089 3595 2159 legatione

2011 2176 2334 2248 Luitprandi
2369 2180 2434 2233 ad
2469 2179 2835 2252 Nicephorum
2895 2180 3153 2245 Phocam,
3189 2195 3299 2252 quo
3366 2181 3595 2235 nomine

2012 2284 2079 2322 ne
2119 2269 2512 2341 imperatorem
2568 2275 2788 2343 quidem
2839 2275 3152 2331 Occidentis
3198 2274 3591 2345 dignabantur,

2012 2378 2170 2431 quem
2205 2365 2349 2435 ρῆγα
2411 2364 2792 2434 indigitahant.
2835 2366 2910 2421 Ex
2961 2368 3163 2422 calceis
3220 2367 3513 2437 purpureis
3543 2373 3595 2419 et

2012 2455 2317 2524 aquiliferis
2349 2460 2570 2529 agnitus
2618 2469 2701 2513 est
2733 2461 2877 2514 inter
2912 2475 3181 2514 ctesorum
3234 2461 3489 2514 cumulos
3541 2468 3595 2513 et

2013 2549 2248 2601 tumulos
2284 2547 2685 2603 Constantinus
2738 2550 2967 2604 ultimus
2998 2550 3231 2621 Cpoleos
3270 2550 3590 2621 imperator.

2010 2641 2309 2708 I’ln-anzes,
2358 2645 2412 2708 5,
2464 2645 2545 2698 18.
2610 2642 2719 2700 llas
2772 2646 3021 2713 crepidas
3084 2645 3342 2717 ἐρυθρᾶς,
3386 2655 3444 2700 ut
3497 2661 3593 2700 eas

2008 2735 2247 2806 appellat
2284 2735 2552 2806 Gregmas
2598 2738 2632 2790 l.
2660 2739 2713 2804 3,
2762 2740 3229 2809 quemadmodum
3287 2750 3341 2793 et
3381 2753 3594 2809 purpu-

2009 2841 2149 2889 ram,
2183 2829 2367 2881 statim
2395 2828 2734 2897 arripiehant
2779 2829 2857 2883 illi
2884 2830 2974 2901 qui
3011 2831 3297 2900 imperium
3368 2831 3594 2884 invade-

2010 2918 2163 2975 bant.
2218 2918 2560 2990 Quapmptcr
2606 2922 2675 2977 de
2739 2922 3031 2979 Theodoro
3088 2923 3371 2995 Contneno
3432 2933 3590 2994 capta

2009 3013 2405 3070 Thessalonica
2467 3014 2736 3085 Gecrgius
2781 3014 3098 3084 Arropolita
3157 3018 3211 3070 iu
3266 3018 3586 3075 Chrenico:

2010 3106 2328 3177 Πορφυρίδα
2354 3124 2411 3160 τε
2447 3106 2741 3160 ὑποδύεται
2772 3109 2867 3159 καὶ
2897 3108 3089 3163 πέδιλα
3147 3110 3379 3180 ἐρυθρά.
3433 3110 3590 3167 Οδίῑ-

2008 3211 2114 3266 que
2153 3208 2362 3253 strenue
2414 3198 2756 3264 imperatoria
2799 3201 3003 3266 munia,
3037 3202 3267 3254 creando
3316 3202 3587 3270 despotas,

2007 3289 2475 3355 sebastocratoras,
2520 3308 2740 3363 magnos
2780 3294 3108 3361 domesticos,
3156 3297 3589 3361 protovestiarios

2007 3392 2055 3436 et
2086 3384 2142 3436 id
2174 3400 2336 3454 genus
2378 3386 2549 3439 alios.
2617 3386 2828 3453 Quibus
2884 3397 3013 3445 ante
3070 3390 3253 3443 omnia
3307 3391 3589 3445 invasuros

2007 3477 2209 3545 sceptri
2247 3477 2579 3548 imperatorii
2617 3480 3001 3549 privabantur,
3064 3495 3228 3550 quam
3263 3484 3500 3551 primum
3534 3485 3589 3538 in

2007 3569 2384 3640 legitimorum
2411 3573 2760 3630 dominorum
2792 3585 3113 3646 potestatem
3141 3580 3452 3632 veniebant.
3489 3579 3589 3635 (Σοί

2005 3676 2198 3717 ronam
2246 3665 2655 3734 imperatoriam
2688 3682 2849 3721 nemo
2905 3668 3010 3723 sibi
3064 3671 3343 3735 sumebat,
3399 3671 3494 3725 sed
3534 3670 3588 3724 in

2003 3755 2368 3811 coronatione
2415 3771 2513 3812 seu
2565 3758 2992 3830 inauguratione
3061 3773 3159 3815 sua
3190 3776 3220 3816 a
3273 3761 3590 3832 patriarcha

2003 3844 2330 3914 accipiebat.
2359 3845 2589 3904 Gens.

2072 3934 2135 3991 P.
2171 3935 2231 3990 3i
2265 3946 2321 3992 et
2355 3936 2449 3992 54.
2480 3937 2734 3994 Pilaticia
2769 3948 3135 3996 accersuntur
3167 3958 3198 3997 a
3224 3942 3369 4015 Cyro
3391 3945 3592 4000 Persa-

2003 4044 2127 4083 rum
2200 4044 2347 4100 rege,
2404 4030 2575 4085 imoa
2606 4031 2803 4097 Medis,
2856 4048 3094 4102 quorum
3161 4052 3257 4091 rex
3299 4037 3591 4107 etjudices

2006 4119 2135 4176 talia
2180 4120 2417 4191 pilaticla
2456 4138 2520 4177 ex
2577 4124 2720 4178 collo
2755 4125 3126 4194 depcndentia
3168 4132 3434 4199 gestarint
3464 4140 3587 4185 tan-

2006 4228 2171 4283 quam
2200 4212 2423 4284 juridici
2463 4214 2690 4272 honoris
2725 4227 2779 4273 et
2812 4216 2974 4272 olIicii
3011 4219 3267 4289 insignia.
3306 4216 3611 4291 Quidquid

2003 4305 2074 4360 sit
2101 4306 2167 4360 de
2197 4321 2276 4372 re,
2314 4306 2647 4363 vocabulum
2699 4309 2917 4365 videtur
2969 4310 3228 4367 Latinum
3266 4328 3292 4367 a
3325 4314 3456 4383 pilo,
3484 4314 3589 4368 hoc

2003 4404 2087 4450 est
2118 4398 2242 4451 telo.
2272 4396 2408 4452 Nam
2465 4402 2609 4469 quod
2633 4399 2829 4458 Junius
2874 4418 2936 4459 ex
2972 4404 3350 4464 Orientalibus
3387 4409 3589 4478 linguis

2004 4483 2056 4538 id
2085 4484 2327 4554 deducit,
2380 4489 2582 4558 quibus
2613 4490 2691 4544 ait
2719 4492 3015 4561 pilaticium
3043 4509 3155 4547 esse
3193 4494 3579 4564 disquisitionis

306 4565 457 4618 Illos
481 4565 755 4635 ἑταίρους.
788 4565 888 4623 hos
924 4567 1180 4638 indigitat
1224 4568 1457 4633 ὁπόσους
1488 4571 1553 4624 ἐκ
1583 4570 1676 4624 τοῦ
1712 4576 1899 4641 χώμα-

2011 4579 2495 4635 etaccuratissimw
2539 4583 2854 4652 cognitionis
2910 4597 3329 4650 monumentum,
3381 4586 3435 4640 id
3466 4588 3587 4641 ideo

306 4667 708 4725 10;,qaotquot
725 4671 842 4711 sunt
868 4676 895 4713 e
912 4661 1129 4729 propria
1158 4670 1299 4714 terra
1326 4662 1458 4715 nati.
1486 4662 1544 4716 L.
1572 4680 1632 4718 ιιι
1655 4665 1740 4719 hic
1761 4665 1902 4722 alius

303 4749 638 4804 illustratur
664 4751 762 4804 :06
782 4750 1000 4815 πλείους
1019 4754 1348 4823 τριακοσίων
1369 4756 1720 4824 στρατιωτῶν
1739 4752 1898 4827 ἦσαν,

305 4840 426 4893 καὶ
475 4839 679 4895 τούτων
712 4843 776 4894 ὲκ
804 4842 898 4895 τοῦ
954 4843 1230 4912 χώματος.
1286 4846 1425 4914 Ergo
1460 4846 1508 4900 si
1560 4846 1901 4902 involucrum

308 4931 584 4987 manibus
648 4932 997 5003 imperatoris
1051 4946 1321 5005 gestatum
1388 4939 1549 5007 χῶμα
1596 4941 1898 5005 contineat,

306 5022 460 5091 quid
492 5025 640 5078 aliud
673 5040 837 5093 quam
865 5036 1088 5091 terram,
1113 5030 1271 5098 cujus
1324 5031 1575 5099 symbolo
1603 5031 1897 5090 innotescit

308 5114 633 5177 humilitas,
671 5116 988 5186 intelliges?
1021 5118 1216 5192 Ceam]

396 5207 543 5261 Ibid.
571 5209 767 5263 Aracia
795 5210 922 5279 quid
958 5212 1049 5278 sit,
1077 5214 1254 5269 oculis
1285 5212 1486 5270 intueri
1521 5216 1649 5271 licet
1679 5217 1732 5271 in
1758 5218 1895 5273 ima-

309 5298 546 5367 ginibus
580 5298 967 5367 imperatorum
997 5304 1232 5371 praefixis
1262 5303 1579 5375 Nicephoro
1615 5308 1896 5378 Gregorze,

311 5401 374 5444 et
399 5389 453 5443 in
484 5405 708 5443 nummo
726 5389 1022 5446 Theodosii
1050 5392 1250 5465 Magni,
1282 5413 1444 5466 quem
1476 5398 1647 5455 habes
1671 5410 1802 5455 tom.
1831 5400 1898 5456 111

312 5486 391 5537 de
418 5481 479 5540 S.
513 5482 688 5537 Cruce
714 5484 815 5552 1.1,
849 5489 1062 5541 tametsi
1097 5473 1365 5546 Baronius
1391 5492 1677 5547 existimat
1704 5505 1893 5564 gesta-

314 5591 447 5632 men
479 5576 615 5630 illud
645 5574 942 5633 Theodosii
972 5578 1151 5651 Magni
1183 5596 1303 5638 esse
1337 5599 1549 5640 sacrum
1576 5586 1896 5657 Evangelia-

315 5684 441 5722 rutn
474 5668 747 5728 codicem.
784 5668 989 5726 ibidem
1021 5690 1121 5743 pro
1154 5676 1336 5731 acacia
1367 5678 1690 5748 suspicabar
1712 5679 1895 5752 legen-

314 5760 449 5815 dum
482 5760 653 5814 ἁκιαι
692 5758 790 5815 sed
842 5762 1059 5833 vulgata
1112 5767 1382 5836 scriptura
1419 5768 1642 5824 retineri
1686 5781 1889 5840 potest,

315 5847 431 5904 imo
454 5849 654 5916 debet;
687 5858 742 5904 et
766 5856 850 5929 est
884 5851 1064 5907 acacia
1114 5853 1413 5909 innocentia
1466 5864 1519 5912 et
1547 5856 1778 5913 Aeacius
1798 5858 1889 5911 In-

2009 4667 2135 4724 fecit
2168 4685 2237 4725 ne
2272 4671 2610 4729 nesciremus
2667 4690 2830 4745 quam
2862 4676 3097 4732 feliciter
3132 4694 3294 4748 supra
3348 4678 3586 4746 ζωΰιριςν

2006 4773 2071 4813 ex
2093 4759 2329 4815 Arabico
2347 4761 2599 4816 formarit
2626 4780 2640 4826 ;
2676 4780 2787 4819 non
2817 4765 3015 4836 impari
3046 4766 3308 4822 felicitate
3342 4768 3583 4834 pilaticii

2006 4867 2071 4904 ex
2104 4848 2329 4907 Oriente
2378 4854 2536 4909 nobis
2593 4870 2742 4911 nunc
2794 4857 3041 4913 advehit.
3080 4857 3211 4914 Vide
3244 4868 3376 4914 tom.
3416 4860 3484 4915 lli
3518 4861 3585 4915 de

2007 4939 2066 4995 S.
2098 4942 2297 5011 Cruce,
2325 4960 2364 5010 ι,
2405 4945 2493 4999 15.
2526 4944 2741 5016 Ubique
2771 4958 2954 5004 autem
2988 4950 3338 5006 scribendum
3364 4954 3580 5006 πιλατίς

2005 5051 2142 5100 κιον,
2178 5052 2285 5090 non
2311 5039 2692 5105 ἁπελατίκιον,
2720 5044 2918 5112 sceptri
2957 5060 3151 5114 genus,
3176 5048 3320 5115 quod
3356 5047 3580 5116 palatini

2004 5129 2137 5181 certi
2179 5130 2439 5197 gerebant
2470 5136 2931 5201 quemadmodum
2960 5139 3052 5193 alii
3087 5140 3243 5194 multi
3269 5142 3328 5193 τὸ
3368 5142 3584 5196 δικανι-

2003 5236 2144 5284 κιον,
2178 5237 2344 5290 supra
2376 5224 2412 5279 Ι.
2447 5224 2501 5291 2,
2537 5241 2587 5282 c.
2618 5226 2667 5281 6.
2699 5227 2905 5285 Csars.

2076 5310 2163 5367 Ib.
2202 5312 2771 5391 [Ἀρχογτόπουλον
2842 5324 3131 5392 ἁσκεπές.
3181 5324 3457 5396 Gregoras
3511 5327 3578 5381 ad

2009 5399 2268 5459 Historia:
2306 5406 2555 5465 calcem:
2608 5410 2745 5481 Περί
2781 5429 2844 5481 γε
2899 5417 3004 5485 μὴν
3035 5416 3135 5486 τῆς
3173 5417 3265 5469 ἐπὶ
3329 5417 3580 5488 κεφαλῆς

2001 5494 2344 5567 καλύπτρας,
2362 5498 2455 5552 ἐπὶ
2479 5502 2586 5555 τῶν
2616 5505 2886 5575 πρότερον
2912 5507 3179 5577 βασιλέων
3195 5508 3316 5572 ἔθος
3333 5510 3460 5572 τοὺς
3481 5509 3579 5577 μὲν

2000 5585 2180 5655 χρόνῳ
2254 5588 2671 5661 προϐεϐηκότας
2730 5596 2787 5649 ἐν
2810 5600 2924 5661 τοῖς
2981 5598 3279 5666 βασιλείοις
3332 5598 3574 5671 χρῆσθαι

1998 5677 2343 5760 καλύπτραις
2393 5686 2704 5755 πυραμίδος
2748 5689 2849 5757 μὲν
2879 5691 3132 5759 ἐχούσαις
3182 5693 3388 5761 σχῆμα,
3417 5709 3581 5762 σηρι-

1997 5769 2113 5831 κοῖς
2144 5769 2194 5821 δ’
2225 5772 2490 5844 ἐνδύμασι
2528 5778 2669 5831 κατὰ
2713 5780 2774 5831 τὸ
2803 5782 3071 5851 ἀνάλογον
3104 5784 3324 5855 ἑκάστῳ
3351 5784 3574 5853 ἀξίωμα

1995 5862 2597 5936 καλυπτομέναις,δσοι
2625 5871 2671 5925 δ’
2695 5875 2751 5927 ἐν
2782 5875 2987 5946 ἡλικίᾳ,
3023 5875 3248 5941 τούτους
3276 5876 3330 5930 δὲ
3362 5878 3575 5943 πάντας
