3852 6598
308 367 410 428 337
1411 357 1492 416 ΙΝ
1535 353 1826 415 LIBRUM
1869 354 1964 412 DE
2006 355 2335 418 OFFtCllS
2367 361 2474 420 GP.
3427 357 3530 429 3‘28

309 475 568 541 καθάπαξ
625 474 936 530 ἅκάλυπτον
985 473 1128 542 ἔχειν
1184 472 1280 539 τὴν
1341 471 1607 540 κεφαλήν.
1671 469 1867 522 Subdit

2045 467 2100 520 P.
2129 470 2216 524 56.
2249 470 2720 542 [Προσκυνοῦσι.
2741 473 2846 530 Pro
2881 477 3126 531 muneris
3147 490 3300 532 more
3326 489 3534 535 certum

310 570 606 624 Andronici
658 568 902 622 Iunior-is
953 576 1110 620 astate
1165 567 1430 634 pileorum
1487 579 1609 634 quae
1659 562 1871 616 luberet
1975 563 2178 617 cultum
2227 565 2544 634 imperatori
2620 567 2846 636 palatini
2913 583 3169 640 proceres
3218 568 3533 628 exhibuere.

310 673 587 729 acceptam
614 675 643 714 a
671 659 987 728 proceribus
1015 659 1264 722 formam,
1291 657 1518 724 juvenes
1551 670 1681 710 vero
1710 653 1870 708 etiam
1975 654 2214 710 Phranzi
2257 657 2309 710 in
2339 657 2671 726 logothetam
2697 660 2836 714 clam
2871 661 3124 716 instituto
3154 662 3284 716 dicit
3306 663 3538 730 impera-

311 761 452 804 terto
481 754 658 818 rapite
695 751 954 819 palatium
991 751 1396 818 lrequenlasse.

383 844 442 898 Ρ.
480 845 570 896 55.
602 843 1018 913 [Προσφόρους
1043 841 1330 910 λέγοντες
1359 839 1634 908 στίχους.
1679 836 1872 890 Versus

313 945 370 990 ut
394 935 679 988 celebrata:
703 934 986 988 festivitati
1007 947 1306 1002 congruos,
1337 933 1410 984 ita
1439 929 1597 984 simul
1627 928 1875 997 proprias

311 1027 654 1094 imperatoris
695 1023 882 1079 laudes
920 1032 976 1078 et
1038 1023 1382 1078 subditorum
1437 1021 1490 1074 in
1523 1019 1688 1091 294
1723 1019 1874 1071 illum

313 1133 434 1173 vota
493 1121 794 1186 capientes.
851 1117 1222 1188 Quorumdam
1275 1114 1585 1183 huiusmodi
1651 1127 1872 1168 sensum

313 1213 594 1265 acerbiore
654 1211 706 1264 in
735 1211 1121 1278 imperatorem
1165 1206 1532 1276 Nicephorum
1563 1214 1748 1259 motus
1771 1203 1877 1258 bile

310 1305 496 1358 retulit
553 1304 606 1356 in
639 1317 738 1356 sua
781 1293 1048 1370 legatio—ne
1113 1297 1509 1368 Luitprandus.
1545 1296 1654 1350 Leo
1683 1295 1878 1350 Gram-

313 1398 544 1450 maticus
570 1405 664 1448 aut
712 1394 887 1463 quivis
913 1392 1052 1446 alius
1080 1393 1133 1446 in
1171 1390 1351 1446 Leone
1391 1390 1650 1443 Armenio
1680 1405 1692 1440 :
1739 1387 1876 1440 Ὑπὸ

312 1491 530 1544 πάντων
555 1485 886 1552 ὲδοξάζοντο,
925 1486 1020 1539 καὶ
1043 1486 1090 1538 οἱ
1111 1484 1273 1554 δῆμοι
1298 1484 1558 1552 ὲμέλισαν
1594 1479 1876 1550 ποιήματα

311 1582 430 1634 καθ’
494 1579 726 1634 ἕκαστον
774 1575 909 1650 ἦχον
965 1577 1104 1645 πρὸς
1166 1575 1448 1643 εὐφημίαν
1477 1573 1659 1625 αὐτῶν
1693 1574 1878 1625 πᾶσαν

311 1673 502 1742 ἡδονὴν
528 1671 814 1733 κολακείας
833 1671 1160 1739 παρέχοντα.
1187 1668 1428 1723 Observa
1453 1667 1696 1722 musicos
1719 1677 1877 1720 tonos

1977 759 2064 802 tor
2096 752 2236 817 apud
2267 749 2570 807 Pontanum
2609 755 2959 824 interpretem
2987 772 2999 808 :
3036 754 3112 808 Tu
3151 774 3370 828 magnus
3397 757 3542 826 logo-

1978 843 2118 898 tlietn
2153 855 2296 899 esto:
2333 853 2536 898 tantum
2570 863 2631 900 ne
2655 863 2732 900 me
2753 861 2848 914 pro
2871 863 3012 901 more
3037 849 3188 918 oﬂicii
3226 851 3302 902 tui
3331 851 3538 904 adores.

1983 935 2183 1008 Gesn]

2049 1040 2136 1094 Ib.
2169 1041 2498 1106 Potestatus,
2521 1042 2589 1096 ab
2616 1042 2804 1096 ltalico
2831 1031 3060 1112 potesta,
3093 1053 3144 1100 et
3165 1044 3268 1098 ltoc
3296 1060 3324 1098 a
3351 1043 3544 1098 Latino

1974 1115 2234 1204 potestas.
2299 1135 2576 1206 signiﬁcat
2637 1134 2952 1204 praefectum
3000 1151 3098 1190 seu
3125 1135 3414 1205 prmsidem
3443 1152 3541 1190 seu

1979 1238 2290 1299 praeterem.
2374 1227 2556 1296 qualis
2635 1235 2690 1282 et
2763 1227 2868 1282 iste
2949 1227 3322 1283 Genuensium
3404 1238 3542 1282 erat.

2050 1319 2272 1376 Prolisa
2327 1321 2572 1390 quidem,
2631 1327 2685 1374 at
2717 1319 2842 1374 huic
2873 1320 2992 1376 loco
3020 1335 3262 1391 congrua
3293 1319 3547 1389 Gregorm

1981 1411 2242 1478 narratio,
2286 1428 2448 1482 quam
2483 1412 2644 1483 295
2695 1412 2857 1467 habet
2885 1415 2938 1478 4,
2971 1412 3026 1468 9.
3063 1413 3306 1481 Singulis
3353 1413 3547 1467 diebus

1982 1503 2284 1560 Dominicis
2331 1505 2396 1560 ad
2455 1505 2846 1574 imperatorem
2900 1505 3187 1562 colendum
3231 1505 3546 1560 Genuenses

1981 1595 2327 1668 Venetosque
2353 1598 2406 1652 in
2436 1597 2696 1667 palatium
2723 1599 3052 1656 convenisse
3085 1607 3315 1656 testatur
3347 1600 3548 1654 Canta-

1982 1705 2220 1745 cuzenus
2245 1694 2294 1758 Ι,
2331 1691 2419 1745 η.
2451 1691 2524 1748 De
2555 1691 2770 1748 Pisanis
2800 1692 2906 1746 GP.
2939 1692 3310 1748 habitantibus
3339 1693 3545 1748 iterum

311 1779 340 1820 a
367 1765 570 1820 Grz'eeis
591 1773 718 1818 octo
743 1762 1045 1825 uulnerari,
1070 1769 1123 1816 et
1151 1761 1218 1814 ad
1259 1761 1598 1830 singulorum
1626 1757 1876 1812 inﬂexio-
1909 1793 1952 1851 Β
1981 1799 2160 1840 sermo
2189 1783 2248 1840 ﬁt
2278 1757 2308 1838 ’a
2338 1781 2528 1840 Nicen
2555 1783 2730 1840 “exii
2759 1787 2902 1841 term
2934 1787 2968 1840 ι.
2997 1787 3050 1842 3.

315 1875 434 1912 nem
489 1857 705 1926 poetica
737 1855 1002 1925 opuscula
1035 1853 1352 1908 referuntur
1377 1852 1686 1906 decantata.
1719 1847 1877 1914 Vide,

313 1952 356 2007 si
388 1951 522 2006 tanti
546 1959 650 2010 est.
688 1949 1082 2018 Eucltologium
1120 1955 1367 2001 nostrum
1405 1962 1454 1999 v.
1478 1939 1631 2014 ἦχος.

385 2044 526 2098 Ibid.
561 2041 668 2116 [Ἦ
703 2042 967 2110 εὐφημία
993 2039 1112 2093 τῶν
1147 2037 1472 2108 ὀνομάτων.
1509 2033 1878 2092 Pronuntiatls

311 2153 502 2192 eorum
535 2136 1249 2204 nominibusuuneupantur
1277 2140 1420 2196 vota,
1445 2145 1677 2200 quorum
1703 2127 1878 2190 forma

315 2233 427 2284 haec
457 2241 630 2286 estex
663 2226 999 2296 EuchOIOgio
1019 2235 1072 2280 et
1115 2227 1270 2280 aliis:
1310 2215 1486 2293 ’Υπὲρ
1519 2221 1625 2275 τῶν
1659 2219 1880 2274 εὐσεϐε-

315 2324 525 2376 στάτων
559 2321 880 2392 ,Οεοσὲπτων
910 2319 1002 2373 καὶ
1035 2316 1398 2388 φιλοχρίὰτων
1424 2314 1689 2392 βασιλέων
1717 2312 1879 2384 ἡμῶν

325 2413 667 2483 ’Δνδρονῐκου
707 2411 801 2464 καὶ
831 2395 1050 2479 Μιχαὴλ
1085 2407 1178 2460 τοῦ
1231 2408 1438 2476 Κυρίου
1473 2391 1774 2476 δεηοῶμεν.
1815 2403 1881 2459 Et

314 2508 403 2577 Τῴ
451 2504 824 2574 εὐσεϐεστάτῳ
882 2503 974 2555 καὶ
1049 2501 1379 2572 φιλοχρῐστῳ
1434 2499 1670 2570 δεσπότῃ
1723 2497 1881 2568 ἡμῶν

312 2601 638 2669 ’Λνδρονίκῳ
657 2598 826 2650 πολλὰ
841 2596 911 2648 τὰ
935 2593 1050 2663 ἐτη.
1073 2595 1228 2648 Anna
1257 2594 1320 2646 de
1347 2609 1403 2647 se
1431 2592 1543 2662 ipsa
1567 2593 1602 2644 l.
1623 2589 1655 2644 6
1677 2611 1690 2648 :
1713 2593 1882 2658 Κάγὼ

314 2689 674 2760 εὐφημείσοαι
705 2688 950 2758 ἔμελλον.
983 2687 1400 2738 Κωνςταντῖνον
1453 2685 1552 2737 καὶ
1581 2685 1785 2736 Ἅνναν
1820 2685 1878 2735 ἐν

315 2781 498 2852 ταυτῷ
521 2781 823 2848 ὲξεφώνουν
847 2781 902 2832 ὲν
919 2781 1031 2841 τοῖς
1061 2777 1336 2847 εὐφημίας
1361 2777 1572 2846 καιροῖς
1601 2779 1649 2829 οἱ
1669 2777 1765 2844 τῆς
1791 2776 1850 2827 εὖ
1867 2803 1882 2814 ο

318 2875 526 2943 φημξας
559 2873 1005 2944 προεξάρχοντες.
1049 2867 1252 2940 Coum]

389 2967 452 3020 l’.
485 2965 574 3019 54.
637 2964 740 3017 Διὰ
798 2963 1088 3016 σπανίων
1120 2963 1200 3017 vel
1241 2963 1569 3030 σητανίων.
1600 2959 1678 3014 Ex
1707 2961 1884 3016 sericis

317 3059 444 3128 filis.
507 3057 642 3112 Nam
689 3057 832 3111 italis
877 3067 985 3110 seta
1019 3063 1102 3112 est
1142 3055 1377 3110 sericum
1405 3095 1420 3119 ,
1474 3055 1618 3109 unde
1656 3055 1880 3123 'nuperi

317 3245 423 3298 nisi
457 3243 580 3313 quis
612 3242 762 3296 malit
787 3257 815 3294 a
851 3241 1047 3295 Latino
1081 3251 1191 3294 seta
1211 3241 1515 3307 deducere;
1552 3242 1708 3310 quasi
1751 3240 1884 3310 pila-

317 3338 444 3392 ticia
477 3337 565 3389 illa
588 3335 654 3390 de
674 3336 806 3388 setis
829 3348 1092 3402 suspensa
1118 3333 1339 3388 fuerint.
1365 3331 1622 3388 Germani
1651 3334 1883 3386 chordas

316 3445 408 3482 seu
440 3427 572 3482 ﬁdes
602 3434 797 3480 vocant
843 3427 1036 3490 saiten,
1091 3433 1274 3493 aperte
1303 3440 1330 3478 a
1366 3435 1498 3478 seta.
1532 3424 1634 3478 Sed
1669 3424 1887 3478 Glossa-

317 3521 455 3573 rium
501 3533 552 3570 v.
580 3517 816 3570 σιτὰνιον
877 3527 1008 3571 etv.
1043 3518 1325 3585 γαϊτάνιον
1389 3527 1544 3587 putat
1594 3517 1883 3586 legendum

316 3611 836 3678 rescribendnmque
891 3610 978 3662 διὰ
1036 3612 1349 3677 γαῖτανίων,
1380 3627 1444 3664 ex
1505 3611 1730 3681 cingulis
1787 3625 1881 3664 seu

317 3706 462 3758 zonis
487 3722 503 3758 :
525 3720 648 3758 nam
671 3707 951 3773 γαῖτάνιον
973 3712 1058 3758 est
1093 3704 1394 3772 cingulum.
1429 3701 1546 3756 Non
1571 3703 1838 3756 assentior
1869 3722 1882 3758 :

315 3799 570 3858 furerem,
625 3797 670 3850 si
698 3798 854 3850 crisis
891 3797 1005 3850 haec
1043 3796 1223 3865 aliquo
1257 3811 1363 3851 ms.
1393 3794 1691 3864 exemplari
1723 3795 1886 3865 adju-

316 3900 556 3944 varetur.
587 3889 786 3944 Gnn'rs.

391 3981 776 4053 [llallueinatio
805 3981 947 4036 oculi
975 3981 1248 4046 σιτανίων,
1271 3983 1525 4036 εῐτανίων
1555 3982 1695 4048 vice,
1721 3991 1883 4052 prout

317 4075 520 4127 habent
553 4072 739 4144 llegia,
771 4074 1020 4144 legentis.
1043 4073 1183 4130 Sunt
1209 4087 1387 4130 autem
1413 4075 1646 4139 εῐτάνια,
1676 4091 1706 4129 a
1735 4067 1882 4145 vulgi

314 4168 640 4236 quibusdam
667 4169 951 4234 γαῖτάνεα,
982 4167 1050 4220 ab
1087 4165 1210 4220 aliis
1244 4167 1482 4234 γαϐἀνια
1507 4167 1882 4234 pronuntiata,

315 4261 620 4312 ornatiores
682 4259 826 4311 riuo:
879 4257 996 4311 sive
1024 4255 1268 4322 twniola’,
1299 4257 1527 4310 vestium
1555 4255 1773 4310 laciniis
1815 4255 1882 4310 ad

315 4351 549 4404 invicem
597 4349 923 4418 colligandis
977 4347 1061 4402 vel
1109 4347 1503 4415 componendis
1565 4346 1766 4410 nodis,
1825 4355 1882 4402 et

315 4443 380 4497 ad
443 4452 698 4496 ornatum
723 4449 943 4506 assuta’,
981 4437 1063 4493 vel
1098 4437 1335 4508 denique
1365 4447 1423 4492 ut
1447 4453 1510 4492 ex
1537 4438 1604 4494 iis
1637 4437 1780 4492 aliud
1811 4437 1877 4493 ad

315 4533 564 4586 decorem
589 4531 840 4600 pendeat.

389 4620 530 4675 Ibid.
567 4619 980 4692 [Παλαμιαῗον.
1042 4621 1289 4688 Quatuor
1334 4635 1530 4677 manus
1586 4620 1878 4691 digitorum

317 4729 600 4768 mensura.
622 4713 818 4786 Go.\n.]

929 4805 1158 4864 CAPUT
1190 4807 1256 4862 ll.

349 4923 750 4979 Observationes
778 4934 826 4977 et
879 4925 1256 4993 explicationes
1297 4925 1352 4976 in
1403 4930 1562 4990 caput
1606 4920 1658 4988 7,
1712 4919 1851 4992 quod

805 5005 879 5048 est
905 4997 967 5048 de
997 5011 1174 5048 mensa
1195 4995 1548 5064 imperatoris.

391 5084 453 5139 Ρ.
519 5085 606 5139 55.
669 5083 899 5139 Faustus
960 5087 1381 5142 acclamationes
1442 5085 1683 5141 suaviter
1743 5084 1886 5139 ridet

317 5178 634 5232 Graecorum
703 5177 840 5232 haud
905 5193 1152 5232 summus
1218 5179 1429 5233 amicus
1484 5177 1880 5248 Luitprandus.

317 5269 522 5322 Gusrs.

389 5359 530 5416 Ibid.
558 5358 758 5430 ['Oam
783 5359 1065 5428 φοροῦσι.
1099 5357 1278 5416 [labes
1305 5361 1430 5416 illos
1463 5361 1728 5416 distincte
1751 5375 1885 5414 enu-

317 5462 556 5506 meratos
589 5452 756 5516 notis,
799 5468 846 5506 c.
877 5453 928 5508 5.

390 5541 474 5596 Ib.
497 5539 514 5613 ι
534 5543 760 5618 Ὀρίζὲιἑ
782 5543 1074 5600 llecentior
1097 5546 1330 5615 phrasis,
1355 5559 1458 5616 qua
1478 5546 1656 5602 virum
1680 5547 1884 5600 honore

319 5637 401 5688 vel
441 5635 588 5688 cultu
627 5635 852 5704 dignum
911 5637 1118 5707 aliquid
1153 5636 1338 5694 facere
1372 5637 1458 5692 vel
1485 5638 1669 5710 dicere
1697 5639 1882 5707 expri-

321 5735 498 5781 munt.
546 5727 750 5797 Ὀρίζει
783 5729 810 5781 ὁ
843 5729 1094 5800 βασιλεὺς
1131 5721 1256 5786 [1οη
1286 5732 1458 5801 jubet,
1497 5731 1589 5786 sed
1627 5721 1757 5786 dici?
1801 5733 1882 5786 vel

321 5819 453 5879 furit
471 5893 474 5895 _
489 5819 795 5888 imperator.

2056 1891 2138 1945 Ib.
2183 1909 2230 1946 ν.
2275 1891 2364 1946 19.
2413 1892 2677 1948 Colicium
2741 1907 2836 1948 seu
2867 1894 3171 1956 eollicium.
3219 1893 3362 1949 idem
3399 1893 3546 1964 quod

1983 1986 2168 2044 κόλλιξ
2203 1995 2258 2040 et
2289 1984 2574 2050 κόλλασος,
2631 1991 2828 2055 nempe
2853 2000 3027 2054 genus
3079 1985 3354 2056 quoddam
3381 1987 3546 2056 panis

1985 2079 2228 2144 rotundi,
2265 2087 2322 2133 ut
2356 2078 2534 2148 inquit
2561 2075 2782 2142 Junius,
2803 2087 2858 2132 et
2886 2077 3126 2134 delicati.
3155 2077 3364 2132 (ἕλετο.

2057 2179 2336 2250 [Κολίκιον
2377 2181 2533 2248 panis
2577 2179 2846 2234 rotundus
2885 2191 2951 2232 ac
2981 2179 3035 2232 in
3067 2189 3280 2232 coronae
3322 2179 3548 2231 modum

1984 2281 2288 2326 contortus.
2317 2271 2514 2343 Gosn.]

2057 2379 2114 2439 Ρ.
2146 2384 2238 2440 57.
2265 2381 2564 2445 Κόνσοολος
2587 2397 2652 2436 ex
2678 2377 2872 2435 Latino
2903 2380 3109 2435 consul.
3133 2379 3209 2434 lta
3244 2379 3551 2435 vocabatur

1985 2478 2078 2547 qui
2105 2475 2320 2530 Pisanis
2343 2473 2499 2544 Cpoli
2543 2481 2795 2542 praeerat.
2829 2471 3028 2528 Eodem
3059 2472 3280 2527 nomine
3314 2473 3552 2526 Aneoni-

1989 2570 2100 2624 tani
2144 2581 2303 2624 suum
2333 2565 2647 2635 praelectum
2679 2564 3014 2619 salutabant.
3055 2561 3118 2616 Et
3143 2561 3308 2618 hodie
3335 2559 3549 2631 Tripoli

1991 2663 2326 2719 Alexandriae
2343 2659 2492 2716 Cairi
2531 2673 2624 2715 seu
2665 2657 2898 2726 Memphi
2932 2655 3264 2712 mercatures
3299 2651 3350 2710 et
3385 2669 3552 2725 nego-

1988 2755 2215 2809 tiatores
2253 2750 2452 2807 Gallici
2485 2757 2614 2806 Suos
2645 2747 2848 2804 habent
2873 2751 3148 2803 consules.

2061 2857 2144 2912 Ib.
2181 2857 2346 2927 Virgo
2389 2855 2562 2908 hodie.
2611 2853 2936 2908 Conlacium
2975 2851 3077 2908 hoc
3115 2851 3242 2907 iecit
3266 2849 3551 2908 Romanus

1988 2951 2240 3008 melodus
2278 2949 2653 3005 contaciorum
2689 2957 2902 3012 auctor,
2959 2955 3216 3002 ctexstat
3255 2945 3308 3000 in
3341 2945 3548 3002 Menand

1943 3121 1946 3124 Α
1988 3051 2060 3106 25
2088 3047 2425 3105 Decembris.
2462 3045 2737 3117 lutegrum
2772 3047 2846 3100 ita
2895 3043 3094 3098 habet:

319 3150 492 3205 Graeci
543 3165 702 3206 suum
747 3150 1003 3204 sitmtium
1056 3162 1152 3204 seu
1179 3149 1440 3202 setauium
1471 3151 1838 3216 procuderunt
1864 3165 1878 3212 ;
1908 3131 1956 3200 C

2000 3193 2064 3246 Ἢ
2105 3189 2383 3261 Παρθένος
2417 3187 2656 3261 σήμερον
2687 3186 2780 3261 τον
2802 3177 3124 3261 (imperiam:
3153 3179 3350 3261 sintsi,

1990 3265 2098 3316 Καὶ
2129 3264 2162 3332 ἡ
2197 3251 2266 3329 '77]
2304 3259 2365 3312 τὸ
2389 3251 2655 3332 οπῆὶοὶον
2693 3251 3084 3332 τῷιάξτροσίτ-(ρ
3115 3251 3412 3320 προσάγει.

1993 3335 2058 3385 ’Λ
2069 3325 2266 3402 γγέλοζ
2288 3329 2427 3402 μετα
2468 3325 3136 3402 ᾑοιμένωνλδοξολοζοῦσι,

1987 3393 2165 3468 Miro:
2202 3400 2256 3452 δὲ
2288 3393 2438 3468 ’μετὰ
2467 3395 2698 3468 ἀστέρος
2718 3393 3059 3468 ὀδοιτῖοροῦοι
3081 3407 3096 3422 '

1990 3431 2078 3526 illi?
2092 3431 2395 3544 ἦυεζᾶῒγῖῖ
2414 3431 2692 3537 ὲγεννήίδτῖ
2739 3431 2954 3518 παιδίοιν
2977 3465 3116 3528 νέον,
3141 3465 3171 3517 ὁ
3195 3462 3304 3605 «f3
3335 3460 3552 3584 ἓῑὼνων

3309 3551 3332 3586 ε
3367 3551 3418 3596 ς.

3309 3551 3418 3596 eos.

2057 3677 2119 3732 Ρ.
2151 3675 2240 3731 58.
2271 3672 2478 3734 Μίνσος
2509 3685 2538 3725 a
2593 3667 2788 3723 Latino
2827 3669 3038 3722 missus.
3069 3661 3358 3721 Ferculum
3387 3669 3550 3727 verti.

1989 3769 2118 3840 quia
2153 3767 2360 3821 missus
2395 3777 2506 3817 non
2550 3769 2684 3816 sunt
2715 3759 2925 3814 Latinis
2954 3757 3166 3828 singula
3200 3756 3426 3822 fercula,
3455 3760 3553 3810 sed

1989 3861 2321 3917 ferculorum
2354 3853 2763 3926 quamplurium
2799 3851 2972 3906 illatio
3025 3858 3080 3904 et
3109 3847 3399 3919 appositio.
3451 3847 3554 3902 llic

1989 3965 2168 4009 autem
2226 3949 2457 4022 singulis
2525 3947 2738 4017 singula
2795 3945 3150 4000 tradebantur
3184 3941 3411 4008 fercula,
3439 3955 3550 3996 non

1987 4035 2184 4116 integri
2214 4045 2439 4098 missus.
2473 4039 2677 4095 Gut-21's.

2059 4145 2318 4222 [Ioannes
2342 4141 2479 4198 Gitri
2503 4143 2556 4198 in
2582 4139 2850 4210 Respons.
2876 4123 3021 4193 juris
3045 4135 3160 4192 GR.
3185 4137 3222 4191 l.
3249 4135 3317 4192 5:
3343 4137 3552 4190 Μὶνσον

1983 4241 2047 4294 τδ
2075 4237 2198 4294 καθ’
2231 4237 2498 4304 Ἕλληνας
2567 4233 2664 4304 μὲν
2689 4233 2748 4285 τὸ
2773 4231 2972 4285 κανοῦν
3002 4229 3177 4300 δηλοῖ,
3211 4230 3349 4283 κατὰ
3375 4229 3432 4282 δὲ
3457 4230 3553 4299 τὴν

1998 4333 2207 4402 Ἰταλὴν
2254 4328 2508 4399 γλῶσσαν
2557 4326 2617 4378 τὸ
2665 4323 3060 4394 πεπραγμένον
3125 4325 3240 4386 τοῖς
3277 4323 3554 4392 ὀψοποιοῖς

1988 4427 2222 4481 ἐδεστόν.
2255 4421 2416 4476 Κατὰ
2440 4413 2600 4472 τοῦτο
2627 4417 2734 4486 γὰρ
2765 4415 2834 4469 τὰ
2856 4417 2913 4468 ὲν
2952 4415 3071 4477 ταῖς
3091 4411 3398 4484 τραπέζαις
3425 4416 3554 4484 ἐφα-

1995 4518 2276 4587 πλούμενα
2315 4513 2499 4566 ὀθόνια
2561 4508 2822 4580 μινσάλια
2874 4505 3148 4574 λέγονται,
3177 4501 3264 4559 οἷα.
3291 4503 3426 4575 πρὸς
3461 4505 3554 4557 κό-

1987 4629 2124 4686 σμον
2155 4611 2252 4678 τῆς
2270 4603 2546 4676 τραπέζης
2570 4601 2664 4654 καὶ
2692 4598 2802 4652 τῶν
2840 4597 3043 4668 μῑνσων
3071 4595 3353 4666 τιθέμενα.
3381 4595 3552 4661 Quam

1986 4707 2210 4779 opipare
2254 4711 2420 4770 porro
2465 4695 2689 4764 μίνσους
2743 4689 2859 4744 sive
2899 4687 3104 4744 fercula
3142 4702 3172 4743 e
3212 4703 3316 4742 sua
3369 4701 3554 4742 niensa

1985 4775 2578 4856 distribueritlsaacius
2601 4783 2862 4853 Angelus,
2882 4779 3122 4836 declarat
3137 4775 3355 4834 Nicetas
3375 4795 3430 4848 p.
3451 4779 3554 4835 579

1983 4893 2160 4948 Goan.

2057 4975 2140 5031 Ib.
2182 4971 2390 5044 Βρύσος
2417 4969 2500 5022 vel
2527 4963 2703 5038 βρύση
2738 4961 2863 5018 fons
2907 4971 3014 5026 εει,
3043 4975 3070 5014 a
3108 4958 3259 5032 βρύω
3289 4959 3434 5029 quod
3469 4967 3554 5012 est

1985 5068 2241 5124 scutario.
2313 5063 2453 5117 llinc
2525 5057 2742 5129 βρύοις,
2789 5055 2983 5126 'quasi
3036 5055 3190 5109 dicas
3251 5051 3552 5106 scaturitia.

1985 5161 2167 5216 ϐμετ-ε
2183 5197 2200 5213 .

2059 5257 2302 5333 [Βρύσην
2331 5256 2528 5310 dicunt
2555 5253 2904 5308 communius
2935 5251 3156 5320 fontem.
3183 5250 3388 5305 Glossa-
3411 5250 3556 5304 Grte-

1986 5353 2207 5409 cobarb.
2251 5349 2524 5422 Ἀργύρου
2550 5347 2750 5418 κρῆναι
2777 5344 3028 5398 λαλοῦσιν
3048 5385 3063 5410 ,
3091 5345 3256 5415 ἤγουν
3275 5346 3331 5396 αἱ
3359 5342 3556 5412 βρύσαι

1985 5445 2080 5498 τοῦ
2127 5443 2363 5514 ἀσημίου
2414 5440 2694 5495 λαλοῦσιν.
2752 5437 3110 5508 Curopalates
3167 5436 3337 5492 refert
3373 5436 3554 5489 locum

1989 5535 2314 5591 Βασιλακίου
2348 5532 2557 5603 βρύσην
2590 5529 2818 5592 dictum,
2849 5531 2940 5584 ubi
2979 5529 3047 5583 ab
3072 5529 3280 5584 effossis
3310 5525 3556 5582 Basilacii

1987 5629 2158 5682 oculis
2187 5625 2468 5696 sanguinis
2499 5624 2670 5692 fontes
2705 5633 3026 5686 eruperunt.
3055 5619 3253 5692 Genu]

2061 5727 2146 5781 Ib.
2174 5724 2334 5781 Μετὰ
2367 5725 2434 5778 τὸ
2465 5723 2735 5780 δεῖπνον.
2765 5723 2891 5779 Post
2923 5741 3147 5792 tamam,
3169 5699 3364 5780 melius
3393 5735 3558 5793 quam

1991 5830 2112 5889 post
2169 5819 2481 5890 prandium,
2539 5827 2598 5876 ut
2651 5817 3070 5894 Juniushquia‘
3091 5832 3278 5898 mensa
3315 5817 3408 5897 illa
3423 5826 3560 5897 vere
