3852 6594
102 565 191 627 323

105 692 237 731 emit:
261 686 411 730 erat:
448 682 571 728 erat
625 670 769 725 enim
794 667 1062 737 jejunium
1101 663 1296 731 vigilia:
1328 657 1640 715 Nativitatis
1674 669 1712 719 Α

107 770 311 825 Domini.
1042 744 1048 755 ’

164 862 215 914 Ρ.
239 861 319 914 59.
356 857 575 911 Postero
599 855 705 907 die.
762 851 1036 906 Hactenus
1068 847 1377 920 percensuit
1401 845 1640 898 Codinus

107 953 217 1022 quid
245 952 295 1004 in
318 949 501 1020 vigilia
563 946 868 1000 nativitatis
899 943 1016 996 ﬁeri
1072 937 1459 995 consueverit:
1496 949 1641 988 nunc

107 1039 211 1113 quid
232 1044 279 1095 in
307 1042 421 1109 ipso
470 1038 608 1113 testo
630 1045 843 1105 agatur,
876 1033 1121 1101 exponit.
1154 1029 1357 1084 Gas'rs.

169 1131 237 1186 lb.
269 1129 412 1202 [Τὴν
434 1112 964 1192 τεσσίαίακοστήν.
985 1122 1191 1199 Christi
1224 1118 1463 1174 natalitia
1488 1129 1646 1171 seve-

110 1225 214 1278 rinri
247 1223 451 1293 jejunio
499 1219 859 1289 quadraginta
891 1216 1083 1269 diebus
1116 1220 1391 1282 protracto
1448 1222 1636 1262 mona-

111 1317 229 1371 sticae
255 1316 393 1384 leges
416 1323 473 1366 et
505 1314 591 1380 pia
628 1309 991 1380 quorumdam
1021 1305 1242 1386 devotio
1275 1301 1641 1372 prmveniunt.

111 1408 344 1477 lcjuniuut
391 1404 532 1457 illud
597 1399 1018 1469 σαραντάμερυν
1075 1395 1292 1464 vulgus,
1352 1391 1650 1447 correctior

114 1498 281 1566 lingua
318 1492 853 1561 τεσσαρανθήμερον
934 1496 1115 1542 vocat.
1195 1480 1649 1553 Τεσσαρακοστήν

112 1565 311 1641 observo
344 1585 412 1639 ab
437 1591 672 1639 auctore
723 1578 1066 1647 nuncupari:
1097 1588 1152 1630 at
1179 1576 1321 1629 unde
1344 1584 1396 1629 et
1423 1572 1651 1627 omnino

113 1679 284 1748 jejuue,
343 1688 402 1731 ut
459 1674 630 1744 hujus
678 1669 1027 1726 ahstineutim
1092 1665 1355 1735 temporis
1407 1663 1477 1717 ab
1542 1660 1652 1714 alio

115 1768 362 1823 Paschalis
418 1764 690 1819 solemnia
715 1760 882 1832 296
913 1756 1272 1828 praecedente,
1322 1762 1376 1809 et
1406 1752 1536 1819 ἅγιαι
1559 1750 1655 1802 καὶ

122 1860 297 1929 μεγάλη
349 1856 778 1925 τεσσαρακοστή
834 1852 1005 1915 dicto,
1053 1848 1349 1904 discrimen
1389 1845 1650 1913 assignet.

120 1952 283 2023 Com]

174 2047 246 2101 lb.
271 2016 444 2100 ’ϐπ-κεί
497 2057 613 2097 non
647 2049 861 2095 tantum
904 2045 1030 2091 ante
1065 2033 1271 2089 Pascha
1310 2032 1408 2087 sed
1437 2040 1513 2085 et.
1535 2037 1660 2082 ante
1694 2016 1736 2071 Β

124 2139 205 2191 alia
230 2137 351 2191 testa
390 2134 694 2205 praecipua,
716 2141 776 2184 ut
800 2138 883 2185 est
908 2125 1118 2181 Natalis
1142 2124 1383 2187 Domini,
1411 2121 1658 2191 quadra-

131 2243 344 2297 gesunau)
393 2223 831 2296 praemittebant,
893 2221 990 2275 sed
1024 2216 1505 2289 quadragesimum
1545 2228 1653 2266 non

136 2336 198 2387 re,
221 2321 300 2375 sed
323 2320 441 2375 solo
472 2318 727 2381 nomine,
780 2321 971 2383 utpote
1012 2309 1223 2380 jejunio
1246 2307 1437 2377 paucis
1463 2304 1659 2359 diebus

135 2412 531 2481 circumscripto.
590 2409 645 2462 Id
698 2407 876 2461 disces
903 2420 968 2459 ex
992 2402 1336 2462 Balsamone,
1365 2398 1459 2468 qui
1483 2398 1536 2451 in
1572 2411 1660 2450 reo

134 2515 293 2568 sponso
310 2501 373 2554 ad
406 2498 481 2554 55
492 2495 863 2567 quaestionem
879 2490 1049 2546 Marci
1075 2486 1401 2559 patriarchae
1421 2484 1660 2539 Alexan-

130 2593 242 2646 drini
269 2594 335 2646 ita
364 2592 604 2647 scribit:
635 2585 752 2640 Nos
769 2584 1105 2659 defendimus
1120 2578 1334 2649 jejunio
1366 2573 1663 2631 necessario

131 2680 373 2750 protulere
432 2681 549 2735 haec
599 2686 831 2748 quatuor
852 2675 1011 2745 festa,
1044 2670 1295 2724 nimirum
1326 2667 1519 2734 festum
1538 2678 1663 2718 san-

132 2785 298 2829 ctorum
346 2772 734 2842 apostolorum,
788 2763 1002 2819 N'atalis
1029 2759 1250 2826 Christi,
1310 2757 1664 2825 transforma-

134 2868 261 2922 u‘ouis
286 2866 480 2923 Christi
511 2874 567 2918 et
605 2862 702 2916 Dei
729 2858 920 2924 nostri,
951 2864 1002 2910 et
1027 2852 1429 2909 obdormitionis
1467 2858 1665 2904 sanctre

137 2961 352 3029 Deiparc,
394 2956 500 3014 ‘sed
526 2966 733 3011 tantum
784 2962 978 3022 septem
1036 2951 1262 3003 dierum.
1321 2942 1494 2999 Unum
1526 2944 1664 2998 enim

134 3063 192 3105 est
232 3052 580 3123 quadraginta
628 3048 833 3100 dierum
880 3043 1137 3112 jejunium
1188 3040 1360 3093 sancti
1406 3045 1457 3091 et
1489 3038 1666 3107 magni

138 3142 388 3197 Paschalis.
439 3141 603 3207 Quod
643 3140 690 3192 si
750 3138 867 3208 quis
921 3134 1039 3205 plus
1069 3147 1228 3204 quant
1266 3142 1458 3201 septem
1488 3129 1668 3184 diebus

137 3237 249 3289 circa
288 3237 465 3307 festum
522 3243 831 3289 sanctorum
880 3228 1237 3297 apostolorum
1268 3235 1316 3278 et
1345 3224 1539 3293 festum
1569 3238 1665 3276 na-

141 3324 237 3376 talis
254 3322 432 3377 Christi
448 3322 685 3391 jejunet,
712 3334 805 3372 seu
832 3325 1011 3385 sponte
1033 3330 1122 3368 seu
1146 3312 1349 3367 ordinis
1382 3311 1466 3364 sui
1489 3311 1669 3379 regula

143 3412 372 3481 impulsus,
403 3429 507 3465 non
533 3408 937 3477 vituperabitur.
981 3402 1257 3470 Quomodo
1278 3410 1456 3454 autem
1472 3410 1521 3453 et
1549 3413 1672 3467 pro.

142 3514 232 3570 pter
256 3506 364 3573 quid
388 3514 510 3558 ante
528 3499 939 3570 unumquodque
964 3496 1151 3550 horum
1168 3502 1398 3564 quatuor
1423 3492 1674 3561 festorum

139 3592 337 3660 jejunare
363 3596 672 3655 debeamus,
696 3589 1025 3643 declaratum
1054 3588 1109 3640 in
1137 3583 1384 3655 synodali
1408 3582 1675 3635 decisione

146 3684 195 3734 de
221 3699 269 3736 eo
292 3701 321 3738 a
349 3684 495 3738 nobis
559 3684 729 3753 facta.
790 3681 893 3747 Qui
936 3679 1103 3749 igitur
1137 3692 1243 3730 non
1276 3674 1525 3744 jejunum
1556 3678 1680 3725 ante

154 3774 505 3843 unumquodque
570 3776 760 3825 horum
797 3778 1028 3840 quatuor
1083 3768 1360 3837 festorum,
1418 3764 1532 3818 sine
1565 3761 1677 3815 ulla

150 3863 316 3915 omnino
356 3861 699 3917 excusatione
754 3859 961 3927 magnis
1008 3852 1431 3910 emendabuntur
1486 3851 1679 3920 panis.

147 3946 307 4003 Eadem
338 3952 502 4004 tradit
533 3949 830 4002 Balsamon
864 3947 918 3998 in
953 3943 1236 4011 responsis
1270 3941 1337 3993 ad
1367 3938 1681 4009 interroga-

146 4039 289 4094 tioaes
312 4032 682 4111 quorumdam
708 4040 1129 4099 monachorum,
1169 4046 1292 4102 quae
1317 4038 1540 4086 exstant
1554 4039 1682 4100 post

144 4130 551 4188 Nonmcanouem
594 4130 798 4186 Photii.
1248 4180 1251 4183 .

196 4223 348 4281 Graeci
397 4225 815 4296 quiritabantttr
878 4219 1224 4291 haecjejunia
1274 4215 1680 4272 aLatinisnon

144 4320 379 4374 observari
402 4359 420 4387 ,
460 4334 531 4375 ac
554 4317 787 4388 proinde
818 4316 919 4371 hac
944 4315 1109 4369 etiam
1136 4328 1200 4367 ex
1236 4319 1392 4383 parte
1423 4326 1547 4366 cum
1585 4309 1683 4364 iis-

146 4409 240 4465 dem
258 4413 600 4469 concordiam
624 4410 747 4464 iniri
778 4423 889 4465 non
921 4423 1105 4478 posse.
1129 4405 1391 4460 Instituta
1418 4413 1469 4460 et
1505 4417 1711 4457 mores'

145 4517 285 4558 eum
311 4507 520 4561 diuersa
545 4505 758 4559 omnino
783 4511 926 4565 sunt,
954 4502 1138 4570 inquit
1159 4499 1374 4553 Marcus
1394 4494 1679 4568 Ephesius,

142 4594 312 4663 jejunio
358 4609 407 4654 et
459 4602 601 4653 ritus
649 4595 995 4652 ecclesiastici
1038 4602 1088 4648 et
1133 4591 1354 4647 similia.
1398 4589 1531 4655 Qua:
1558 4604 1682 4659 ergo

147 4687 208 4739 hic
236 4692 367 4758 uuia,
401 4692 493 4746 ubi
520 4689 729 4744 nullum
770 4697 956 4754 patens
981 4702 1042 4740 ac
1075 4684 1419 4752 manifestum
1463 4691 1680 4750 apparet

149 4775 354 4845 tignum?
405 4783 476 4839 Et
530 4781 791 4852 quomodo
835 4779 972 4834 uniti
1026 4786 1171 4841 sunt,
1205 4776 1295 4847 qui
1347 4791 1445 4828 sua
1467 4774 1688 4827 retinere

152 4872 329 4929 colunt?
378 4877 497 4930 Ilac
535 4875 675 4929 enim
700 4876 818 4944 lege
845 4856 1004 4927 suum
1044 4876 1111 4923 ad
1146 4870 1390 4923 unionem
1417 4866 1689 4935 prwbuere

151 4973 391 5029 assensum,
406 4965 652 5034 quanwis
674 4980 705 5016 α
727 4962 951 5018 Patrum
969 4959 1343 5016 traditionibus
1358 4958 1689 5013 desciverint.

151 5048 420 5123 Respdntlct
452 5056 763 5127 Gregorius
812 5054 1258 5126 protosyncellus
1312 5053 1368 5107 in
1430 5051 1682 5121 apologis

151 5157 226 5211 βω
281 5152 521 5206 concilio
577 5149 922 5214 Florentino,
978 5162 1100 5223 qua:
1126 5155 1307 5201 exstat
1361 5142 1429 5198 ad
1484 5142 1689 5197 calcem

150 5237 356 5304 ejusdem
392 5242 707 5298 Florentiui
758 5240 981 5295 concilii
1010 5240 1063 5293 iu
1095 5239 1231 5294 edit.
1265 5238 1511 5293 Romana
1538 5233 1690 5289 Grau-

151 5329 393 5389 to—l.atiu:t
424 5353 438 5390 :
468 5332 657 5389 Nescit
681 5350 824 5405 ergo,
843 5342 901 5386 ut
922 5332 1077 5402 plane
1098 5331 1325 5396 videtur,
1353 5329 1577 5383 eximius
1607 5327 1690 5381 hic

152 5425 213 5474 rir
236 5430 388 5481 varios
414 5433 471 5483 in
511 5430 613 5483 hac
641 5432 801 5483 etiam
852 5444 1046 5498 magna
1077 5427 1204 5481 urbe
1253 5426 1543 5496 Cpolitana
1574 5439 1689 5478 ser-

152 5522 241 5572 vari
286 5538 466 5591 mores,
510 5524 946 5593 jejuniorumque
976 5539 1040 5576 ac
1064 5523 1264 5574 rituum
1293 5519 1687 5573 ecclesiastico-

157 5621 248 5660 ma
269 5627 368 5666 esse
386 5616 747 5668 diuersitates.
780 5613 1024 5682 Namque
1056 5624 1179 5667 ante
1218 5611 1419 5666 Christi
1439 5610 1690 5665 Natalem

110 5690 115 5695 “
162 5708 364 5772 suntqui
409 5709 696 5762 ordiuntur
743 5707 1011 5776 jejunium
1051 5722 1115 5761 ea:
1140 5707 1227 5760 die
1252 5705 1318 5759 15
1355 5686 1687 5771 Novembris,

165 5789 237 5841 alii
277 5810 333 5847 ex
368 5798 451 5851 die
478 5797 511 5851 6
536 5796 885 5861 Decembris,‘
919 5797 1014 5850 alii
1044 5812 1109 5850 ea:
1160 5796 1262 5861 20;
1327 5795 1396 5848 ad
1441 5797 1690 5848 honorem

159 5894 322 5953 illoque
346 5890 677 5943 Ascensionis
701 5888 902 5943 Christi
928 5891 1143 5958 quidam
1159 5888 1410 5957 jejttnare
1433 5888 1691 5956 incipiunt

162 5976 456 6037 “Kalendis
477 5985 620 6049 Maii,
639 5994 691 6038 et
720 5985 829 6038 alia
861 5985 924 6036 ab
952 5984 1290 6053 aliisjejunia
1321 5984 1685 6038 observantur.

420 6079 685 6139 l’s'ruot.
718 6077 810 6138 Gn
870 6078 1094 6140 (ΖΠΗ.

1701 3363 1744 3421 C

1143 544 1537 606 ‘GliETSERl
1578 542 1667 601 ΕΤ
1709 541 1950 602 GOARl
1979 540 2223 602 ΝΟΤᾸξ.

3197 527 3304 592 33ὓ

1748 655 1888 710 Nam
1920 666 1967 709 et
1995 658 2108 724 ipso
2144 662 2341 707 sancta’
2385 668 2445 705 ac
2481 636 3151 717 magnw'QuaJragesimte
3176 654 3307 698 tem-

1743 764 1868 818 pore
1898 748 2077 800 diebus
2135 744 2354 801 Sabbati
2389 759 2450 797 ac
2496 742 2782 795 Dominica!
2836 739 2987 791 multi
3030 746 3306 791 vescuntur

1744 839 1997 909 piscibus,
2062 838 2187 890 aliis
2217 851 2419 905 quoque
2472 835 2567 888 alii
2595 834 2777 885 diebus
2804 849 2822 893 ;
2884 841 3005 884 sunt
3032 832 3194 883 etiam
3218 831 3309 896 qui

1742 928 1809 980 iis
1834 928 2046 979 omnino
2082 941 2137 978 se
2171 925 2449 979 abstinent.
2496 922 2634 987 Quid
2670 924 2835 990 ergo?
2868 922 3167 973 dicemnsne
3193 918 3313 972 illos

1750 1015 1850 1084 fide
1880 1017 2039 1069 etiam:
2066 1016 2203 1068 inter
2224 1030 2280 1066 se
2300 1014 2555 1067 dissidere
2575 1013 2600 1065 ."
2628 1011 2691 1064 In
2725 1011 2908 1063 ritibus
2933 1024 3133 1078 quoque
3156 1007 3315 1060 eccle-

1747 1107 1982 1160 siastiris
1998 1107 2320 1159 consuetudo
2346 1114 2421 1157 est
2451 1105 2601 1158 varia
2628 1119 2645 1156 :
2677 1118 2798 1156 nam
2828 1101 3110 1170 Cpo.’itana
3145 1099 3318 1165 major

1747 1196 1966 1250 ecclesia
1984 1199 2036 1249 in
2050 1196 2376 1249 celebrandis
2389 1196 2570 1265 ofﬁciis
2583 1196 2688 1248 alio
2703 1210 2847 1248 more
2865 1194 3053 1254 utitur,
3081 1191 3185 1244 alio
3203 1204 3319 1242 vero

1752 1288 1959 1356 majora
1987 1289 2323 1350 utoaasterin,
2362 1286 2469 1340 alio
2512 1287 2719 1340 minora
2749 1286 2819 1339 ad
2851 1286 3075 1355 quietem
3109 1294 3317 1334 accom-

1751 1379 1990 1442 modata,
2042 1379 2262 1447 denique
2287 1378 2393 1431 alio
2422 1379 2760 1432 sacerdotum
2793 1376 3131 1432 steculurium
3153 1375 3322 1429 eccle-

1753 1471 1866 1524 siae.
1905 1467 2045 1535 Quin
2073 1479 2123 1523 et
2179 1469 2575 1524 Tabennesiota:
2627 1471 2680 1523 in
2708 1485 2812 1523 uno
2840 1471 3121 1538 eodemque
3151 1485 3326 1522 coeno-

1755 1562 1839 1616 bio
1866 1565 2038 1616 varios
2078 1563 2364 1631 jejunandi
2407 1563 2769 1630 psallendique
2827 1564 3009 1616 modos
3041 1563 3327 1628 habebant,

1756 1654 1880 1708 aliis
1902 1671 1995 1723 per
2017 1656 2234 1708 biduum
2251 1654 2640 1724 jejunantibus,
2665 1654 2786 1709 aliis
2802 1670 2895 1723 per
2924 1654 3328 1719 hebdomadam,

1756 1759 1805 1801 et
1843 1747 1923 1800 his
1956 1747 2166 1816 quidem
2189 1747 2258 1799 ad
2289 1736 2578 1814 vesperam,
2620 1746 2730 1799 illis
2755 1762 2872 1799 vero
2896 1746 2960 1799 de
2986 1747 3157 1800 media
3184 1756 3334 1801 nocte

1759 1855 1939 1892 sacros
1997 1838 2214 1908 hymnos
2261 1837 2613 1901 canentibus;
2665 1839 2805 1915 quod
2848 1838 3008 1905 [iebat
3053 1838 3214 1892 etiam
3276 1840 3333 1891 in

1762 1931 2080 1984 monasteria
2108 1930 2513 1984 Acacmetorum.
2555 1928 2752 1984 Subtlit
2790 1928 3119 1999 Gregorius:
3172 1930 3332 1999 297

1768 2021 1963 2076 Mirum
1992 2039 2148 2092 porro
2168 2024 2323 2092 fuerit
2356 2040 2452 2076 cur
2468 2024 2565 2077 iste
2589 2025 2667 2076 vir
2692 2031 2740 2077 et
2758 2022 2954 2093 linguae
2977 2025 3333 2077 diversitatem

1765 2123 1816 2169 et
1842 2118 2047 2170 varium
2096 2117 2523 2170 indumentorum
2563 2132 2723 2186 genus
2749 2116 2873 2170 vitio
2920 2133 3023 2170 non
3074 2117 3334 2177 verterit,-

1767 2209 2030 2278 autquod
2067 2207 2150 2262 illi
2200 2210 2419 2277 ﬂectant
2466 2224 2633 2279 genua
2653 2224 2770 2262 cum
2807 2210 3038 2263 adorant
3078 2218 3127 2262 ct
3156 2217 3333 2274 orant,

1766 2310 2034 2356 seruantes
2068 2317 2266 2354 morem
2297 2301 2661 2369 antiquitatis,
2695 2316 2788 2353 nos
2812 2316 2930 2354 vero
2962 2300 3195 2353 minime.

1840 2393 2014 2449 Porro
2042 2394 2135 2460 qui
2178 2391 2353 2446 Natali
2390 2380 2659 2459 integram
2694 2391 3168 2460 quadragesimum
3201 2404 3339 2459 pra:-

1770 2486 2081 2551 mittebant,
2118 2484 2152 2538 ii
2203 2483 2636 2554 auspicabantur
2666 2498 2697 2537 a
2738 2484 2805 2538 M
2852 2483 2938 2537 die
2991 2480 3337 2549 Novembris,

1771 2586 1831 2632 ut
1865 2576 2143 2641 monachi,
2171 2590 2311 2644 quos
2340 2572 2551 2630 ad‘hoc
2573 2575 2867 2645 peculiaris
2891 2578 3079 2645 regula
3137 2575 3345 2645 obliga-

1770 2669 1883 2724 bat.
1920 2669 2191 2734 Monac/ti,
2216 2668 2397 2738 inquit
2418 2668 2730 2730 Balsamon,
2784 2669 2873 2738 qui
2904 2685 3123 2723 suarum
3153 2669 3345 2739 [unda-

1772 2762 1973 2815 tionum
2007 2761 2472 2816 constitutionibus
2505 2770 2767 2832 coguntur
2805 2762 3033 2831 amplius
3073 2762 3343 2832 jejunare,

1775 2854 1979 2908 scilicet
2017 2872 2048 2908 a
2073 2856 2205 2925 [esto
2235 2854 2485 2910 Omnium
2545 2866 2848 2909 sanctorum
2880 2865 2928 2910 et
2954 2874 2985 2909 a
3035 2857 3101 2910 lt
3156 2859 3371 2921 mensis

1772 2948 2098 3012 Novembris,
2132 2947 2211 3001 vel
2245 2948 2400 3002 inviti
2421 2959 2673 3019 cogentur
2701 2949 2853 3018 sequi
2887 2957 3091 3002 statuta
3128 2965 3348 3002 suarum

1774 3038 2167 3108 fundationum,
2190 3039 2437 3109 quoniam
2495 3041 2590 3094 hoc
2609 3050 2684 3095 est
2738 3041 3050 3094 canonicum
3100 3050 3149 3093 et
3199 3044 3342 3096 solu-

1776 3140 1930 3195 tare;
1962 3131 2400 3195 quemadmodum
2441 3139 2492 3185 et
2541 3131 2687 3194 laici,
2738 3133 2828 3201 qui
2888 3149 2986 3186 sua
3032 3142 3234 3202 sponte-
3278 3135 3351 3187 ita

1772 3217 2204 3287 jejunant,laude
2218 3230 2267 3274 et
2293 3220 2532 3289 gratiora
2543 3221 2807 3274 mactione
2828 3220 2972 3291 digni
3001 3220 3375 3277 habebuntur.’

1778 3309 1933 3377 Quod
1963 3310 2181 3366 dicitde
2203 3309 2341 3367 festo
2377 3311 2625 3367 Omnium
2654 3322 2977 3377 sanctorum,
3016 3313 3069 3367 id
3102 3314 3350 3366 referen-

1780 3403 1909 3458 dum
1932 3412 2016 3459 est
2042 3403 2108 3459 ad
2125 3404 2398 3473 jejunium
2425 3414 2551 3460 ante
2585 3404 2786 3460 festum
2831 3406 3078 3461 omnium
3128 3416 3351 3475 aposto-

1782 3495 1983 3560 lorum,
2011 3496 2157 3566 quod
2187 3495 2363 3552 Graeci
2423 3496 2706 3552 celebrant
2766 3498 2959 3551 ultimo
3038 3498 3126 3552 die
3182 3494 3353 3560 Junii.

1782 3586 1940 3655 cujus
1966 3587 2297 3658 principium
2334 3596 2453 3642 erat
2483 3586 2684 3643 festum
2723 3587 2979 3644 Omnium
3011 3600 3355 3649 sanctorum.

1781 3681 1926 3752 quod
1954 3679 2124 3736 Graeci
2159 3680 2435 3737 celebrant
2489 3683 2664 3751 prima
2716 3680 2998 3738 Dominica
3058 3695 3179 3752 post
3213 3683 3358 3739 Pcu-

1785 3782 2025 3828 tccostcn
2062 3789 2075 3826 :
2110 3789 2233 3828 cum
2261 3784 2437 3828 autem
2462 3773 2785 3829 Pentecoste
2818 3775 2889 3830 sit
2907 3776 3105 3830 festum
3135 3778 3357 3844 mobile,

1784 3864 2096 3919 necessario
2140 3866 2305 3919 etlam
2369 3865 2566 3923 festum
2617 3865 2859 3920 Omnium
2923 3878 3225 3921 sanctorum
3276 3880 3362 3924 est

1784 3960 1981 4015 festum
2024 3959 2223 4014 mobile
2245 3962 2386 4028 apud
2418 3959 2663 4025 Graecos,
2692 3978 2838 4017 nunc
2867 3961 2922 4016 in
2943 3962 3103 4030 Maio,
3138 3980 3282 4019 nunc
3304 3965 3359 4017 iu
3386 4002 3393 4008 .

1782 4052 1946 4109 Junio
1999 4066 2315 4108 occurrens.
2375 4051 2493 4118 Quo
2552 4054 2684 4106 litttt
2727 4053 2994 4123 jejuniqu
3053 4054 3186 4108 illud
3235 4068 3362 4110 ante

1784 4143 2154 4214 apostolorum
2176 4142 2372 4197 festum
2392 4142 2557 4197 etiam
2584 4145 2723 4212 apud
2748 4145 3048 4200 monachos
3068 4144 3361 4213 aliquando

1787 4232 2028 4298 brevius,
2066 4231 2357 4301 aliquando
2381 4232 2597 4303 longius
2626 4232 2787 4287 fuerit
2817 4249 2831 4287 :
2862 4234 3105 4299 brevius,
3142 4236 3187 4290 si
3220 4236 3360 4289 Pen-

1787 4334 1993 4379 tec05te
2026 4324 2078 4378 iu
2112 4322 2334 4380 Junium
2374 4325 2682 4392 incidisset,
2716 4318 2951 4396 longius,
2983 4326 3105 4380 siin
3136 4325 3360 4383 Maium.

1786 4414 1922 4472 Vide
1951 4416 2213 4488 Typicum
2265 4417 2435 4474 Salue.

1856 4508 2271 4566 Observandum
2299 4523 2352 4567 et
2383 4512 2505 4575 hoc,
2534 4511 2755 4568 Graecos
2782 4500 3393 4569 commemorationem'

1788 4604 2030 4658 omnium
2086 4602 2329 4659 lidelium
2360 4603 2742 4660 defunctorum
2801 4621 2961 4674 agere
2991 4605 3124 4659 feria
3176 4607 3367 4676 quinta

1710 4693 1917 4753 D‘antc
1938 4694 2318 4760 Pcutccoswn,
2353 4705 2410 4751 ut
2433 4706 2648 4752 constat
2700 4710 2766 4750 ex
2796 4695 2938 4750 libro
2974 4697 3159 4752 rituali
3210 4697 3368 4754 Nice-

1793 4786 1971 4856 phori,
1999 4784 2093 4855 qui
2123 4784 2591 4841 Peutecostarium
2623 4785 2961 4841 inscribitur.
2990 4787 3196 4842 Guars.

1869 4876 2009 4931 Ibid.
2046 4876 2421 4949 [‘Anbzpewv,
2445 4877 2874 4944 carnispririum,
2897 4878 3167 4933 cclehrius
3201 4894 3368 4933 unum

1793 4970 1998 5026 habent
2024 4969 2221 5035 Graci,
2266 4969 2550 5024 Dominica
2602 4969 2980 5043 sesagesimte,
3010 4980 3063 5024 ct
3114 4973 3366 5040 κρεωφά-
3458 5019 3480 5039 ,

1791 5081 1886 5132 γον
1908 5064 2265 5127 carnivorum,
2300 5065 2345 5117 si
2378 5063 2450 5116 ita
2482 5061 2726 5131 proferre
2759 5063 2939 5129 liccat,
2966 5064 3107 5117 diem
3142 5063 3370 5117 solemni

1792 5154 2075 5209 Paschalis
2098 5154 2259 5208 festo.
2311 5152 2383 5208 Ut
2409 5169 2534 5208 vero
2561 5154 2736 5209 sacris
2795 5157 3068 5226 mysteriis
3119 5157 3370 5225 corporis

1791 5253 1847 5299 et
1874 5243 2160 5318 sanguinis
2194 5243 2403 5300 Christi
2435 5244 2811 5316 participaturi
2840 5245 3109 5315 jejunium
3162 5258 3367 5315 septem

1793 5339 1876 5392 vel
1906 5338 2147 5407 quinque
2196 5337 2389 5393 saltem
2446 5339 2660 5393 dierum
2722 5340 3054 5409 praemittere
3097 5340 3216 5409 lege
3258 5339 3371 5407 jam

1793 5429 1922 5482 olim
1953 5430 2125 5498 posita
2154 5443 2363 5498 usuque
2402 5428 2722 5483 memoriam
2766 5442 2982 5483 omnem
3017 5436 3373 5496 prawerteute

1793 5529 2016 5589 recepto
2048 5529 2323 5585 tenentur,
2353 5521 2428 5576 ita
2446 5535 2553 5575 nou
2577 5536 2745 5574 unum
2765 5520 3055 5591 ἀπόκρεων
3077 5519 3162 5573 vel
3196 5536 3374 5586 κρεω-

1794 5614 1970 5683 φάγον
1995 5614 2137 5669 diem
2182 5630 2278 5685 per
2325 5629 2557 5678 annttm,
2589 5615 2683 5668 sed
2717 5624 2987 5681 quatuor,
3026 5626 3174 5665 more
3202 5610 3375 5678 magis

1794 5706 1997 5761 usitato
2027 5715 2337 5761 numerant.
2383 5705 2710 5761 Celebratur
2742 5705 2833 5759 hic
2879 5704 3145 5758 natalium
3179 5709 3234 5754 ct
3285 5715 3375 5754 rc-

1796 5801 2153 5855 surrectiouis
2171 5799 2398 5861 Christi,
2435 5809 2549 5854 tum
2570 5799 2921 5854 dormitiouis
2951 5796 3189 5864 Deiparte
3212 5792 3377 5862 festo,

1795 5895 1884 5947 ille
1912 5893 2414 5962 quotiesjcjuuium
2446 5902 2575 5947 ante
2624 5901 2926 5946 memorata
2987 5887 3280 5948 solemnia,
3313 5889 3383 5940 oh

1796 5996 2107 6041 secuturam
2168 5985 2634 6049 communionem,
2718 5982 3090 6053 auspicantur.
3183 5978 3385 6035 Tomus

2994 6075 3063 6133 ll
