3852 6622
133 575 220 639 333
275 519 280 523 i
1220 571 1618 636 GRETSERI
1661 571 1756 632 ET
1783 568 2018 631 GOARI
2060 569 2294 630 NOTAE.

3214 568 3322 634 εδι

135 709 206 754 τες
227 689 388 756 ἔλεγον
410 704 424 719 ο
462 704 479 736 ι
516 686 649 751 Δόξα
686 703 789 752 σοι,
809 688 837 738 ό
864 685 993 749 Θεὸς
1029 684 1209 754 ἡμῶν,
1229 686 1358 751 δόξα
1383 702 1486 751 σοι,
1517 685 1637 750 δόξα

1749 695 1888 748 pane
1923 679 2086 734 simul
2110 680 2265 734 unito
2288 677 2570 746 relinquit.
2599 675 2799 732 Panem
2827 677 2904 732 sic
2938 681 3322 734 accommoda-

139 781 280 847 Πατρί
307 777 392 829 καὶ
415 776 525 846 Υίῷ
563 778 655 829 καὶ
686 775 829 846 ἁγίῳ
866 775 1162 845 ι’ὶνεύματι,
1213 794 1231 826 ι
1262 777 1355 830 καὶ
1399 777 1521 829 ἀντὶ
1549 773 1644 828 τοῦ

139 871 252 936 μέγα
279 869 332 920 τὸ
357 869 546 937 ὄνομα,
570 868 630 921 τὸ
656 867 896 938 Χριστὸς
924 868 1152 934 ἀνέστη.
1187 867 1294 928 ἕως
1315 869 1413 936 τῆς
1441 867 1645 934 ἀναλή-

133 965 263 1030 ψεως.
305 961 519 1012 Ἐκτοτε
545 959 602 1012 δὲ
635 961 783 1028 μέγα
813 960 874 1012 τὸ
901 959 1074 1029 ὄνομα
1105 959 1207 1024 τῆς
1259 959 1420 1026 ἁγίας
1477 958 1648 1028 Τριά-

132 1053 214 1112 ὄος.
242 1051 394 1119 Κύριε
442 1049 614 1119 Ἰησοῦ
651 1051 875 1119 Χριστὲ,
914 1050 1103 1120 βοήθει
1157 1067 1272 1120 μοι.
1316 1049 1429 1103 Καὶ
1471 1049 1644 1104 ταῦτα

135 1144 212 1211 μὲν
231 1143 449 1196 ἐτελεῖτο
471 1142 664 1206 οὕτως,
691 1144 868 1195 ἐποίει
901 1143 958 1196 δὲ
987 1143 1144 1196 τοῦτο
1188 1143 1423 1205 ἕκαστος
1465 1140 1645 1193 αὐτῶν

131 1235 230 1286 ἔνθα
250 1235 391 1303 ἔτυχε
425 1235 586 1305 μέχρι
619 1235 720 1303 τῆς
743 1236 1056 1304 κοιμήσεως
1083 1234 1182 1303 τῆς
1210 1233 1496 1288 Θεοτόκου.
1515 1232 1644 1285 Ὅτε

130 1327 170 1379 δὲ
194 1327 276 1396 τὴν
301 1327 637 1394 παγκόσμιον
660 1327 880 1392 σύναξιν
930 1328 1019 1380 διὰ
1043 1325 1284 1395 νεφελῶν
1312 1324 1644 1394 ἐποιήσαντο

128 1418 193 1469 διὰ
213 1420 296 1486 τὴν
341 1419 435 1485 τῆς
473 1419 744 1471 Θεοτόκου
803 1418 1094 1489 δεσποίνης
1157 1417 1515 1488 μετάστασιν,
1573 1414 1645 1468 τὰ

125 1511 271 1563 εἰκότα
291 1511 602 1572 τελέσαντες
635 1513 775 1580 μετὰ
808 1513 908 1582 τὴν
936 1511 1117 1582 ταφὴν
1172 1510 1366 1580 αὐτῆς,
1395 1509 1642 1578 δηλονότι

125 1603 176 1668 τῇ
199 1602 334 1670 τρίτῃ
383 1601 588 1668 ἡμέρᾳ,
623 1600 985 1672 παραμυθίαν
1012 1600 1336 1669 ποιούμενοι
1373 1599 1471 1652 καὶ
1502 1596 1643 1668 μετὰ

129 1692 176 1743 si
193 1696 387 1761 ἄριστον
416 1693 776 1756 ἀναστάντες,
827 1693 888 1747 τδ
931 1694 1131 1762 τμῆμα
1186 1692 1281 1745 τοῦ
1337 1693 1508 1762 ἄρτου
1545 1689 1640 1742 τοῦ

126 1786 184 1843 εἰς
207 1784 357 1852 δνομα
381 1785 646 1854 κειμένου
671 1784 910 1855 Χριστοῦ
937 1784 1079 1837 κατὰ
1117 1784 1178 1837 τὸ
1208 1783 1398 1841 εἰωθὸς
1423 1781 1640 1851 ἁνυψώ-

131 1889 302 1935 σιντες,
356 1876 447 1927 καὶ
500 1873 562 1925 τὸ
604 1873 753 1942 μέγα
801 1873 861 1926 τὸ
901 1873 1075 1943 ὄνομα
1132 1871 1546 1942 προσειπόντες,
1595 1864 1640 1924 ὧ

127 1964 354 2032 θαύματος
387 1965 719 2035 παραδόξου,
751 1965 784 2034 ἠ
815 1967 986 2035 νεκρὰ
1043 1963 1235 2034 ὥσπερ
1287 1963 1457 2026 ζῶσα,
1498 1963 1639 2030 μετὰ

128 2056 312 2126 νεφέλης
360 2058 448 2111 καὶ
501 2058 830 2125 φωτοποιῶν
883 2057 1134 2126 ἀγγέλων
1208 2056 1637 2126 παρισταμένων

128 2149 250 2216 αὐτῇ,
295 2150 377 2202 ἐπὶ
423 2149 502 2220 τῷ
532 2151 658 2220 ἀέρι
707 2151 1082 2218 ἐπιφαίνεται,
1124 2167 1142 2200 ι
1183 2149 1439 2219 Χαίρετε,
1480 2167 1498 2200 ι
1553 2147 1640 2200 λέ-

132 2256 277 2303 rauca,
311 2259 328 2290 ι
367 2243 446 2295 δτι
477 2241 604 2308 μεθ’
628 2242 786 2312 ὑμῶν
813 2243 931 2312 ειμι
987 2243 1168 2303 πάσας
1203 2241 1302 2303 τὰς
1342 2240 1578 2310 ἡμέρας,
1614 2256 1633 2289 ι

135 2331 249 2383 coita
275 2333 329 2384 ὲκ
345 2333 435 2385 τοῦ
459 2333 598 2386 Υίοῦ
627 2334 687 2386 τὸ
714 2331 1013 2404 χαροποιδν
1060 2331 1245 2394 αὐτοῖς
1299 2329 1637 2384 ἐπιδιδοῦσα.

136 2423 181 2472 Oi
205 2423 245 2475 δὲ
261 2425 478 2495 μαθηταὶ
503 2426 606 2479 τοῦ
626 2425 909 2496 θαύματος
943 2423 1339 2493 ἐκπλαγέντες,
1370 2424 1494 2476 ἀντὶ
1516 2422 1636 2489 τοῦ,

126 2515 259 2584 Κύριε
284 2517 449 2586 Ἰησοῦ
512 2518 764 2590 Χριστὲ,
815 2535 836 2570 ι
881 2517 1132 2587 Παναγία
1168 2516 1405 2570 »Θεοτόκε
1454 2516 1640 2585 βοήθει

126 2607 239 2673 ἡμῖν,
266 2627 282 2659 ι
307 2609 752 2679 ἀνεκραύγασαν.
773 2607 906 2663 Εἶτα
927 2609 1005 2680 τῷ
1037 2611 1195 2681 τάφῳ
1222 2607 1639 2679 προσελθόντες,

126 2701 193 2750 καὶ
225 2700 288 2770 μὴ
315 2701 568 2771 εὑρόντες
599 2701 662 2754 τὸ
687 2702 956 2770 πανάγιον
1023 2701 1196 2778 αὐτῆς
1258 2701 1442 2772 σῶμα,
1491 2697 1640 2752 ἐπεί-

128 2789 286 2859 σθησαν
323 2791 535 2861 ἀληθῶς
573 2792 659 2845 ὅτι
701 2791 997 2863 σύσσωμος
1031 2791 1182 2857 ζῶσα
1217 2792 1520 2862 τριήμερος
1563 2789 1641 2853 ὡς

44 2881 50 2886 ⁷
118 2882 143 2932 ὁ
179 2881 281 2946 Υἱὸς
325 2885 496 2954 αὐτῆς
555 2886 623 2938 ὲκ
699 2885 911 2954 νεκρῶν
968 2886 1252 2938 ἀναστᾶσα
1323 2885 1418 2937 καὶ
1471 2901 1642 2953 μετα-

125 2975 255 3025 στᾶσα
307 2979 381 3038 είς
427 2976 705 3046 οὐρανοὺς
779 2975 1193 3046 μεταϐέϐηκεν,
1258 2978 1356 3030 σὺν
1417 2974 1640 3047 Χριστῷ

120 3066 422 3133 βασιλεύουσα
463 3072 548 3132 είς
607 3071 733 3133 τοὺς
773 3069 980 3132 αἰῶνας
1045 3069 1157 3122 τῶν
1201 3068 1438 3134 αἰώνων,
1461 3069 1635 3139 ἀμήν.

173 3157 232 3211 Ex
268 3159 342 3216 bis
366 3161 542 3216 lucem
586 3160 716 3215 dare
746 3159 1310 3231 licebitCuropalatae,
1360 3176 1484 3217 cum
1540 3176 1640 3217 ex-

120 3248 276 3318 plicent
308 3253 561 3322 quidnam
594 3255 823 3325 panagia
864 3253 1050 3320 fuerit,
1090 3253 1234 3308 unde
1285 3253 1393 3309 hoc
1441 3267 1637 3308 nomen

1748 781 1862 826 tum
1890 771 1995 825 alia
2020 779 2174 839 parte
2209 769 2346 825 disci
2371 771 2641 838 cooperit.
2685 771 2758 824 Ita
2803 771 2948 826 enim
2999 771 3184 826 discus
3233 771 3323 826 ille

1745 869 2094 930 comparatur
2117 861 2337 915 cardine
2361 876 2427 916 ex
2447 876 2551 915 una
2573 869 2724 930 parte
2742 876 2865 915 cum
2881 861 3175 930 superioris
3197 877 3321 930 par-
3390 875 3405 891 δ

1748 953 1819 1008 tis
1839 953 1997 1006 oculo
2015 953 2320 1022 colligatus,
2358 960 2418 1006 ut
2459 953 2620 1008 modo
2663 967 2947 1022 capsarum
2988 953 3319 1016 includatur,

1743 1045 1830 1100 sin
1855 1043 2036 1099 minus
2057 1043 2192 1098 velo.
2219 1043 2282 1098 Et
2301 1043 2621 1114 sicapponlt
2655 1046 2707 1099 in
2730 1061 2938 1110 mensa,
2965 1047 3018 1100 in
3038 1061 3143 1114 qua
3168 1046 3320 1100 solus

1745 1133 1912 1188 abbas
1935 1133 2018 1188 vel
2043 1131 2468 1204 proegumeuus,
2499 1138 2591 1205 qui
2615 1137 2823 1192 scilicet
2866 1139 3075 1192 abbatis
3095 1154 3320 1193 munere

1743 1234 1904 1280 antea
1927 1225 2218 1283 defunctus
2248 1228 2450 1293 fuerat,
2477 1231 2561 1284 vel
2589 1232 2690 1300 qui
2711 1231 2946 1295 abbatis,
2969 1231 3095 1285 dum
3116 1233 3204 1286 ille
3223 1232 3316 1286 ab~

1744 1327 1849 1384 est,
1873 1317 2048 1372 locum
2075 1329 2240 1383 tenet.
2265 1330 2321 1375 et
2340 1323 2544 1376 δικαίον
2565 1324 2862 1392 appellant,
2885 1324 3110 1378 assidet.
3139 1322 3317 1378 Finito

1743 1409 1978 1480 prandio
2003 1418 2057 1463 et
2083 1410 2242 1480 signo
2269 1411 2397 1466 date
2450 1412 2504 1466 in
2546 1414 2732 1467 contio
2787 1414 2883 1482 (ita
2954 1415 3055 1484 ipsi
3118 1425 3318 1469 vocant

1743 1503 2128 1572 campanulam
2156 1518 2222 1556 ex
2273 1519 2382 1558 aere
2436 1504 2814 1575 fabrefactam)
2877 1520 3068 1560 omnes
3131 1522 3314 1560 assurc

1742 1601 1896 1662 gunt,
1955 1603 2010 1649 et
2058 1596 2338 1666 conceptis
2387 1597 2644 1661 precibus
2713 1597 2922 1652 discum
2975 1599 3125 1652 illum
3185 1614 3314 1653 cum
3357 1629 3362 1634 -

1743 1699 1915 1752 pane,
1973 1687 2064 1753 qui
2125 1688 2366 1755 παναγία
2437 1696 2562 1761 est,
2623 1689 2976 1757 epbemerius
3054 1690 3314 1744 sustollit.

1742 1773 2090 1830 Postmodum
2152 1787 2395 1832 reserato
2427 1779 2766 1848 panagiario.
2821 1789 2874 1834 et
2926 1779 3101 1834 frusto
3145 1781 3238 1834 illo
3282 1797 3314 1836 e

1744 1883 1882 1938 pane
1907 1869 2091 1926 exciso
2114 1885 2380 1926 converso
2411 1881 2472 1926 ut
2527 1874 2667 1928 mica
2727 1874 2868 1928 nuda
2918 1874 3167 1942 superior
3216 1875 3309 1936 sit.

1667 1971 2038 2068 Bprtesentat
2065 1964 2272 2029 abbati,
2336 1966 2432 2034 qui
2491 1968 2756 2022 extremis
2811 1967 3003 2038 digitis
3048 1969 3307 2022 miculam

1740 2055 1935 2124 arripit
1972 2063 2026 2109 et
2077 2057 2160 2110 ori
2217 2057 2528 2127 impositam
2579 2061 2866 2125 absumit;
2932 2062 3126 2117 deinde
3187 2061 3312 2116 aliis

1740 2141 2022 2199 menacbis
2050 2130 2267 2200 servato
2301 2147 2764 2214 ordiueoﬂ‘ertur,
2797 2149 2888 2218 qui
2929 2150 3118 2204 eodem
3150 2151 3312 2206 modo

1741 2235 1992 2291 miculam
2049 2253 2114 2292 ex
2179 2240 2494 2310 panagiario
2581 2243 2914 2298 auferuntet
2986 2245 3310 2299 comedunt.

1723 2325 1878 2393 .Tum
1944 2329 2115 2385 abbas
2162 2331 2348 2386 vinum
2401 2333 2559 2388 calici
2625 2334 2870 2390 infusum
2930 2337 3092 2401 bibit,
3143 2354 3306 2407 qutun

1740 2434 1932 2476 omnes
1965 2432 2299 2491 sequuntur;
2341 2433 2397 2478 et
2425 2425 2616 2495 gratiis
2664 2426 2775 2482 Deo
2819 2429 2954 2484 actis
3003 2428 3309 2485 discedunt.

1739 2511 1806 2565 Et
1833 2512 1921 2569 hic
1943 2523 2029 2569 est
2063 2517 2259 2572 modus
2284 2517 2556 2573 exaltandi
2588 2521 2900 2588 panagiam,
2931 2524 3184 2591 quamvis
3213 2523 3308 2578 alii

1739 2601 1847 2658 alio
1869 2618 2091 2674 quoque
2118 2605 2280 2660 modo
2307 2617 2639 2678 praeparent.
2666 2609 2803 2664 Nam
2857 2612 3152 2668 sazeulares
3179 2629 3306 2668 cum

1741 2693 1972 2749 solemni
2003 2695 2255 2752 convivio
2284 2699 2432 2754 cives
2489 2701 2795 2770 excipiunt,
2855 2711 2979 2772 post
3037 2720 3306 2772 mensam,

1742 2787 1796 2841 in
1825 2787 2106 2844 dexteram
2131 2789 2542 2855 adolescentuli,
2577 2808 2642 2848 ex
2673 2794 2823 2850 clero
2855 2804 3059 2862 tamen,
3109 2804 3310 2868 paulu-

1739 2880 1852 2934 lum
1882 2890 2220 2938 contractam
2247 2891 2302 2937 et
2323 2884 2456 2938 vola:
2473 2885 2709 2941 sinistra:
2750 2887 3056 2956 impositam
3079 2906 3139 2944 ex
3171 2907 3310 2961 pane

1740 2980 2068 3040 praeparant,
2138 2982 2194 3027 et
2253 2977 2530 3044 conceptis
2584 2979 2838 3045 precibus
2928 2983 3191 3038 sacerdos
3236 2986 3308 3039 ibi

1741 3071 1928 3118 astans
1954 3064 2165 3132 primus
2207 3065 2402 3121 micam
2463 3068 2682 3138 accipit,
2731 3083 2914 3139 postea
2976 3073 3096 3128 aliis
3125 3075 3314 3130 adole-

1737 3169 1902 3212 scens
1923 3160 2212 3230 suggerit;
2263 3163 2405 3231 quod
2465 3176 2712 3218 remanet
2760 3165 2881 3234 ipse
2942 3167 2995 3221 in
3057 3171 3314 3224 manibus

1745 3251 1980 3306 ruaxima
2005 3267 2130 3308 eum
2164 3256 2518 3312 veneratione
2533 3259 2828 3314 consumit.
2861 3279 2882 3312 ι
2927 3259 3050 3315 [iure
3073 3261 3194 3329 ille;
3219 3264 3316 3332 qui

119 3345 356 3413 acceperit,
385 3344 672 3414 quomodo
722 3344 950 3400 exaltari
989 3353 1042 3400 et
1081 3344 1301 3414 quando
1363 3339 1862 3414 quibusveCcum
1917 3345 2022 3401 alio
2081 3362 2301 3418 quoque
2380 3352 2541 3406 modo
2608 3354 2906 3423 prmparari
2979 3357 3311 3418 consentiat.

119 3434 256 3488 verbis
311 3437 679 3492 consueverit.
710 3435 755 3489 A
809 3435 1323 3507 sanctissimmergo
1394 3436 1634 3506 Virginis

115 3526 326 3593 epitheto,
343 3527 485 3598 quod
531 3537 620 3583 est
641 3529 893 3598 panagia,
919 3528 1070 3582 venit
1096 3527 1222 3597 pani
1270 3528 1363 3597 qui
1414 3527 1636 3584 Christo

113 3621 328 3674 asservari
350 3620 588 3686 solebat,
640 3618 804 3689 300
823 3633 1094 3689 quemque
1128 3622 1316 3688 postea
1384 3620 1637 3691 religiose

117 3711 424 3775 particulatim
476 3710 1333 3780 comedebant.venit,inquam,
1393 3713 1637 3782 panagiaz

119 3813 290 3856 nomen.
313 3802 562 3858 Transiit
591 3811 774 3856 autem
817 3801 1050 3871 panagia
1098 3802 1267 3858 etiam
1327 3803 1394 3858 ad
1453 3811 1638 3872 poste-

113 3893 248 3949 riorcs
262 3895 490 3952 Gnaeos.
545 3897 756 3953 εἰδετε.
901 3909 908 3914 ‘
1363 3945 1389 3972 .

161 3983 640 4054 [DciGenitricem,
666 4003 766 4043 ceu
803 4004 868 4045 ex
902 3990 1049 4043 omni
1111 3997 1264 4059 parte
1309 3998 1553 4044 sanctam
1580 3997 1638 4044 et

108 4088 373 4135 sanctorum
407 4080 666 4135 omnium
697 4081 1128 4145 sanctissimam,
1158 4081 1636 4150 ἀντονομαστικῶς

108 4169 268 4228 Gracia
314 4175 594 4242 παναγίαν
652 4190 716 4229 ex
774 4189 928 4232 more
982 4187 1283 4244 nuncupat.
1323 4173 1631 4230 Buccellam

106 4278 279 4336 quoque
299 4271 452 4338 panis
482 4279 642 4324 certo
680 4269 784 4323 ritu
808 4271 861 4322 in
893 4284 1091 4324 mensa:
1112 4270 1220 4324 tina
1239 4271 1631 4324 comedendam

105 4357 255 4412 «idem
288 4365 510 4416 nomine
553 4361 824 4428 παναγίαν
877 4361 1192 4431 religiosior
1247 4370 1407 4416 vocat
1462 4376 1632 4416 usus:

103 4463 172 4501 vas
189 4459 350 4505 autem
381 4455 435 4506 in
482 4465 605 4521 quo
663 4448 980 4506 reconditur
1009 4450 1150 4506 vele
1196 4464 1304 4520 quo
1362 4450 1636 4521 promitur

107 4542 226 4606 panis
243 4542 581 4612 ltujusmodi;
619 4541 1001 4612 παναγιάριον.
1045 4541 1346 4612 Imperator
1403 4542 1456 4596 in
1485 4542 1633 4607 aula,

107 4635 305 4688 monachi
337 4635 390 4690 ia
427 4633 805 4697 monasteriis,
827 4633 1024 4702 vulgus
1051 4633 1104 4688 in
1136 4632 1386 4689 ecclesiis
1446 4634 1531 4686 vel
1578 4633 1631 4687 in

1743 3448 1903 3506 quem
1947 3438 2064 3508 ipse
2098 3442 2446 3497 observatum
2488 3446 2744 3513 probavi,
2777 3457 2997 3517 accepta
3050 3448 3150 3503 viri
3179 3450 3317 3503 ami-

1747 3528 1951 3584 cissimi
1970 3531 2150 3599 venia,
2180 3534 2531 3604 subiungam.
2559 3534 2786 3591 Remota
2809 3553 2996 3594 mensa
3024 3555 3054 3595 e
3081 3540 3312 3597 fratrum

1746 3627 1888 3673 coetu
1918 3619 2096 3684 aﬂuit,
2119 3623 2211 3690 qui
2241 3623 2381 3690 alios
2419 3624 2736 3693 pmnitentia
2778 3627 3079 3694 pr‘mmissa,
3113 3630 3316 3684 bocest

1743 3713 1990 3781 corporis
2026 3713 2404 3769 incurvatione
2433 3726 2749 3780 veneratus,
2779 3717 2918 3772 dixit
2949 3735 2964 3772 :
3003 3719 3311 3786 Εἷδλογεῖτε,

1747 3805 1986 3874 Πατέρες
2011 3807 2176 3873 ἅγιοι,
2236 3809 2624 3878 συγχωρήσατέ
2692 3827 2781 3879 μοι
2845 3810 2921 3881 τῷ
2978 3813 3309 3886 ἁμαρτωλῷ.

1742 3899 1968 3974 cunctis
1998 3897 2059 3954 Ὀ
2079 3898 2208 3961 Θεὸς
2231 3900 2584 3971 συγχωρήσῃ,
2616 3903 3093 3970 respondentibus,
3119 3905 3313 3974 imagi-

1747 3973 1872 4045 nem
1903 3990 1964 4044 Β.
1997 3989 2240 4060 Virginis
2268 3991 2322 4044 in
2354 4007 2512 4046 muro
2539 3993 2772 4061 positam
2797 3995 3033 4048 adorans
3057 4011 3123 4051 ac
3153 3997 3313 4052 thure

1747 4080 2129 4151 sutfumigans,
2153 4080 2396 4134 vicinum
2418 4079 2636 4148 imagini
2670 4097 2861 4150 panem
2890 4083 2943 4135 in
2965 4083 3120 4138 disco
3155 4100 3316 4153 repo-

1745 4175 1910 4228 situm
1937 4171 2196 4228 extremis
2224 4172 2401 4228 aufert
2423 4172 2610 4243 digitis
2661 4183 2716 4230 et
2767 4175 2820 4228 in
2879 4176 3123 4230 omnium
3181 4193 3315 4232 con-

1742 4276 1930 4336 spectu
1970 4267 2167 4328 elevat,
2203 4265 2389 4322 dicens
2447 4267 2589 4336 μέγα
2639 4267 2698 4320 τὸ
2729 4267 2918 4338 ὄνομα.
2968 4269 3314 4337 Subjunxere

1745 4357 1923 4411 cuncti
1959 4357 2055 4424 τῆς
2113 4356 2276 4422 ἁγίας
2324 4358 2573 4426 Τμάδοᾳ
2633 4357 2727 4412 ille
2761 4359 3002 4427 παναγία
3059 4360 3312 4427 Θεοτόκε,

1746 4449 1927 4519 βοήθει
1952 4449 2106 4516 ἡμῖν.
2136 4447 2484 4516 Respondent
2514 4449 2606 4503 alii
2647 4453 2766 4512 ταῖς
2794 4452 2962 4520 αὐτῆς
2995 4452 3316 4522 πρεσϐείαις

1740 4541 1768 4592 ὁ
1793 4539 1924 4600 Θεὸς
1953 4539 2172 4609 ὲλέησον
2206 4540 2301 4592 καὶ
2334 4541 2508 4591 σῶσον
2540 4541 2708 4608 ἡμᾶς.
2755 4540 2874 4595 Mox
2907 4544 3163 4598 omnibus
3218 4561 3315 4598 ac-

1735 4646 1904 4688 censo
1939 4631 2100 4685 thure
2134 4631 2392 4700 expiatis,
2424 4631 2768 4701 τραπεζάρου
2799 4633 3127 4701 refectorarii
3150 4637 3313 4691 obse-

106 4722 309 4780 dnmibus
328 4727 494 4781 ritum
538 4725 687 4780 hunc
735 4724 1026 4794 perﬁciunt
1058 4741 1074 4778 :
1109 4740 1216 4795 qua
1281 4725 1493 4779 ratione
1544 4722 1707 4788 er."
1743 4723 1874 4792 quio
1908 4724 2205 4779 buecellnm
2249 4724 2480 4778 divisam
2507 4740 2698 4779 omnes
2765 4742 3195 4796 consumpsere;
3257 4738 3315 4782 ct

104 4815 209 4878 pieat
249 4819 578 4888 imperator,
653 4825 1050 4871 commonstrat
1095 4825 1293 4871 auctor
1344 4824 1532 4869 noster
1575 4815 1632 4868 iu

106 4910 434 4974 sequentibus.
474 4906 778 4964 Monachos
801 4921 865 4962 ea
891 4922 950 4962 se
971 4905 1260 4962 devotione
1301 4913 1631 4961 exercentes

105 4997 315 5058 describit
341 5001 764 5058 eruditissimus
789 5000 1021 5055 Allatius
1038 4998 1114 5055 De
1140 4999 1234 5054 lib.
1268 4998 1414 5054 Eccl.
1452 4997 1630 5053 Graec.

107 5088 336 5147 disserat.
380 5094 439 5159 1,
474 5093 565 5148 his
580 5091 770 5148 verbis
803 5109 818 5151 :
851 5107 872 5143 ι
919 5089 1054 5157 Quis
1080 5089 1487 5160 sitiGrzecorum
1534 5090 1637 5145 iste

103 5181 200 5237 ritus
235 5187 422 5252 paucis
446 5182 763 5252 expediam,
795 5191 854 5236 ut
880 5182 1070 5252 quitot
1096 5197 1268 5251 nugas
1295 5182 1349 5235 in
1388 5181 1630 5236 medium

98 5272 357 5343 proferunt,
385 5276 503 5345 iam
541 5275 798 5329 desinant
841 5274 1093 5342 ineptire.
1148 5275 1456 5344 Antequam
1516 5290 1634 5329 Ino-

93 5365 291 5420 nacbiiu
316 5381 576 5423 mensam
610 5366 929 5436 procedant,
967 5366 1053 5420 cui
1094 5366 1143 5420 id
1185 5381 1327 5420 onus
1367 5367 1636 5422 incumbit

93 5451 172 5519 (illi
194 5458 487 5527 ἐφημέριον
525 5463 772 5524 vocant),
803 5457 854 5510 in
876 5456 1030 5524 disco
1091 5457 1208 5511 sive
1236 5456 1467 5511 scutella
1533 5457 1631 5526 (illi

89 5555 373 5618 nuncupant
402 5547 792 5618 παναγιᾰιριον)
824 5557 1107 5616 acceptum
1129 5562 1326 5617 panem
1349 5547 1416 5602 ad
1458 5548 1636 5603 instar

91 5641 239 5694 crucis
265 5644 314 5696 in
345 5652 595 5712 quatuor
651 5642 848 5697 dividit
881 5651 1062 5709 partes
1115 5642 1377 5710 aequales,
1436 5656 1500 5696 ex
1536 5657 1638 5696 an-

91 5729 193 5792 gqu
213 5732 455 5790 interiori
485 5734 643 5803 panis
675 5715 951 5787 abscindit
997 5732 1235 5786 frustum
1308 5732 1486 5786 cultro
1529 5732 1636 5786 cir-

93 5824 321 5891 cumiens,
356 5829 505 5882 adeo
531 5835 587 5880 ut
617 5841 681 5880 ex
717 5841 823 5880 una
850 5834 1002 5894 parte
1049 5826 1237 5894 anguli
1282 5825 1632 5880 acuminatus

88 5914 163 5976 sil.
197 5931 255 5972 ex
282 5920 460 5974 altero
492 5919 753 5974 circulari
783 5918 953 5988 figura
975 5919 1228 5988 trigonus
1278 5917 1634 5989 imperfectus

85 6021 352 6079 appareat;
375 6022 430 6067 et
453 6012 539 6072 sic
567 6014 812 6068 excisum
836 6027 940 6067 suo
973 6011 1094 6066 loco
1113 6025 1217 6065 una
1247 6025 1370 6067 cum
1417 6009 1633 6081 reliquo

1741 4815 2305 4880 cortimunepocuium
2379 4815 2624 4884 Deiparte
2685 4816 2907 4869 nomine
2965 4818 3312 4872 benedictum

1738 4908 1988 4961 devotius
2017 4908 2340 4962 exbausere.
2365 4907 2522 4962 Unde
2567 4907 2735 4960 ritum
2797 4908 2941 4965 hunc
2969 4910 3313 4976 processisse

1741 4997 2236 5062 atlirnmntGrasci,
2293 5013 2358 5052 ex
2419 4998 2664 5067 ipsorum
2723 5000 2992 5053 sententia
3051 4999 3316 5068 librisque

1739 5090 2230 5146 retulitGretserus
2261 5105 2275 5142 :
2299 5105 2400 5145 nos
2425 5105 2618 5158 preces
2647 5093 3024 5161 adiuugendas
3048 5094 3315 5161 exposui-

1741 5199 1863 5237 mus
1889 5183 1942 5236 in
1978 5181 2341 5249 Eucbologio,
2393 5182 2596 5252 quibus
2651 5182 3051 5250 expositionem
3092 5199 3313 5240 omnem

1740 5284 1792 5327 et
1821 5274 2108 5342 mysticum
2138 5287 2384 5335 sensum,
2420 5280 2536 5326 tum
2569 5275 2825 5342 precibus
2864 5284 2980 5329 tum
3017 5277 3123 5329 ritu
3183 5292 3317 5332 con-

1739 5366 1972 5430 clusum,
2006 5369 2219 5421 abunde
2241 5365 2628 5431 subjunximus
2661 5383 2725 5422 ex
2765 5366 3051 5436 Symeonis
3079 5367 3317 5426 Thessa—

1740 5457 2032 5511 lonicensis
2059 5457 2300 5526 scriptis.
2332 5455 2532 5529 Genu]

1812 5546 1871 5601 Ρ.
1919 5548 2007 5602 65.
2040 5549 2110 5602 Τὸ
2174 5549 2282 5601 τοῦ
2343 5551 2644 5617 οίνοχειόυ
2701 5551 2867 5617 φέρει
2928 5551 3314 5605 σκὸυτέλιον.

1739 5638 1923 5708 Inepte
1944 5637 2140 5693 Junius
2168 5639 2324 5708 301
2355 5641 2575 5694 vinaria:
2606 5641 2812 5710 cupidis
2852 5643 3127 5695 scutelam.
3181 5640 3313 5694 Nam

1736 5731 1991 5800 οἶνοχεῖον
2015 5741 2097 5783 est
2131 5733 2217 5784 hic
2252 5732 2369 5798 ipsa
2404 5732 2536 5784 cella
2593 5733 2766 5785 vinari
2788 5751 2823 5796 ι,
2877 5733 3035 5800 cujus
3090 5746 3315 5800 promus

1737 5822 1947 5875 condus
1978 5829 2096 5873 erat
2118 5822 2398 5888 pincerua.
2427 5821 2589 5875 Cella:
2611 5809 2742 5891 ergo
2772 5824 2993 5876 vinariae
3023 5823 3311 5876 scutellam

1741 5911 1971 5978 ferebat,
2005 5926 2100 5964 seu
2136 5911 2423 5966 scutellam
2458 5929 2575 5980 qua:
2643 5914 3030 5967 assermbatur
3073 5914 3125 5963 in
3177 5912 3312 5966 cella

1742 6006 1974 6060 \inaria.
2006 6003 2170 6060 Forte
2203 6004 2490 6074 legendum
2526 6012 2609 6060 est
2639 6008 2948 6074 οίνοχοεῖον.
2980 6004 3176 6060 (iners.
