3852 6612
557 557 668 622 335

1674 557 1756 618 IN
1801 557 2099 618 LIBRUM
2141 557 2239 617 DE
2277 556 2604 618 OFFlCIlS
2643 562 2748 622 (ΣΡ.

3705 562 3794 622 3'36

628 667 768 728 Ibid.
811 665 1200 720 Σκουτέ.1‹ον.
1255 665 1500 738 [Disrum
1559 666 1716 720 illum
1754 667 1834 718 vel
1889 679 2128 734 patinam
2161 675 2206 732 Α
2235 665 2418 720 buttuli
2451 671 2508 721 l9
2539 669 2902 722 accubituum.
2958 667 3147 723 idem:
3179 665 3249 721 In
3309 668 3538 720 crastina
3588 666 3792 722 Sabbau

557 761 908 829 interpretor,
941 760 995 832 i_n
1053 774 1159 829 qua
1211 759 1396 814 riuum
1437 768 1491 814 et
1543 775 1685 829 aqua
1751 761 2138 828 propinunlur,

471 851 490 870 ‘
556 865 788 921 qumque
817 850 1056 904 bibentis
1091 859 1276 906 mento
1321 852 1393 926 ad
1453 850 1713 904 honorem
1766 850 2137 918 supponitur;

555 947 816 1014 οἳνοχεῖον
855 959 1013 1008 vero,
1059 943 1218 1012 cujus
1281 952 1366 998 est
1425 943 1540 998 haec
1603 943 1809 1012 patina,
1871 957 2137 1012 nusquam

558 1035 690 1088 mihi
727 1045 883 1089 sonat
907 1035 1094 1088 cellam
1125 1036 1408 1100 vinariam,
1445 1039 1540 1090 sed
1591 1035 1840 1106 cyathum
1909 1049 2022 1105 quo
2048 1035 2141 1088 ri-

557 1143 687 1182 uum
717 1137 772 1180 et
804 1143 946 1196 aqua
975 1127 1287 1182 olleruutur
1321 1107 1648 1181 haurienda.
1679 1124 1884 1198 GOAR.]

629 1217 712 1270 Ib.
751 1219 1041 1273 Crauatea.
1069 1219 1165 1274 llic
1201 1218 1400 1274 Junius
1449 1220 1643 1274 iterum
1679 1227 1824 1273 totus
1855 1221 1912 1273 lit
1943 1219 2135 1290 Syrus,

558 1319 618 1364 ut
647 1319 700 1364 et
726 1313 886 1380 paulo
911 1323 1030 1396 p‘ost
1059 1312 1114 1365 in
1155 1327 1288 1366 voce
1319 1312 1555 1380 lapatza.
1587 1309 1753 1366 Forte
1783 1315 1977 1368 «estis
2024 1315 2139 1368 haec

557 1403 806 1456 Confecta
847 1413 1063 1456 er'atex
1121 1403 1210 1458 illa
1269 1403 1703 1474 telaﬂpretiosa,
1769 1417 1906 1458 auro
1969 1404 2139 1458 inter-

557 1497 780 1558 stincta,
819 1511 982 1565 qunti)
1015 1495 1133 1550 Itali
1159 1497 1432 1566 grauitnm
1462 1506 1678 1560 vocant,
1713 1501 1771 1551 ut
1798 1505 1883 1552 est
1905 1498 1942 1552 1.
1979 1514 2037 1552 ιιι
2066 1497 2138 1554 De

557 1587 976 1640 cananizatione
1010 1587 1066 1640 S.
1122 1586 1329 1654 llidaci,
1362 1603 1409 1642 c.
1441 1587 1532 1643 ‘20.
1571 1587 1777 1644 Gns'rs.

629 1677 773 1730 Ibid.
811 1677 1161 1750 [ι’ρανάτζα.
1222 1679 1296 1733 De
1353 1695 1461 1749 qua
1513 1679 1895 1750 Bullengcrns.
1957 1680 2138 1736 Vestis

557 1771 832 1840 Cpolitani
873 1771 1219 1840 imperatoris
1248 1781 1508 1839 grauatza
1567 1772 1736 1838 dicta,
1797 1771 2137 1838 reliquorum

557 1863 867 1932 principum
895 1866 1128 1933 lapntza,
1165 1875 1422 1936 granatza
1449 1865 1668 1936 quidem
1729 1867 1889 1935 quasi
1929 1867 2066 1920 lasis
2087 1875 2142 1920 et

559 1957 858 2010 ﬂuentibus
901 1957 1132 2010 manicis
1167 1959 1352 2010 trabea
1387 1967 1439 2010 ct
1469 1958 1633 2012 vestis
1663 1959 1864 2024 nitens,
1901 1973 1964 2012 ex
1999 1958 2138 2013 dua-

2244 771 2426 814 suucta
2443 763 2604 815 exivit
2621 763 2904 832 imperator
2925 762 2976 815 in
2997 761 3354 816 tribunalibus
3379 763 3440 816 l9
3461 763 3790 817 accubituum.

2243 851 2486 908 (Solinus
2519 853 2611 906 lib.
2637 853 2708 908 De
2729 855 2930 926 origin.
2953 855 3050 923 Cp.
3071 871 3084 906 :
3109 855 3216 906 Kal
3237 855 3302 906 τὰ
3335 855 3462 906 δέκα
3489 858 3640 909 ἐννέα
3659 859 3792 912 duo-3-

2241 944 2366 996 6m
2387 945 2482 997 καὶ
2505 947 2564 998 τὸ
2589 946 2862 1016 στέψημον
2883 949 2974 1001 καὶ
2987 949 3218 1026 τὺνεναδν
3235 948 3328 1001 τοῦ
3347 949 3504 1016 ἁγίου
3527 950 3792 1018 Στεφάνου.

2311 1036 2456 1090 Idem
2482 1035 2870 1106 Luitprandus,
2905 1057 2980 1104 rt,
3005 1043 3060 1107 2,
3097 1041 3284 1096 dealio
3303 1041 3500 1110 palatio
3525 1042 3792 1112 Magnanra

2239 1129 2428 1183 dicto:
2466 1129 2564 1183 Est
2593 1129 2744 1200 Cpali
2769 1133 2960 1188 domus
2990 1135 3198 1203 palatio
3235 1135 3482 1199 contigua
3509 1135 3654 1188 mira
3709 1153 3793 1190 nm-

2242 1222 2528 1289 gnitudinis
2559 1239 2622 1275 ac
2643 1224 3079 1292 pulchritudinis,
3148 1241 3266 1296 qua:
3301 1244 3332 1280 a
3383 1227 3582 1282 Crcecis
3626 1247 3652 1296 ρ
3702 1231 3792 1282 loco

2240 1312 2269 1362 λ
2299 1315 2468 1380 posita
2487 1312 2926 1386 Megaura,quasi
2953 1335 3142 1388 magna
3163 1337 3298 1372 aura
3331 1337 3426 1388 pro
3449 1321 3578 1372 aula
3604 1321 3792 1376 dicitur.

2242 1411 2392 1462 lianc
2415 1411 2592 1478 itaque
2619 1409 3019 1480 Constantinus,
3054 1425 3166 1468 tum
3201 1417 3260 1469 ab
3295 1417 3650 1486 Hispanorum
3677 1436 3788 1470 utm-

2243 1501 2363 1564 tias,
2395 1503 2482 1570 qui
2523 1513 2643 1556 tunc
2693 1504 2892 1558 naviter
2935 1522 2994 1559 ea
3059 1518 3326 1574 venerant,
3387 1517 3498 1560 tum
3527 1507 3588 1562 ab
3651 1523 3720 1561 me
3751 1517 3788 1558 et

2241 1591 2625 1662 Liutcfredunt,
2644 1597 2740 1650 hac
2763 1597 2917 1650 modo
2934 1599 3116 1667 parari
3134 1600 3322 1667 jussit.
3339 1597 3413 1652 ΑΞ
3421 1617 3533 1662 rea,
3561 1601 3646 1654 scd
3663 1601 3794 1652 deau-

2243 1688 2807 1756 ratuqutedamarbar
2841 1699 2961 1744 ante
2995 1691 3331 1758 imperatoris
3383 1689 3566 1744 oculos
3626 1693 3794 1750 stabat,

2242 1777 2396 1844 cujus
2415 1795 2590 1832 ramos
2617 1780 2800 1833 itidem
2826 1797 2988 1835 aereos
3014 1783 3205 1835 diversi
3223 1785 3428 1852 generis
3449 1783 3786 1851 deaurata'que

2243 1869 2472 1923 uolucres
2499 1871 2788 1940 replebant,
2809 1889 2924 1942 qua:
2949 1874 3234 1927 secundum
3267 1875 3464 1942 species
3505 1891 3624 1926 suas
3643 1874 3720 1926 dir
3737 1893 3791 1918 ’τ-

2245 1977 2428 2012 sarum
2464 1964 2636 2016 avium
2669 1980 2809 2017 roces
2868 1965 3195 2019 emittebant.
3260 1963 3326 2018 In
3381 1967 3570 2036 primis
3595 1971 3704 2017 ‘rero
3725 1983 3792 2016 so-

559 2049 663 2102 bus
687 2050 914 2104 vocibus
949 2050 1103 2120 Syris
1136 2051 1375 2105 charana
1415 2053 1572 2104 tzach
1602 2069 1618 2106 :
1677 2061 1869 2107 contra
1909 2053 2140 2121 lapatza,
2177 2027 2217 2081 Β
2249 2051 2378 2104 lium
2405 2053 2711 2122 hujusntodi
2737 2067 2854 2108 erat
2889 2065 3000 2109 arte
3025 2053 3390 2125 compositum,
3425 2058 3554 2109 utin
3573 2067 3790 2108 momenta

560 2157 660 2210 pro
686 2143 842 2212 lappa
879 2143 1061 2206 tzacli,
1096 2145 1396 2198 constricta
1453 2151 1663 2208 trabea,
1728 2147 1854 2215 quia
1915 2146 2142 2199 manica:

559 2245 718 2290 erant
746 2237 951 2290 strictae
975 2245 1028 2289 et
1051 2235 1106 2288 in
1145 2249 1342 2288 zonam
1379 2223 1647 2304 impactae.
1700 2235 2030 2291 Granatzam
2055 2251 2143 2290 re-

561 2327 666 2379 fert
688 2324 1297 2395 ejusu'todigramlioris
1337 2324 1550 2378 nummi
1596 2323 1824 2396 elligies,
1853 2341 1972 2395 quat.
2002 2325 2146 2395 apud

559 2417 878 2474 Cretserum
902 2429 1050 2473 lOtIIO
1072 2418 1138 2472 Ill
1166 2419 1236 2472 De
1261 2433 1447 2482 cruce,
1470 2417 1565 2472 l'ol.
1587 2416 1680 2480 9'2,
1707 2419 1922 2472 visitur.
1943 2416 2144 2490 Gosn.]

629 2513 850 2580 Quaerat
872 2515 1018 2584 quis,
1053 2529 1206 2586 uuur
1231 2511 1532 2580 imperator
1575 2511 1728 2565 solus
1756 2527 1958 2566 mensae
1992 2527 2146 2566 asse-

559 2608 720 2664 derit.
757 2606 1082 2676 ReSpondeo
1113 2605 1394 2658 ordinario
1460 2603 1736 2659 assedisse
1756 2605 1956 2671 solum,
1987 2605 2148 2657 adhi-

559 2700 748 2755 buisse
771 2707 956 2752 tamen
987 2697 1286 2764 aliquando
1321 2699 1484 2750 etiam
1537 2696 1700 2761 alios,
1733 2704 1792 2750 ut
1818 2699 2145 2765 Augustam,

561 2791 726 2854 tilias,
765 2789 1045 2858 principes
1071 2788 1240 2852 aulas,
1295 2785 1428 2856 quin
1485 2795 1540 2842 et
1602 2788 1810 2857 legatos
1869 2791 2144 2842 variarum

561 2882 824 2952 gentium,
863 2889 922 2933 ut
969 2887 1190 2934 constat
1241 2894 1306 2932 ex
1361 2878 1640 2946 legatione
1695 2879 2014 2948 Luitprandi
2080 2881 2146 2935 ad

560 2975 929 3044 Nicephorum
969 2972 1229 3028 Phocum.
1265 2970 1511 3026 Mensam
1567 2972 1942 3041 imperatoris,
1971 2973 2150 3041 qualis

559 3063 838 3132 principum
873 3061 1032 3117 festis
1061 3061 1261 3116 diebus
1287 3076 1410 3115 esse
1436 3063 1600 3126 solet,
1623 3062 1892 3132 graphice
1936 3063 2151 3116 descri-

559 3156 640 3210 bit
665 3155 1059 3224 Luitprandus,
1098 3154 1254 3209 testis
1303 3154 1582 3220 oculatus,
1615 3153 1656 3208 1.
1683 3169 1736 3208 vr
1771 3151 1975 3209 Rerum
2055 3169 2150 3224 per

562 3249 750 3302 orbem
795 3259 1072 3316 gestarum
1100 3263 1129 3302 c
1173 3248 1251 3302 '5:
1324 3245 1421 3300 Est
1477 3241 1687 3314 damus,
1759 3247 2150 3318 inquit,juxta

565 3340 1014 3410 Hippodramum,
1048 3339 1350 3410 aquilonem
1381 3356 1580 3404 uersus,
1607 3340 1758 3394 mirae
1775 3353 1824 3392 et
1848 3339 2150 3394 altitudinis

561 3441 610 3486 et
631 3433 1068 3502 pulchritudinis,
1088 3449 1206 3502 qua:
1231 3432 1502 3485 decannea
1533 3431 1716 3484 cubita
1733 3441 1971 3486 vocatur.
2001 3432 2152 3498 Quod

563 3541 748 3579 nomen
773 3543 878 3579 non
912 3526 974 3579 ab
1009 3541 1084 3590 re,
1119 3526 1212 3580 sed
1244 3541 1309 3579 ex
1339 3524 1726 3594 apparentibus
1761 3526 1938 3578 causis
1962 3525 2154 3578 sortita

562 3627 682 3682 est;
713 3607 843 3670 δέκα
875 3619 1012 3671 enim
1045 3618 1243 3684 Crtece,
1278 3617 1466 3671 Latine
1497 3619 1696 3681 decem,
1729 3619 1884 3672 ἐννέα
1934 3634 2153 3684 novem;

563 3708 742 3762 cubita
780 3719 872 3763 aut
911 3727 942 3762 a
977 3711 1218 3762 cubando
1275 3711 1532 3764 inclinata
1585 3711 1662 3764 vel
1712 3715 1931 3763 curvata
1985 3709 2156 3763 dicere

563 3817 864 3870 possumus.
923 3799 1037 3853 Hoc
1095 3809 1273 3852 autem
1323 3799 1464 3866 ideo,
1521 3799 1776 3869 quoniam
1833 3799 2042 3868 quidem
2091 3799 2174 3856 19'

561 3907 758 3946 menste
779 3892 832 3943 in
859 3905 918 3944 ea
948 3907 1062 3959 qua:
1092 3889 1380 3943 secundum
1431 3903 1645 3942 carnem
1689 3897 1768 3942 est
1801 3887 1866 3942 ο.
1893 3889 1965 3942 Ν.
2027 3886 2158 3942 Jesu

565 3983 766 4037 Christi
801 3984 1080 4036 nativitate
1138 3979 1590 4051 appanuntur.lu
1647 3979 1836 4049 quibus
1871 3981 2158 4049 imperator

563 4078 772 4144 pariter
807 4085 856 4130 et
879 4077 1106 4129 courirte
1157 4091 1258 4128 non
1285 4073 1534 4137 sedendo,
1595 4081 1652 4124 ut
1706 4073 1910 4125 ueteris
1953 4072 2156 4138 diebus,

565 4168 656 4221 sed
697 4169 1042 4220 recumbenda
1070 4166 1378 4236 epulantur.
1433 4163 1636 4228 Quibus
1681 4163 1738 4216 in
1795 4163 1980 4216 diebus
2055 4179 2155 4216 non

565 4261 852 4329 argenteis,
877 4259 966 4312 sed
996 4267 1202 4311 tantum
1227 4241 1576 4310 aureisivasis
1614 4255 1970 4309 ministratur.
2029 4252 2156 4309 Post

565 4353 737 4406 cibum
764 4361 936 4404 autem
972 4351 1146 4403 aureis
1183 4350 1319 4402 vasis
1346 4349 1511 4401 tribus
1559 4355 1684 4400 sunt
1741 4365 1898 4417 poma
1955 4349 2155 4412 delata,

566 4458 684 4513 quat
712 4443 774 4496 ob
819 4445 1134 4496 immensum
1175 4441 1378 4510 pondus
1421 4457 1524 4494 nan
1583 4441 1856 4494 hominum
1893 4443 2158 4508 manibus,

569 4537 658 4588 sed
691 4549 932 4602 purpura
964 4534 1112 4586 tectis
1155 4531 1401 4587 uehiculis
1427 4542 1548 4585 sunt
1573 4531 1766 4586 allata.
1805 4531 2160 4602 Appanuutur

568 4618 744 4677 autem
761 4625 866 4675 duo
881 4622 977 4676 hac
999 4625 1191 4676 modo:
1221 4623 1276 4675 in
1291 4639 1466 4675 mensa
1479 4639 1570 4690 per
1604 4623 1871 4690 foramina
1895 4623 2160 4692 laquearis

2246 2141 2460 2204 humile.
2479 2145 2748 2222 excelsius
2769 2147 2942 2208 modo,
2968 2163 3126 2217 quam
3153 2162 3274 2200 mox
3297 2147 3562 2201 videretur
3587 2145 3790 2199 subiim:.

2249 2234 2354 2287 Sed
2385 2234 2567 2300 sedile,
2591 2237 2729 2304 quod
2760 2247 2872 2290 erat
2905 2238 3176 2292 immensa:
3223 2235 3788 2306 magnitudinisducet.

2249 2334 2562 2379 tumutrum
2597 2330 2722 2381 terei
2750 2345 2817 2382 an
2842 2329 3023 2398 lignei,
3079 2345 3252 2382 verum
3299 2345 3432 2382 aura
3485 2329 3602 2381 tecti
3651 2327 3790 2380 leones

2245 2419 2404 2488 quasi
2436 2419 2823 2474 custodiebant.
2867 2420 2932 2473 ln
2967 2421 3064 2473 hac
3089 2422 3252 2490 igitur
3279 2422 3510 2473 duorum
3568 2421 3791 2473 cunucho-

2252 2527 2370 2564 rum
2405 2511 2637 2566 humeris
2693 2511 2995 2566 incumbens
3035 2524 3156 2566 ante
3210 2513 3553 2576 imperatoris
3598 2529 3788 2580 prterea-

2251 2604 2382 2656 tiam
2410 2619 2526 2656 sum
2576 2605 2852 2658 deductus.
2889 2603 3124 2676 Cumque
3145 2607 3197 2658 iu
3227 2611 3458 2659 adventu
3511 2623 3620 2658 meo
3647 2605 3786 2658 leones

2251 2697 2486 2764 rugitum
2511 2697 2829 2762 emitterent,
2863 2713 2979 2752 aves
3003 2699 3288 2752 secundum
3321 2701 3520 2766 species
3567 2715 3680 2752 suas
3699 2715 3792 2766 per-

2251 2798 2558 2858 strepereut,
2619 2789 2768 2842 nulla
2814 2807 2928 2843 sum
2981 2799 3199 2854 terrore,
3261 2791 3410 2843 nulla
3483 2793 3792 2843 admiratione

2253 2889 2564 2939 commotus.
2603 2881 2849 2949 quoniam
2879 2881 3088 2950 quidem
3113 2897 3178 2936 ex
3199 2881 3278 2933 his
3319 2881 3558 2934 omnibus
3603 2897 3680 2934 eos
3721 2881 3790 2948 qni
3825 2921 3827 2924 .

2253 2970 2378 3023 bene
2407 2982 2655 3026 noverant
2677 2976 2879 3044 [ueram
2911 2983 3262 3038 percontatus.
3287 3035 3290 3040 _
3319 2976 3496 3028 Tertio
3517 2977 3678 3045 itaque
3713 2975 3790 3026 im-

2251 3069 2548 3130 peratorem
2583 3079 2779 3132 pranus
2827 3064 3056 3118 adorans
3115 3075 3269 3132 caput
3317 3067 3536 3130 sustuli,
3587 3077 3632 3120 et
3669 3083 3790 3136 quem

2252 3155 2399 3221 prius
2427 3156 2696 3208 moderata
2724 3173 2968 3209 mensura
2993 3173 3026 3210 α
3053 3167 3191 3209 terra
3211 3157 3474 3210 eleuatum
3501 3159 3664 3212 sedere
3691 3159 3789 3220 ridi,

2255 3261 2378 3299 mox
2403 3245 2528 3299 aliis
2564 3247 2806 3300 indutum
2843 3249 3063 3324 vestibus
3092 3263 3246 3316 penes
3277 3249 3466 3303 damus
3510 3251 3791 3319 laqueoru-

2181 3371 2222 3428 ϐ
2255 3341 2378 3392 dere
2407 3341 2664 3408 prospexi.
2717 3340 2870 3406 Quod
2930 3341 3158 3408 qualiter
3211 3341 3374 3410 ﬁeret,
3448 3345 3664 3413 cogitare
3711 3358 3788 3392 non

2258 3431 2425 3496 potui,
2453 3431 2554 3484 nisi
2589 3431 2726 3499 forte
2748 3448 2808 3484 ea
2837 3433 2904 3485 sit
2937 3434 3212 3488 subrectus
3238 3435 3442 3502 ergalia
3473 3451 3572 3504 qua
3597 3435 3792 3487 torcula-

2261 3523 2397 3574 rium
2453 3521 2663 3574 arbores
2722 3523 3098 3577 subvehuntur.
3129 3523 3232 3578 Per
3259 3538 3508 3580 seautem
3536 3525 3658 3578 nihil
3675 3525 3786 3577 lacn-

2263 3621 2364 3674 tus,
2395 3615 2644 3683 quoniam
2679 3625 2726 3668 et
2764 3615 2810 3667 si
2843 3615 3013 3678 vellet,
3043 3617 3378 3680 intercapedo
3411 3619 3639 3672 maxime
3675 3617 3788 3668 inde-

2259 3720 2440 3756 corum
2471 3704 2684 3772 faceret,
2725 3703 2786 3758 de
2811 3709 2922 3759 vita
2979 3705 3292 3778 Berengarii
3336 3719 3386 3762 et
3433 3709 3676 3777 sospitate
3721 3724 3788 3774 tu

2261 3793 2578 3864 lagotltetam
2609 3803 2686 3848 est
2731 3803 3091 3864 percontatus.
3421 3855 3426 3858 _

2331 3883 2458 3937 litat
2481 3882 2634 3954 tlpoli
2669 3883 2816 3938 aliud
2851 3885 3136 3953 palatium,
3175 3885 3264 3940 cui
3299 3885 3552 3956 πορφύρα
3583 3901 3668 3940 seu
3689 3899 3788 3946 pur-

2260 3995 2395 4048 pura
2431 3991 2652 4042 nomen,
2675 3977 3108 4046 parturientibus
3129 3987 3186 4032 et
3209 3978 3550 4046 parientibus
3593 3977 3788 4043 impera-

2263 4068 2492 4123 tricibus
2521 4067 2874 4122 destinatum.
2913 4068 3068 4124 Ama
3103 4067 3402 4122 Comtncna
3438 4070 3474 4122 l.
3505 4085 3554 4123 vt
3613 4066 3792 4120 Alexis-

2263 4160 2350 4213 dis
2379 4177 2395 4213 :
2433 4159 2659 4214 Alexius
2689 4157 3014 4228 Comnenus
3034 4161 3258 4214 douuun
3299 4175 3552 4214 reversus
3601 4159 3688 4227 τὴν
3715 4157 3788 4226 βι-

2265 4251 2437 4305 σιλίδα
2470 4254 2612 4306 κατὰ
2644 4251 2704 4304 τδ
2737 4252 3122 4320 ἀφωρισμένον
3155 4252 3322 4306 πάλαι
3373 4255 3494 4315 ταῖς
3528 4250 3790 4306 mutabam;

2261 4345 2369 4398 τῶν
2405 4345 2694 4414 βασιλίδων
2711 4344 2920 4414 alitan
2945 4345 3036 4396 lui
3065 4348 3184 4407 ταῖς
3217 4345 3405 4398 dubiant
3431 4344 3648 4414 εὕρηκε.
3679 4343 3790 4408 [lep-

2263 4437 2442 4507 φύραν
2481 4435 2641 4492 τοῦτο
2698 4436 2964 4491 ἀνέκαθεν
3021 4436 3402 4507 ὀνομάζουσιν,
3455 4437 3512 4504 ἐξ
3545 4437 3602 4490 οὗ
3637 4439 3716 4488 καὶ
3747 4433 3788 4484 τὸ

2261 4527 2370 4580 τῶν
2391 4528 2910 4597 πορφυρογιννήτων
2931 4527 3102 4598 ὖνομα
3129 4531 3210 4592 είς
3236 4529 3336 4601 τὴν
3368 4531 3678 4600 οἰκουμένην
3707 4525 3788 4578 διέ-

2263 4618 2460 4687 δραμε.
2511 4617 2908 4690 Luitprandus,
2948 4636 2988 4686 ι,
3035 4622 3116 4674 2:
3168 4620 3664 4692 Parphyrogenitum
3711 4631 3790 4669 non

569 4727 672 4769 tres
689 4723 812 4768 sunt
847 4715 1020 4782 funes,
1053 4713 1277 4784 pellibus-
1305 4715 1578 4768 deauratis
1609 4715 1754 4780 tecti,
1789 4730 1906 4768 cum
1939 4699 2154 4772 annalis
2191 4721 2232 4776 1)
2263 4709 2318 4762 in
2347 4726 2604 4779 Purpura,
2630 4711 2720 4764 sed
2741 4713 2794 4763 in
2820 4710 2976 4765 doma
3001 4727 3120 4780 qua!
3159 4711 3436 4784 Porphyra
3457 4717 3664 4776 dicitur,
3719 4725 3792 4759 tm-

567 4807 741 4859 aureis
767 4806 1010 4873 depositi,
1038 4805 1128 4874 qui
1163 4805 1332 4869 ausis,
1358 4821 1476 4874 qua!
1501 4806 1556 4858 in
1582 4806 1806 4859 scutulis
1832 4807 1974 4877 (lege
2034 4823 2157 4861 scu-

569 4899 733 4968 tellis)
763 4898 1062 4967 prominent
1083 4898 1338 4966 impositi,
1375 4897 1758 4966 adjuvantibus
1787 4898 2008 4968 inferius
2028 4915 2155 4970 qua-

569 5001 688 5042 tuor
718 4997 808 5040 aut
839 5003 898 5040 ea
935 4989 1164 5052 amplius
1187 4987 1510 5050 hominibus,
1531 5003 1623 5056 per
1682 4988 1938 5052 vertibile,
2013 4991 2155 5058 quod

567 5079 1212 5148 supra-laqueariumest,
1258 5077 1518 5149 ergalium
1575 5081 1628 5132 in
1683 5097 1918 5135 mensam
1971 5081 2158 5134 subre-

569 5173 794 5234 huntur,
818 5169 1100 5237 eodemque
1127 5171 1280 5222 modo
1316 5171 1672 5238 deponuntur.
1727 5169 1856 5224 llu-c
1873 5167 2162 5240 Luitpran-

570 5263 676 5314 dus
709 5279 723 5312 ς
755 5261 848 5312 sed
881 5275 979 5327 pro
1001 5259 1312 5328 cubitalege
1343 5261 1606 5316 accubitu.
1645 5259 1890 5316 Zonaras
1919 5261 1972 5314 in
2027 5263 2158 5316 illud

571 5355 804 5406 canonis
827 5351 1068 5405 Trullaui
1101 5351 1171 5405 74
1203 5351 1463 5404 ἀκούὸιτα
1491 5351 1814 5422 στρωννύειν
1836 5369 1852 5406 :
1875 5355 1908 5422 ἦ
1939 5371 1996 5406 τε
2019 5355 2163 5420 λέξις

571 5447 677 5497 τῶν
723 5446 1024 5497 ἁκουῦξτων
1065 5445 1173 5496 τῶν
1207 5446 1460 5518 ’Λατίνων
1521 5449 1668 5498 ἐστὶν
1718 5444 2010 5515 (ἀκούμσω
2053 5448 2162 5514 γὰρ

573 5541 720 5609 ’παρὰ
767 5537 1058 5608 Ῥωμαίοις
1083 5539 1143 5591 τὸ
1168 5539 1506 5606 ἁναπίπτω),
1559 5537 1818 5606 σημαίνει
1875 5539 2163 5608 στρώμνας

851 5637 924 5695 εἰς
957 5632 1088 5702 ὕψος
1143 5633 1236 5684 καὶ
1291 5631 1563 5700 μαλακάς.
1623 5631 1796 5686 Ait-tat
1841 5633 1896 5686 δὲ
1955 5637 2164 5702 τρυφῆς

573 5727 667 5778 xz‘t
712 5725 980 5794 μαλακίας
1033 5725 1192 5798 εξσὶγ.
1237 5723 1495 5792 Ejusdem
1565 5725 1772 5792 palatii,
1828 5725 1973 5793 quod
2009 5741 2038 5776 ει
2101 5727 2164 5780 l9

577 5819 824 5871 accubitis
854 5833 950 5872 seu
979 5817 1130 5870 locus
1162 5817 1552 5870 tricliniaribus
1579 5829 1769 5869 nomen
1799 5816 2024 5878 invenit,
2057 5833 2166 5868 tne-

573 5913 728 5964 --ιὶιιὶι
747 5912 947 5965 Paulus
969 5911 1236 5963 Diacmms
1257 5907 1418 5976 302
1443 5908 1494 5960 in
1521 5907 1696 5962 Leone.
1715 5927 1726 5962 :
1743 5907 2021 5962 Silentium
2043 5925 2167 5964 con-

573 6019 655 6056 !ra
683 6015 894 6059 sanctas
923 6021 982 6057 ac
1031 6001 1348 6057 uenerabiles
1415 6001 1690 6076 celebrat-it
1721 6003 1922 6076 .ieauas
1983 6005 2036 6055 in
2071 6003 2167 6054 tri-

571 5635 643 5700 ὴρ
651 5637 811 5701 μένας

2266 4810 2375 4853 tant
2403 4802 2628 4870 appella.
2657 4801 2723 4856 Et
2761 4805 3010 4873 quoniam
3068 4821 3144 4857 res
3201 4807 3452 4873 processit
3470 4807 3522 4858 in
3581 4803 3788 4856 uredinis.

2267 4893 2404 4964 quod
2417 4894 2480 4947 de
2504 4894 2662 4963 hujus
2691 4893 3129 4966 Porpltyrageniti
3152 4899 3328 4966 genesi
3372 4899 3676 4957 audivimus,
3699 4907 3794 4962 pro-

2265 4988 2517 5058 feramus.
2537 4985 2918 5041 Constantinus
2953 4989 3248 5057 imperatar
3275 4990 3562 5058 Augustus,
3587 5005 3644 5041 es:
3671 4983 3792 5050 cui“

2265 5079 2474 5133 nomine
2507 5076 2686 5147 Cpalis
2715 5089 2790 5132 est
2825 5081 3014 5133 sortita
3068 5082 3592 5144 vocabulumriritas,
3617 5079 3789 5130 domum

2265 5173 2425 5227 istam
2442 5173 2718 5242 aediﬁcari
2731 5173 2918 5241 jussit,
2945 5174 3028 5228 cui
3057 5173 3336 5246 Parphgra
3357 5191 3540 5228 nomen
3563 5167 3788 5238 impetu".

2266 5265 2529 5334 voluitque
2555 5281 2920 5319 successuram
2951 5267 3250 5320 nobilitatis
3277 5283 3388 5320 suat
3428 5267 3656 5320 sobolem
3697 5257 3790 5312 istic

2269 5357 2320 5408 in
2352 5355 2520 5408 lucem
2571 5357 2806 5424 prodire,
2863 5366 3120 5424 quatenus
3163 5358 3260 5425 qui
3315 5373 3408 5410 suo
3457 5371 3520 5408 ex
3561 5355 3788 5408 stemmate

2268 5447 2926 5518 nascerentur,luculenta
2973 5449 3072 5502 hac
3125 5448 3480 5517 appellatione
3531 5445 3788 5512 Parpbyfﬂ'

2267 5540 2426 5608 geniti
2473 5540 2893 5608 appellarentur.
2971 5541 3078 5594 Alii
3133 5528 3614 5611 porphyrogenitos
3649 5534 3786 5588 dictrs

2271 5642 2518 5696 censent,
2547 5635 2690 5701 quod
2725 5641 2880 5701 patre
2911 5633 3238 5701 imperatore
3273 5643 3325 5686 et
3357 5644 3594 5701 purpura
3639 5627 3786 5689 impe‘

2270 5723 2724 5779 rialicouvestito
2761 5728 2874 5778 nati
2907 5733 3111 5778 essent.
3151 5724 3227 5777 Ita
3273 5722 3516 5776 Zonaras
3567 5721 3616 5773 in
3677 5714 3782 5768 Con-

2268 5811 2510 5871 stantino
2541 5816 2686 5870 Dura
2713 5836 2726 5872 :
2763 5817 3052 5890 Imperium
3083 5818 3294 5887 reliquit
3325 5816 3494 5870 tribus
3524 5813 3640 5882 ﬁliis
3685 5804 3780 5858 suis,
3809 5845 3811 5852 .

2269 5925 2398 5980 quas
2433 5911 2646 5964 sustulit
2703 5927 2766 5964 ea:
2821 5911 3050 5980 Eugenio
3095 5917 3314 5979 ranjuqe
3355 5925 3472 5972 sua,
3527 5897 3778 5958 llicharlr-tﬂ

2269 6003 2474 6070 quidem
2497 6012 2544 6055 et
2567 6003 2945 6068 Andronicum,
2979 6005 3188 6068 quando
3217 6005 3386 6056 adhuc
3401 6002 3646 6054 mirata-tt
3667 5993 3782 6044 ritum
