3852 6622
115 553 197 617 337
1161 555 1551 616 GRETSERI
1590 555 1687 617 ET

1728 557 1972 618 GOARI
2024 558 2265 619 NOT/E.
3202 552 3307 616 338

114 668 304 731 ducebat,
329 666 474 737 303
500 666 900 722 Constantinum
931 686 1051 724 vero
1089 674 1354 739 eum-jam
1377 674 1612 743 impera-
1641 674 1688 736 Α
1714 672 2022 739 Christum,
2052 674 2260 730 dictum
2292 672 2638 744 epiphaniam
2666 687 2758 727 seu
2788 672 3203 741 theophaniam.
3235 671 3306 726 Et

118 761 397 829 ret,ipsaque
420 761 574 816 etiam
625 760 863 831 Eugenio
911 763 981 816 ad
1042 764 1298 835 Augusta:
1371 766 1618 821 honorem

117 860 263 905 curta.
297 848 425 903 Hine
445 852 539 904 iste
563 853 710 908 solus
743 861 858 906 erat
917 855 1414 925 porphyrogenitus,
1468 873 1621 926 quem

119 942 249 992 statim
270 940 412 993 etiam
435 950 552 995 ante
567 941 702 996 alios
717 944 1075 1012 imperatoriis
1116 947 1412 1019 insignibus
1469 965 1623 1003 exor-

118 1033 237 1083 narit.
263 1030 450 1086 Cners.
1031 1041 1034 1044 ’

633 1127 863 1184 CAPUT
910 1130 1003 1186 lli.

167 1240 514 1297 Observationes
546 1243 600 1296 in
633 1254 791 1329 caput
827 1247 880 1328 8..
903 1247 1041 1329 quod
1064 1248 1219 1303 estde
1253 1247 1552 1319 Epiphania

712 1316 949 1376 Domini.

166 1405 195 1458 P
233 1405 308 1459 δι.
340 1405 550 1460 Festum
574 1398 913 1478 Epiphaniae,
966 1411 1069 1465 hoc
1120 1425 1203 1466 est
1256 1416 1623 1483 apparitionis,

119 1498 263 1552 dcitur
285 1497 535 1567 singulari
576 1502 866 1574 numequ
901 1504 1217 1572 ἐπιφάνεια,
1255 1507 1460 1575 plurali
1520 1522 1623 1563 nu-

120 1602 228 1643 mero
276 1599 324 1643 et
370 1604 565 1661 genere
613 1603 811 1648 neutro
858 1594 926 1647 τὰ
959 1594 1272 1664 ἐπιφάνεια.
1307 1597 1439 1666 quin
1474 1609 1527 1652 et
1556 1598 1628 1650 τὰ

120 1678 335 1743 ἐπιφᾶναι.
363 1680 665 1751 Aliquando
691 1680 761 1736 τὰ
785 1682 1094 1751 θεοφάνεια,
1127 1685 1253 1754 quia
1287 1685 1429 1742 Deus
1455 1702 1627 1758 appa-

122 1768 213 1822 ruit.
236 1769 489 1824 Tribuitur
517 1773 625 1827 hoc
659 1787 857 1828 nomen
891 1770 1020 1830 huic
1046 1773 1187 1831 festo
1209 1777 1261 1847 i)
1287 1778 1415 1848 quia
1447 1776 1632 1834 Domi-

124 1875 258 1914 nuseo
282 1860 360 1915 die
379 1864 551 1935 magis
582 1879 641 1919 se
674 1865 1067 1934 manifestavit,
1096 1866 1153 1939 2)
1196 1870 1325 1940 quia
1377 1871 1627 1940 apparuit

123 1952 383 2016 hominibus.
413 1956 635 2024 quando
666 1957 995 2028 baptismum
1026 1975 1093 2015 eo
1125 1961 1214 2017 die
1247 1963 1301 2016 in
1340 1959 1624 2020 Jordanea

123 2044 276 2102 Joanne
314 2050 571 2118 suscepit,
600 2051 655 2117 3)
691 2052 836 2122 quod
868 2068 934 2108 eo
959 2053 1048 2110 die
1101 2053 1358 2117 Christus
1416 2066 1625 2113 mutata
1658 2031 1700 2085 Β

126 2153 221 2205 aqua
243 2139 286 2193 in
306 2142 476 2196 vinum
505 2143 831 2199 hominibus
852 2161 912 2201 se
945 2146 1391 2203 manifestaritin
1416 2151 1627 2220 nuptiis
1658 2198 1669 2211 ε

130 2229 239 2283 una
278 2230 519 2289 (inlitam.
577 2233 773 2291 Latina
816 2237 1062 2293 Ecclesia
1096 2253 1290 2296 omnes
1310 2241 1410 2297 has
1427 2241 1629 2299 causas

136 2322 239 2390 huius
261 2326 348 2381 «liei
392 2330 667 2398 sequitur,
710 2341 766 2384 ut
796 2340 941 2401 patet
964 2348 1028 2386 ex
1059 2332 1336 2390 Breviario
1351 2305 1627 2390 hnuiano.

136 2414 447 2476 Gracilestum
478 2423 592 2478 hoc
658 2424 845 2478 colunt
892 2427 1174 2492 potissimo.
1214 2428 1284 2482 ob
1304 2418 1627 2485 'Isecumtam

131 2522 282 2562 causam
309 2526 462 2567 :nam
497 2516 906 2583 apparitiouem
927 2518 1319 2587 magislactam
1352 2521 1633 2578 celebrant

130 2604 207 2654 nso
222 2605 383 2668 natalis
411 2606 620 2661 Christi
651 2607 813 2674 festo,
831 2609 902 2664 25
934 2608 1270 2679 Decembris,
1304 2623 1366 2670 ut
1399 2622 1548 2684 patet
1565 2630 1630 2670 ex

131 2692 299 2751 Hennaeis.
324 2699 374 2754 S.
397 2699 858 2772 Chrysostomus,
892 2702 1054 2759 Hom.
1084 2704 1152 2761 de
1182 2707 1453 2775 baptismo
1475 2707 1634 2763 Chri-

129 2789 366 2854 slizouam
395 2795 453 2848 ob
482 2812 711 2850 causam
759 2796 870 2852 haec
913 2798 1277 2870 (solemnitas)
1318 2800 1629 2869 ἐπιφάνεια,

129 2880 195 2935 hoc
210 2894 272 2938 est
285 2887 560 2955 apparitio,
585 2889 887 2956 appellatur
910 2892 933 2945 ?
955 2890 1096 2955 Quia
1125 2894 1371 2947 nimirum
1394 2911 1500 2948 non
1522 2912 1636 2949 orn-

130 2973 231 3026 tibus
258 2977 558 3047 manifestus
591 2989 669 3033 est
698 2979 959 3045 redditus,
986 2999 1105 3036 eum
1130 2996 1292 3051 partu
1325 2995 1402 3039 est
1436 2987 1631 3049 editus,

127 3064 188 3116 sed
209 3083 301 3121 cum
324 3080 395 3124 est
421 3072 731 3139 baptizatus
762 3093 778 3128 :
813 3091 941 3128 nam
967 3080 1039 3129 ad
1084 3078 1224 3131 hunc
1280 3095 1442 3149 usque
1493 3080 1633 3133 diem

128 3156 233 3224 t'ttlgo
249 3170 343 3213 erat
368 3163 600 3232 ignotus.
634 3163 777 3233 Nam
806 3167 1135 3237 incognitum
1159 3186 1276 3222 eum
1304 3172 1471 3240 fuisse
1514 3172 1634 3225 vul-

125 3262 184 3314 9ο,
207 3267 339 3321 neque
366 3258 615 3325 quisnam
646 3267 779 3312 esset
804 3258 1086 3330 plerosque
1141 3263 1376 3330 sciuisse,
1429 3272 1661 3325 constat,

1720 762 1905 834 adfert
1933 767 2144 837 aliquot
2174 767 2508 827 testimonia.
2557 780 2791 834 quorum
2841 766 3048 850 mullum
3107 774 3189 819 est
3238 764 3305 818 all

1726 873 1862 914 rem.
1888 855 2059 913 Neirio
2080 868 2239 931 negat
2270 858 2617 927 theophaniae
2640 871 2737 911 seu
2764 857 3069 926 epiphaniae
3118 858 3305 928 appel-

1725 951 1985 1005 lationem
2010 951 2174 1005 etiam
2222 948 2493 1003 nativitati
2542 947 2708 1002 tribui
2759 962 2916 1016 posse
2949 965 2963 999 :
2995 956 3123 1000 tunc
3159 951 3304 1002 enim

1654 1049 1663 1055 “
1726 1043 1980 1111 apparuit
2012 1040 2277 1095 Dominus
2306 1043 2453 1095 inter
2488 1038 2746 1093 homines
2771 1047 2823 1093 et
2860 1048 3104 1107 pastores
3129 1041 3196 1094 ad
3250 1057 3308 1097 se

1727 1134 1917 1197 traxit,
1945 1143 2076 1195 etc.,
2110 1143 2160 1188 et
2188 1134 2241 1186 in
2272 1133 2437 1187 missa
2479 1132 2643 1202 hujus
2678 1129 2801 1188 festi
2854 1131 3052 1200 legitur
3083 1150 3098 1186 :
3129 1133 3309 1202 Appa-

1728 1230 1834 1283 ruit
1864 1228 2037 1299 grnlia
2067 1225 2361 1280 Saluatoris
2390 1225 2584 1291 nostri,
2614 1232 2718 1278 etc.
2751 1222 2856 1278 Sed
2886 1223 3182 1278 videndum
3222 1224 3312 1279 hic

1727 1317 1858 1388 quid
1888 1332 2020 1372 usus
2051 1317 2461 1372 ecclesiasticus
2492 1315 2650 1382 lerat;
2681 1317 2774 1385 qui
2802 1324 2887 1369 est
2910 1325 2963 1369 et
3002 1315 3098 1370 fuit
3134 1325 3190 1369 ut
3212 1318 3311 1369 ah-

1729 1408 2196 1479 soluteloquendo
2217 1408 2336 1463 dies
2357 1407 2392 1466 6
2412 1406 2659 1462 Januarii
2683 1400 2963 1461 diceretur
2989 1406 3310 1477 Epiphania,

1730 1505 1892 1573 idque
1923 1518 2143 1574 propter
2174 1514 2282 1557 tres
2309 1516 2507 1557 causas
2536 1501 2695 1555 initio
2723 1500 2921 1566 dictas,
2940 1500 3043 1554 etsi
3064 1499 3157 1554 alii
3177 1500 3313 1554 alias

1728 1612 1923 1651 causas
1959 1592 2532 1661 magisnttendebant.
2564 1592 2627 1645 Et
2655 1593 2816 1661 pauci
2847 1600 3007 1646 erant
3027 1594 3118 1660 qui
3144 1591 3312 1645 Nata-

1730 1689 1833 1745 lem
1858 1688 2066 1745 Domini
2088 1687 2429 1743 celebrarent
2454 1686 2543 1740 die
2566 1685 2599 1740 6
2625 1683 2871 1739 Januarii
2905 1702 2919 1749 ;
2954 1692 3007 1738 et
3039 1681 3152 1738 fere
3172 1683 3311 1737 intra

1728 1781 2022 1852 Egyptum
2060 1781 2177 1834 haec
2225 1779 2569 1835 consuetudo
2601 1777 3076 1843 conscribebatur,
3116 1786 3175 1830 ut
3231 1784 3317 1830 est

1730 1872 1875 1945 apud
1900 1873 2253 1936 Cassianum,
2288 1871 2482 1926 Collat.
2514 1870 2604 1937 10,
2634 1870 2688 1923 2.
2711 1868 2926 1923 Profert
2949 1868 3312 1925 Casaubonns

1735 1966 1915 2020 locum
1943 1980 2007 2018 es
2032 1964 2280 2019 oratione
2309 1962 2688 2031 Chrysostomi
2713 1962 2766 2015 in
2799 1960 3044 2015 Natalem
3076 1961 3313 2025 Domini,

1731 2057 1935 2120 tom.V,
1970 2054 2289 2119 Sivilliauo,
2323 2070 2376 2123 p.
2398 2053 2524 2120 5H,
2556 2052 2644 2106 ubi
2673 2051 2807 2106 dicit
2831 2050 2916 2104 vix
2931 2050 3191 2104 decimum
3217 2066 3316 2102 an-

1729 2140 1852 2204 num
1871 2151 1979 2222 agi,
2012 2166 2131 2204 cum
2159 2149 2400 2214 ecclesia,
2434 2147 2620 2218 inqua
2655 2146 2790 2199 hanc
2819 2145 3117 2199 orationem
3156 2144 3315 2210 dixit,

1730 2242 1922 2313 festum
1944 2244 2142 2298 natalis
2165 2241 2427 2297 celebrare
2464 2242 2682 2310 cmperit
2726 2241 2965 2308 diemque
3010 2239 3307 2292 nativitatis

1729 2336 2046 2406 cognoverit.
2083 2334 2185 2389 Sed
2216 2334 2398 2390 oratio
2442 2334 2555 2387 haec
2607 2348 2713 2387 non
2770 2339 2854 2387 est
2910 2332 3312 2401 Chrysostomi.

1731 2429 1888 2484 Patet
1915 2430 1962 2499 l)
1990 2443 2057 2482 ex
2096 2426 2258 2499 style,
2288 2426 2345 2496 Ξ)
2379 2427 2507 2496 quia
2542 2424 2697 2495 Cpoli
2722 2434 2848 2478 ante
2878 2423 2937 2478 S.
2982 2424 3319 2496 Chrysosto-

1730 2540 1881 2578 mum
1912 2521 2108 2577 festum
2170 2519 2471 2597 nativitatis
2504 2521 2791 2589 agebatur,
2824 2526 2881 2571 ut
2916 2527 3058 2586 patet
3087 2532 3149 2570 es
3189 2531 3317 2570 ora-

1734 2615 1879 2669 tione
1912 2612 2240 2667 Nazianzeni
2270 2612 2322 2666 in
2359 2609 2616 2665 Natalem
2639 2608 2926 2663 Dominiet
2974 2624 3041 2663 ex
3089 2608 3194 2662 alia
3264 2609 3318 2660 in

1732 2706 1867 2759 diem
1886 2704 2185 2757 Luminum.
2221 2702 2275 2771 5)
2307 2700 2446 2768 Quia
2469 2700 2585 2770 ipse
2616 2709 2808 2754 auctor
2855 2697 3013 2764 hujus
3070 2696 3308 2752 humilia:

1733 2799 1864 2854 dicit
1887 2798 2119 2853 natalem
2140 2794 2473 2850 celebratum
2494 2802 2548 2847 et
2579 2791 2858 2863 cognitum
2894 2790 3064 2847 fuisse
3085 2806 3115 2845 a
3130 2787 3319 2845 Thra-

1735 2892 1816 2946 cia
1849 2905 2021 2959 usque
2052 2889 2257 2943 Gades.
2301 2888 2366 2941 At
2395 2886 2582 2956 Cpolis
2607 2894 2689 2940 est
2713 2885 2767 2939 in
2820 2883 3079 2937 Thracia.
3116 2868 3322 2952 ‘Neque

1736 2985 1840 3039 alia
1876 2983 2182 3054 epiphaniie
2210 2980 2308 3035 luit
2346 2979 2487 3035 ratio
2517 2978 2548 3033 6
2577 2977 2828 3033 Januarii
2862 2992 3026 3047 quam
3061 2991 3207 3031 nunc
3228 2976 3320 3038 sit,

1737 3078 1840 3134 nisi
1908 3077 2049 3147 apud
2081 3091 2288 3146 paucos
2318 3089 2523 3144 eosque
2556 3073 2671 3128 fere
2703 3070 3013 3144 Egyptios,
3050 3071 3142 3140 qui
3170 3079 3325 3124 nata-

1738 3172 1842 3228 lem
1879 3170 2092 3226 Domini
2116 3168 2149 3223 6
2171 3167 2415 3222 Januarii
2440 3167 2687 3222 obibant.
3300 3234 3305 3241 δ

1809 3263 2127 3334 Appellatnr
2148 3260 2337 3316 eadem
2372 3258 2708 3331 Epiphaniae
2763 3259 3081 3316 solemnitas
3130 3256 3326 3327 festum

125 3356 167 3391 tt?
190 3343 280 3396 istis
298 3343 510 3403 Joannis
533 3347 798 3418 Baptista:
846 3351 1014 3406 verbis
1060 3352 1272 3409 .Joan.t
1307 3369 1322 3407 :
1361 3373 1381 3406 ι
1430 3356 1636 3411 Medius
1665 3375 1710 3436 ο
1740 3358 2050 3423 Luminum,
2073 3364 2188 3411 tum
2213 3355 2283 3409 ob
2308 3353 2665 3424 baptismum,
2699 3359 2812 3407 tum
2865 3350 2993 3421 quia
3016 3348 3321 3405 Christiani

125 3441 287 3488 restrain
314 3441 467 3505 stetit,
496 3456 660 3511 quem
683 3458 769 3496 vos
793 3444 1026 3500 nescitis.
1068 3462 1086 3496 ι
1109 3443 1248 3509 Quid
1292 3463 1410 3501 vero
1428 3449 1643 3514 mirum,

124 3527 155 3576 si
174 3528 242 3579 alii
266 3546 351 3583 non
373 3541 617 3598 nossent,
634 3535 848 3604 quando
875 3535 1028 3589 illum
1058 3538 1219 3590 etiam
1246 3539 1354 3609 ipse
1400 3539 1645 3613 Baptista

124 3618 172 3668 ad
194 3634 283 3675 ean
316 3640 468 3697 usque
488 3627 638 3688 diem
668 3627 956 3697 ignorabat
984 3631 1009 3685 ?
1057 3647 1076 3680 ι
1110 3628 1179 3683 Et
1210 3647 1305 3701 ego
1352 3633 1644 3688 nesciebam

126 3725 271 3776 crum
318 3716 501 3788 inquit.
536 3718 769 3791 Latinos
793 3720 863 3774 ob
917 3721 1420 3780 manifestationem
1470 3726 1645 3794 magis

128 3797 268 3858 lacum
291 3805 380 3863 hoc
412 3808 615 3865 festum
642 3809 796 3865 obire
824 3818 975 3880 patet
997 3826 1066 3867 ex
1116 3812 1358 3870 homitiis
1406 3813 1511 3872 SS.
1544 3816 1647 3873 Pa-

125 3896 304 3964 trum,5.
324 3902 700 3971 Augustini,S.
728 3902 949 3971 Leonis,
975 3903 1035 3960 S.
1062 3902 1280 3960 Maximi
1307 3917 1362 3961 et
1384 3906 1644 3965 aliorum.

122 3984 375 4048 l’stetidcm
412 4010 477 4051 ex
511 3995 845 4052 Germanica
877 3997 1245 4065 appellatione
1282 3998 1451 4068 hujus
1497 4000 1643 4067 festi,

123 4095 207 4145 sua:
222 4095 289 4138 est
304 4085 481 4142 Trium
507 4100 729 4158 regum,
752 4088 847 4140 der
872 4086 1096 4159 lieiligen
1125 4089 1238 4153 drei
1269 4087 1424 4160 konig
1448 4099 1560 4161 tog.
1580 4090 1646 4145 Et

125 4170 266 4240 igitur
290 4176 632 4251 Evangelium
661 4178 720 4235 S.
754 4180 999 4237 Matthrei
1049 4179 1118 4235 de
1174 4180 1411 4236 adventu
1460 4196 1645 4252 mago-

124 4278 222 4321 tum.
242 4266 337 4325 Nec
358 4272 512 4327 aliter
539 4272 784 4328 heretici
809 4284 917 4327 tam
946 4275 999 4329 in
1031 4275 1356 4344 quotidiano
1389 4290 1644 4330 sermone

122 4363 321 4423 quanio
346 4357 681 4421 kalendariis
726 4366 841 4422 suis
897 4366 1002 4423 hoc
1064 4369 1264 4422 lestum
1332 4369 1640 4432 nominant,

106 4466 239 4515 quam
263 4457 345 4510 der
363 4459 590 4529 heiligen
620 4459 735 4512 drei
763 4458 1055 4530 konig-tag.
1086 4461 1214 4516 Inde
1255 4462 1420 4517 etiam
1472 4462 1644 4531 liquet

121 4557 643 4621 numerusmagorum,
665 4552 751 4605 die
768 4552 996 4621 Iteiligen
1010 4553 1126 4607 drei
1139 4552 1352 4623 Itonige:
1373 4569 1483 4621 non
1500 4554 1641 4610 ilici-

119 4643 179 4684 tur
193 4636 261 4691 die
277 4640 491 4712 beiligen
516 4644 629 4696 vier
649 4641 855 4711 konige,
877 4643 963 4696 die
986 4641 1210 4712 beiligen
1234 4658 1406 4697 sween
1431 4643 1635 4715 honige.

1749 3450 1892 3505 diem
1919 3449 2064 3504 hunc
2096 3447 2342 3503 accensis
2365 3445 2539 3502 cereis
2573 3444 2853 3500 celebrare
2889 3449 3325 3498 consueverunt.

1749 3542 1822 3598 ita
1844 3542 2038 3599 Billius
2064 3550 2256 3599 annot.
2293 3540 2361 3597 ad
2386 3548 2531 3596 orat.
2581 3540 2634 3593 in
2664 3547 2854 3595 saneta
2876 3536 3132 3600 Lumina.
3158 3542 3210 3589 et
3231 3532 3301 3587 Ba
3319 3567 3333 3579 -

1751 3637 1939 3693 ronius
1967 3637 2034 3691 ad
2069 3634 2425 3706 Martyrolog.
2464 3632 2622 3687 Rom.
2658 3632 2690 3686 6
2720 3630 2847 3688 Jan.
2883 3630 2989 3685 Sed
3010 3627 3327 3685 exstititcui

1750 3733 1866 3787 haec
1897 3730 2083 3801 opinio
2110 3729 2344 3784 Billiana
2369 3738 2421 3783 et
2460 3725 2774 3781 Baroniana
2807 3738 2917 3778 non
2940 3723 3181 3792 placeret
3205 3730 3330 3774 tan-

1748 3838 1912 3894 quam
1947 3823 2106 3893 longe
2137 3837 2168 3877 a
2192 3835 2321 3875 vero
2345 3819 2490 3874 avia.
2507 3818 2644 3886 Quid
2669 3824 2895 3887 estergo
2924 3815 3122 3869 festum
3144 3812 3334 3867 Lumi-

1748 3931 1879 3969 nunt
1909 3913 1958 3969 si
1992 3928 2102 3968 non
2143 3910 2449 3980 epiphaniae
2481 3924 2577 3965 seu
2625 3907 2882 3976 baptismi
2943 3903 3198 3959 Christi?
3225 3902 3331 3957 lle-

1747 4008 1983 4078 8pondet
2012 4020 2140 4063 esse
2171 4003 2373 4061 festum
2402 4018 2513 4073 quo
2542 4000 2839 4072 quotannis
2861 3996 3160 4053 Christiani
3190 3996 3328 4065 bapv

1749 4097 1984 4156 lismatis
2020 4112 2051 4152 a
2082 4111 2143 4152 se
2199 4092 2447 4164 suscepti
2508 4089 2828 4147 memoriam
2882 4085 3221 4141 recolebam.
3273 4082 3332 4136 Id

1748 4189 1947 4260 probat
1971 4203 2035 4242 ex
2066 4184 2323 4243 oratione
2341 4179 2770 4267 quadragesima
2809 4174 3163 4239 Nazianzeni,
3208 4188 3333 4243 quae

1746 4295 1833 4342 est
1853 4286 1906 4340 iu
1937 4301 2150 4340 sacrum
2174 4282 2516 4351 baptismum,
2546 4278 2638 4334 ubi
2667 4277 2722 4332 in
2761 4277 2880 4348 ipso
2903 4272 3086 4329 statim
3106 4271 3332 4328 exordio

1748 4376 1849 4431 ista
1883 4376 2138 4446 leguntur
2169 4391 2182 4428 :
2220 4370 2356 4427 Heri
2373 4370 2708 4443 splendidum
2739 4368 3002 4422 luminum
3033 4366 3172 4419 diem
3195 4363 3333 4418 cele-

1745 4468 2050 4533 bravimus;
2087 4465 2313 4521 salutem
2329 4466 2469 4520 enim
2495 4473 2730 4519 nostram
2745 4461 2935 4517 latitia
2953 4458 3195 4528 prosequi
3209 4472 3332 4509 eone

1746 4560 2085 4625 veniebat,ac
2116 4560 2280 4613 multo
2301 4559 2511 4628 quidem
2538 4558 2708 4624 magis
2730 4571 2890 4627 quam
2931 4552 3110 4608 carnis
3170 4548 3331 4617 uitrici

1745 4654 1856 4707 dies
1877 4669 1965 4708 eos
1991 4652 2277 4723 quotannis
2301 4652 2564 4707 celebrant
2593 4651 2780 4722 quibus
2802 4647 2878 4703 vel
2904 4647 3016 4701 nati
3051 4637 3128 4699 vel
3146 4642 3335 4699 matri-

165 4724 343 4787 Horose
372 4734 673 4790 admodum
699 4734 768 4789 de
792 4735 1015 4802 regibus
1040 4734 1638 4791 disseritCasaubonus

1747 4746 1924 4799 monia
1946 4745 2123 4812 juncti
2146 4752 2290 4810 sunt,
2324 4743 2399 4798 vel
2427 4759 2613 4797 nomen
2637 4749 2968 4811 acceperunt,
2996 4737 3073 4792 vel
3100 4746 3234 4791 certe
3254 4737 3333 4789 in-

120 4816 156 4869 in
176 4820 202 4873 Ξ
217 4822 489 4883 Exercitat.
521 4828 717 4883 c’ontra
750 4822 1067 4892 Baianium,
1094 4838 1149 4882 et
1167 4827 1385 4883 tandem
1403 4842 1471 4883 eo
1491 4828 1638 4883 venit

121 4919 161 4961 It
182 4917 363 4985 regulos
396 4917 572 4975 fuisse
606 4932 714 4971 non
742 4915 1058 4982 diliiteatur,
1089 4917 1380 4972 dummodo
1418 4919 1498 4973 ita
1515 4934 1639 4974 sen-

119 5004 189 5055 tire
207 5008 269 5062 vel
301 5027 399 5065 non
425 5011 628 5065 sentire
650 5011 938 5081 unicuique
959 5011 1029 5065 sit
1063 5010 1311 5077 liberum,
1335 5028 1506 5082 neque
1544 5030 1637 5067 or-

120 5095 258 5153 natu
279 5103 393 5170 ﬁdei
425 5106 553 5158 inde
581 5105 837 5163 sudatur.
872 5105 1007 5170 Quis
1063 5118 1163 5174 pro
1218 5106 1456 5161 articulo
1511 5107 1636 5163 lidei

118 5186 187 5241 hoc
213 5193 358 5250 habet
385 5198 408 5250 ?
444 5195 779 5253 Communis
806 5204 861 5251 et
892 5201 978 5251 est
1015 5204 1070 5251 et
1103 5195 1209 5250 fuit
1240 5196 1526 5266 persuasio
1573 5200 1639 5252 tl-

111 5279 267 5338 ielimn
297 5301 364 5350 ;a
387 5305 497 5359 qua
534 5298 753 5358 propter
783 5288 1125 5369 ratiunculas
1157 5289 1240 5344 vel
1282 5290 1465 5359 potius
1497 5292 1639 5348 stul-

108 5378 223 5430 nuss
255 5377 637 5438 Calvinisticas
680 5380 963 5436 discedere
993 5395 1188 5451 parum
1204 5384 1521 5440 consultum
1544 5396 1641 5442 aut

110 5468 357 5529 expediens
372 5482 481 5529 est.

161 5558 295 5634 305
338 5566 605 5624 Morosius
625 5570 804 5626 adhuc
846 5574 1303 5642 grammaticatur
1353 5575 1496 5631 idem
1540 5577 1642 5631 Ca-

111 5653 338 5752 saubonus
349 5661 415 5715 de
431 5663 654 5718 nomine
672 5662 796 5719 testi
824 5666 1061 5721 Exercit.
1089 5682 1141 5722 c.
1168 5666 1260 5722 15.
1280 5667 1638 5739 Epiphaniam

115 5752 223 5831 et!!!
244 5764 328 5803 seu
357 5754 747 5825 theOphaniam
778 5759 961 5826 potius
1014 5770 1324 5831 competere
1368 5761 1638 5817 nativitati

114 5830 271 5894 Christi
298 5863 313 5897 :
338 5854 468 5901 tunc
497 5849 646 5903 enim
678 5853 843 5905 etiam
876 5852 1071 5922 ἐφάνη,
1102 5830 1378 5924 apparuit,
1405 5856 1641 5912 maxime

111 5928 394 5998 Pastoribus,
412 5942 524 5989 etc.
549 5934 768 5994 Veteres
797 5941 830 5994 6
858 5939 1107 5997 Januarii
1131 5944 1439 6001 celebrasse
1468 5945 1633 6001 Nata-

109 6018 191 6067 lem
214 6016 436 6088 Domini,
461 6033 517 6079 et
555 6025 669 6084 ideo
693 6028 834 6084 diem
862 6030 1037 6094 illum.
1091 6032 1161 6087 ob
1192 6041 1376 6119 natum
1430 6034 1639 6094 scilicet

1746 4848 1824 4892 ter
1828 4839 2044 4906 juvenes
2073 4837 2273 4891 censeri
2288 4842 2569 4903 eruperunt,
2589 4832 2666 4887 vel
2706 4831 2877 4885 locum
2906 4830 3133 4899 aliquem
3163 4828 3333 4897 primo

1742 4930 2094 4997 incoluerunt,
2123 4928 2200 4985 vel
2227 4943 2537 5000 quacunque
2553 4927 2759 4979 demum
2781 4923 2889 4976 alia
2919 4921 2982 4974 de
3000 4936 3168 4973 causa
3189 4933 3334 4973 mor-

1745 5023 1880 5078 tales
1910 5023 2101 5092 festum
2129 5024 2268 5075 diem
2303 5029 2489 5091 agunt.
2514 5017 2685 5072 Hodie
2712 5016 2776 5071 de
2805 5015 3063 5085 baptismo
3093 5021 3143 5067 et
3183 5011 3335 5067 bene~

1743 5113 1865 5180 ﬁcio
1883 5112 2003 5165 hinc
2025 5119 2233 5181 accepto
2259 5111 2328 5164 ad
2354 5127 2447 5164 nos
2482 5117 2729 5163 manante
2747 5107 3086 5162 disseremus.
3110 5103 3185 5158 Ex
3209 5104 3333 5174 qui-

1744 5205 1849 5262 bus
1876 5205 2058 5262 verbis
2091 5205 2301 5277 colligit
2335 5205 2527 5275 festum
2551 5203 2836 5257 Luminum
2868 5201 3004 5255 nihil
3029 5199 3176 5255 aliud
3195 5197 3333 5255 luis-

1744 5314 1806 5354 se
1837 5314 2001 5369 quam
2034 5299 2286 5370 baptismi
2310 5300 2377 5354 ab
2412 5313 2745 5369 unoquoque
2778 5293 3030 5364 suscepti
3078 5308 3330 5348 eomme-
3390 5332 3397 5369 τ

1745 5391 2133 5446 morationem.
2162 5389 2268 5446 Sed
2305 5388 2652 5459 persuasioni
2679 5386 2806 5441 huic
2831 5384 3123 5440 manifeste
3149 5385 3330 5439 obstat
3391 5412 3404 5447 ι

1745 5484 1800 5538 in
1832 5482 2025 5555 primis
2059 5482 2291 5552 ipsemet
2317 5480 2715 5541 Nazianzenus,
2750 5476 2844 5547 qui
2891 5476 3092 5531 festum
3135 5473 3326 5526 Lumi-

1745 5592 1876 5631 uum
1904 5583 2092 5645 aperte
2124 5572 2368 5625 nominat
2395 5569 2593 5625 festum
2633 5568 2977 5638 baptismatis
2992 5564 3201 5620 Christi
3225 5580 3321 5618 seu

1743 5664 2232 5739 epipliaui:e,305
2250 5664 2468 5735 quando
2484 5663 2735 5719 Christus
2760 5664 2812 5717 in
2829 5659 3064 5716 Jordane
3092 5656 3331 5725 baptiza-

1746 5772 1836 5817 tus
1855 5760 2057 5815 mundo
2083 5758 2369 5827 apparuit:
2393 5756 2474 5813 sic
2491 5756 2638 5813 enim
2660 5756 2766 5809 ait:
2792 5753 3021 5808 Sanctus
3039 5748 3329 5803 Luminum

1745 5854 1882 5917 dies,
1905 5850 1973 5905 ad
1999 5866 2152 5922 quem
2179 5849 2504 5918 pervenimus
2531 5864 2783 5918 quemque
2796 5845 2947 5900 hodie
2977 5840 3153 5895 divino
3180 5838 3326 5892 bene-

1746 5944 1867 6013 ficio
1889 5941 2398 6008 celebravimuser
2428 5937 2691 6009 principio
2718 5934 2928 6006 quidem
2958 5930 3156 5986 Christi
3203 5929 3324 6013 mei,

1745 6038 1839 6093 th:
1853 6043 1927 6090 est
1958 6049 2087 6091 rem:
2110 6032 2263 6098 lucis,
2289 6047 2491 6088 omnem
2510 6030 2765 6085 hominem
2784 6029 2836 6082 in
2856 6025 3104 6082 mundum
3131 6006 3333 6080 venien.

2588 26 2829 43 Α--ιι--ι-ν-ιι-
2848 24 2937 40 οι-Ιι
