3852 6660
491 25 558 34 λ-...ιυ-
571 25 624 32 --λ-
641 25 676 38 u-_—
697 26 871 36 -..-v---._.-

521 509 631 572 339

522 635 624 680 tem
679 626 742 680 ill
747 627 1060 698 uminantis,

521 729 624 772 tem
675 735 879 789 quoque
931 724 1300 792 purgationem
1357 739 1628 798 operatur.
1691 733 1756 790 Et
1807 746 1931 808 post
1982 740 2100 794 lon-

521 828 644 881 gam
712 813 780 867 de
839 813 1114 884 baptismo
1179 817 1384 876 Christi
1437 823 1862 894 disputationem
1899 871 1914 896 ,
1951 833 2094 891 hanc

517 905 586 956 ad
619 903 792 973 ipsam
843 909 1359 968 orationis'calcem
1415 915 1682 974 subintert
1732 923 2034 990 paraenesiu
2081 945 2095 980 :

515 997 626 1048 Nos
661 1007 832 1049 autem
866 996 1020 1053 hodie
1067 999 1266 1057 Christi
1296 996 1610 1074 baptismum
1653 1013 1846 1068 honore
1871 1017 2100 1085 comple-

519 1093 729 1139 ctamur
759 1104 822 1141 ac
873 1089 1065 1156 festum
1118 1092 1330 1149 honeste
1382 1098 1696 1154 celebremus
1720 1143 1735 1167 ,
1769 1121 1872 1158 non
1905 1107 2098 1162 uentris

518 1177 720 1268 deliciis
767 1195 974 1248 operam
1023 1183 1245 1253 dantes,
1273 1189 1364 1240 sed
1413 1191 1758 1260 spiritualiter
1812 1215 1903 1252 nos
1958 1203 2097 1268 ipsos

518 1267 964 1327 oblectantes.lta
1023 1276 1186 1332 etiam
1246 1277 1568 1350 Gregorium
1633 1287 1899 1345 intellexit
1937 1267 2098 1348 Nice-

517 1371 601 1415 tas
656 1363 976 1421 scholiastes
1030 1368 1167 1435 eius.
1204 1369 1362 1436 Quod
1405 1375 1586 1431 itidem
1631 1393 1700 1434 ex
1733 1381 2095 1454 inscriptione

515 1451 706 1542 liquet,
736 1471 857 1523 qua:
883 1465 966 1512 est
996 1457 1100 1512 ista
1137 1477 1150 1513 :
1187 1461 1280 1524 Ei;
1315 1463 1382 1516 τὰ
1410 1465 1542 1536 ἅγια
1566 1470 1720 1537 φῶτα
1758 1473 1870 1526 τῶν
1899 1451 2094 1545 ἐπιφα-

515 1546 644 1598 νῑων
674 1545 849 1616 λόγος.
877 1549 1020 1604 l‘dem
1039 1551 1258 1621 planum
1285 1555 1342 1610 lit
1370 1571 1434 1610 ex
1458 1558 1752 1618 ritualibus
1777 1563 2092 1623 Graecorum

513 1636 693 1702 libris,
719 1640 808 1694 ubi
845 1637 1166 1714 προεᾶρσὲιον
1204 1647 1312 1700 τῶν
1369 1647 1562 1718 φώτων
1615 1653 1752 1710 nihil
1803 1666 1887 1712 est
1947 1659 2092 1715 aliud

511 1744 674 1796 quam
708 1731 1010 1800 profestum
1033 1737 1332 1805 epiphania:
1349 1755 1444 1796 seu
1481 1745 1842 1814 apparitionis
1891 1749 2093 1807 Christi

512 1820 582 1874 ad
614 1820 927 1891 Iordanem,
954 1828 1173 1896 quando
1203 1829 1255 1884 in
1280 1828 1520 1889 Jordane
1547 1835 1855 1916 baptizatus
1886 1844 2092 1916 est,ip-

511 1925 746 1981 sumque
785 1913 982 1969 festum
1019 1917 1107 1971 die
1130 1930 1284 1974 sexto
1309 1920 1552 1980 Januarii
1583 1931 1723 1999 apud
1758 1911 1979 1990 Graecos
2001 1911 2084 1992 ce-

511 2002 720 2058 lebrari‘
743 2007 964 2061 solitum
988 2010 1286 2078 appellatur
1305 2013 1466 2086 ἑορτὴ
1509 2018 1619 2072 τῶν
1665 2021 1860 2089 φώτων
1887 2026 2085 2094 ;cujus

511 2095 886 2163 appellationis
909 2113 970 2152 ea
988 2109 1074 2154 cst
1098 2103 1256 2168 ratio,
1290 2106 1416 2174 quia
1453 2109 1752 2168 Christiani
1784 2129 1850 2171 eo
1890 2118 1978 2178 die.
2031 2120 2083 2175 in

511 2189 739 2243 ecclesia
766 2199 818 2246 ct
841 2193 967 2246 alibi
998 2193 1168 2262 faces,
1188 2212 1392 2264 cereos,
1420 2203 1672 2261 lucernas
1695 2211 2082 2283 accendebant,

511 2287 572 2331 ut
602 2280 679 2335 ait
708 2280 948 2349 Nicetas,
978 2285 1031 2339 in
1055 2287 1315 2345 honorem
1340 2292 1602 2364 baptizati
1629 2297 1856 2366 Christi,
1881 2305 1974 2372 qui
2002 2280 2088 2360 ve;-

509 2385 568 2424 ra
599 2371 691 2427 lux
724 2382 830 2441 est,
853 2385 906 2430 et
935 2377 1188 2448 baptismi
1215 2384 1282 2437 ab
1311 2385 1428 2454 ipso
1467 2387 1720 2455 instituti,
1746 2393 1838 2461 qui
1879 2371 1931 2448 et
1973 2396 2086 2468 ipse

447 2505 462 2518 .
509 2461 626 2530 φῶς
654 2467 746 2519 καὶ
788 2471 1066 2541 φωτισμὸς
1101 2475 1433 2546 nominatur,
1469 2488 1529 2533 ut
1556 2491 1714 2536 antea
1739 2461 2008 2544 diximus:

579 2553 849 2612 Caeterum
875 2560 1030 2618 locus
1057 2579 1120 2618 ex
1154 2567 1400 2622 oratione
1431 2571 1498 2625 de
1529 2571 1801 2642 baptismo
1839 2593 1990 2632 novae
2021 2579 2085 2632 il-

506 2647 544 2704 li
572 2650 812 2720 opinioni
843 2654 1293 2726 nihiladjumenti
1325 2675 1354 2716 a
1377 2661 1500 2717 ll’ert
1527 2682 1540 2718 :
1579 2680 1705 2720 nam
1732 2667 2082 2737 baptismum,

509 2757 672 2809 quem
703 2745 957 2816 Chrisuts
1015 2753 1279 2819 suscepit,
1337 2764 1498 2809 vocat
1550 2758 1776 2812 salutem
1828 2771 2079 2828 nostram,

507 2837 670 2906 quia,
697 2847 754 2893 ut
783 2836 973 2895 Patres
1001 2841 1150 2912 loqui
1183 2843 1378 2910 solent,
1403 2845 1650 2902 Christus
1681 2849 1948 2921 baptismo
1982 2870 2082 2909 suo

508 2945 684 3000 aquas
722 2931 1089 2988 sanctiﬁeavit
1117 2943 1168 2990 et
1221 2947 1428 2993 nostra:
1465 2941 1630 2994 saluti
1667 2941 1721 2996 in
1757 2943 2082 3014 baptismate

509 3038 612 3078 suo
667 3025 1030 3093 procuranda:
1086 3027 1378 3083 destinavit
1437 3039 1492 3086 et
1526 3031 1837 3092 salutiferas
1879 3037 2079 3096 ell‘ecit.

507 3115 804 3180 Quorcirca
846 3126 1270 3174 consentaneum
1325 3136 1447 3176 esse
1475 3124 1550 3178 ait
1582 3124 1976 3194 Nazianzenus,
2023 3137 2081 3182 ttt

505 3207 647 3262 sicut
675 3207 765 3262 alii
824 3208 964 3265 diem
1029 3212 1264 3266 natalem
1326 3228 1512 3281 suum,
1569 3217 1904 3273 matrimonii
1938 3228 1990 3273 et
2026 3219 2076 3274 id

504 3315 679 3368 genus
711 3299 848 3355 alios
877 3303 1168 3371 quotannis
1214 3303 1511 3372 celebrant,
1549 3306 1620 3376 ita
1659 3309 1821 3364 etiam
1853 3305 2078 3364 salutem

1627 527 1710 588 IN
1757 528 2060 590 LIBRUM
2097 532 2196 594 DE
2227 533 2558 600 OFFICIIS
2587 539 2689 602 GP.

1126 631 1447 702 baptismum
1518 639 1734 706 habet,‘
1767 661 1935 722 meam
2007 666 2074 703 au

2212 654 2664 728 ἀπολυτρώσεως,
2697 663 2793 733 τὴν
2823 663 3073 733 εὐλογίαν
3098 665 3194 720 τοῦ
3237 667 3520 738 Ἰορδάνου.
3545 671 3724 741 Ποίησον

3633 553 3720 617 ﬂii}

2205 747 2339 801 αὐτὸ
2371 749 2682 821 ἀφθαρσίας
2734 754 2935 824 πηγὴν,
2971 751 3242 827 ἀγιὰσμοῦ
3297 760 3490 830 δῶρον,
3523 761 3722 833 apum.

2205 837 2392 903 μάτων
2420 839 2696 912 λυτήριον,
2721 843 3042 916 νοσημάτων
3087 849 3462 920 ἀλεξητήριον,
3523 851 3725 921 δαίμοσιν

2200 923 2464 994 ὀλέθριον,
2491 933 2611 994 ταῖς
2639 933 2907 998 ἐναντίαις
2929 935 3226 1007 δυνάμεσιν
3253 940 3567 1010 ἀπρόσιτον,
3593 945 3726 1013 ἀγγε-

2201 1013 2360 1086 λικῆς
2391 1019 2572 1090 ἰσχύος
2611 1023 3065 1096 πεπληρωμένον,
3097 1028 3184 1081 ἵνα
3217 1030 3416 1094 πάντες
3444 1032 3492 1083 oi
3527 1032 3726 1102 ἀρυόμε-

2200 1109 2399 1162 νοικαὶ
2453 1111 2965 1184 μεταλαμϐάνοντες
3021 1119 3199 1189 ἔχοιεν
3234 1121 3366 1173 αὐτὸ
3415 1123 3550 1194 προς
3596 1125 3728 1177 καθα.

2201 1197 2396 1267 ρισμδν
2423 1199 2610 1271 ψυχῶν
2640 1207 2734 1260 καὶ
2763 1207 3050 1276 σωμάτων,
3107 1211 3243 1280 πρὸς
3294 1211 3507 1280 εατρεαν
3556 1213 3728 1281 παθῶν,

2199 1287 2336 1356 πρὸς
2367 1288 2658 1362 ἀγιασμδν,
2691 1295 2827 1366 πρὸς
2883 1299 3063 1352 πᾶσαν
3113 1299 3383 1368 ὠφέλειαν
3441 1301 3728 1372 ἐπιτήδειον.

2197 1376 2308 1434 Nec
2335 1379 2388 1434 in
2416 1381 2538 1436 aula
2562 1384 2766 1452 solum,
2798 1387 2895 1442 sed
2929 1389 2978 1443 in
3011 1389 3132 1444 aliis
3155 1391 3410 1445 omnibus
3443 1389 3732 1447 Graecanicis

2197 1469 2450 1528 ecclesiis
2476 1489 2620 1544 aqua
2651 1479 2755 1532 hoc
2792 1477 2878 1532 die
2919 1479 3366 1546 benedicebatur,
3425 1481 3585 1537 etiam
3614 1483 3729 1552 apud

2195 1559 2502 1632 Ethiopas,
2526 1565 2620 1634 qui
2647 1566 2809 1621 hodie
2837 1568 3000 1625 undis
3029 1585 3136 1624 non
3169 1571 3332 1626 modo
3361 1585 3423 1627 se
3448 1583 3728 1642 aspergunt,

2195 1653 2288 1708 sed
2320 1663 2373 1709 et
2405 1654 2621 1726 penitus
2649 1657 3004 1730 immergunt.
3036 1659 3104 1714 Et
3131 1661 3316 1718 ﬁdeles
3349 1663 3499 1718 circa
3533 1665 3728 1718 mediam

2193 1750 2438 1808 noctem,
2461 1758 2582 1813 quae
2602 1742 2804 1799 festum
2836 1749 3132 1813 antecedit,
3166 1749 3234 1804 ob
3273 1751 3622 1806 reverentiam
3652 1751 3730 1808 ba-

2194 1832 2376 1902 ptismi
2407 1848 2516 1903 quo
2553 1833 2814 1892 Salvator
2846 1849 3040 1894 noster
3077 1839 3280 1895 tinctus
3326 1849 3434 1907 est,
3509 1853 3728 1912 aquatum

2195 1923 2367 1989 ibant,
2397 1926 2779 1998 unusquisque
2805 1928 2873 1983 ad
2903 1930 3120 1984 obvium
3175 1931 3281 1986 sibi
3325 1932 3554 2000 fontem,
3583 1933 3728 1988 rivum

2189 2023 2282 2067 aut
2313 2013 2564 2082 ﬂuvium,
2619 2019 2708 2074 cui
2773 2035 2927 2090 aqua:
2961 2019 3105 2076 Deus
3139 2025 3280 2076 hanc
3329 2023 3731 2079 benedictionem

2189 2105 2525 2174 largiebatur
2583 2117 2642 2164 ut
2683 2109 2869 2166 multis
2929 2113 3088 2166 annis
3141 2113 3456 2184 incorrupta
3496 2123 3729 2170 maneret.

2188 2193 2371 2251 Testis
2405 2197 2648 2267 locuples
2681 2200 2844 2269 hujus
2873 2202 2950 2256 rei
3005 2202 3062 2257 S.
3098 2204 3548 2274 Chrysostomus,
3605 2205 3733 2258 hom.

2185 2286 2252 2341 de
2281 2288 2550 2358 baptismo
2582 2291 2784 2346 Christi
2829 2301 2955 2347 tom.
2987 2293 3026 2348 V
3062 2311 3288 2364 operum
3315 2293 3652 2350 Graecorum.
3679 2289 3734 2346 In

2183 2379 2283 2430 hac
2305 2381 2639 2436 solemnitate
2677 2383 3021 2453 (epiphanirc,
3055 2403 3162 2455 qua
3197 2385 3370 2442 Graeci
3408 2387 3579 2455 μέγαν
3603 2388 3736 2454 ἁγια-

2187 2469 2322 2538 σμόν
2351 2470 2650 2544 cclebranl.)
2678 2474 2776 2528 sub
2829 2476 3056 2530 mediam
3098 2487 3301 2531 noctem
3345 2494 3528 2532 omnes
3569 2478 3733 2546 ὑδρευ-

2185 2565 2410 2632 σάμενοι
2440 2579 2556 2616 cum
2580 2557 2784 2635 aquam'
2824 2569 3137 2637 acceperint,
3170 2569 3384 2621 domum
3418 2569 3598 2622 latices
3625 2565 3736 2635 refe-

2185 2664 2308 2708 runt
2339 2671 2402 2708 ac
2430 2659 2718 2712 recondunt
2746 2667 2796 2712 et
2815 2677 2906 2728 per
2933 2660 3194 2731 integrum
3211 2677 3406 2714 annum
3427 2669 3735 2718 conservant.

2183 2755 2363 2813 utpote
2395 2747 2534 2818 quod
2567 2747 2823 2803 hodierna
2845 2751 2930 2804 die
2949 2751 3295 2821 sanctiﬁcata
3323 2753 3433 2806 sint
3463 2767 3612 2821 aqute
3637 2751 3739 2818 (per

2183 2839 2512 2910 baptismum
2556 2841 2760 2900 Christi
2797 2845 2849 2899 iu
2879 2844 3172 2915 Jordane);
3224 2850 3386 2917 fitque
3439 2847 3734 2901 miraculum

2181 2933 2407 2997 evidens,
2443 2934 2569 2988 dum
2605 2936 2740 2990 nihil
2783 2939 3030 3008 temporis
3061 2937 3441 3010 longinquitate
3501 2953 3738 3009 agnorunt

2181 3023 2398 3077 illarum
2422 3035 2616 3080 natura
2643 3029 2885 3093 vitiatur,
2907 3029 3000 3083 sed
3016 3031 3217 3098 integro
3241 3047 3401 3096 anno,
3435 3042 3593 3102 atque
3618 3031 3736 3085 adeo

2182 3115 2390 3170 biennio
2427 3127 2475 3170 et
2513 3119 2737 3172 triennio
2764 3135 2918 3189 swpe,
2943 3136 3058 3189 qua:
3089 3121 3243 3175 hodie
3286 3121 3389 3188 fuit
3421 3123 3634 3188 hausta,
3667 3126 3742 3178 iu-

2181 3218 2434 3276 corrnpta
2461 3217 2510 3262 et
2536 3225 2710 3265 recens
2731 3221 3023 3280 permanet,
3049 3229 3112 3266 ac
3123 3223 3238 3282 post
3269 3221 3482 3270 tantum
3513 3219 3740 3284 temporis

2183 3315 2299 3352 cum
2329 3299 2394 3353 iis
2423 3315 2538 3370 qua:
2562 3315 2728 3369 nuper
2771 3301 2968 3370 fuerint
2999 3317 3026 3355 θ
3047 3301 3281 3370 fontibus
3307 3303 3514 3360 eductae
3565 3313 3740 3360 certat.

503 3399 768 3452 nostram,
829 3391 934 3447 hoc
989 3402 1076 3449 est
1118 3394 1388 3466 baptisma
1422 3397 1650 3468 Christi,
1707 3402 2076 3457 anniversaria

2185 3389 2309 3445 llmc
2359 3389 2418 3445 S.
2454 3391 2899 3462 Chrysostomus.
2941 3393 3081 3458 Quid
3120 3409 3249 3478 vero
3283 3395 3341 3451 S.
3395 3395 3739 3466 Epiphanius,

503 3483 763 3551 panegyri
791 3483 1161 3542 celebremus.

571 3571 794 3629 Maneat
818 3591 970 3646 ergo,
997 3576 1192 3632 l‘cstum
1227 3579 1518 3636 Luminum
1545 3595 1663 3637 esse
1707 3581 1908 3639 festum
1969 3585 2084 3656 epi-

501 3665 716 3735 phaniae
748 3683 842 3722 seu
863 3669 1342 3742 cphipbaniorum,
1364 3675 1580 3744 quando
1600 3675 1862 3733 Dominus
1887 3677 2080 3734 in-Jor-

503 3760 643 3814 d'ane
677 3761 979 3830 baptizatus
1008 3764 1212 3818 mundo
1236 3767 1502 3846 apparuit
1525 3776 1578 3823 ct
1633 3777 1694 3822 ut
1715 3831 1720 3838 _
1743 3769 2080 3825 fortunatum

504 3851 658 3906 sidus
693 3851 1006 3910 felicissime
1040 3855 1238 3912 illuxit:
1277 3859 1418 3914 hanc
1444 3859 1590 3913 enim
1645 3860 1815 3915 solam
1867 3859 2080 3916 Domini

502 3945 848 4014 epiphaniam
887 3962 988 4003 seu
1047 3950 1443 4018 apparitionem
1489 3950 1762 4021 baptismo
1814 3953 2080 4010 illustrem

504 4031 674 4090 Grzeci
711 4039 1016 4092 solemnem
1059 4039 1284 4106 habent,
1316 4055 1416 4096 nec
1455 4041 1524 4096 de
1589 4043 1929 4112 apparitione
1967 4061 2080 4098 ma-

503 4127 587 4194 gis
617 4126 758 4182 facta
793 4131 1122 4186 mentionem
1155 4131 1318 4185 ullam
1367 4146 1434 4186 eo
1481 4132 1700 4201 quidem
1731 4133 1818 4188 die
1853 4133 2079 4199 faciunt,

503 4233 627 4274 cum
662 4219 840 4275 Latini
889 4223 1228 4290 potissimum
1297 4224 1383 4278 die
1415 4233 1571 4277 sexto
1601 4223 1843 4279 Januarii
1882 4227 2081 4281 solem-

481 4309 650 4366 niter
675 4309 916 4366 recolant
935 4313 1280 4382 epipbaniam
1305 4329 1398 4368 seu
1427 4314 1942 4381 manilcstationem,
1973 4333 2081 4388 qua

505 4403 760 4458 Christus
791 4403 973 4458 iulans
1020 4404 1379 4459 orientalibus
1417 4405 1592 4475 magis
1640 4421 1760 4462 sese
1793 4408 2080 4480 patefecit;

503 4493 723 4547 tametsi
754 4509 858 4548 nec
889 4491 1034 4547 illam
1102 4495 1317 4563 penitus
1351 4495 1625 4564 negligant
1655 4512 1775 4566 quae
1831 4497 1968 4552 facta
1999 4507 2084 4554 est

505 4583 571 4637 ad
599 4581 896 4638 Jordanem
945 4583 999 4637 in
1047 4582 1338 4652 baptismo,
1373 4599 1470 4639 nec
1517 4585 1662 4639 illam
1695 4599 1814 4654 qua'
1851 4586 2082 4657 contigit

507 4677 562 4728 in
608 4675 812 4744 nuptiis
879 4677 930 4730 in
961 4675 1107 4730 Cana
1137 4675 1390 4740 Galilmm,
1441 4679 1660 4746 quando
1714 4677 1947 4745 primum
2003 4679 2080 4734 si-

506 4782 670 4832 gnum
709 4767 854 4822 fecit.
896 4767 1030 4823 Hinc
1069 4767 1219 4823 cauit
1258 4769 1532 4823 Ecclesia:
1569 4767 1756 4822 Tribus
1807 4769 2078 4825 miraculis

507 4847 752 4914 ornatum
827 4859 963 4914 diem
1023 4871 1264 4914 sanctum
1323 4860 1564 4914 colimus.
1618 4859 1684 4913 Et
1745 4869 1933 4914 octava
1960 4861 2078 4930 epi-

505 4953 720 5020 phania:
763 4953 1113 5021 potissimum
1163 4953 1489 5023 apparitioni
1573 4951 1638 5006 ad
1689 4949 1977 5006 Jordanem
2027 4951 2080 5005 in

505 5045 774 5114 baptismo
818 5047 1120 5109 dedicatur,
1194 5056 1256 5100 ut
1323 5046 1544 5115 planum
1620 5042 1676 5098 ﬁt
1721 5058 1787 5097 ex
1822 5043 2080 5099 Romanae

503 5137 761 5193 Ecclesiae
787 5139 1076 5192 ritualibus
1101 5139 1276 5192 libris.

579 5234 634 5286 P.
666 5233 756 5290 65.
797 5231 1092 5300 ’Λγιαιτμϐς
1107 5245 1198 5286 seu
1227 5232 1546 5285 consecratio
1574 5233 1872 5300 etaspersio
1907 5245 2074 5300 aquce.

505 5324 694 5379 l’rimo
725 5323 816 5376 die
855 5323 1123 5392 cujusque
1155 5322 1359 5377 mensis
1389 5337 1530 5392 aqua
1563 5321 1985 5378 benedicebatur
2025 5328 2078 5374 ct

505 5433 569 5471 ex
593 5415 876 5472 benedicta
899 5415 1150 5469 homines
1175 5413 1602 5482 aspergebantur
1627 5413 1678 5465 in
1709 5411 1912 5481 palatio
1936 5410 2077 5481 Cpo-

509 5507 710 5573 litano,
738 5521 972 5577 excepto
999 5505 1284 5570 Januario,
1327 5519 1436 5573 quo
1467 5503 1518 5558 id
1557 5503 1719 5559 ﬁebat
1754 5504 1840 5559 die
1893 5511 2070 5567 sexto,

507 5603 612 5656 hoc
651 5607 736 5654 est
785 5599 838 5653 in
879 5599 993 5668 ipsa
1031 5595 1317 5667 epiphania
1361 5595 1598 5658 Domini,
1651 5603 1706 5649 et
1741 5593 2071 5662 Septembri,

507 5707 617 5761 quo
655 5691 709 5745 id
755 5689 914 5744 ﬂebat
951 5689 1039 5744 die
1077 5690 1142 5742 14
1183 5688 1236 5742 in
1269 5687 1386 5756 ipsa
1416 5685 1748 5740 exaltatione
1778 5685 1836 5740 S.
1867 5687 2071 5742 crucis.

507 5779 708 5836 Forma
742 5778 1124 5834 bcnedicendm
1152 5792 1308 5848 aquas
1338 5783 1514 5831 exstat
1560 5789 1626 5830 ex
1688 5775 1896 5860 Μετιωοὶ
1923 5776 2011 5832 die
2040 5774 2073 5830 6

513 5871 754 5928 Januarii
779 5881 830 5926 ct
853 5873 905 5926 in
932 5870 1284 5939 Eucltologiu,
1315 5878 1369 5923 et
1394 5877 1477 5923 est
1505 5867 1609 5922 ista
1641 5883 1662 5921 εν
1690 5865 1854 5936 306
1886 5867 2071 5933 Ἀγια-

516 5983 609 6022 σον
661 5965 719 6020 sb
771 5964 912 6037 ὕδωρ
966 5959 1140 6028 τοῦτο,
1178 5963 1267 6018 καὶ
1319 5961 1405 6026 δὺς
1451 5959 1596 6032 αὕτῷ
1647 5959 1744 6026 τὴν
1783 5959 1942 6030 χάριν
1975 5959 2070 6031 τῆς

2185 3483 2381 3538 haeresi
2412 3483 2517 3537 51?
2574 3483 2708 3537 Mira
2749 3483 3033 3550 nimirum,
3064 3501 3131 3540 eo
3163 3486 3286 3556 ipso
3311 3487 3480 3552 festo,
3537 3489 3641 3544 hoc
3668 3497 3742 3542 est

2183 3583 2339 3630 sexto
2365 3573 2450 3628 die
2478 3571 2746 3640 Januarii,
2779 3573 2830 3628 in
2865 3575 3186 3630 memoriam
3243 3577 3440 3645 patrati
3476 3593 3506 3632 a
3535 3576 3741 3632 Christo

2183 3665 2454 3734 miraculi,
2475 3665 2740 3736 quosdam
2773 3663 2948 3721 fontes
2982 3675 3148 3736 atque
3164 3667 3300 3722 adeo
3317 3667 3499 3736 ipsum
3529 3667 3740 3721 ﬂuvium

2181 3753 2362 3810 Nilum
2396 3755 2530 3812 eﬂici
2567 3757 2787 3813 vinosus
2815 3747 2918 3813 seu
2946 3758 2998 3812 in
3029 3759 3214 3812 vinum
3242 3760 3402 3813 verti.
3446 3759 3744 3814 Audiamus

2182 3848 2360 3919 ipsum
2413 3848 2471 3902 S.
2530 3841 2915 3919 Epiphanium.
2973 3847 3132 3903 Circa
3191 3849 3362 3918 ipsam
3417 3850 3742 3904 undecimam

2185 3943 2416 4014 (mensis
2444 3939 2601 4014 Tybi,
2629 3942 2722 4011 qui
2753 3951 2834 3996 est
2863 3951 3050 3997 sextus
3091 3941 3262 3996 nostri
3305 3939 3584 4013 Januarii)
3639 3947 3746 4010 post

2184 4049 2348 4088 annos
2377 4033 2590 4104 triginta
2633 4033 2836 4102 factum
2875 4042 2951 4086 est
2979 4033 3208 4103 primum
3258 4035 3464 4102 signum
3517 4034 3574 4087 in
3605 4033 3746 4088 Cana

2186 4125 2427 4182 Galila'tz
2448 4168 2461 4194 ,
2499 4126 2712 4198 quando
2743 4143 2882 4190 aqua
2909 4127 3054 4196 facta
3081 4135 3158 4180 est
3187 4127 3383 4181 uinum.
3419 4126 3750 4196 Quapropter

2183 4219 2338 4272 etiam
2362 4220 2414 4272 in
2443 4218 2620 4272 multis
2647 4217 2772 4272 locis
2792 4235 2952 4288 usque
2985 4219 3039 4272 in
3053 4220 3191 4272 hunc
3224 4217 3360 4272 diem
3381 4217 3479 4272 hoc
3499 4219 3584 4288 ﬁt,
3613 4217 3746 4288 quod

2186 4323 2308 4365 tunc
2343 4311 2544 4380 factum
2571 4321 2669 4375 est,
2705 4311 2938 4364 divinant
2959 4311 3168 4381 signum
3199 4313 3252 4364 in
3279 4312 3642 4364 testimonium
3669 4311 3749 4363 in~

2182 4402 2431 4464 credulis,
2471 4401 2608 4454 velut
2629 4409 2892 4455 testantur
2913 4402 2964 4453 in
2983 4400 3163 4454 multis
3193 4399 3322 4453 locis
3360 4399 3536 4469 fontes
3565 4415 3629 4452 ac
3649 4399 3748 4466 ﬂu-

2181 4497 2252 4549 uii
2285 4497 2336 4548 in
2367 4495 2541 4549 uinum
2593 4493 2848 4558 conversi,
2882 4490 3096 4561 Cibyres
3141 4491 3352 4560 quidem
3391 4494 3544 4546 urbis
3581 4490 3750 4546 Caria:

2183 4586 2319 4655 fons,
2355 4601 2457 4654 qua
2475 4585 2605 4638 hora
2633 4585 2919 4637 hauserunt
2949 4582 3180 4635 ministri
3204 4590 3253 4635 et
3275 4583 3381 4650 ipse
3397 4583 3578 4635 dixit:
3611 4580 3750 4632 «Da-

2186 4682 2234 4726 te
2263 4671 2684 4726 architriclino.»
2718 4668 2961 4723 Testatur
2982 4679 3031 4723 et
3063 4669 3122 4722 in
3162 4669 3364 4723 Gerasn
3385 4671 3612 4725 Arabiae
3637 4671 3752 4740 fons

2183 4761 2445 4815 similiter.
2481 4759 2597 4814 Nos
2635 4760 2856 4814 bibimus
2877 4761 2938 4813 de
2961 4757 3174 4830 Cybires
3212 4759 3374 4828 fonte,
3411 4761 3619 4830 fratres
3639 4775 3752 4814 vero

2180 4854 2352 4908 nostri
2381 4851 2445 4906 de
2475 4867 2534 4906 eo
2561 4852 2652 4921 qui
2665 4859 2742 4904 est
2773 4851 2827 4903 in
2871 4848 3088 4916 Gerasn,
3123 4851 3180 4903 in
3205 4863 3502 4920 martyrum
3537 4852 3750 4920 templo.

2181 4943 2282 4998 Sed
2305 4952 2356 4997 et
2389 4943 2539 4996 multi
2565 4944 2618 4996 in
2641 4941 2876 5012 ZEgypto
2905 4941 2968 4995 de
2985 4941 3108 4996 Nilo
3159 4941 3254 4996 hoc
3283 4951 3574 4999 testantur.
3625 4945 3754 4998 Tres

2179 5049 2310 5104 ergo
2349 5049 2519 5103 aquas
2549 5033 2818 5098 nominat,
2850 5049 2970 5101 qua:
3001 5034 3148 5088 dicto
3174 5033 3310 5088 festo
3335 5034 3387 5088 in
3413 5036 3614 5090 vinum
3637 5049 3756 5089 ver-

2181 5137 2388 5193 tantur,
2421 5127 2474 5196 1)
2503 5127 2714 5181 fontem
2742 5126 2988 5197 (Iibyres,
3009 5125 3065 5196 2)
3101 5123 3300 5180 fontem
3331 5126 3386 5178 in
3440 5115 3684 5206 cerasa.
3705 5126 3757 5192 3)

2179 5217 2386 5275 Nilum.
2419 5219 2552 5273 Cum
2591 5217 2751 5286 igitur
2785 5225 2895 5271 tres
2939 5217 3027 5270 isti
3087 5215 3262 5270 fontes
3305 5217 3503 5272 vinosa
3561 5231 3762 5288 sapore

2179 5323 2458 5379 nunquam
2485 5305 2744 5362 ﬂuxerint
2769 5306 2872 5362 nisi
2901 5305 3006 5360 hoc
3025 5305 3136 5372 die,
3169 5304 3530 5361 manifestum
3561 5307 3626 5362 ﬁt
3659 5308 3761 5361 hoc

2177 5401 2508 5458 miraculum
2543 5414 2652 5454 non
2683 5413 2806 5454 esse
2837 5406 3112 5467 patratum
3137 5397 3241 5452 nisi
3297 5398 3364 5452 ad
3399 5401 3762 5454 recolendam

2178 5497 2496 5550 memoriam
2531 5493 2636 5546 vini
2660 5505 2724 5545 cx
2757 5505 2898 5558 aqua
2930 5505 2960 5544 a
2981 5488 3202 5546 Christo
3231 5489 3283 5543 in
3315 5488 3462 5544 Cana
3517 5491 3762 5546 Galilmze

2177 5585 2445 5656 producti.
2471 5583 2534 5637 Et
2558 5581 2624 5635 de
2651 5581 2736 5636 bis
2757 5581 2934 5636 tribus
2965 5579 3232 5644 fontibus,
3255 5579 3434 5648 inquit
3457 5579 3762 5644 Barouius,

2174 5687 2306 5736 tam.
2345 5679 2360 5730 I
2397 5689 2543 5731 anno
2577 5675 2638 5728 5|
2671 5689 2727 5727 η.
2753 5673 2842 5739 33,
2877 5685 3064 5728 senon
3095 5671 3411 5727 meminisse
3441 5673 3630 5728 ullum
3661 5675 3762 5730 sibi

2175 5772 2524 5840 scriptorem,
2549 5783 2642 5836 qut
2667 5765 2744 5822 Ch
2755 5765 2872 5822 risti
2893 5763 3126 5820 natalem
3137 5765 3534 5831 antecesserit,
3559 5768 3762 5823 lectum

2173 5879 2318 5928 esse,
2346 5865 2439 5932 qui
2465 5869 2692 5916 testetur
2723 5861 2861 5914 duos
2891 5857 3014 5912 illos
3053 5859 3229 5918 [antes
3263 5867 3316 5913 et
3371 5857 3618 5914 ﬂuvium
3659 5859 3764 5915 Nic

2171 5955 2280 6011 lum
2313 5951 2452 6008 verti
2477 5949 2533 6006 in
2569 5949 2780 6021 vinum.
2815 5947 2912 6004 llic
2937 5947 3220 6004 illustriss.
3265 5945 3490 6003 Baronii
3545 5950 3760 6007 condu-
