3852 6604
177 458 273 523 341

1256 439 1639 506 GRETSER]
1676 435 1773 498 ET
1809 431 2050 495 GOARI
2080 429 2322 492 NOT.‘E.

3319 409 3424 473 342

174 565 365 619 αἱσίιιε
398 561 746 618 calumniator
772 557 933 630 307
964 556 1329 612 Casaubonus
1365 550 1537 607 insilit
1569 548 1743 604 Exer-
1773 548 1817 605 Α
1847 539 1980 595 illud
2024 539 2140 608 jam
2193 538 2298 593 sibi
2338 534 2621 630 vindicent
2647 528 2787 603 apud
2810 529 3004 630 vulgus
3031 543 3046 593 ;
3074 526 3212 630 alias
3243 537 3421 593 quan-

173 662 263 709 cit.
296 655 392 717 15,
429 655 477 711 in
500 650 915 708 celeberrimum
948 646 1243 703 Annalium
1276 644 1627 714 scriptorem,
1654 641 1740 695 in-

1847 631 2137 701 docunque
2189 630 2243 684 in
2300 644 2459 685 usum
2503 627 2751 695 veniunt,
2786 623 2947 696 κηροὶ
2996 618 3425 690 εικηρίαηιιιιιι-

173 714 411 816 sinitque
434 745 591 800 etiam
624 740 755 799 ante
790 742 994 798 Christi
1024 741 1325 796 adventum
1375 736 1506 793 alibi
1568 734 1742 791 fuisse
1832 736 2142 816 cupa‘ntur.
2208 723 2382 779 Porro
2425 721 2650 816 λαμπὰς
2674 720 2996 816 ‘ho-dierna,
3034 730 3134 816 ceu
3198 714 3420 816 festiva,

174 838 342 891 fmtles
371 836 605 903 vinosus,
623 845 898 905 testesque
926 834 1114 887 laudat
1143 829 1482 894 Vitruvium,
1500 827 1739 883 Plinium

171 937 221 982 et
245 927 460 996 eclogas
489 925 753 982 Sationis.
788 925 868 981 Ad
894 924 1027 995 quid
1055 924 1173 979 hate
1204 921 1308 977 nisi
1349 920 1415 975 ad
1444 917 1738 974 texendum

169 1017 533 1071 calumniam?
575 1015 842 1071 Batonius
875 1028 983 1071 non
998 1014 1147 1070 dicit
1183 1028 1245 1070 se
1270 1027 1377 1067 non
1420 1010 1742 1077 meminisse

169 1109 307 1180 quod
340 1111 531 1181 legerit
559 1111 737 1165 ullum
790 1117 1073 1165 auctorem
1106 1107 1203 1179 qui
1237 1105 1475 1162 fontium
1515 1107 1739 1158 vinoso-

171 1219 283 1257 rum
314 1213 442 1258 ante
468 1203 752 1259 Christum
777 1203 1121 1260 meminerit:
1155 1201 1249 1257 sed
1278 1200 1358 1256 ait
1390 1215 1451 1256 se
1481 1212 1588 1253 non
1624 1211 1740 1251 me-

170 1296 393 1352 minisse
419 1296 562 1365 quod
606 1296 782 1351 u!lum
820 1295 1025 1352 Christi
1079 1293 1418 1349 nativitatem
1453 1298 1737 1360 antegres~

170 1404 284 1445 sum
319 1390 529 1459 legerit,
568 1389 666 1460 qui
685 1390 826 1445 duos
853 1403 1018 1459 supra
1049 1403 1114 1443 ex
1145 1384 1448 1458 Epiphanio
1470 1383 1769 1445 adductos.

168 1481 339 1536 fontes
361 1491 418 1537 et
448 1482 628 1536 Nilum
658 1482 880 1537 ﬂuvium
908 1482 967 1537 in
999 1483 1186 1536 vinum
1215 1481 1512 1551 aliquando
1549 1492 1740 1534 versos

168 1589 285 1627 esse
314 1573 403 1627 vel
432 1573 564 1629 verti
598 1576 905 1644 scripserit.
941 1573 1008 1628 Et
1032 1574 1136 1630 ltoc
1167 1575 1328 1645 longe
1360 1574 1521 1627 aliter
1574 1571 1741 1626 tinnit

165 1681 323 1733 quam
356 1668 497 1736 quod
526 1667 769 1723 Baronio
791 1670 1058 1738 impostor
1084 1668 1462 1723 fraudulenter
1482 1666 1736 1736 imponit.

170 1760 270 1814 Sed
288 1759 494 1815 absisto
550 1760 699 1825 hinc,
733 1775 801 1814 ne
825 1772 1004 1815 actum
1036 1775 1223 1830 agam:
1254 1760 1363 1831 jam
1391 1758 1536 1813 enim
1565 1756 1738 1812 Baro-

170 1852 312 1905 nium
345 1851 416 1906 ab
440 1852 542 1907 hac
571 1862 626 1908 et
658 1853 843 1909 multis
868 1853 990 1909 aliis
1022 1852 1500 1907 criminationibus
1521 1850 1737 1907 Casauo
1773 1888 1816 1940 Β

171 1944 412 1999 bouianis
438 1945 698 2013 [trasclare
720 1944 1018 2000 vindicavit
1047 1954 1231 2000 noster
1262 1943 1580 2000 iicribertus
1604 1942 1741 1998 Ros-

172 2037 369 2107 weidus
408 2039 466 2094 in
502 2037 649 2111 Lege
679 2039 901 2094 talionis
940 2038 1008 2093 12
1041 2037 1351 2093 tabularum
1398 2045 1454 2092 et
1496 2036 1552 2091 in
1580 2034 1743 2090 Anti-

175 2131 370 2195 eapello
388 2146 513 2187 suo.

238 2224 473 2279 Fuerunt
504 2233 561 2279 et
595 2224 746 2290 alibi,
798 2224 897 2279 sed
931 2231 1084 2277 extra
1146 2220 1455 2293 epiphaniaa
1517 2220 1739 2286 festum,

186 2328 348 2368 attines
370 2315 552 2370 vinosi
576 2323 634 2369 et
662 2313 842 2368 fontes
876 2313 1060 2368 lactei.
1094 2312 1371 2384 Sylvester
1401 2312 1656 2368 Ciraltlus
1685 2311 1741 2364 in

183 2400 441 2457 itinerario
465 2401 758 2467 Cambrise,
777 2419 837 2470 tt,
873 2404 897 2457 l
929 2420 945 2457 :
979 2401 1095 2456 Hoc
1142 2404 1277 2481 mihi
1290 2402 1520 2457 notabile
1541 2402 1743 2457 videtur

177 2496 296 2563 quod
315 2495 724 2564 nostrisﬂiebus
754 2505 863 2549 tam
888 2496 1107 2564 ﬂuvium
1139 2495 1277 2548 hunc
1301 2494 1582 2562 (Alunuut)
1623 2500 1741 2547 vino

174 2606 375 2643 manare
410 2606 571 2659 quam
606 2589 823 2657 fontem,
878 2606 1030 2660 quem
1085 2588 1239 2643 Pistil
1299 2588 1471 2653 Duwi,
1503 2589 1740 2658 ﬁstulam

178 2678 331 2733 David
359 2689 569 2741 vocant,
600 2679 684 2733 lac
700 2680 910 2734 stillare
941 2689 1263 2749 compertum
1287 2688 1386 2734 est.

238 2771 511 2827 Addamus
536 2773 735 2838 ethoc,
765 2768 962 2843 aquam
987 2771 1264 2839 Iordanis,
1296 2780 1583 2842 postquam
1616 2786 1739 2827 eam

172 2865 408 2921 Christus
425 2874 686 2921 contactu
721 2876 776 2921 et
822 2866 1093 2935 baptismo
1122 2881 1223 2922 suo
1251 2870 1614 2931 consecravit,
1649 2868 1739 2919 in-

174 2960 568 3029 corruptionis
607 2974 834 3013 munere
899 2959 1156 3014 donatam
1226 2974 1350 3015 esse
1383 2997 1397 3012 .
1455 2959 1733 3014 Illustriss.

172 3046 414 3121 princeps
438 3049 697 3106 Nicolaus
734 3049 1162 3120 Cltristopborus
1195 3051 1514 3106 Radzivilus
1556 3053 1609 3105 in
1636 3067 1739 3107 stto

173 3144 523 3216 liotlaaporico
564 3144 1090 3216 Hierosolymitano:
1146 3144 1354 3216 Aquam
1400 3144 1742 3199 valdeturbi-

1846 825 1995 871 tanta
2023 814 2164 870 mole
2186 816 2460 871 conﬂatur
2489 813 2575 869 vel
2606 810 2890 868 coloribus
2921 808 3165 879 pingitur
3198 821 3263 860 ac
3281 804 3420 860 artis

1847 915 1996 962 tanta
2042 906 2309 962 varietate
2338 906 2642 961 adornatur
2673 911 2734 959 ut
2754 903 2901 957 inter
2925 901 3173 969 reliquos
3229 911 3421 954 cereos

1844 994 2154 1065 ἐκλάμπειν
2175 993 2460 1050 verissime
2488 992 2764 1049 videatur.
2799 990 2936 1046 Hinc
2952 990 3120 1061 308
3150 989 3420 1059 virgatum

1843 1086 2289 1155 variegatumque
2316 1096 2459 1156 opus
2485 1097 2647 1141 cereo
2669 1083 2725 1139 in
2751 1083 2855 1137 hac
2875 1080 3167 1136 festivitate
3185 1091 3423 1134 succen-

1843 1178 2023 1234 dendo
2047 1186 2204 1234 vetus
2225 1186 2280 1235 et
2307 1193 2338 1233 a
2366 1168 2668 1249 majoribus
2685 1187 2907 1247 accepta
2928 1173 3188 1246 partemia
3205 1185 3426 1241 compa-

1844 1281 1946 1327 rat.
1963 1271 2037 1327 De
2056 1272 2148 1328 illo
2167 1286 2386 1342 quoque
2403 1287 2505 1328 nos
2521 1272 2645 1327 loco
2664 1270 2893 1343 praefato
2913 1266 3198 1326 nonnulla.
3215 1261 3419 1334 Cum]

2449 1384 2677 1443 CAPUT
2720 1384 2813 1441 lV.

1890 1479 2286 1535 Observationes
2325 1485 2375 1532 et
2412 1476 2789 1546 explicationes
2824 1476 2880 1528 in
2913 1490 2961 1527 c.
2990 1473 3046 1537 9,
3097 1472 3236 1542 quod
3268 1482 3344 1525 est

2262 1548 2328 1602 de
2347 1548 2483 1619 festo
2513 1546 2803 1600 adoranda:
2834 1545 3028 1609 crucis.

1912 1642 1975 1695 P.
2004 1639 2095 1696 65.
2125 1636 2262 1695 Vide
2283 1654 2406 1710 qua:
2425 1638 2493 1694 de
2515 1636 2801 1693 Dominica
2833 1633 3179 1691 adorationis
3204 1633 3265 1687 S.
3293 1646 3421 1688 cru-

1844 1729 1925 1786 cis
1962 1730 2014 1782 iu
2046 1728 2225 1784 media
2257 1726 2691 1795 Quadragesima
2734 1724 3061 1793 scripsimus
3094 1730 3136 1776 t.
3189 1723 3229 1787 l,
3269 1721 3336 1776 de
3359 1721 3421 1774 S.

1844 1821 2022 1875 Cruce
2077 1819 2115 1874 l.
2157 1835 2197 1882 ι.
2249 1833 2302 1874 c.
2347 1816 2524 1876 67.et
2574 1824 2614 1872 t.
2654 1814 2695 1871 ll
2749 1816 2956 1870 multas
3017 1813 3187 1868 habes
3247 1812 3421 1866 homi-

1846 1912 1947 1967 lias
1975 1927 2004 1965 a
2033 1909 2237 1966 Graecis
2260 1909 2512 1966 Patribus
2542 1908 2642 1962 hac
2667 1904 2950 1962 Dotniuica
2982 1903 3179 1958 dictae.
3207 1903 3419 1957 (iners.

1914 2024 2061 2082 Ibid.
2083 2024 2369 2098 [Κυριακῇ
2412 2024 2577 2095 τρίτῃ
2607 2021 2717 2076 τῶν
2745 2018 3014 2092 νηστειῶν
3045 2018 3144 2089 τὴν
3176 2017 3422 2088 προσκύ-

1842 2136 2004 2190 νησιν
2057 2118 2401 2188 ἑορτάζομεν
2432 2116 2527 2170 τοῦ
2558 2115 2747 2185 τιμίου
2803 2108 3209 2178 καῖςωοποιοῢ
3263 2126 3423 2162 σταυο

1846 2213 1966 2281 pob,
2001 2213 2078 2267 ait
2112 2209 2422 2267 Triodiutn.
2460 2208 2756 2265 Rationem
2793 2205 3086 2277 quaesitam
3110 2203 3420 2275 subiungit,

1843 2313 1903 2357 ut
1932 2319 2067 2358 crux
2087 2302 2378 2367 nimirum,
2425 2299 2701 2371 passionis
2733 2297 2939 2353 Christi
2981 2304 3420 2355 monumentum,

1844 2410 1946 2449 nos
1978 2395 2044 2449 ad
2077 2409 2199 2450 eam
2222 2392 2532 2451 ferventius
2551 2389 2896 2447 austeritatis
2918 2397 3164 2456 tempore
3184 2400 3424 2454 sequen-

1812 2488 2206 2548 ‘dantexcitct,
2240 2484 2551 2555 praeteritos
2590 2482 2941 2539 abstinentia:
2971 2479 3194 2535 labores
3222 2491 3424 2532 censu.-

1844 2581 1976 2650 piat,
2009 2589 2063 2635 et
2078 2576 2528 2649 velutpaschalis
2553 2574 2846 2630 hilaritatis
2872 2573 3074 2643 pignus
3103 2585 3224 2627 sese
3249 2569 3422 2640 ipsam

1843 2682 2137 2744 proponat.
2168 2671 2362 2727 Plures
2400 2668 2454 2723 in
2484 2669 2591 2723 hoc
2624 2666 2828 2724 festum
2859 2663 3117 2720 homilias
3147 2661 3425 2730 scripsere

1842 2766 2298 2837 Cltrysostomus,
2360 2759 2728 2831 Sopltronius,
2784 2756 3106 2812 Theodorus
3159 2752 3421 2816 Studites,

1842 2856 2182 2928 Xiphilinus,
2231 2854 2556 2909 Philotheus
2590 2861 2645 2906 et
2692 2850 2808 2906 alii.
2871 2846 3240 2916 Vulgatiorem
3284 2842 3427 2897 cele-
3504 2874 3507 2875 ν

1843 2951 2062 3007 britatis
2094 2949 2260 3003 ritum
2314 2946 2405 3001 his
2445 2945 2630 3001 verbis
2666 2942 2937 3013 Typicum
3000 2936 3158 2994 Saba:
3217 2934 3427 2990 consti-

1842 3041 1950 3095 tuit
1996 3038 2326 3109 ι’Κυριακῇ
2397 3034 2560 3117 τρίτῃ
2614 3032 2726 3087 τῶν
2776 3031 2949 3099 ἁγίων
3010 3025 3278 3098 νηστειῶν
3325 3023 3425 3092 τὴν

1846 3133 2225 3205 προσκύνησιν
2251 3128 2593 3202 ἑορτάζομεν,
2613 3125 2709 3181 τοῦ
2766 3124 2952 3196 τιμίου
2998 3122 3093 3176 καὶ
3133 3117 3414 3185 ζωοποιοῠ

173 3239 283 3291 dam
312 3211 571 3293 .lordanis
607 3239 782 3303 habet,
814 3211 904 3293 sed
929 3211 1216 3300 salubrem,
1240 3254 1358 3309 quas
1395 3238 1451 3292 in
1494 3253 1615 3292 vase
1649 3253 1738 3292 as-

1849 3222 2112 3293 σταυροῦ.
2143 3219 2437 3287 Δοξολογία
2491 3217 2730 3290 μεγάλη.
2796 3215 2971 3268 Ὅταν
3027 3211 3427 3309 διιφάλλομξν

172 3341 361 3385 servata
391 3348 668 3403 nunquam
694 3331 1067 3399 corrumpitur,
1098 3340 1251 3399 prout
1282 3330 1337 3381 in
1364 3345 1426 3382 ea
1451 3344 1614 3399 quam
1655 3337 1741 3382 at-

175 3423 264 3476 tuli
291 3440 490 3477 mecum
523 3423 890 3477 indubitanter
914 3437 1030 3475 sum
1057 3430 1328 3491 expertus.
1356 3420 1740 3492 Hmcinclytus

175 3512 256 3569 ille
282 3515 568 3584 princeps.

237 3606 359 3663 Illud
386 3611 631 3679 denique
660 3609 885 3680 dignum
936 3623 1138 3665 censeo
1189 3609 1336 3679 quod
1394 3610 1739 3674 observetur,

180 3700 474 3759 Donatistas
494 3702 621 3757 olim
654 3702 708 3757 in
733 3701 921 3758 Africa
951 3702 1263 3773 epiphaniae
1281 3700 1480 3757 festum
1510 3717 1616 3757 non
1649 3716 1739 3757 cc-

183 3794 419 3862 lcbrasse,
475 3804 537 3849 ut
572 3803 801 3850 testatur
839 3794 900 3851 S.
940 3794 1289 3866 Augustinus
1337 3810 1505 3851 sertn.
1540 3793 1612 3848 32
1665 3794 1739 3850 De

179 3897 402 3957 tempore
468 3888 556 3945 bis
584 3888 796 3943 verbis:
847 3888 1039 3943 Merito
1081 3889 1243 3943 istum
1277 3889 1414 3943 diem
1468 3903 1739 3958 nunquam

172 3981 429 4034 nobiscum
473 3979 708 4035 lucretici
753 3979 1053 4034 Donatista:
1118 3979 1385 4034 celebrare
1437 3978 1736 4046 uoluerunt,
1786 4008 1791 4014 ο

169 4074 282 4140 quia
305 4090 394 4128 nec
424 4075 687 4129 unitatem
707 4084 909 4139 amant,
939 4090 1033 4127 nec
1061 4072 1324 4129 Orientali
1346 4071 1622 4140 Ecclesia,
1649 4073 1739 4127 ubi

170 4167 407 4234 apparuit
437 4163 533 4218 illa
559 4163 735 4231 stella,
785 4165 1209 4219 communicant:
1233 4181 1327 4218 nos
1359 4172 1536 4218 autem
1567 4164 1738 4218 mani-

170 4258 489 4323 [rstationem
523 4256 734 4311 Domini
762 4264 810 4310 et
838 4254 1131 4310 Saluatoris
1166 4244 1334 4309 nostri
1358 4254 1486 4310 Iesu
1514 4254 1736 4322 Christi,

168 4351 279 4418 quia
302 4350 577 4419 primitias
607 4350 838 4418 gentium
861 4348 1140 4416 delibavit,
1172 4349 1231 4403 in
1254 4349 1460 4403 unitate
1501 4348 1735 4419 gentium

168 4442 502 4497 celebramus.
531 4442 736 4498 Csars.

231 4532 288 4587 P.
346 4534 447 4589 65.
497 4530 606 4606 ['0
662 4532 734 4588 δὲ
758 4534 909 4605 μετὰ
962 4540 1080 4601 τὴν
1128 4533 1516 4602 λειτουργίαν
1563 4533 1732 4603 ἁγια-

169 4628 329 4693 unde.
371 4627 589 4697 Aquam
629 4628 823 4684 iterato
858 4627 1137 4684 benedicit
1168 4627 1413 4684 Ecclesia
1456 4625 1647 4682 Graeca
1680 4627 1735 4681 in

173 4718 563 4788 Tlteopbaniis.
591 4720 760 4775 semel
795 4719 1067 4792 pervigilii
1108 4735 1356 4791 vespere.
1390 4728 1445 4775 et
1474 4720 1528 4775 in
1571 4721 1739 4776 missa

170 4813 430 4867 secundo.
487 4811 801 4867 Secundam
867 4812 1344 4867 consecrationem
1404 4814 1579 4883 tangit
1625 4813 1740 4867 haec

168 4905 342 4959 dictio.
402 4905 574 4974 Aqua:
628 4904 790 4961 istius
845 4904 1233 4960 benedicendze
1281 4904 1449 4958 ritntn
1514 4903 1739 4959 exhibet

170 4997 561 5089 Eucltologiqm
627 4995 732 5053 sub
797 4997 903 5053 hoc
978 4996 1202 5052 titulo:

170 5092 409 5157 μεγάλου
463 5086 746 5159 ἁγιασμοῦ
787 5088 898 5143 τῶν
947 5089 1125 5158 ἁγίων
1171 5088 1528 5157 θεοφανείιυν.
1567 5086 1739 5144 Ollicii

171 5183 481 5253 rituumque
499 5183 1007 5252 interpretationem
1035 5181 1559 5251 quantuluseunquc
1583 5182 1739 5236 labor

171 5282 345 5329 noster
395 5270 1070 5340 adjecit:ecclesiasticis
1118 5269 1190 5323 ibi
1247 5269 1560 5335 elucidatis,
1610 5283 1735 5324 cum

170 5366 367 5421 Codino
402 5366 691 5423 succincte
729 5365 1041 5420 disserente
1076 5363 1256 5419 aulica
1287 5377 1449 5433 quam
1499 5362 1738 5418 breviter

172 5459 566 5532 prosequimur.

242 5547 719 5623 1ὁῑά.[Λαμπάς.
772 5545 849 5603 De
899 5544 1208 5602 luminibus
1255 5559 1415 5600 sacro
1456 5544 1566 5598 τῶν
1617 5542 1735 5613 φώρ

176 5662 270 5698 των
311 5646 401 5702 die
465 5646 521 5701 in
590 5641 835 5706 ecclesia
895 5640 1148 5696 accensis
1206 5636 1484 5708 superﬂue
1536 5644 1781 5693 tractat~

181 5736 253 5792 hic
322 5737 672 5793 scltoliastes.
752 5734 992 5789 Adverto
1063 5730 1428 5786 nihilominus
1507 5728 1735 5795 λαμπά-

177 5827 255 5891 δος
289 5844 490 5883 nomen
542 5825 901 5889 solemnitati,
964 5824 1033 5879 de
1087 5836 1195 5892 qua
1242 5822 1539 5889 loquimur,
1601 5820 1735 5875 adeo

178 5924 447 5990 proprium
491 5919 763 5976 rcdtlituut
789 5958 802 5984 ,
834 5928 888 5973 ut
918 5916 1061 5974 cerei
1111 5916 1213 5972 hoc
1241 5915 1359 5972 solo
1397 5915 1484 5970 dic
1518 5916 1734 5972 accmsi

1258 4995 1584 5050 Ἀκολουθία
1641 4993 1738 5049 τοῦ
1821 5038 1834 5059 ,

1843 3313 1944 3384 τὴν
1971 3311 2310 3381 δεξολογίαν,
2336 3308 2597 3363 ἀλλάσσει
2624 3309 2652 3361 ὁ
2679 3304 2862 3377 ἱερεὺς
2880 3304 2979 3375 τὴν
3014 3300 3211 3371 στολὴν
3230 3296 3422 3361 αὐτοῦ,

1843 3407 1940 3461 καὶ
1973 3404 2159 3460 λαϐὼν
2185 3402 2452 3475 θυμιατδν
2484 3402 2660 3472 θυμιᾷ
2684 3398 2783 3470 τὴν
2821 3398 2990 3467 ἁγίαν
3012 3391 3301 3466 τράπεζαν
3327 3392 3427 3445 καὶ

1843 3500 1937 3553 τὸν
1984 3497 2246 3568 σταυρόν.
2288 3491 2405 3549 Εἶθ’
2452 3492 2595 3548 οὕτω
2651 3490 2925 3562 λαμϐάνει
2970 3487 3136 3544 αὑτὸν
3172 3485 3311 3557 μετά
3352 3484 3430 3537 δί-

1845 3606 1977 3644 σκου
2010 3590 2105 3643 ἐπὶ
2124 3589 2222 3659 τῆς
2252 3586 2497 3657 κεφαλῆς
2527 3583 2695 3661 αὐτοῦ
2726 3586 2824 3639 σὺν
2855 3586 2921 3654 τῇ
2950 3581 3115 3653 θήκῃ,
3147 3582 3241 3635 καὶ
3266 3577 3427 3645 ἐξέρε-

1842 3699 2001 3752 χεται
2028 3683 2093 3735 ὲκ
2124 3680 2221 3734 τοῦ
2254 3674 2558 3753 ἀριστεροῦ
2611 3676 2880 3747 βήματος,
2928 3670 3429 3747 προπορευομὲνων

1842 3774 1995 3844 αὖτῷ
2016 3772 2323 3843 λαμπάδων
2348 3772 2449 3827 δύο
2508 3772 2605 3825 κιιύ⁵
2642 3767 2938 3841 θυμιατοῦ,
2985 3768 3083 3821 καὶ
3118 3766 3431 3834 ἀπέρχεται

1842 3867 1923 3929 είς
1958 3864 2250 3936 βασιλικὰς
2275 3862 2475 3925 πύλας.
2503 3861 2869 3931 Τελεσθείσης
2899 3860 2957 3914 δὲ
2986 3860 3085 3926 τῆς
3118 3855 3427 3927 δοξολογίας

1841 3960 1939 4013 καὶ
1984 3956 2081 4010 τοῦ
2149 3954 2467 4028 τρισαγίου,
2528 3953 2681 4023 λέγει
2739 3953 2975 4021 ὀὶερεὺς
3020 3951 3206 4018 σοφία,
3252 3949 3426 4018 ὀρθοί.

1839 4051 1952 4105 Kal
2010 4048 2246 4118 λέγομεν
2298 4049 2360 4100 τὸ
2396 4046 2698 4116 τροπὰριον
2723 4058 2739 4076 ·
2780 4062 2801 4097 t
2854 4044 3060 4108 Σῶσον,
3102 4041 3302 4110 Κύριε,
3333 4037 3427 4091 τὸν

1839 4141 1970 4195 λαόν
2006 4158 2100 4194 σου
2132 4140 2230 4194 καὶ
2291 4137 2596 4207 εὐλόγησον
2652 4136 2755 4207 τὴν
2797 4134 3171 4205 κληρονομίαν
3224 4148 3343 4184 σου.
3403 4149 3422 4182 ι

1840 4233 1953 4287 Καὶ
2017 4229 2287 4285 είσοδεύει
2315 4232 2344 4284 ὁ
2378 4229 2560 4300 ἱερεὺς
2602 4228 2788 4299 φέρων
2820 4226 2915 4285 τὸν
2972 4227 3132 4296 ἅγιον
3194 4224 3429 4303 σταυρὸν

1841 4325 2160 4398 ἔμπροσθεν
2181 4324 2293 4379 τῶν
2350 4324 2528 4394 ἁγίων
2569 4322 2775 4394 θυρῶν.
2829 4322 3077 4377 Κάκεῖσε
3123 4335 3429 4389 προευτρε-

1792 4462 1797 4465 .
1842 4418 2131 4483 πισθέντος
2160 4417 2498 4490 τετράποδος
2527 4416 2742 4472 τίθεται
2773 4415 2961 4470 ἐπάνω
2985 4411 3155 4471 αὑτοῦ
3182 4413 3211 4467 ὁ
3238 4410 3429 4481 τίμιος

1842 4511 2098 4581 σταυρὸς,
2176 4511 2276 4564 καὶ
2325 4508 2490 4572 εὐθὺς
2542 4507 2827 4580 ἀρχόμεθα
2875 4505 3175 4577 ψάλλοντες
3205 4520 3223 4539 ο
3256 4522 3275 4556 ι
3312 4502 3422 4555 Τὸν

1844 4603 2083 4674 σταυρόν
2107 4621 2203 4658 σου
2235 4602 2690 4674 προσκυνοῦμεν,
2714 4602 2993 4656 Δέσποτα.
3028 4619 3047 4655 ι
3068 4600 3180 4655 Kal
3207 4596 3428 4660 ἀνοίξας

1840 4697 1942 4764 τὴν
1972 4694 2152 4764 θήκην
2203 4692 2436 4763 ἄρχεται
2495 4691 2823 4762 προσκυνῶν
2867 4692 2895 4745 ὁ
2925 4686 3209 4760 προεστὼς
3254 4686 3352 4738 καὶ
3399 4686 3431 4746 ti

1842 4786 2049 4857 ἱερεὺς,
2084 4785 2376 4857 βάλλοντες
2410 4777 2715 4856 μετανοίαξ
2762 4784 2913 4855 τρεῖς
2950 4780 3295 4836 κατενώπιον
3326 4776 3425 4829 τοῦ

1840 4878 2027 4947 τιμίου
2060 4877 2328 4949 σταυροῦ.
2388 4878 2501 4932 Kal
2552 4874 2691 4947 μετὰ
2734 4874 2798 4928 τὸ
2863 4869 3218 4928 ἀσπάσασθαι
3263 4867 3429 4923 πάλιν

1845 4969 2109 5040 βάλλουσι
2166 4966 2467 5040 μετάνοιαν
2501 4966 2730 5036 ὁμοίως,
2776 4965 2877 5019 καὶ
2927 4965 3007 5026 εις
3054 4963 3183 5025 τοὺς
3227 4961 3429 5032 χοροὺς

1842 5065 1981 5132 πρὸς
2003 5061 2156 5132 μίαν.
2193 5056 2499 5123 Εἷθόὖτως
2521 5059 2783 5130 ἄρχονται
2818 5058 2868 5111 οἱ
2899 5052 3142 5123 ἀδελφοί.
3288 5080 3295 5087 ο

1913 5152 2060 5210 Ibid.
2095 5152 2212 5222 Τῆς
2241 5152 2350 5207 τοῦ
2394 5151 2703 5206 «alarios:
2734 5147 3094 5217 ἐκκλησίας.
3129 5144 3306 5211 Quam
3360 5156 3426 5198 cx

1839 5247 2095 5318 pluribus
2119 5246 2175 5300 in
2196 5261 2262 5302 eo
2294 5244 2533 5301 conditis
2560 5252 2756 5300 auctor
2773 5258 2882 5298 non
2911 5242 3177 5311 assignat,
3196 5237 3428 5318 primam

1842 5340 2116 5411 siquidem
2133 5339 2455 5395 Trullanam
2474 5337 2842 5408 Theophanes
2864 5351 2895 5390 a
2926 5333 3215 5390 Pulolteria
3234 5330 3428 5385 lunda-
3484 5340 3507 5379 ι

1842 5445 1952 5490 tam
1980 5434 2035 5489 in
2058 5432 2494 5504 Protomartyris
2537 5430 2807 5486 honorem
2828 5428 3020 5489 refert,
3042 5426 3207 5481 aliam
3228 5423 3306 5493 τῷ
3329 5423 3428 5491 ἀρ-

1842 5524 2201 5595 χιστρατήγῳ
2234 5522 2485 5579 Ilicbaeli
2519 5522 2575 5577 in
2601 5523 2795 5578 eodem
2859 5519 3099 5574 dicatam
3169 5514 3425 5582 legimus.

1845 5616 2107 5671 Basilium
2138 5615 2490 5684 Leonemque
2522 5620 2604 5668 tot
2621 5622 2677 5668 et
2706 5620 2814 5666 tam
2850 5608 3033 5663 varias
3055 5606 3256 5661 ibident
3281 5612 3424 5657 stru-

1843 5709 1991 5763 xisse
2025 5708 2362 5776 dotasseque
2422 5712 2636 5769 narrat,
2690 5710 2752 5758 ut
2810 5701 2968 5756 urbis
3038 5698 3202 5752 unius
3244 5693 3422 5763 spatio

1841 5801 2024 5870 plures
2053 5799 2175 5869 capi
2195 5813 2306 5854 non
2320 5797 2500 5854 solere
2517 5810 2832 5851 cernamus.
2859 5792 3012 5848 Cosa
3039 5788 3059 5861 ]

1856 5908 1867 5923 '
1919 5892 2060 5949 ibid.
2104 5890 2460 5947 Slicharium.
2503 5886 2702 5945 Junius
2734 5900 2925 5943 secure
2956 5881 3134 5943 vertit,
3172 5880 3418 5938 mammi-
