3852 6598
409 411 518 474 3ε3

1557 409 1636 470 ΙΝ
1683 404 2128 472 ΙᾸΒΗΠΜὯΕ.
2143 412 2473 475 OFFICIIS
2514 415 2626 476 ΟΡ.

3567 412 3672 476 3ίὲ

411 531 540 596 iatn,
577 539 628 584 ct
653 533 902 598 pheloncn
961 533 1231 596 penulam,
1275 537 1330 582 ct
1386 526 1789 594 epitrachelium
1823 527 1988 580 colla-
2017 535 2062 591 Α
2095 539 2228 596 tem,
2259 529 2430 596 dices,
2465 531 2648 586 clerici
2697 529 2852 600 juxta
2888 531 3198 589 Cedrcnnm
3255 532 3518 600 palatium
3553 548 3662 588 non

411 624 587 686 rium;
629 625 867 676 orarium
917 625 1120 678 retinet
1181 619 1430 689 quidem,
1477 619 1570 675 sed
1619 619 1851 673 ridicule
1899 621 1984 672 in-

413 723 740 783 terpretatur
795 714 1062 784 psalmum
1146 713 1480 778 oratorium,
1553 711 1808 764 εὐκτικὸν
1888 711 1986 781 μὲ-

411 806 524 870 λος.
557 805 700 874 Ergo
735 807 972 861 ministri
1001 806 1271 870 ecclesiae,
1305 805 1398 873 qui
1423 805 1666 860 orarium
1715 803 1982 868 ferebant,

411 897 673 966 psalmmu
697 900 996 976 oratorium
1033 897 1304 953 ferebant.
1339 898 1557 964 Quaeso,
1610 896 1824 966 inspice
1853 896 1988 949 ima-

415 995 600 1055 ginem
625 988 843 1060 Georgii
902 991 1256 1062 Pachymeris
1290 991 1448 1045 initio
1497 989 1771 1058 Gregorte,
1804 989 1985 1042 orario

413 1085 765 1152 conspicuam
793 1103 806 1138 :
841 1095 894 1139 ct
916 1085 1128 1153 dispice
1153 1099 1284 1138 num
1311 1082 1385 1138 ibi
1405 1081 1668 1152 psalmum
1689 1083 1986 1136 oratorium

411 1176 736 1230 inventurus
762 1177 857 1228 sis.
894 1174 1098 1230 Gaers.

483 1267 648 1336 309
681 1267 826 1322 Ibid.
867 1267 1178 1338 [Στιχάρῖον
1211 1267 1508 1322 (ὶῑῑιεωιιιιίε
1535 1268 1737 1332 trmica,
1773 1265 1982 1328 talaris,

412 1359 652 1426 undique
683 1361 890 1422 clausa.
930 1359 1176 1414 nonnihil
1227 1360 1436 1423 stricta,
1485 1359 1685 1413 coloris
1726 1358 1832 1412 albi
1890 1373 1986 1425 pro

417 1451 602 1516 solito,
625 1453 736 1507 ἀπὸ
756 1453 850 1506 τοῦ
877 1453 1090 1522 στίχου,
1123 1455 1274 1523 quod
1303 1468 1407 1506 uno
1435 1459 1608 1504 tractu
1639 1458 1983 1514 centexatnr,

375 1574 384 1582 -
411 1545 578 1601 dicta.

480 1638 626 1694 Ibid.
661 1637 914 1710 Φελώνην
941 1647 1136 1712 vocant
1166 1638 1410 1692 casulam
1426 1637 1840 1703 sacerdotalem,
1871 1651 1987 1690 ma-

415 1733 554 1788 nicis
585 1741 889 1794 carentem,
939 1747 1004 1786 ac
1035 1739 1205 1786 totum
1240 1745 1440 1800 corpus
1473 1731 1714 1800 undique
1741 1729 1986 1784 ambien-

413 1837 549 1880 tem.
605 1823 1176 1894 CappamneOtericus
1219 1821 1439 1891 quidam
1477 1837 1628 1890 teque
1661 1819 1984 1890 simpliciter

2089 621 2414 676 habitabant
2455 633 2509 677 et
2544 633 2702 678 erant
2757 625 3064 689 ἐξώκοιτοι.
3099 625 3410 682 Assentior.
3465 627 3664 684 Verum

2089 713 2182 767 ubi
2241 728 2432 768 vocem
2477 714 2966 781 éﬁwzamxolimv,
3013 733 3178 786 quam
3241 718 3344 772 soli
3397 719 3666 774 neoterici

2089 805 2390 874 scriptores
2415 815 2742 876 suggerunt,
2771 807 2826 862 in
2861 823 2996 881 usa.
3031 818 3160 864 tunc
3211 807 3388 862 fuisse
3435 808 3670 864 demon-

2088 895 2291 950 strabis
2318 897 2344 949 ?
2371 895 2512 961 Quin
2546 897 2660 952 imo
2707 899 2756 952 si
2806 898 2958 966 prius
3009 899 3462 967 ὲξωκατάκοιλοι,
3507 901 3602 970 qui
3639 917 3674 958 e

2088 986 2292 1056 palatio
2327 995 2488 1042 erant
2515 987 2822 1054 ὲξὼκοιτοι,
2855 1005 2981 1045 cum
3015 1006 3044 1044 a
3077 989 3258 1046 Leone
3277 991 3542 1047 Armenio
3573 995 3672 1062 (ne

2092 1077 2280 1132 sicarii
2317 1078 2758 1148 perduellesque,
2793 1081 2940 1151 quod
2967 1089 3094 1136 tunc
3126 1091 3306 1136 artum
3329 1082 3674 1148 est,fraudu-

2091 1168 2268 1223 tenter
2293 1185 2420 1226 cum
2453 1169 2670 1226 clericis
2707 1172 2762 1226 in
2789 1173 3054 1240 palatium
3107 1183 3272 1228 noctu
3331 1173 3670 1243 irreperent)

2089 1261 2271 1316 clerici
2339 1263 2784 1332 pernoctaverint
2841 1265 2898 1318 in
2981 1265 3147 1334 regiis
3216 1265 3448 1330 aedibus,
3515 1265 3672 1319 nulla

2089 1353 2354 1422 deinceps
2389 1355 2698 1420 ὲξωκοίτων
2735 1356 2818 1410 vel
2869 1356 3328 1420 ὲξωκατακοί).ων
3381 1367 3528 1412 esset
3563 1356 3668 1410 ha-

2087 1444 2268 1498 benda
2329 1445 2616 1501 memoria.
2661 1445 2756 1500 llis
2807 1445 2994 1517 iunge,
3051 1461 3164 1502 non
3227 1448 3528 1518 palatinos,
3567 1447 3672 1502 sed

2091 1535 2494 1602 patriarchicos
2558 1536 2768 1606 primos
2793 1537 3026 1592 clericos
3060 1538 3534 1604 ὲξωκατακοί).ους
3563 1553 3668 1593 vo-

2090 1637 2274 1698 catos;
2317 1641 2372 1684 ut
2411 1631 2542 1700 quid
2577 1632 2692 1687 haec
2747 1643 2932 1690 rerum
2965 1632 3408 1688 dissentientium
3437 1643 3672 1703 pertur-

2089 1720 2242 1776 batio
2270 1732 2326 1776 et
2359 1737 2388 1776 a
2425 1723 2632 1792 palatio
2671 1723 2738 1776 ad
2775 1724 3104 1793 patriarchae
3142 1726 3325 1780 sedem
3351 1725 3672 1795 digressus,

2091 1822 2146 1864 ul
2182 1811 2273 1881 qui
2307 1813 2499 1881 palatii
2525 1813 2835 1880 ὲξώκοιτοι,
2871 1831 3074 1870 nomen
3119 1817 3250 1872 dent
3277 1817 3678 1886 patriarchicis

415 1931 481 1970 ac
515 1915 811 1968 inscienter
843 1914 1081 1968 vocavit.
1117 1911 1193 1967 Ex
1232 1911 1516 1982 privilegio
1557 1919 1611 1966 et
1655 1909 1720 1965 ad
1753 1910 1984 1980 amplio-

2090 1903 2598 1969 ἐξωκατακοὶλοιςῖ
2629 1907 2712 1961 Illi
2743 1909 2932 1975 etiam,
2993 1909 3224 1976 inquies,
3263 1909 3488 1963 fuerunt
3519 1924 3554 1962 e
3583 1925 3680 1976 pa-

413 2023 525 2060 rem
554 2015 806 2062 ornatum
847 2005 1090 2072 palatino
1123 2003 1510 2060 archidiacono
1543 2003 1788 2058 casulam
1843 2001 1987 2056 ferre

415 2098 562 2150 licet.
1487 2117 1490 2120 ’
1699 2101 1712 2110 ’

487 2189 626 2241 Ibid.
681 2189 762 2241 Οὐ
811 2187 938 2256 μὴν
987 2187 1450 2256 ἐπιτραχήλιον.
1497 2185 1580 2240 0b
1627 2183 1986 2240 sacerdotalis

413 2283 618 2350 gradus
673 2279 968 2343 defectum,
1021 2279 1184 2348 cujus
1223 2277 1355 2334 illud
1409 2287 1494 2332 est
1555 2277 1790 2344 insigne,
1846 2275 1984 2329 stola

415 2375 672 2428 nimirum
729 2387 758 2426 e
811 2371 954 2425 collo
1013 2385 1210 2426 versus
1265 2370 1478 2425 medias
1511 2369 1676 2424 tibias
1711 2368 1982 2432 deﬂuens,

412 2467 569 2537 cujus
599 2466 847 2534 pendula:
875 2465 1003 2518 hinc
1047 2463 1173 2518 inde
1227 2473 1414 2533 partes
1467 2463 1532 2516 ad
1576 2462 1810 2516 invicem
1857 2468 1988 2516 sunt

411 2559 697 2629 colligata.

482 2671 623 2725 Ibid;
667 2673 940 2744 Ὠράριον,
981 2675 1121 2730 stola
1152 2674 1454 2729 diaconalis
1485 2671 1812 2728 sacerdotali
1852 2672 1983 2726 stri-

411 2765 576 2828 ctior,
609 2766 698 2819 cui
723 2767 777 2820 in
813 2767 1038 2836 longum
1074 2785 1176 2823 vox
1211 2769 1367 2834 ἅγιος
1405 2777 1484 2821 ter
1515 2765 1861 2840 inscribitur.
1901 2765 1985 2818 Si-

411 2856 589 2910 nistro
627 2863 834 2910 tantum
867 2857 1098 2912 humero
1135 2859 1335 2913 tunicae
1379 2857 1730 2928 superposita
1759 2871 1822 2912 ac
1853 2857 1985 2912 sini-

411 2953 521 2997 stra
549 2960 712 2998 manu
746 2955 953 3000 retenta
983 2957 1244 3017 gestetur.
1727 2957 1730 2962 '

483 3055 622 3110 Ibid.
655 3057 888 3124 Σῶσον,
933 3059 1130 3127 Κύριε.
1163 3057 1259 3111 His
1291 3059 1448 3122 adde,
1479 3059 1524 3114 si
1558 3059 1830 3115 curiosius
1859 3059 1986 3114 reli-

410 3164 515 3215 qua
538 3147 846 3216 desideras,
876 3153 901 3203 ὁ
933 3151 1094 3216 Θεὸς,
1133 3151 1222 3204 τὸν
1270 3151 1398 3202 λαόν
1430 3168 1548 3214 σου,
1571 3152 1664 3204 καὶ
1692 3150 1985 3220 εὐλόγησαν

366 3301 374 3308 ο
409 3243 508 3312 τὴν
533 3243 904 3313 κληρονομίαν
937 3261 1054 3309 σου,
1086 3243 1384 3312 ἐπίσκεψαι
1416 3245 1506 3296 τὸν
1546 3246 1754 3314 κόσμον
1799 3262 1894 3298 σου
1925 3245 1982 3298 ἐν
2011 3240 2053 3297 C

411 3333 554 3384 ἐλέει
579 3335 675 3386 καὶ
699 3336 1027 3403 οἰκτιρμοῖς,
1062 3333 1278 3402 ὕψωσον
1310 3333 1476 3402 κέρας
1509 3334 1854 3402 Χριστιανῶν
1893 3334 1985 3402 ὀρ-

413 3426 666 3492 θοδόξων,
699 3427 793 3478 καὶ
817 3427 1184 3496 κατάπεμψον
1213 3427 1298 3495 ἐφ’
1333 3428 1482 3496 ἡμᾶς
1517 3427 1584 3480 τὰ
1631 3429 1758 3498 tm,
1791 3446 1883 3481 σου
1915 3427 1986 3480 τὰ

415 3520 670 3584 πλούσια,
735 3519 1054 3590 πρεσϐείαις
1113 3521 1212 3589 τῆς
1255 3521 1646 3589 παναχράντου
1697 3519 1984 3590 δεσποίνης

411 3609 572 3678 ἡμῶν
603 3610 860 3663 θεοτὸκου
894 3612 988 3664 καὶ
1033 3609 1404 3680 ἀειπαροὲνου
1461 3612 1702 3682 Μαρίας,
1731 3614 1797 3682 τῇ
1830 3612 1985 3666 δυνά-

413 3699 619 3768 μειτοῦ
659 3701 845 3771 τιμίου
871 3705 964 3753 καὶ
1012 3701 1279 3765 ζωοποιοῦ
1317 3702 1592 3770 occupati;
1631 3703 1984 3770 προστασίαις

403 3791 729 3860 τῶντιμίων
753 3793 1088 3862 ἐπουρανίων
1118 3793 1750 3866 δυνάμεωνθρισωμάτων.
1783 3793 1934 3848 (ΙοΑιι
1961 3791 1982 3866 ]
2020 3801 2026 3807 “

479 3902 538 3956 Ρ.
573 3903 886 3960 66.Jnnius
947 3905 1148 3976 ubique
1205 3919 1494 3976 perperam
1546 3907 1828 3960 catacwlos
1886 3922 1983 3976 pro

409 4001 806 4052 exocutacwlos.
842 3999 1046 4054 (iners.

485 4113 626 4166 Ibid.
657 4113 721 4184 [Ε
747 4129 938 4168 novent
969 4115 1286 4170 ofﬁcialium
1312 4115 1520 4184 Magna:
1535 4115 1780 4182 ecclesiae
1801 4127 1986 4184 penta-

411 4207 570 4260 dibns
603 4207 764 4276 primi
797 4221 918 4269 sex,
955 4221 1280 4262 oeconomus
1317 4208 1604 4272 nimirum,
1635 4207 1980 4274 sacellarius,

417 4299 812 4368 scevopbylax,
863 4299 1282 4368 chartophylax,
1352 4299 1568 4352 sacellae
1634 4303 1983 4371 praepositus,

413 4389 692 4457 hodieque
765 4387 973 4454 primus
1027 4387 1378 4443 defensorum
1453 4391 1748 4462 (quondam
1803 4403 1986 4462 proto-

2093 1997 2354 2052 triarcltio
2403 1999 2705 2065 ἐξῶκοιτοι.
2763 2000 2932 2066 Quasi
2986 2015 3120 2056 vero
3187 2002 3312 2056 inde
3369 2001 3678 2066 ὲξωκάτοι-

2089 2089 2195 2144 λοι.
2261 2088 2528 2156 Facilius,
2603 2107 2688 2146 me
2755 2092 2966 2160 judice,
3017 2095 3229 2148 diceres
3287 2089 3680 2157 ὲξωκατακοε-

2088 2182 2210 2244 lae;
2251 2182 2411 2250 quasi
2443 2181 2950 2250 ὲξωκατακὲλλους,
2983 2185 3078 2255 qui
3113 2186 3413 2254 συγκέλλου
3433 2183 3682 2254 patriar-

2089 2273 2204 2328 cha:
2231 2274 2558 2329 concellanei
2587 2276 2901 2345 privilegio,
2937 2287 2996 2331 ut
3037 2278 3104 2331 ad
3139 2277 3256 2344 ejus
3291 2277 3479 2330 cellam
3511 2275 3684 2330 habi-

2087 2376 2292 2431 tarent,
2331 2383 2604 2436 nusquam
2633 2367 2958 2438 gauderent.
3021 2368 3212 2423 Terret
3263 2383 3350 2424 me
3389 2367 3685 2424 nihilomi-

2089 2472 2195 2511 nus
2239 2472 2306 2512 ne
2346 2457 2398 2512 id
2451 2472 2741 2526 suggeram
2779 2457 3236 2523 ὲξωκαιακοίλων
3267 2459 3531 2524 dignitas,
3585 2459 3681 2514 cui

2088 2565 2120 2602 a
2156 2549 2430 2618 privilegii
2490 2551 2616 2606 aliis
2663 2552 2915 2606 concessi
2955 2553 3264 2621 privatione
3301 2567 3507 2607 nomen
3551 2567 3686 2604 mu-

2091 2641 2233 2695 tuari
2271 2656 2500 2710 prorsus
2535 2642 2840 2712 indignum.
2871 2643 3057 2698 Placet
3101 2643 3304 2698 idcirco
3335 2643 3514 2712 magis
3543 2643 3686 2697 reli-

2090 2747 2232 2801 quos
2263 2745 2454 2786 omnes
2496 2732 2580 2786 his
2620 2732 2913 2788 inferiores
2966 2735 3198 2788 clericos
3253 2749 3350 2788 ceu
3399 2734 3684 2787 κατακοί-

2089 2821 2212 2885 λους
2237 2823 2352 2878 loco
2387 2824 2719 2894 depressiore
2762 2834 2810 2878 et
2841 2825 3033 2878 humili
3088 2825 3418 2879 considentes
3459 2834 3684 2894 specta-

2096 2929 2178 2978 re,
2212 2913 2314 2968 hos
2341 2931 2471 2970 vero
2505 2917 2622 2972 sive
2654 2917 2972 2971 inecrlcsiae
3001 2931 3268 2972 consessu
3311 2917 3428 2972 sive
3453 2918 3506 2970 in
3545 2932 3684 2989 pro-

2090 3007 2320 3062 cedendi
2367 3007 2560 3062 ordinc
2617 3007 2732 3062 sive
2765 3007 2830 3062 ad
2871 3007 3244 3077 patriarcham
3309 3007 3512 3064 vicinia
3587 3023 3686 3062 su-

2089 3099 2374 3155 blimiores
2445 3100 2617 3154 multo
2670 3115 2732 3154 ac
2774 3099 3200 3164 eminentiores,
3257 3106 3312 3152 et
3367 3098 3482 3168 (qui
3541 3109 3684 3154 sunt

2092 3193 2254 3247 modo
2331 3192 2722 3260 spectatissimi
2771 3191 3130 3272 ’cardinales)
3189 3189 3682 3253 ὲξωκατακοξλους

2090 3284 2353 3354 perfecte,
2383 3285 2828 3339 eminentissimos
2857 3283 3332 3352 decernereslo
3359 3282 3680 3336 vocandas.

2090 3375 2347 3430 Detineor
2382 3385 2564 3430 tamen
2600 3375 2898 3446 Regiorum
2927 3374 3164 3429 lectione
3217 3387 3405 3426 vocem
3441 3372 3682 3426 unicam

2089 3467 2146 3521 in
2177 3469 2313 3522 duas
2353 3467 2648 3531 dividente,
2699 3467 3072 3535 diaconosque
3107 3473 3438 3518 memoratos
3465 3463 3532 3526 ἓξ
3573 3481 3682 3515 κα-

2088 3560 2397 3624 τακοίλους,
2435 3575 2528 3613 sex
2561 3560 2858 3624 depressos,
2895 3556 3220 3626 patriarcha:
3251 3555 3518 3608 nimirum
3589 3569 3686 3610 as—

2088 3667 2352 3714 sessores,
2385 3665 2572 3704 verum
2615 3649 2898 3720 dignitate,
2929 3647 3074 3715 jure,
3102 3647 3245 3712 loco,
3283 3655 3562 3715 potestate
3598 3647 3690 3700 in-

2085 3741 2321 3798 feriores
2349 3741 2593 3809 omnino.
2617 3741 2888 3794 Arriserat
2919 3739 3071 3808 prius
3103 3754 3164 3792 ea
3197 3737 3340 3793 vocis
3363 3737 3684 3804 expositio,

2087 3849 2210 3904 qum
2246 3835 2450 3903 regiam
2475 3833 2666 3887 urbem
2701 3831 2805 3887 (ΣΡ.
2835 3831 2902 3883 ad
2939 3833 3138 3884 veteris
3181 3829 3366 3884 [tenue
3403 3828 3600 3884 instar
3625 3832 3680 3885 in

2091 3925 2372 3980 ruentibus
2403 3933 2456 3978 et
2489 3924 2723 3979 vallibus
2761 3924 2927 3976 variis
2957 3923 3140 3986 sitam,
3169 3919 3433 3990 quasdam
3495 3921 3682 3975 etiam

2088 4017 2486 4070 ecclesiastum
2523 4015 2577 4070 in
2603 4015 2726 4070 istis
2750 4023 2860 4068 tum
2897 4013 2950 4067 in
2984 4013 3094 4067 illis
3141 4011 3511 4068 exaedificatas
3535 4027 3683 4068 con-

2089 4109 2371 4177 templata,
2404 4105 2762 4161 humilinrum
2825 4107 3070 4161 locorum
3119 4103 3361 4158 oratoria
3405 4103 3608 4159 minus
3651 4119 3684 4158 e

2088 4199 2238 4254 clero
2272 4201 2453 4270 dignis
2497 4199 2803 4268 assignaret
2835 4197 3120 4269 regendas,
3170 4197 3484 4268 praecipuas
3514 4212 3682 4264 vero,

2087 4307 2211 4360 qua:
2239 4292 2290 4344 in
2325 4293 2606 4348 montibus
2650 4293 3000 4348 fundamenta
3035 4291 3210 4362 posita
3272 4291 3682 4346 nancisceren-

2089 4391 2198 4444 tur,
2269 4382 2358 4436 his
2401 4383 2865 4449 ὲξωκατακοίλοις
2923 4381 3071 4436 velut
3134 4391 3346 4436 montes
3417 4379 3686 4436 lucernis

413 4478 688 4545 notarius)
741 4477 810 4532 ab
865 4480 1186 4532 auctoribus
1275 4481 1550 4551 plerisque
1611 4483 1980 4552 ὲξῳκατάκοι-
2029 4499 2050 4526 ρ
2089 4485 2392 4530 reservatus
2416 4485 2689 4529 censeret.
2747 4473 2952 4529 Pt'aater
3001 4471 3224 4527 Iunium
3285 4469 3682 4538 coniectorem

411 4569 494 4619 λοι
527 4567 805 4635 appellati.
863 4567 1020 4620 Ratio
1047 4568 1212 4622 dubia
1244 4581 1348 4632 est,
1377 4580 1430 4624 ct
1457 4572 1602 4626 circa
1636 4587 1824 4628 vocent
1847 4589 1982 4630 eon-

407 4659 640 4724 jecturis
664 4659 950 4728 hucusque
977 4660 1158 4714 lusum
1194 4673 1270 4715 est
1325 4663 1562 4717 abunde.
1597 4663 1791 4719 Paucis
1819 4681 1978 4735 nugae

413 4755 751 4823 rejiciendze,
781 4755 1002 4810 brevius
1037 4771 1260 4825 quoque
1295 4771 1420 4836 vera
1481 4759 1750 4812 sententia
1803 4760 1986 4826 profe-

413 4849 605 4902 renda.
629 4847 767 4902 Sunt
801 4849 919 4918 qui,
943 4859 1000 4902 ut
1037 4849 1268 4904 liberius
1299 4849 1728 4919 hallucinemnr,
1777 4853 1986 4915 ὲξωκα-

413 4941 702 5004 τακοξλους
763 4941 1076 5010 repudiant,
1135 4958 1373 5011 quorum
1440 4945 1560 4999 vice
1615 4941 1988 5007 ἐξωκατακοίυ

415 5047 542 5091 τους
591 5041 884 5105 reponunt,
943 5031 1134 5099 jejuna
1209 5034 1372 5088 valde
1428 5035 1650 5089 concilii
1713 5035 1982 5102 Trullani,

417 5122 680 5176 rnoniales
737 5139 862 5178 can.
899 5123 969 5178 ω
1017 5123 1354 5192 ἐξωκοιτεῖν,
1385 5135 1540 5182 extra
1590 5131 1992 5182 monasterium

415 5211 680 5276 dormire,
743 5213 1110 5280 prohibentis,
1159 5215 1486 5270 auctoritate
1559 5216 1722 5281 fulti;
1777 5217 1986 5286 hosque

415 5305 540 5357 ideo
597 5301 1070 5366 ἐξωκοιτακοί).ους
1135 5307 1290 5372 quasi
1342 5307 1842 5372 ἑξωκατακοίτους,
1891 5307 1986 5378 qui

415 5407 568 5449 extra
601 5395 864 5465 palatium
895 5397 978 5450 vel
1007 5397 1398 5464 patriarchium
1441 5399 1732 5464 cubarent,
1785 5400 1983 5455 dictos.

415 5489 620 5544 Verum
645 5506 743 5544 cur
773 5503 880 5544 non
922 5487 1136 5544 fat-ilius
1165 5505 1261 5545 eos
1291 5492 1612 5556 ὲξωκοὲτους
1649 5507 1810 5562 quam
1853 5494 1988 5555 ἐξω-

417 5585 637 5644 κοίλους
684 5585 750 5637 ab
780 5583 1090 5646 ὲξωκοιτεῖν
1143 5583 1398 5637 diceres?
1455 5585 1675 5637 Annon
1727 5587 1990 5652 pervertit

414 5677 670 5730 dictionis
693 5689 912 5748 sensum
931 5673 1332 5743 praepositionis
1346 5675 1801 5741 additamentum,
1821 5691 1984 5746 quam

419 5776 502 5828 vel
527 5775 777 5828 litterulae
803 5771 886 5826 vel
909 5781 1170 5826 accentus
1215 5774 1443 5825 mutatio
1479 5787 1834 5840 corrumpere
1891 5787 1990 5842 po-

416 5882 522 5924 test
554 5885 616 5925 ex
643 5867 900 5938 integro?
933 5863 1148 5922 At'antc
1175 5865 1372 5921 Leonis
1409 5863 1655 5919 Armenii
1693 5875 1984 5931 tempestu-

2093 4567 2363 4622 aliusnon
2403 4566 2576 4620 adfuit
2621 4567 2714 4636 qui
2753 4565 3079 4622 sententiam
3149 4567 3391 4618 ﬁrmaret
3445 4575 3680 4619 auctor.

2097 4659 2170 4714 Ea
2209 4675 2353 4714 nunc
2377 4659 2498 4713 ideo
2531 4675 2639 4714 non
2676 4659 2857 4714 acrius
2888 4658 3130 4728 tlefensa,
3179 4655 3398 4726 Georgii
3452 4657 3688 4714 Coresii

2097 4755 2216 4808 suis
2251 4767 2337 4808 me
2370 4752 2565 4806 litteris
2586 4752 2758 4806 amice
2790 4743 3167 4805 convenientis
3192 4749 3490 4803 diversam.
3522 4767 3690 4804 men-

2094 4855 2200 4898 tem
2241 4843 2489 4896 tenacius
2522 4841 2774 4910 amplecti
2805 4842 3189 4896 constituttun.
3235 4837 3430 4903 Totus,
3491 4841 3690 4911 inquit

2093 4937 2202 5000 ille,
2234 4935 2338 4990 (ΖΡ.
2373 4935 2690 5004 patriarchii
2722 4935 2858 4988 situs
2890 4949 3190 4990 concavum
3225 4933 3404 4988 locum
3437 4947 3688 5004 occupa-

2091 5030 2166 5082 vit
2183 5031 2480 5099 quondam,
2499 5029 2726 5098 ejusque
2741 5029 2884 5082 aedes
2897 5043 3018 5082 cum
3037 5027 3262 5096 reliquis
3281 5037 3546 5097 spectatae
3568 5029 3691 5080 κοί-

2091 5122 2189 5190 λην
2222 5119 2370 5172 Οέσιν
2403 5123 2684 5173 caritatem
2714 5131 2765 5174 et
2816 5121 2967 5174 velut
2994 5122 3294 5186 voraginem
3327 5119 3688 5174 exhibebant

2091 5215 2291 5283 oculis,
2333 5223 2386 5268 et
2411 5215 2464 5268 in
2499 5229 2562 5268 ea
2589 5226 2701 5267 tum
2739 5214 2964 5284 syncclli
2997 5223 3110 5266 tum
3140 5212 3232 5265 alii
3283 5212 3554 5266 monachi
3583 5227 3690 5280 pa—

2095 5307 2347 5361 triarchae
2399 5307 2665 5376 obsequio
2716 5307 3012 5375 mancipati
3059 5305 3144 5358 vel
3177 5304 3342 5358 etiam
3375 5302 3686 5360 domestici

2092 5401 2275 5452 sedem
2325 5399 2669 5466 oblinebant,
2707 5401 2852 5454 unde
2901 5408 2955 5453 et
3001 5396 3360 5451 κατάκοιλοιι
3399 5396 3688 5464 primates

2093 5507 2221 5546 vero
2249 5492 2434 5546 clerici
2482 5492 2588 5558 ἔξω
2642 5493 2959 5560 κοιλότητος
2991 5499 3396 5544 commorantes
3441 5487 3688 5544 demos-

2093 5600 2198 5654 que
2235 5585 2446 5652 amplas
2472 5595 2525 5640 et
2553 5567 2797 5639 cxcelgas
2822 5583 3029 5651 adepti.
3084 5597 3185 5637 ceu
3220 5581 3313 5650 qui
3353 5597 3418 5636 ex
3473 5588 3692 5652 praeci-

2097 5677 2220 5746 puis
2251 5677 2473 5729 familiis
2501 5687 2554 5728 et
2589 5677 2915 5745 proceribus
2956 5663 3344 5744 seligerentur,
3379 5675 3691 5738 ἐξωκιτά-

2097 5771 2265 5824 actim
2293 5770 2576 5836 nominati,
2605 5769 2694 5840 qui
2731 5787 2836 5824 non
2858 5769 3020 5824 modo
3052 5769 3281 5823 clericos
3301 5768 3466 5834 alios,
3497 5774 3604 5824 sed
3631 5781 3691 5827 ct

2101 5863 2384 5926 pontifices
2437 5863 2582 5926 ipsos
2647 5865 2852 5920 honore
2915 5866 3303 5920 tua-cederent.
3357 5861 3482 5918 “ait.
3563 5863 3686 5920 ille.
