3852 6620
451 398 560 464 347

1585 405 1665 467 IN
1697 410 2004 473 LIBRUM
2046 412 2142 472 DE
2171 415 2504 476 OFFlCllS
2537 415 2650 478 CP.

3598 424 3698 486 348

411 531 413 534 ‘
448 517 714 580 manibus,
744 517 832 569 sed
861 516 914 568 in
937 516 1170 571 humeris
1201 520 1374 586 posita
1399 530 1519 573 sunt
1554 524 1878 578 numisnmta
1913 543 2031 579 cum
2063 535 2106 589 Α
2137 530 2298 599 paulo
2350 539 2472 600 post
2523 531 2590 586 de
2649 531 2988 601 principibus
3034 535 3303 604 sequitur.
3367 537 3602 595 Addncit
3645 553 3697 598 ct

447 607 812 676 scaramangis
828 619 1057 677 quatuor
1074 608 1264 679 (vestis
1282 625 1452 680 genus
1469 624 1550 668 est
1567 618 2028 688 scaramangiutn,

450 701 670 769 pluviae,
706 701 1034 772 cteterisqne
1067 703 1194 758 coeli
1230 703 1446 772 injuriis
1483 709 1733 763 arcendis
1759 711 2029 778 apposita.

448 789 584 844 Vide
634 789 944 846 Pandecten
991 793 1314 860 Turcicum,
1357 812 1410 852 c.
1452 799 1554 851 177
1592 811 1647 854 et
1676 801 1799 870 199)
1835 818 1850 859 :
1913 813 2030 871 post

443 899 595 951 quem
632 885 660 936 6
689 884 1011 939 domesticus
1039 887 1341 942 scholarum
1363 899 1412 944 et
1447 891 1473 942 6
1506 891 1874 966 λογαριαστὴς
1929 897 2030 966 τῆς

445 977 638 1039 πλοίας
670 986 795 1030 sunt
821 981 1011 1046 vocati,
1053 996 1273 1048 quorum
1301 983 1436 1037 alter
1465 986 1743 1054 militibus,
1776 988 1914 1042 alter
1939 1007 2034 1044 na-

446 1061 750 1138 vigantibus
781 1083 1028 1139 prreerat.
1061 1071 1133 1126 Hi
1159 1075 1337 1145 itaque
1358 1078 1502 1145 paris
1527 1081 1754 1144 numeri,
1799 1082 1925 1151 quia
1949 1083 2033 1136 di-

447 1165 619 1231 gnitas
645 1181 746 1233 par
775 1175 912 1232 erat,
949 1167 1272 1222 numismata
1297 1178 1347 1223 et
1367 1188 1718 1243 scaramanga
1738 1176 2030 1244 suscipien-

449 1263 522 1306 tes
557 1271 666 1322 pra:
696 1257 1036 1312 multitudine
1072 1276 1174 1312 non
1191 1260 1303 1326 iam
1334 1269 1387 1316 in
1408 1263 1640 1319 humeris
1664 1275 2026 1334 portaverant,

450 1349 546 1399 διά
572 1348 943 1414 adjuvantibus
973 1350 1093 1405 aliis
1126 1361 1246 1422 post
1265 1369 1320 1407 se
1343 1370 1459 1408 cum
1497 1355 1676 1412 labore
1733 1368 2028 1414 traxerunt.

449 1438 580 1494 Post
614 1441 707 1493 Iros
737 1441 958 1496 admissi
993 1453 1112 1496 sunt
1162 1447 1400 1515 magistri
1428 1463 1644 1501 numero
1700 1449 1792 1514 24,
1841 1451 2029 1520 quibus

443 1541 673 1610 erogatre
697 1541 820 1586 sunt
844 1536 1222 1588 numismalum
1253 1553 1531 1591 aureorum
1556 1537 1727 1601 librat,
1749 1541 2032 1610 unicuique

442 1624 728 1676 secundum
761 1625 978 1678 eundem
1019 1644 1297 1681 numerum
1352 1629 1445 1694 24,
1505 1647 1625 1684 cum
1662 1635 2028 1702 scaramangis

399 1761 404 1766 .
442 1715 670 1768 duobus.
707 1715 1059 1770 Patricibrunt
1093 1719 1280 1774 deinde
1311 1721 1440 1774 or‘lo
1480 1721 1572 1776 hos
1628 1739 1760 1788 pone
1814 1734 1894 1778 est
1939 1741 2026 1778 se-

445 1817 619 1874 cutus,
647 1818 694 1860 et
741 1808 804 1860 ιε
824 1811 1206 1864 numismatum
1230 1812 1380 1866 libris
1399 1830 1517 1868 cum
1539 1831 1890 1887 scaramanga
1921 1835 2025 1872 una

444 1897 693 1952 donatus.
731 1887 907 1954 Turba
933 1912 1048 1969 post
1078 1903 1170 1955 Itos
1201 1905 1458 1960 immensa
1499 1918 1718 1961 vocatur
1747 1921 2025 1979 protospa-

449 1988 767 2053 thariorum,
796 1994 1216 2061 spathariorum,
1241 1997 1654 2051 candidatorum
1689 2008 1738 2053 et
1774 2002 1828 2054 id
1862 2019 2021 2071 genus

441 2085 713 2139 clientum.
750 2084 872 2140 "me
903 2087 971 2140 de
1018 2102 1147 2153 roga
1174 2089 1238 2141 ad
1283 2088 1480 2144 festum
1531 2090 1841 2146 Palmarum
1908 2094 2021 2150 ﬁeri

444 2179 608 2231 solita
643 2180 696 2232 in
729 2179 933 2248 palatio
960 2181 1248 2251 Cpolitano
1284 2184 1679 2256 Luitprandus.

513 2265 618 2319 Sed
663 2266 786 2321 fons
816 2268 919 2325 iste
948 2271 1294 2329 liberalitatis
1324 2287 1615 2331 exat-uerat
1645 2281 1696 2331 in
1723 2279 1945 2346 palatio.
1970 2290 2025 2336 et

445 2354 622 2410 fc-rme
657 2359 819 2413 etiam
854 2361 908 2414 in
952 2363 1312 2431 patriarchio,
1373 2375 1620 2436 tempore
1654 2367 2020 2434 Balsamonis,

444 2456 504 2500 ut
537 2449 651 2517 ipse
684 2454 1064 2522 conqueritur.
1091 2455 1154 2508 Et
1180 2457 1489 2525 patriarcha
1519 2459 1737 2527 quidem
1765 2477 1830 2514 ne
1863 2477 2022 2530 pror-

393 2562 403 2567 -
441 2557 536 2593 sus
565 2541 938 2598 immuniilcus
973 2545 1271 2610 videretur,
1338 2549 1476 2602 κατᾶ
1530 2549 1629 2618 τὴν
1683 2550 1898 2620 ἡμέραν
1924 2552 2025 2620 τῆς

441 2633 800 2702 κατηχήσεως
842 2634 1165 2704 θυμιάματα
1212 2637 1514 2702 dividebat,
1575 2640 1716 2694 festo
1775 2641 2021 2694 baiorum

441 2736 538 2775 seu
574 2722 875 2791 palmarum
915 2739 1106 2778 cereos
1130 2734 1185 2779 et
1225 2741 1441 2793 cruces,
1492 2743 1684 2798 magna
1713 2738 1904 2798 quarta
1943 2730 2019 2785 fe-
2097 2785 2103 2790 .

441 2815 544 2874 ria,
584 2815 684 2868 hoc
715 2824 800 2869 est
823 2816 912 2870 die
943 2815 1196 2871 Mercurii
1220 2819 1442 2888 majoris
1475 2823 1811 2889 septimanae,
1839 2835 2025 2877 cereos

439 2914 494 2959 et
521 2906 896 2977 thyntiamata,
931 2909 1020 2965 die
1048 2910 1334 2968 Paschalis
1389 2913 1718 2982 ἀσπασμοὺς
1769 2917 1864 2967 καὶ
1909 2931 2027 2983 τρι·

441 2997 674 3065 κέφαλοι,
705 2997 979 3068 interpres
1006 3017 1020 3055 :
1051 3001 1401 3056 salutationes
1433 3004 1783 3074 etgtricipitia.
1823 3004 2024 3060 Osculo

440 3089 586 3142 enim
617 3098 672 3142 et
703 3091 956 3160 amplexu
981 3091 1295 3159 excipiebat
1319 3083 1578 3162 populum
1615 3093 1755 3150 festo
1782 3094 2020 3150 Pascha-

439 3181 528 3244 tis,
557 3179 694 3234 dans
724 3181 1013 3251 unicuique
1046 3181 1424 3250 tricepltalum:
1449 3185 1660 3253 exiguae
1680 3197 1909 3242 monetae
1936 3204 2029 3258 ge-
2051 3210 2096 3269 ρ

387 3325 396 3342 Ι
440 3287 544 3326 nus
574 3281 678 3334 est,
706 3288 734 3326 a
769 3273 944 3328 tribus
975 3273 1248 3342 capitibus
1281 3290 1478 3330 nomen
1511 3276 1736 3332 ducens.
1765 3277 2026 3333 Celebra-

439 3361 600 3415 hatur
627 3363 746 3418 dies
780 3364 1129 3419 catechescos
1177 3363 1311 3418 feria
1343 3366 1500 3420 tertia
1535 3378 1656 3436 post
1686 3367 2024 3422 Dominicam

437 3455 537 3520 τῆς
563 3454 865 3526 ἁποκρέου,
901 3456 1003 3511 hoc
1031 3464 1113 3510 est
1142 3457 1503 3527 carnispririi.
1548 3457 1757 3513 Nomen
1785 3459 1889 3514 hoc
1941 3460 2026 3515 in-

438 3545 508 3600 de
547 3546 800 3610 habebat,
832 3548 958 3617 quia
993 3549 1302 3617 patriarcha
1340 3550 1598 3620 populum
1627 3565 1694 3606 eo
1736 3552 1824 3606 die
1847 3536 2026 3620 adijc-

437 3640 653 3708 junium
697 3641 1140 3711 Quadragesimm
1192 3642 1294 3696 rite
1364 3651 1670 3713 sancteque
1709 3644 2024 3699 obeundum

442 3731 989 3796 cuntmonnfaciebat,
1018 3734 1160 3787 datis
1200 3733 1578 3804 thymiamatis
1604 3750 1700 3789 seu
1733 3737 1977 3791 incensis
2004 3752 2022 3804 ;

438 3838 672 3890 quorum
730 3825 1282 3902 omniunnrationes
1341 3828 1568 3895 exponit
1620 3826 1910 3884 Balsamon
1971 3828 2028 3883 in

439 3917 678 3983 quadam
714 3918 781 3972 de
813 3919 917 3972 hoc
952 3930 1275 3988 argumento
1305 3921 1558 3989 epistola,
1611 3936 1734 3992 qua:
1771 3929 1950 3978 exstat
1984 3921 2024 3976 I.

412 3995 515 4058 ‘vn
549 4003 699 4060 Juris
733 4006 950 4062 Grieco-
985 4008 1139 4062 llom.
1169 4009 1258 4065 fol.
1301 4009 1427 4064 471.

515 4097 572 4147 I’.
606 4096 694 4150 67.
739 4097 842 4149 Pro
868 4096 962 4150 τοῦ
1005 4100 1336 4169 περιπάτου,
1374 4100 1522 4170 quod
1579 4101 1777 4156 vitiose
1831 4099 2028 4155 Junius

441 4188 622 4256 all‘crt,
660 4191 990 4258 scripsimus
1025 4207 1089 4244 ex
1125 4193 1516 4261 manuscriptis
1539 4193 1885 4262 ὁπερίπατος
1908 4210 1924 4254 ;
1950 4192 2030 4248 sic

439 4283 586 4334 enim
619 4290 673 4335 et
694 4283 870 4335 oratio
896 4291 950 4335 ct
983 4282 1250 4337 orationis
1279 4297 1478 4337 sensus
1509 4292 1745 4340 constat.

512 4372 598 4428 Ib.
633 4371 1109 4436 SabbatoLazari,
1144 4373 1317 4442 pridie
1376 4372 1684 4428 Palmarum
1740 4375 2028 4430 celebrant

440 4465 614 4518 Graeci
647 4465 940 4518 admodum
978 4466 1206 4519 solemni
1235 4467 1553 4521 ca‘remonia
1582 4467 1779 4522 festum
1802 4470 2023 4524 excitati

444 4555 633 4608 Lazari
661 4571 676 4622 ;
709 4554 774 4610 de
803 4570 910 4625 quo
941 4555 1166 4610 consule
1193 4556 1417 4614 rituales
1467 4558 1635 4616 libros
1683 4559 2019 4615 Graecorum.
2051 4541 2100 4600 θ

440 4645 649 4700 (iners.

509 4736 670 4807 313
723 4735 782 4792 Ρ.
817 4737 905 4792 67.
939 4737 1244 4811 [Triodiunt
1281 4757 1295 4794 :
1340 4739 1727 4812 Ἔορτάζεσθαι
1758 4741 1899 4794 κατὰ
1925 4742 2024 4812 τὴν

443 4828 727 4898 παροῦσαν
759 4831 972 4900 ἡμέραν
1000 4831 1326 4900 (palmarum
1365 4834 1672 4904 pervigilio)
1728 4816 1935 4905 ἐτάχθη
1990 4837 2023 4905 ἡ

444 4923 708 4994 Λαζάρου
740 4923 980 4995 ἔγερσις,
1003 4925 1084 4978 ὅτι
1106 4926 1155 4978 oi
1182 4927 1332 4994 ἅγιοι
1365 4927 1458 4978 καὶ
1487 4927 1742 4998 Θεοφόροι
1779 4928 2026 4997 Πατέρες

449 5015 632 5082 ἡμῶν,
690 5016 894 5084 μᾶλλον
932 5017 990 5070 δὲ
1032 5019 1079 5069 οἱ
1146 5017 1297 5083 ἅγιοι
1365 5018 1682 5084 ἀπόστολοι,
1737 5020 1876 5088 μετά
1923 5021 2026 5088 τὴν

446 5099 1044 5180 τεσσαρακονϐήμερον
1086 5112 1349 5180 νηστείαν
1376 5113 1468 5168 διὰ
1498 5112 1599 5184 τὴν
1651 5113 1922 5184 κάθαρσιν
1955 5113 2026 5168 τὰ

448 5200 579 5267 ἅγια
602 5200 750 5271 πάιοη
788 5200 884 5254 τοῦ
925 5202 1134 5272 Κυρίου
1174 5205 1332 5272 ἡμῶν
1377 5204 1562 5274 Ἰησοῦ
1617 5206 1856 5275 Χριστοῦ
1906 5205 2029 5274 μέλ-

443 5294 632 5354 λοντες
660 5292 1090 5362 πανηγυρίζειν,
1121 5295 1311 5363 ἐπειδὴ
1340 5295 1504 5349 τοῦτο
1533 5296 1594 5349 τὸ
1631 5295 1818 5366 Θαῦμα
1848 5297 2026 5366 ἀρχὴν

450 5385 546 5437 uu‘t
591 5382 774 5438 αἰτίαν
813 5384 1051 5452 μάλιστα
1081 5379 1244 5456 εὗρον
1299 5388 1402 5456 τῆς
1435 5389 1579 5442 κατὰ
1628 5388 1724 5441 τοῦ
1783 5386 2026 5458 Χριστοῦ

451 5476 662 5547 μανίας
719 5477 830 5530 τῶν
875 5476 1174 5542 Ἰουδαίων,
1237 5479 1387 5532 κατὰ
1442 5480 1603 5533 τοῦτο
1685 5479 1924 5534 ἐνταῦθα
1968 5480 2029 5533 τδ

449 5569 729 5637 ὑπερφυὲς
759 5567 916 5620 τοῦτο
940 5568 1228 5638 τεράστιον
1262 5568 1472 5624 ἕΟεντο.
1507 5568 1706 5640 Ceam]

524 5661 609 5714 Ib.
651 5657 1002 5714 Ἀ.ἶ.ζάσσει.
1044 5656 1311 5714 Meursius
1350 5675 1404 5715 v.
1445 5659 1872 5730 ’Δλλαξιμὰριον
1896 5661 2030 5716 dicit

455 5750 793 5805 recentiores
815 5748 1034 5803 Graecos
1061 5747 1351 5802 ἀλλάσσειν
1379 5749 1696 5818 simpliciter
1721 5751 1902 5806 dicere
1931 5766 2030 5820 pro

459 5845 934 5919 iozdttcrcu'cstem,‘
972 5843 1211 5912 citttque
1248 5843 1393 5899 hunc
1455 5843 1633 5899 locum
1669 5853 1722 5899 et
1773 5860 1895 5902 eum
1929 5843 2022 5911 qui

2133 624 2298 676 alium
2331 640 2394 677 cx
2420 622 2775 692 Euclrologio,
2809 625 2971 679 alium
3006 628 3240 696 ded‘qne
3272 643 3334 682 ex
3362 629 3545 684 Marco
3578 632 3698 686 Hic-

2132 716 2487 770 romonacho.
2533 715 2668 771 llinc
2699 717 3027 787 ἀλλὰγματα
3073 727 3126 774 et
3163 719 3398 788 ἀλλαγαί
3449 723 3698 779 abso'utc

2130 805 2461 862 indumenta.
2515 807 2778 872 Quamvis
2827 817 3010 863 autem
3082 810 3261 866 nullus
3323 827 3388 866 ex
3443 813 3534 868 bis
3574 815 3702 868 locis

2129 897 2450 966 simpliciter
2477 899 2692 953 evincat
2719 897 2770 952 id
2799 901 2943 968 quod
2998 900 3114 954 vult
3161 901 3453 970 Meursius,
3508 905 3695 959 demus

2132 995 2313 1041 tamen
2342 987 2393 1040 id
2428 989 2502 1042 ita
2535 1003 2691 1044 esse:
2722 988 2956 1043 libenter
2982 989 3224 1044 vicissim
3284 991 3549 1047 fatebitur
3604 1007 3699 1046 no-

2133 1073 2337 1130 tionem
2371 1076 2438 1130 de
2497 1076 2800 1131 mutatione
2846 1077 3080 1131 vestium
3128 1077 3230 1145 ipsi
3270 1079 3542 1134 vocabulo
3577 1095 3702 1134 con-

2129 1169 2498 1239 gruentiorem
2524 1184 2666 1234 esse,
2695 1180 2749 1223 et
2778 1171 2920 1223 hanc
2946 1169 3238 1224 secundant
3285 1172 3440 1240 quasi
3501 1172 3697 1226 adven-

2126 1258 2309 1315 ticiam
2336 1260 2459 1328 jure
2490 1260 2721 1316 censeri.
2747 1260 2950 1316 Gnc'rs.

2203 1349 2348 1407 Ibid.
2382 1349 2560 1422 [Haud
2600 1362 2789 1418 mutat,
2840 1361 2900 1406 ut
2929 1353 3297 1422 praemissum,
3356 1357 3488 1422 quin
3523 1355 3697 1424 potius

2129 1457 2292 1495 unam
2330 1443 2693 1510 imperatoriis
2722 1459 2787 1498 ex
2820 1443 3058 1499 vestibus
3090 1444 3158 1498 ab
3183 1447 3428 1516 antiquis
3474 1448 3699 1514 impera-

2131 1533 2352 1588 toribus
2373 1543 2655 1601 acceptam
2686 1533 2803 1602 ipse
2833 1536 3065 1591 assumit
3109 1545 3163 1591 et
3217 1536 3416 1590 induit.
3456 1537 3697 1591 Observo

2128 1638 2296 1693 porro
2330 1623 2580 1693 pluribus
2634 1625 3058 1694 imperatoribus
3115 1627 3305 1682 eadem
3354 1629 3693 1694 vestimenta,

2127 1729 2224 1770 ceu
2277 1716 2558 1785 dignitatis
2591 1732 2757 1786 quam
2816 1732 3064 1787 personae
3117 1720 3292 1789 magis
3329 1720 3572 1790 propria,
3609 1721 3696 1773 dc-

2130 1803 2406 1884 serviisse.
2433 1807 2570 1864 Hinc
2593 1808 2961 1878 Luitprandus
2993 1810 3250 1865 vilitatem
3287 1820 3334 1868 et
3365 1819 3690 1865 vetustatem

2130 1915 2318 1954 eorum
2347 1900 2649 1954 subsannat
2690 1899 2744 1956 in
2801 1900 3114 1971 Legatione.
3146 1901 3279 1967 Qua
3337 1900 3693 1956 nihilominus

2131 1991 2269 2047 adeo
2324 2000 2567 2047 vetustas
2615 2001 3053 2059 consumpserat,
3110 1991 3438 2061 Theophilus
3495 1994 3696 2060 aliquot

2133 2084 2436 2154 interiectis
2467 2084 2628 2140 annis
2659 2084 2960 2139 renovavit.
3012 2082 3122 2139 Leo
3177 2083 3590 2139 Grammaticus
3644 2085 3692 2137 in

2129 2176 2250 2244 ejus
2330 2174 2496 2229 Vita:
2543 2172 3011 2244 Ἐκαινοὺργησεν
3042 2172 3118 2225 ’δὲ
3185 2175 3280 2227 καὶ
3337 2174 3440 2233 τὰς’
3489 2173 3694 2243 βασιλι-

2131 2268 2231 2329 κὰς
2275 2267 2468 2330 στολὰς
2499 2265 2817 2328 ἀνανεώσας
2847 2266 2941 2318 καὶ
2989 2265 3431 2336 χρυσοῦφάντους
3465 2281 3692 2318 κατακο-

2132 2359 2374 2429 σμήσας.

2203 2446 2286 2502 Ib.
2321 2447 2578 2517 Στέμμα.
2617 2447 2753 2502 Tum
2786 2456 2982 2502 auctor
3010 2457 3124 2502 tum
3152 2447 3350 2516 reliqui
3399 2448 3692 2516 Scriptores

2131 2541 2220 2595 alii
2254 2556 2470 2610 semper
2489 2541 2812 2610 intelligunt
2858 2540 3208 2610 imperatoris
3235 2539 3494 2594 diadema
3527 2539 3694 2608 n-ajus

2129 2643 2179 2688 et
2210 2634 2477 2687 ornatius.
2509 2631 2710 2704 Germ]

2204 2721 2346 2778 Ibid.
2377 2723 2622 2779 Saccum.
2656 2723 2852 2779 Junius
2879 2741 3085 2794 sagum,
3119 2729 3234 2777 tam
3277 2721 3365 2776 hic
3415 2735 3579 2792 quam
3607 2735 3694 2774 su-

2131 2833 2225 2886 Pl‘a
2251 2834 2265 2879 ς
2293 2826 2345 2870 et
2373 2816 2423 2869 in
2457 2825 2647 2871 annot.
2689 2816 2898 2871 Gallica
2947 2832 3046 2869 vox
3079 2823 3327 2880 corrupta
3381 2828 3447 2866 ea:
3493 2828 3690 2879 sagum.

2131 2907 2327 2962 Mirum
2370 2924 2437 2962 ex
2468 2908 2688 2962 Oriente
2716 2923 2821 2962 non
2875 2908 3196 2962 accersitam
3256 2904 3690 2973 originationem.

2131 3001 2243 3056 Cur
2275 3017 2492 3055 saccum
2544 3001 2727 3070 potius
2782 3016 2810 3053 a
2864 3017 2993 3070 sago
3027 3014 3190 3068 quam
3222 3013 3250 3050 a
3307 3012 3460 3049 sacco
3501 2993 3694 3049 Graeci-1

2131 3091 2449 3162 Latinisque
2472 3092 2745 3145 communi
2777 3088 3162 3150 deducamus:
3195 3087 3302 3142 Cur
3330 3102 3518 3153 sagum
3574 3084 3688 3136 red-

2130 3185 2344 3249 damus,
2384 3200 2508 3238 eunt
2543 3198 2649 3237 non
2704 3183 2775 3238 sit
2821 3191 3031 3238 tantum
3069 3180 3234 3237 vestis
3289 3178 3566 3242 militaris,
3601 3174 3690 3229 sed

2127 3285 2180 3331 et
2205 3277 2456 3342 forensis,
2480 3293 2582 3333 nec
2606 3276 2837 3333 forensis
2861 3283 3072 3330 tantum
3097 3273 3265 3330 vestis
3299 3270 3576 3335 militaris,
3605 3267 3690 3322 sed

2128 3379 2182 3421 et
2214 3369 2589 3424 ecclesiastica
2619 3369 2644 3423 ἲ
2675 3379 2735 3424 ut
2768 3369 2991 3438 planum
3030 3367 3088 3421 fit
3140 3382 3201 3419 ex
3245 3365 3591 3434 Turcograac.
3639 3377 3688 3428 p.

2125 3458 2217 3524 ΞΟ,
2256 3458 2346 3513 ubi
2375 3458 2543 3514 vestis
2565 3457 2806 3528 quaedam
2840 3456 3202 3526 patriarchica
3235 3469 3417 3509 saccus
3451 3450 3691 3506 nomina-

2131 3559 2240 3602 tur.
2273 3547 2434 3602 Filia:
2462 3547 2578 3610 eius
2601 3556 2915 3602 ornamenta
2959 3547 3212 3600 dederunt
3241 3543 3589 3612 patriarcltio,
3637 3539 3691 3601 ἐξ

2127 3634 2201 3692 ὧν
2230 3639 2378 3692 ἐστίν
2407 3640 2434 3692 6
2464 3639 2668 3702 σάκκος
2706 3640 2734 3694 6
2775 3639 3003 3707 ἀρχαῖος
3055 3637 3160 3699 ἕως
3201 3635 3294 3689 τοῦ
3350 3635 3464 3695 νῦν,
3499 3650 3562 3688 ea:
3585 3632 3691 3701 qui-

2129 3731 2222 3785 bus
2256 3741 2521 3800 contectus
2550 3741 2624 3785 est
2651 3739 2795 3785 vetus
2822 3730 2909 3784 ille
2939 3745 3126 3782 saccus
3165 3767 3179 3788 .
3203 3729 3291 3797 qui
3323 3726 3480 3779 hodie
3501 3737 3690 3794 quoque

2127 3825 2308 3878 durat.
2343 3823 2448 3878 Ubi
2498 3832 2643 3878 recte
2671 3822 2939 3889 interpres
2979 3819 3315 3890 pontificiam
3373 3827 3577 3871 vestem
3611 3815 3688 3865 in-

2129 3923 2483 3986 terpretatur.
2517 3913 2879 3984 Distinguitur
2910 3927 3108 3968 saccus
3147 3926 3174 3964 a
3212 3911 3465 3978 mandya.
3512 3906 3564 3960 Id
3593 3904 3692 3960 cla-

2131 4024 2250 4062 rum
2282 4024 2348 4062 ex
2377 4007 2484 4062 his.
2517 4005 2798 4062 Codinus:
2840 4006 3121 4058 Ἑνδύεται
3159 4002 3344 4056 ἐπάνω
3365 4001 3462 4054 τοῦ
3497 3998 3686 4053 σάκκου

2129 4102 2224 4154 καὶ
2258 4087 2594 4169 διαδήματος
2636 4098 2876 4169 μανδύαν
2908 4095 3170 4168 χρυσοῦν.
3211 4095 3416 4150 Gns'rs.

2202 4191 2286 4245 Ib.
2320 4190 2405 4262 [Ἀ
2425 4189 2822 4245 λλάσσουσιν
2863 4191 3169 4255 ὡσαύτως.
3191 4189 3458 4255 Antiquas
3493 4200 3554 4240 ac
3582 4182 3686 4238 olli-

2129 4283 2232 4338 ciis
2265 4281 2696 4351 ministeriisque
2741 4281 3126 4336 accommodas
3163 4288 3344 4334 vestes
3394 4278 3563 4332 etiam
3595 4289 3686 4328 au-

2129 4376 2264 4430 licos
2293 4374 2590 4444 Nicephori
2623 4375 2675 4428 in
2718 4374 3072 4444 processione
3125 4379 3370 4442 gestasse
3423 4372 3684 4423 memorat

2131 4465 2492 4536 Luitprandus
2526 4467 2580 4520 in
2613 4466 2775 4536 legat.
2807 4464 2910 4520 Sed
2938 4475 3009 4530 et,
3056 4464 3253 4532 inquit,
3285 4461 3562 4530 optimates
3589 4456 3683 4520 sui,

2125 4559 2216 4628 qui
2240 4574 2357 4611 cum
2385 4559 2498 4627 ipso
2526 4573 2618 4619 per
2643 4557 2897 4626 plebeiam
2949 4564 2999 4608 et
3042 4554 3421 4609 discalceatam
3455 4550 3685 4604 multitu-

2124 4651 2299 4716 dinem
2335 4651 2488 4703 istam
2521 4651 2874 4711 transierunt,
2909 4649 3114 4713 magnis
3148 4654 3196 4700 ct
3224 4660 3414 4714 magna
3442 4651 3683 4698 vetustate

2125 4744 2337 4796 rimatis
2379 4742 2577 4794 tunicis
2613 4749 2763 4794 erant
2802 4739 2998 4793 induti.

2194 4833 2256 4888 P.
2303 4834 2392 4888 68.
2453 4832 2800 4905 [Ἐξέλθετε
2844 4832 3011 4898 ἔθνη.
3072 4827 3344 4900 Theophili
3395 4843 3534 4897 opus
3574 4838 3681 4880 csse

2128 4929 2231 4982 hoc
2287 4928 2561 4981 canticum
2621 4935 2850 4982 testatur
2904 4923 3201 4979 Cedrenus.
3267 4921 3677 4991 Ἐφιλοτιμεῖτο,

2129 5018 2324 5088 inquit,
2354 5021 2442 5070 καὶ
2483 5016 2718 5088 μελῳδὸς
2738 5011 2899 5079 εἶναι,
2921 5015 3000 5067 διὸ
3015 5014 3110 5066 καὶ
3133 5012 3338 5084 ὕμνους
3354 5011 3524 5064 ποιῶν
3544 5022 3681 5066 τινας

2128 5110 2225 5162 καὶ
2258 5109 2494 5180 στιχηρά
2524 5107 2758 5180 μελίζων
2775 5107 3000 5179 ᾄδεσθαι
3017 5105 3371 5176 προέτρεπεν.
3394 5105 3614 5174 Φέρεται
3633 5099 3683 5151 δὲ

2129 5202 2220 5255 καί
2247 5219 2331 5262 τις
2361 5200 2542 5269 λόγος,
2571 5200 2647 5261 ὡς
2676 5198 2950 5271 ἔρωτι-,τοῦ
2987 5199 3185 5267 μέλους
3206 5197 3536 5267 βαλλόμενος
3553 5187 3680 5245 κατὰ

2126 5293 2227 5364 τὴν
2261 5292 2522 5361 Μεγάλην
2560 5291 2860 5362 ἐκκλησίαν
2917 5292 2976 5343 ἐν
3026 5290 3279 5358 φαιδραίς
3317 5286 3680 5356 πανηγύρεσιν

2127 5383 2189 5435 οὐ
2219 5385 2576 5453 παρῃτήσατο
2604 5382 2660 5433 τὸ
2718 5381 3086 5450 χειρονομεῖν.
3123 5379 3188 5432 Et
3245 5376 3424 5431 infra:
3483 5373 3589 5430 Kal.
3623 5370 3678 5423 τὸ

2130 5474 2384 5544 στιχηρὸν
2409 5473 2464 5527 δὲ
2495 5473 2640 5526 κατὰ
2665 5471 2764 5542 τὴν
2797 5470 3084 5540 βαῖοφόρον
3113 5469 3172 5522 τὸ
3217 5467 3497 5534 Ἐξέλϐετε
3526 5463 3648 5528 ἔθνη
3667 5502 3680 5523 ,

2131 5567 2379 5632 ἐξέλοετε
2411 5567 2501 5621 καὶ
2545 5564 2686 5629 λαοὶ,
2714 5565 2807 5618 τὶν
2848 5564 3059 5616 ἐκείνου
3109 5564 3277 5630 φασιν
3346 5559 3490 5614 εἶναι
3539 5557 3682 5621 τόκον

2128 5659 2324 5729 ψυχῆς.
2361 5658 2559 5730 Go.\n.]

2200 5750 2363 5821 314.
2392 5751 2448 5804 ι’.
2479 5751 2750 5807 68.νοιἰ›;ι
2786 5749 2878 5817 illa
2907 5749 2985 5813 είς
3023 5748 3196 5801 τύπον
3229 5748 3333 5816 γὰρ
3370 5742 3598 5816 Χριστοῦ
3628 5737 3678 5788 τὸ

2136 5846 2453 5910 ebur-{litori
2487 5845 2724 5910 ἔριεται,
2754 5844 2821 5899 ad
2851 5854 3026 5907 typum
3064 5842 3262 5897 Christi
3297 5843 3430 5895 bona
3468 5840 3573 5894 httc
3595 5850 3678 5888 uno
