3852 6682
309 434 312 438 ’
372 429 466 489 351

1455 431 1534 490 ΙΝ
1575 432 1876 492 LIBRUM
1908 432 2004 492 DE
2035 431 2364 524 OFFlCIIS
2401 438 2510 500 Ci‘.

3501 445 3544 508 3
3563 445 3628 507 3?.

373 542 606 596 ambulat
637 551 688 596 et
715 545 1104 598 ambulationes
1136 546 1392 612 somniat,
1427 559 1484 602 ut
1515 565 1720 601 morem
1749 563 1932 602 sacra-
1965 553 2002 608 Α
2036 549 2149 613 γῶν
2183 550 2322 612 loco,
2353 551 2570 607 duobus
2604 553 2761 608 cmcis
2813 553 2940 608 illuc
2985 565 3240 628 monente
3277 556 3336 610 Β.
3397 558 3630 628 virgine

375 641 494 688 rom
551 638 986 703 processionum,
1022 639 1482 709 supplicationum
1536 651 1588 694 et
1627 641 1937 694 litaniarum

377 725 648 780 obfuscet.
681 727 886 783 (ins-rs.

449 813 528 866 Ib.
555 815 784 883 [Λιτήν.
815 818 929 872 Hac
951 834 1082 874 voce
1109 835 1216 873 non
1255 823 1452 874 nudam
1487 821 1940 888 supplicationem,

377 905 472 958 srd
505 907 644 960 inter
693 910 1080 964 ambulandum
1140 911 1332 964 factam
1379 913 1494 966 sive
1541 913 1940 980 pre-cessionem,

377 998 676 1066 signiﬁcari
705 1001 908 1055 diserte
937 1012 1308 1057 monstratum
1343 1007 1503 1059 estin
1537 1003 1940 1074 Eucbologicis.

377 1091 573 1162 6058.]

455 1183 512 1237 P.
543 1183 631 1238 70.
677 1185 752 1240 De
805 1187 1037 1255 imagine
1085 1186 1316 1256 Virginis
1355 1185 1689 1256 Hodegetrire
1719 1203 1770 1246 c.
1823 1203 1942 1258 seq.

379 1275 538 1342 plura
572 1277 805 1344 ipsemet
829 1277 1094 1333 Codiuns.
1127 1279 1240 1332 Non
1273 1287 1390 1332 erat
1415 1279 1693 1334 ordinario
1718 1281 1770 1333 in
1795 1282 1942 1343 aula,

380 1367 475 1420 sed
531 1369 584 1421 in
634 1373 970 1425 monasterio
1003 1371 1111 1424 τῶν
1140 1371 1304 1442 316
1357 1373 1606 1440 ὁδηγῶνς
1671 1373 1948 1427 ferebatur

381 1465 561 1509 autem
595 1458 810 1525 pietatis
839 1475 1003 1513 causa
1046 1461 1110 1512 ad
1151 1463 1330 1514 aulam
1369 1463 1579 1516 ultimis
1633 1463 1948 1532 Qttadrage-

382 1546 533 1600 simae
557 1548 771 1614 diebus,
797 1565 994 1618 nempe
1023 1550 1154 1605 feria
1189 1553 1278 1606 illa
1304 1553 1492 1621 quinta
1523 1569 1644 1622 qua:
1694 1563 1943 1608 nostram

383 1637 716 1692 Dominieam
733 1639 924 1694 Indica
955 1642 1260 1698 antecedit:
1293 1644 1656 1713 mancbatque
1673 1646 1724 1697 in
1748 1645 1946 1712 palatio

385 1743 559 1797 usque
591 1729 657 1784 ad
685 1718 980 1786 secundam
1017 1735 1210 1789 feriam
1241 1735 1529 1792 Paschalis
1555 1751 1569 1802 ;
1603 1753 1713 1807 quo
1743 1738 1832 1794 die
1859 1755 1950 1793 re—

384 1819 664 1877 ferebatur
691 1823 744 1877 in
777 1829 1172 1880 monasterium
1199 1837 1256 1882 et
1287 1829 1545 1898 templum
1576 1829 1686 1882 τῶν
1714 1831 1943 1900 ὁδηγῶν.

384 1912 478 1966 Est
507 1915 620 1968 haec
649 1915 854 1984 imago,
894 1919 960 1972 ad
993 1933 1178 1986 (luam,
1213 1929 1364 1986 capta
1420 1919 1490 1973 ab
1521 1921 1834 1975 Andronico
1859 1920 1946 1990 ju-

385 2007 538 2058 niore
566 2003 740 2074 Cpoli,
781 2008 1132 2064 Andronicus
1181 2009 1364 2064 senior
1414 2009 1642 2079 supplex
1681 2011 1946 2080 confugit.

389 2097 518 2148 Item
569 2108 754 2150 narrat
813 2097 1148 2167 Niccpliorus
1197 2099 1488 2168 Gregoras,
1535 2100 1572 2153 Ι.
1613 2116 1689 2164 tx,
1735 2115 1790 2168 ρ.
1845 2099 1951 2155 422

389 2188 562 2242 Bona.
607 2190 744 2244 Cum
773 2202 982 2258 autem,
1016 2201 1156 2246 teste
1189 2193 1380 2246 eodem
1415 2193 1682 2259 Gregora,
1729 2191 1798 2245 24
1833 2191 1950 2246 dies

387 2280 508 2334 Maii
539 2293 790 2350 ageretur
813 2285 1032 2352 quando
1081 2299 1110 2336 a
1153 2285 1369 2352 juniore
1397 2284 1712 2338 Andronico
1765 2282 1952 2352 Cpolis

385 2383 541 2442 capta
574 2383 676 2440 est,
703 2391 922 2431 necesse
945 2385 1028 2430 est
1052 2377 1342 2446 imaginem
1363 2375 1595 2446 Virginis
1618 2375 1952 2442 I-lodegetrize

385 2476 538 2518 extra
575 2465 822 2520 ordinent
877 2466 1256 2536 praescriptum
1285 2467 1338 2520 iu
1373 2468 1577 2536 palatio
1627 2466 1837 2530 fuisse;
1898 2470 1954 2518 et

387 2557 525 2612 forte
557 2559 897 2614 Andronicus
952 2560 1134 2614 senior
1173 2557 1480 2614 defectione
1524 2559 1614 2613 illa
1647 2559 1860 2627 nepotis
1895 2567 1951 2614 et

386 2651 718 2704 asseclarum
777 2663 1084 2705 comn‘tows
1137 2665 1252 2704 eam
1285 2651 1338 2705 in
1381 2652 1640 2720 palatium
1673 2651 1860 2706 solatii
1901 2661 1954 2706 et.

387 2743 614 2796 subsidii
643 2757 807 2796 causa
844 2743 1236 2811 apportandam
1287 2753 1598 2798 curaverat.

459 2835 598 2900 Quid
627 2835 991 2890 venerationis
1027 2835 1254 2888 Michael
1289 2834 1626 2906 Palaeologus
1656 2836 1953 2904 imperator
1989 2839 1998 2850 ‘

388 2929 608 2998 imagini
655 2927 1014 2998 liodegetriar,
1061 2928 1306 2998 expulsis
1335 2929 1546 2984 Latinis
1595 2917 1768 2998 Cpoli',
1801 2930 1954 2984 detu-

389 3021 529 3085 lerit,
553 3021 778 3090 exponit
802 3021 1076 3092 Grcgoras
1107 3021 1144 3075 Ι.
1170 3037 1248 3087 tv,
1278 3036 1332 3088 p.
1367 3021 1456 3074 87.

460 3113 630 3166 Porro
671 3115 930 3181 templum
968 3114 1078 3165 τῶν
1109 3114 1321 3183 ὁδηγῶν
1348 3114 1637 3168 aedificavit
1667 3113 1954 3168 Pulchcria

2045 640 2111 694 ad
2152 641 2326 695 visum
2357 643 2726 711 recipiendum
2761 645 3028 708 deductis,
3063 648 3315 714 religiose
3347 649 3626 714 positam.

2043 732 2314 786 Audacior
2346 734 2638 804 adiungam
2676 736 2918 789 eamdem
2952 751 3070 805 qua:
3099 737 3332 791 licraclii
3364 749 3630 804 tempore

2045 838 2074 876 a
2107 822 2294 893 Sergio
2325 827 2578 894 pontifice
2609 826 2716 881 (ΣΡ.
2765 843 2860 896 per
2890 843 3078 882 muros
3106 829 3421 881 circumlata
3467 827 3628 897 Scy-

2045 917 2168 966 thas
2204 913 2272 967 ab
2295 914 2374 967 eis
2399 913 2727 969 miraculose
2759 907 2967 984 depulit
2998 931 3012 968 :
3053 916 3266 984 qualem
3307 917 3452 970 enim
3481 917 3634 986 ὁδη-

2045 1003 2282 1073 γήτριαν
2322 1004 2662 1071 Vincentius,
2701 997 2842 1062 lianc
2901 1022 3124 1077 quoque
3155 1008 3421 1062 describit
3471 1023 3630 1060 ano-

2046 1095 2430 1164 nymusbtevi
2457 1097 2654 1162 publici
2679 1097 2817 1166 juris
2843 1114 2870 1150 a
2903 1107 3058 1166 patre
3079 1095 3367 1151 Combefts.
3403 1097 3631 1150 facien-

2045 1185 2170 1241 dus.
2227 1185 2454 1256 Σέργιος
2484 1187 2542 1238 δὲ
2575 1191 2602 1240 ὁ
2638 1189 2900 1259 ἱερὰρχης
2925 1189 3024 1250 τὰς
3067 1189 3216 1258 ἱερὰς
3255 1189 3476 1249 εἰκόνας
3513 1187 3630 1253 τῆς

2047 1274 2398 1345 θεομήτορος,
2427 1272 2513 1338 αἶς
2547 1279 2780 1346 μάλιστα
2809 1280 2899 1332 καὶ
2943 1279 3147 1349 βρέφος
3179 1281 3207 1330 ὁ
3239 1277 3432 1346 Σωτὴρ
3469 1277 3598 1341 ἔξει

2047 1367 2317 1427 κονισθεὶς
2343 1369 2402 1420 ἐν
2421 1369 2690 1436 ἀγκάλαις
2719 1371 2818 1440 τῆς
2840 1371 3043 1441 μητρὸς
3071 1371 3382 1438 ἐξεφέρετο.
3406 1368 3630 1428 ταύτης

2005 1497 2008 1500 .
2047 1456 2230 1510 λαϐὼν
2295 1461 2514 1530 περιῄει
2563 1463 2634 1514 τὰ
2682 1463 2860 1531 τείχη.
2908 1461 3271 1532 ὀδηγηηιιας
3325 1469 3496 1524 certe,
3565 1471 3632 1512 ut

2001 1603 2004 1606 ,
2049 1547 2447 1616 antiquissima,
2486 1551 2532 1606 si
2566 1567 2596 1605 a
2623 1553 2766 1605 Luca
2805 1553 3102 1616 delineata,
3157 1552 3319 1604 etiam
3373 1565 3620 1618 puerum

2045 1637 2234 1694 Iesum
2261 1641 2404 1694 ulnis
2433 1643 2919 1712 complectebatur.
2957 1645 3033 1698 De
3079 1643 3326 1698 sitnili'in
3355 1641 3630 1695 Blacher—

2049 1731 2204 1786 nensi
2236 1733 2435 1800 templo
2465 1749 2496 1788 a
2528 1734 2772 1790 Romano
2795 1738 3006 1806 Argyro
3063 1743 3278 1802 reperta
3305 1732 3628 1788 Cedrenum

2049 1822 2402 1878 disserentem
2438 1825 2672 1896 perlege.
2707 1825 2904 1898 GOAR.]

2543 1942 2704 2011 317
2739 1940 2965 1997 CAPUT
2997 1941 3114 1997 vn.

2057 2029 2456 2085 Observationes
2485 2043 2528 2084 et
2553 2034 2923 2097 explicationes
2971 2036 3024 2086 in
3059 2051 3105 2088 ι.
3136 2035 3222 2096 12,

2412 2099 2586 2170 ofﬁcio
2637 2119 2836 2171 magna:
2863 2103 3216 2158 hebdomadw.

2127 2191 2188 2247 P.
2223 2192 2310 2246 70.
2341 2191 2551 2262 Magnae
2571 2195 2902 2248 hedomadre.
2941 2195 3282 2260 Quibusdam
3319 2201 3516 2270 religio
3540 2211 3633 2256 est

2055 2284 2240 2338 dicere
2295 2285 2618 2338 hebdomada
2674 2285 3033 2341 hebdomadre.
3084 2287 3190 2341 Sed
3221 2289 3334 2345 hinc
3359 2293 3559 2361 religio
3596 2309 3629 2347 a

2057 2375 2446 2443 superstitione
2470 2390 2660 2443 parum
2683 2376 2814 2429 abit.
2835 2376 3120 2431 Ascribam
3169 2380 3258 2434 hic
3281 2382 3448 2435 verba
3463 2383 3634 2435 sebo-

2058 2465 2232 2520 liastae
2285 2466 2551 2520 librorum
2587 2466 2662 2520 De
2691 2468 2924 2522 avaritia
2955 2469 3196 2524 Salviani
3235 2472 3628 2538 Massiliensis,

2061 2559 2124 2610 ad
2153 2559 2282 2614 illud
2313 2559 2620 2628 lampadem
2639 2569 2806 2616 tuam.
2845 2560 2925 2616 Ne
2953 2565 3068 2632 quis
3093 2565 3230 2634 forte
3250 2577 3392 2635 putet
3429 2570 3622 2623 uitium

2059 2666 2165 2704 esse
2193 2652 2246 2704 in
2283 2653 2382 2703 huc
2412 2651 2650 2716 lectione,
2678 2663 2725 2705 et
2763 2655 3108 2720 reponendum
3135 2657 3462 2726 lampadem,
3499 2677 3622 2713 mo-

2061 2753 2152 2790 neo
2187 2737 2486 2802 tantundem
2536 2757 2738 2810 quoque
2792 2741 3293 2800 dicianominutivo
3345 2749 3628 2817 lampada.

2059 2827 2150 2882 Sic
2199 2827 2538 2882 ltebdontada
2587 2828 2783 2883 Latina
2825 2833 3217 2901 terminatione,
3275 2852 3390 2908 qua:
3417 2836 3630 2894 Grecis

2061 2919 2373 2974 hebdomas.
2402 2921 2604 2978 Gns'rs.

2129 3011 2216 3066 Ib.
2267 3012 2537 3069 Meursius
2583 3015 2878 3070 admodum
2928 3017 3093 3072 anxie
3124 3027 3309 3074 monet
3361 3037 3428 3076 ne
3474 3023 3630 3091 quis,

2061 3119 2184 3159 cum
2208 3105 2358 3160 audit
2381 3113 2616 3175 quatuor
2649 3107 2940 3178 Evangelia
2972 3109 3108 3165 lecta
3136 3126 3280 3178 esse,
3311 3115 3632 3184 suspicetur

3261 2031 3396 2102 quod
3441 2039 3521 2082 est
3557 2029 3630 2084 de

388 3208 726 3276 imperatrix,
763 3211 816 3262 in
859 3223 970 3277 quo
1007 3210 1245 3264 divinam
1281 3210 1838 3280 Deiparm’imagiuem
1876 3227 1950 3265 re-

2063 3195 2374 3250 tetrabiblon
2423 3197 2852 3268 Evangeliorum,
2923 3201 3022 3256 hoc
3053 3214 3138 3258 est
3193 3199 3339 3274 ipsos
3382 3207 3631 3276 integros

387 3301 591 3368 posuit,
635 3316 798 3370 quam
834 3301 1014 3356 Lucas
1047 3302 1386 3371 evangelista
1425 3302 1477 3356 iu
1537 3303 1720 3357 tabula
1769 3304 1958 3373 depic-

389 3401 496 3445 tam
527 3392 769 3460 reliquit,
803 3401 861 3446 ut
895 3394 969 3446 ait
1016 3389 1378 3463 Nicephorus,
1407 3409 1517 3457 xw.
1547 3396 1602 3452 9..

459 3484 596 3538 Cum
635 3485 882 3540 lsaacum
915 3487 1180 3556 An'gelum
1213 3488 1342 3556 imp.
1370 3487 1716 3556 Cpolitanum
1753 3489 1958 3542 Branas

387 3589 540 3632 arcte
559 3578 859 3642 obsideret,
887 3579 1184 3648 imperator
1211 3579 1306 3633 Dei
1337 3578 1618 3634 Genitricir
1646 3583 1954 3651 imaginem,

386 3687 501 3738 qua:
527 3670 591 3722 ab
631 3668 866 3740 Ilodegio
898 3673 1218 3725 monasterio
1239 3672 1558 3742 Ilodegetria
1596 3683 1951 3742 nuncupatur,

388 3764 442 3814 in
493 3765 682 3816 ntwnia
741 3781 836 3832 pro
891 3763 1028 3817 vallo
1089 3763 1482 3833 inexpugnabili
1539 3765 1836 3828 transtulit,
1901 3773 1956 3818 ut

387 3853 581 3908 st'ribit
641 3854 856 3912 Nicetas
920 3855 1215 3910 Cboniates
1289 3856 1326 3908 l'.
1377 3871 1390 3910 ι
1452 3853 1524 3909 De
1580 3857 1738 3934 rebus
1793 3851 1958 3922 gestis

389 3946 558 4000 lsaaci
615 3948 828 4016 Augeli.
909 3947 1018 4002 Nec
1051 3948 1274 4012 frustra,
1327 3956 1386 4001 ut
1432 3947 1560 4002 felix
1615 3949 1802 4002 exitus
1861 3946 1956 4000 de-

386 4040 631 4094 claravit.

463 4131 528 4185 Ut
563 4133 951 4203 jusjurandum
986 4149 1052 4188 eo
1094 4133 1302 4188 ﬁrmius
1341 4141 1512 4194 esset,
1547 4132 1714 4186 voluit
1744 4133 1960 4186 Andro-

386 4228 544 4278 n’eus
579 4229 764 4280 senior
793 4229 1094 4296 imperator
1127 4228 1230 4282 sibi
1267 4227 1400 4280 illud
1438 4225 1558 4280 dari
1611 4241 1640 4279 a
1691 4225 1956 4280 Micbacle

386 4317 646 4382 (hitltaro,
681 4329 874 4387 nepote
903 4333 1026 4382 suo,
1071 4333 1256 4372 coram
1308 4326 1666 4373 sacrosancta
1720 4317 1956 4384 imagine

388 4409 709 4464 castissima;
765 4411 856 4462 Dei
913 4409 1206 4463 Genitrieis
1263 4393 1624 4476 llotﬁagetrite,
1684 4419 1742 4462 ut
1765 4410 1958 4464 scribit

386 4503 680 4569 (ia‘egoras,
710 4503 744 4555 l.
779 4517 896 4555 vm.
941 4501 1320 4571 llodegctriam
1357 4515 1520 4570 porro
1559 4502 1954 4571 interpretatur

387 4593 618 4646 Wolfius
631 4594 726 4646 via:
740 4594 1166 4648 monstralricem
1187 4609 1284 4648 seu
1302 4594 1611 4648 ductricem.
1631 4593 1840 4649 Gns'rs.

459 4687 596 4739 Ibid.
632 4685 1033 4758 [Verequidem
1055 4687 1340 4742 Gretserus
1369 4689 1468 4757 τὴν
1497 4689 1678 4742 εἰκόνα
1699 4689 1797 4758 τῆς
1833 4687 1954 4740 Θεο-

390 4782 650 4848 μήτορος,
685 4781 810 4850 ἥτις
839 4781 902 4834 ἐκ
955 4781 1055 4846 τῆς
1103 4781 1210 4832 τῶν
1245 4780 1490 4850 Ὀδηγῶν
1524 4783 1691 4850 μονῆς
1721 4780 1858 4834 καθ’
1887 4779 1954 4850 ἢν

388 4873 884 4943 προσκεκλήρωται
947 4873 1312 4942 Ὀδηγήτριαν
1372 4871 1820 4943 προσκεκλῆσθαι
1871 4887 1956 4928 re-

386 4967 491 5020 fert
517 4981 584 5020 ex
611 4966 794 5022 Niceta
823 4966 878 5020 in
910 4967 1114 5022 Isaacio
1137 4967 1344 5036 Angelo
1373 4967 1408 5020 Ι.
1437 4983 1450 5019 I
1478 4982 1496 5031 ;
1548 4967 1793 5022 eamdem
1824 4981 1956 5022 vero

387 5069 728 5123 asserturus,
785 5059 850 5112 ad
903 5075 1068 5129 quam
1125 5060 1268 5114 bello
1325 5075 1550 5134 pressus
1600 5069 1653 5113 et
1708 5068 1958 5128 anepote

381 5161 580 5218 captus
608 5152 793 5205 senior
839 5151 1185 5207 Andronicus
1215 5151 1543 5221 confugerit,
1577 5161 1636 5204 ut
1687 5166 1807 5204 eam
1842 5164 1960 5204 am-

387 5245 581 5310 plexus
621 5241 744 5294 vita:
783 5242 1157 5310 libertatisque
1199 5241 1596 5295 immunitatem
1633 5255 1956 5305 assequere-

389 5341 502 5392 tur.
529 5345 586 5384 se
619 5339 830 5384 tantum
859 5341 1080 5385 auctore
1107 5341 1158 5383 et
1195 5339 1329 5384 teste
1375 5330 1550 5383 firmat
1581 5331 1870 5382 Grctserus
1897 5341 1960 5380 ac

387 5421 608 5475 nonnisi
639 5421 840 5476 dubius
873 5423 1228 5476 vaticinatur.
1283 5419 1469 5474 Satius
1523 5435 1641 5474 eam
1701 5419 1954 5481 dixisset,

387 5529 530 5581 qum,
566 5513 834 5567 referente
869 5512 1154 5568 Vincentio
1183 5513 1235 5566 in
1268 5503 1428 5580 Spec.
1487 5510 1624 5566 Hist.
1681 5510 1772 5574 ‘23,
1833 5509 1954 5572 M7,

385 5606 490 5660 sub
519 5604 700 5661 Leone
723 5605 910 5660 Isauro
945 5621 1040 5674 per
1067 5619 1252 5658 muros
1297 5603 1448 5656 urbis
1497 5601 1602 5656 ΟΡ.
1631 5602 1791 5658 ducta
1855 5604 1961 5655 lua-

383 5699 514 5750 dum
573 5698 860 5752 Saracenis
911 5711 1030 5752 eam
1098 5696 1287 5749 urbem
1347 5693 1728 5749 obsidentibus
1779 5693 1961 5747 intulit

385 5791 760 5862 naufragium,
807 5789 1140 5858 ὁδηγήτριαν
1193 5787 1460 5856 siquidem
1521 5783 1684 5838 refert
1733 5801 1758 5837 a
1815 5786 1958 5840 Luca

387 5903 514 5940 curn
541 5901 708 5955 puero
737 5883 868 5940 Jesu
903 5883 1046 5938 ulnis
1077 5892 1282 5952 gustato
1307 5881 1602 5950 depictam,
1631 5894 1691 5934 ac
1719 5879 1770 5933 in
1808 5880 1960 5950 Ὀδη-

2060 3295 2293 3355 quatuor
2337 3285 2751 3358 Evangeliorum
2791 3294 3214 3349 commentarios
3264 3296 3434 3352 lectos
3457 3313 3626 3362 esse;

2060 3381 2201 3449 quod
2255 3381 2418 3435 nimis
2473 3383 2696 3452 longum
2738 3384 2952 3441 fuisset.
2997 3386 3180 3458 Itaque
3198 3390 3493 3445 articulum
3527 3392 3624 3456 τά,

2059 3471 2406 3540 praepositum
2449 3476 2714 3530 vocabulo
2749 3477 3016 3548 τέσσαρα,
3040 3482 3292 3536 exsulare
3315 3482 3493 3551 jubet.
3519 3480 3626 3536 Sed

2061 3563 2104 3616 si
2132 3561 2442 3618 Graecorum
2469 3565 2697 3622 rituales
2728 3567 2895 3622 libros
2927 3569 3250 3639 diligentius
3277 3573 3628 3642 inspexisset,

2061 3657 2219 3708 aliter
2265 3668 2397 3724 puto
2444 3671 2612 3728 Super
2670 3659 2773 3715 bac
2797 3677 2854 3715 re
2904 3665 3336 3730 pronuntiasset.
3377 3665 3452 3721 Ita
3477 3668 3624 3722 enim

2060 3745 2322 3816 Typicum
2355 3749 2509 3802 Saliae
2543 3763 2593 3804 c.
2621 3749 2690 3805 58
2711 3787 2728 3816 ,
2760 3765 2926 3822 agens
2959 3753 3025 3806 de
3051 3755 3152 3808 hac
3183 3770 3391 3825 magna:
3425 3757 3630 3811 hebdo-

2060 3836 2235 3891 madis
2307 3837 2443 3892 feria
2520 3841 2798 3896 secunda:
2886 3843 3350 3912 ’Λναγινώσκεται
3421 3847 3482 3899 δὲ
3559 3847 3622 3900 τὸ

2056 3929 2541 3996 τετ-ραευαγγέλιον
2587 3933 2651 4002 τῇ
2685 3929 2750 4002 β’,
2777 3935 2842 4005 τῇ
2867 3941 2916 4004 γ’
2939 3935 3035 3988 καὶ
3061 3939 3126 4007 τῇ
3147 3937 3210 4002 δ’,
3253 3938 3348 3990 καὶ
3380 3937 3622 4010 πληροῦ-

2057 4035 2169 4072 ται.
2195 4017 2277 4072 Ne
2306 4031 2488 4074 autem
2545 4023 2847 4092 suspiceris
2899 4035 3108 4080 tantum
3143 4037 3350 4098 partem
3379 4029 3618 4098 aliquam

2058 4127 2124 4164 ex
2180 4122 2416 4180 quatuor
2453 4113 2764 4185 Evangeliis
2796 4117 2992 4171 lectam
3030 4133 3174 4187 esse,
3216 4120 3342 4176 audi
3379 4121 3624 4192 ejusdem

2059 4201 2244 4274 Typici
2276 4213 2550 4260 auctorem
2569 4207 2753 4278 eodem
2782 4207 2934 4264 loco:
2968 4209 3181 4263 Εἰδέναι
3211 4211 3266 4264 δὲ
3300 4212 3406 4284 χρὴ
3450 4213 3534 4266 ὅτι
3567 4212 3626 4268 τὸ

2060 4295 2200 4346 κατὰ
2220 4295 2494 4348 Ματοαῖον
2511 4296 2664 4364 ἆγιον
2681 4297 3004 4366 εὐαγγέλιον
3021 4301 3143 4354 ὅλον
3167 4301 3622 4368 ἀναγινώσκεται·

2057 4386 2253 4454 ὁμοίως
2269 4387 2359 4439 καὶ
2389 4388 2448 4440 τὸ
2471 4389 2610 4440 κατὰ
2627 4387 2847 4460 Μάριον
2863 4391 2954 4442 καὶ
2979 4391 3038 4444 τὸ
3060 4392 3200 4446 κατὰ
3227 4393 3460 4448 Λουκᾶν.
3484 4395 3556 4446 Τὸ
3571 4395 3625 4446 δὲ

2058 4478 2198 4530 κατὰ
2240 4478 2492 4550 Ἰωάννην
2530 4481 2963 4548 ἀναγινώσκεται
3009 4484 3135 4556 ἄχρι
3169 4485 3269 4554 τῆς
3309 4488 3484 4557 ἀρχῆς
3519 4487 3626 4539 τῶν

1981 4566 2028 4626 D
2054 4571 2226 4640 ἁγίων
2257 4571 2463 4626 παθῶν.
2499 4572 2954 4642 Ἀναγινώσκεται
2979 4576 3036 4628 δὲ
3052 4577 3204 4640 οὗτος
3223 4581 3279 4631 ὲν
3295 4583 3414 4642 ταῖς
3449 4579 3627 4651 τρισὶν

2060 4663 2296 4730 ἡμέραις
2345 4665 2510 4732 ἤγουν
2561 4665 2628 4735 β’,
2663 4664 2709 4734 γ’
2745 4665 3030 4720 καὶὸ-καὶ
3078 4670 3483 4740 πληρσῦνταιὲν
3513 4673 3626 4732 ταῖς

2058 4753 2249 4821 ὥραις·
2281 4755 2484 4822 γίνεται
2514 4757 2572 4810 δὲ
2603 4757 2663 4810 τὸ
2689 4760 2830 4812 κατὰ
2881 4761 3096 4814 Λουκᾶν
3115 4761 3451 4828 ἀναγνώσεις
3477 4769 3542 4830 γ’,
3563 4762 3628 4814 τὰ

2057 4847 2102 4899 δ’
2120 4848 2254 4902 ἄλλα
2281 4849 2387 4902 ἀπὸ
2427 4849 2698 4920 δευτέρου.
2731 4851 2898 4922 Ὀμυῦ
2934 4853 3266 4922 ἀναγνώσεις
3283 4855 3348 4920 ϐ’,
3367 4857 3458 4909 καὶ
3482 4855 3628 4928 ὥρας

2059 4939 2125 5005 0',
2166 4941 2258 4993 καὶ
2298 4940 2461 4994 πλέον
2491 4943 2662 4998 οὐδέν.
2725 4945 2802 4999 Ex
2833 4945 2916 5000 liis
2942 4946 3051 5016 jam
3095 4945 3365 5004 Meursius
3395 4963 3500 5002 non
3528 4947 3629 5003 Co-

2059 5033 2271 5099 dinum,
2293 5035 2384 5088 sed
2421 5050 2520 5088 sua
2543 5027 2834 5091 emendare
2875 5039 3093 5105 poterit.
3116 5036 3177 5090 Et
3209 5039 3254 5091 si
3304 5039 3430 5107 quid
3452 5055 3628 5093 emen-

2059 5123 2302 5180 dandum
2361 5129 2451 5192 sit,
2523 5129 2706 5198 potius
2767 5144 3078 5200 expungam
3131 5129 3263 5184 illud
3307 5133 3373 5200 τῇ
3419 5131 3620 5200 μεγάλῃ

2061 5220 2304 5290 πέμπτῃ,
2347 5220 2472 5289 quia
2499 5237 2688 5291 magna
2717 5221 2847 5276 feria
2907 5222 3096 5290 quinta
3113 5236 3216 5275 non
3245 5213 3519 5292 legeltaiur
3567 5221 3624 5272 τὸ

2058 5313 2588 5382 τετραευαγγέλιον,
2643 5314 2843 5384 quippe
2905 5315 3048 5382 quod
3118 5315 3452 5384 praecedente
3515 5315 3619 5380 die,

2063 5418 2312 5472 videlicet
2349 5433 2540 5488 magna
2575 5417 2710 5472 feria
2742 5426 2964 5487 quarta,
2997 5417 3110 5488 jam
3146 5419 3454 5474 absolutum
3489 5431 3618 5482 erat,

2064 5515 2122 5560 ut
2149 5524 2214 5561 ex
2240 5505 2444 5578 Typico
2475 5506 2630 5562 Saba:
2653 5509 2994 5574 audivimus;
3027 5509 3130 5564 nisi
3157 5509 3294 5564 forte
3327 5511 3382 5564 in
3428 5509 3620 5580 palatio

2062 5600 2350 5668 Cpolitano
2370 5601 2644 5656 tetrabibli
2671 5601 2832 5656 lectio
2855 5604 2924 5656 ad
2957 5602 3204 5670 quintam
3231 5603 3402 5671 ipsam
3439 5603 3620 5658 feriam

2067 5709 2318 5763 magnam
2375 5695 2782 5748 extenderctur.
2847 5694 3112 5762 Quamvis
3163 5695 3342 5762 ipsum
3409 5705 3622 5764 quoque

2067 5783 2700 5839 'l‘riodium-Graecorum
2741 5801 2863 5840 cum
2917 5785 3121 5856 Typico
3157 5785 3310 5840 Saba:
3335 5786 3620 5844 conciliat;

2065 5879 2220 5946 cujus
2239 5877 2352 5934 lucc
2379 5885 2504 5932 sunt
2524 5876 2682 5932 verba
2709 5893 2722 5934 :
2749 5875 2962 5948 Legitur
2987 5879 3146 5933 etiam
3179 5876 3622 5945 tetraevangeiium
