3852 6604
1196 501 1577 569 GllETSElil
1614 497 1708 556 ET

1874 490 2006 551 Alli
2057 485 2302 547 ΝΟΤιΕ.
3278 461 3382 525 354

1507 619 1630 670 Crat
1661 621 1708 668 et
1744 649 1752 680 Α

1881 606 1987 668 lea,
2047 602 2272 656 calceus.
2311 592 2583 650 Set'ibitur
2623 586 2789 644 etiam
2832 579 3149 648 παπούτζη.
3189 575 3385 631 Melior

1811 698 1998 754 forsan
2029 693 2298 761 scriptura
2331 696 2413 741 est
2435 679 2820 737 cut‘lobrttccia.
2855 674 3064 730 Gut-31s.

1839 769 1846 773 ’
1885 783 2028 838 Ibid.
2062 778 2252 854 [Ποιεῐ
2270 773 2623 842 εὐλογητόν.
2656 770 2697 821 Δ
2727 766 3108 821 benediCtione
3139 761 3392 831 auspica-

1814 887 1922 941 tur,
1957 853 2145 930 dicens
2185 888 2199 924 :
2239 864 2546 934 Εὐλογητὸς
2579 864 2607 915 ὁ
2635 859 2770 922 Θεὸς
2804 857 2963 928 ἡμῶν
3014 856 3268 918 πάντοτε,
3297 853 3390 904 νῦν

1811 966 1908 1020 καὶ
1940 964 2040 1030 ἀεὶ,
2062 961 2157 1014 καὶ
2187 960 2266 1022 εἰς
2299 956 2423 1017 τοὺς
2457 951 2662 1012 αἰῶνας
2688 949 2801 1002 τῶν
2838 947 3073 1000 αἰώνων.

1887 1056 2032 1110 Ibid.
2066 1054 2135 1108 Τὸ
2168 1049 2500 1119 τρισὰγιον.
2526 1045 2564 1098 Α
2608 1052 2689 1097 ter
2723 1042 2950 1109 repetita
3019 1052 3157 1092 voce
3197 1037 3392 1102 ᾶγιοςε

1819 1151 2008 1216 ’Ἄγιος
2028 1148 2055 1200 ὁ
2082 1146 2241 1210 Θεὸς,
2279 1145 2436 1211 ἅγιος
2477 1135 2718 1207 ἰσχυρὸς,
2746 1135 2901 1202 ἅγιος
2927 1131 3216 1195 ἀθάνατος,
3242 1127 3393 1194 ἐλέη-

1820 1259 1910 1296 σον
1945 1241 2115 1310 ἡμᾶς.
2972 1213 2980 1220 ’

1891 1329 2054 1393 Ibid.
2083 1328 2195 1383 Τοῦ
2225 1325 2604 1394 εὐαγγελίου.
2635 1318 2806 1388 Cujus
2828 1314 3177 1386 opp-relata,
3199 1310 3402 1380 princi-

1825 1428 1976 1495 piutn
2011 1432 2066 1477 et
2089 1421 2370 1476 liuissunt
2405 1433 2420 1469 :
2455 1414 2634 1470 Sciens
2677 1412 2833 1475 Jeszts
2870 1409 2996 1478 quia
3028 1405 3206 1459 omnia
3253 1402 3399 1456 dedit

1820 1519 1866 1572 ei
1901 1517 2079 1579 Pater,
2105 1525 2208 1567 etc.
2243 1521 2296 1564 et
2320 1525 2423 1586 non
2451 1510 2578 1562 estis
2613 1503 2796 1558 mundi
2825 1515 3026 1555 omnes.

1896 1609 1958 1664 P.
1989 1611 2079 1662 7|.
2137 1605 2277 1677 [Τοῦ
2337 1600 2629 1669 νιπτῆρος
2683 1596 3036 1654 ἀκολοιθία.
3085 1590 3258 1656 Quam
3310 1586 3402 1656 qui

1825 1699 2163 1758 desiderabit
2224 1699 2518 1764 integram,
2572 1698 2760 1745 nostra
2811 1684 3168 1752 Euchologia,
3196 1681 3240 1736 si
3287 1694 3400 1732 me-

1829 1804 2041 1856 rentur,
2068 1789 2264 1845 adibit.
2320 1783 2640 1840 ’Δκολουθια
2698 1789 2878 1834 autem
2916 1776 3144 1845 ofﬁcium
3167 1783 3242 1826 est
3265 1769 3404 1823 diri-

1830 1902 1978 1948 num,
2008 1884 2170 1952 cujus
2213 1889 2397 1950 partes
2449 1880 2516 1931 ad
2546 1875 2779 1931 invicem
2824 1883 3087 1926 connexa:
3118 1866 3315 1922 ordine
3348 1879 3408 1918 se

1784 1966 1800 2017 l
1829 1984 2261 2045 consequuntur,
2299 1971 2456 2041 quasi
2487 1967 2780 2040 sequentia.
2815 1961 3005 2034 Coum]

1847 2109 1850 2113 ι
1907 2070 2050 2124 Ibid.
2086 2068 2240 2121 Alter
2269 2066 2440 2121 codex
2468 2063 2667 2117 Boicus
2699 2058 2803 2113 ἀνὰ
2830 2057 3072 2128 χρυσοῦν
3094 2054 3410 2124 νομίσματα

1833 2160 1984 2230 τρία..
2013 2159 2220 2213 Forsan
2254 2164 2400 2210 recta
2421 2153 2584 2207 lectio
2609 2150 2713 2204 erit
2740 2149 2843 2202 ἀνὰ
2867 2149 3048 2216 χρυσᾶ
3074 2145 3411 2215 νομίσματα,

1838 2262 1896 2305 ιιι
1930 2250 2033 2302 ἀνὰ
2060 2248 2306 2318 capiatur
2356 2259 2424 2301 eo
2452 2257 2616 2298 sensu
2651 2252 2761 2310 quo
2795 2239 2983 2292 Matth.
3019 2252 3090 2290 xx
3121 2252 3135 2289 :
3172 2234 3408 2287 Ἔλαϐον

1839 2344 1942 2398 ἀνὰ
1972 2342 2251 2412 δηνάριον,
2305 2345 2615 2405 acceperunt
2664 2331 2862 2402 singuli
2909 2329 3210 2383 denarium.
3247 2327 3410 2379 Ἐλα.

1841 2437 1938 2489 σον
1969 2434 2065 2488 καὶ
2095 2432 2250 2486 αὐτοὶ
2287 2429 2389 2483 ἀνὰ
2426 2427 2707 2497 δηνάριον,
2741 2430 3052 2491 acceperunt
3081 2419 3187 2489 ipsi
3209 2433 3414 2489 quoque

1841 2525 2038 2594 singuli
2069 2511 2370 2577 denarium.
2401 2516 2606 2572 Gns'rs.

1917 2618 2060 2672 Ibid.
2129 2610 2416 2688 [Τρὰπεζα
2457 2610 2528 2663 δὲ
2588 2605 2878 2677 οὐδαμοῦ.
2931 2605 3012 2661 Ob
3067 2603 3424 2674 rcligiosioris

1843 2711 2039 2783 jejunii
2101 2716 2461 2780 prmeeptum,
2508 2703 2651 2781 quod
2717 2711 2897 2755 tamen
2946 2699 3109 2754 etiam
3142 2697 3426 2752 monachis

1853 2806 1958 2861 hoc
1973 2805 2061 2858 die
2095 2803 2227 2856 vino
2260 2815 2371 2854 non
2405 2794 2708 2853 interdicit.
2747 2791 3140 2862 Euehologium
3168 2807 3182 2845 :
3213 2791 3428 2842 Δίδοται

1851 2899 1912 2952 τὸ
1967 2893 2366 2958 κατακλαστὸν,
2425 2889 2522 2944 καὶ
2572 2886 3078 2958 μεταλαμϐάνομεν
3129 2883 3279 2936 οἴνου
3332 2880 3428 2951 p.6-

1852 3009 1946 3046 νου
1955 3029 1969 3043 ο
3088 3014 3093 3018 ,

1926 3079 2092 3150 319
2120 3077 2262 3131 Ibid.
2311 3074 2464 3148 [Τῆς
2491 3073 2830 3143 ἀγρυπνίας
2883 3067 3236 3124 ἀκολουθία.
3268 3065 3434 3120 Volu-

1829 3181 1983 3242 ptas
2016 3170 2218 3240 quietis
2249 3166 2655 3236 quantumlibet
2684 3162 2933 3217 studiosa
2960 3160 3013 3214 in
3039 3159 3262 3228 vigiliis,
3294 3174 3432 3228 quas

1866 3262 2195 3330 παννυχίδας
2245 3265 2468 3321 vocant,
2499 3256 2686 3309 luxum
2745 3251 2963 3322 quaerit,
3009 3251 3077 3305 de
3115 3249 3318 3319 quibus
3349 3248 3438 3302 Si-

1867 3362 2127 3416 mocatta,
2155 3367 2270 3416 vni,
2307 3350 2372 3404 l3
2404 3369 2416 3402 :
2453 3346 2696 3415 Σύνηθες
2725 3345 2858 3412 γοῦν
2881 3346 2994 3404 τοῖς
3023 3340 3320 3413 ἐγχωρίοις
3345 3341 3441 3392 ἐπὶ

1864 3449 1976 3509 τοῖς
2010 3442 2428 3514 λελοχευμένοις
2473 3438 2712 3500 παιδίοις
2760 3434 3061 3506 ἑὸδομσιίαν
3109 3435 3300 3502 ἄγουσι
3337 3431 3456 3500 τὴν.

1865 3538 2084 3610 ἡμέραν
2115 3534 2438 3604 συμποσίων
2464 3522 2685 3602 ἑορταῖς
2717 3524 3322 3595 καταπαννυχίζεσθαι.
3362 3521 3446 3576 Di-

1870 3630 2125 3686 lectionis
2151 3628 2356 3698 pariter
2384 3626 2567 3680 fervor
2585 3619 2901 3692 asperitatis
2919 3633 3135 3681 amans,
3157 3616 3211 3670 in
3235 3613 3442 3670 Christi

1872 3735 2049 3779 morte
2111 3722 2400 3792 protractis
2435 3735 2528 3789 per
2584 3717 2728 3772 diem
2758 3711 3005 3784 jejuniis,
3055 3709 3238 3779 noctis
3283 3721 3448 3761 omne

1872 3814 2109 3884 spatium
2165 3812 2418 3865 insomne
2474 3808 2696 3862 molitur
2727 3806 2890 3860 etiam
2944 3804 2998 3857 in
3049 3803 3444 3870 imperatorum

1873 3905 2094 3977 palatiis
2123 3903 2442 3970 adiungere.
2486 3897 2831 3967 Παννυχίδας
2856 3908 3046 3950 sacras
3081 3907 3186 3945 non
3217 3888 3450 3945 ascetici

1875 3997 2038 4052 modo
2070 3994 2291 4056 fratres,
2331 3990 2425 4045 sed
2469 3999 2523 4044 et
2551 3985 2974 4049 communioris,
3023 3983 3234 4038 devotae
3267 3988 3448 4034 tamen

1875 4088 2002 4148 vitae
2033 4094 2396 4156 praeceptores
2421 4081 2537 4136 suis
2572 4079 2797 4149 scriptis
2825 4077 3126 4132 celebrant.
3151 4073 3451 4128 Commen-

1879 4174 2011 4236 dant
2047 4178 2099 4231 in
2135 4174 2430 4253 prtecipuis
2457 4171 2666 4228 Christi
2700 4168 2916 4226 Doinini
2944 4177 2997 4223 et
3027 4166 3272 4234 Deiparte
3301 4162 3454 4218 festis

1879 4269 2258 4328 ecclesiastica
2293 4266 2492 4328 ollicia,
2527 4263 2616 4319 ubi
2667 4260 3091 4332 frequentiorem
3131 4256 3343 4326 plebem
3387 4253 3456 4306 ad

1881 4362 2248 4420 concinendas
2275 4361 2370 4415 Dei
2400 4359 2592 4414 laudes
2622 4364 2945 4411 convocant.
2977 4351 3101 4405 llaec
3129 4363 3256 4404 vero
3285 4348 3459 4417 ἀγρυ-

163 543 248 598 3υ3

161 650 382 710 retanda,
436 645 591 700 tertia
629 650 676 695 et
726 644 916 709 quarta
971 631 1128 701 fct'ia.
1169 623 1294 682 Ka‘t‘
1328 624 1500 693 τιλτιιρο

165 745 421 814 completur
441 754 533 790 seu
560 732 890 787 terminatur.
922 725 1131 778 (iners.

225 837 353 890 Ibid.
385 829 534 903 [Non
561 827 645 880 his
683 822 848 876 modo
879 814 1176 871 Doininicze
1221 806 1463 880 passioni
1495 816 1704 858 memo-

168 930 326 986 randa:
365 919 596 978 sacratis
661 914 835 976 feriis,
896 919 1054 979 prout
1105 888 1318 960 erudite
1365 900 1710 954 demonstrat

169 1027 445 1081 Gretserus,
481 1015 577 1070 sed
604 1022 656 1065 et
687 1008 954 1062 continuo
1000 1000 1168 1055 totius
1195 994 1321 1069 anni
1344 991 1524 1056 spatio
1561 999 1709 1041 totus

171 1122 372 1184 quatuor
404 1103 865 1173 evangelistarum
910 1104 1092 1148 textus
1143 1090 1196 1142 in
1232 1083 1468 1140 ecclesia
1516 1079 1703 1148 palam

173 1169 358 1273 legitur,
378 1198 524 1269 quod
550 1169 767 1249 diserte
821 1188 908 1242 his
944 1184 1121 1238 verbis
1168 1176 1424 1234 edisserit
1459 1169 1713 1227 doctissi-

174 1313 272 1351 mus
300 1295 548 1348 Atlatius.
576 1283 833 1353 Exceptis
859 1277 1074 1347 magnis
1100 1271 1564 1328 solemnitatibus,
1591 1278 1715 1330 quae

174 1388 416 1459 peculiare
433 1383 538 1436 sibi
566 1386 822 1448 poscunt,
859 1369 1213 1439 Evangelium
1237 1365 1288 1418 in
1332 1360 1556 1428 reliquis
1587 1355 1714 1411 anni

173 1481 340 1534 diebus
405 1477 477 1527 ita
541 1468 950 1538 dispertiuntur
999 1460 1196 1520 Grteci,
1247 1465 1306 1510 ut
1355 1453 1520 1507 unius
1565 1448 1718 1518 prius

175 1568 487 1637 evangelista:
534 1573 746 1616 textum
778 1559 832 1612 in
880 1562 1136 1609 tmemata
1165 1548 1413 1602 dividant
1440 1551 1495 1597 et
1524 1540 1719 1596 diebus

176 1632 435 1734 applicent,
473 1658 657 1710 donec
680 1652 852 1715 liniat,
899 1644 1248 1717 postmodum
1277 1638 1507 1692 alterius
1543 1632 1723 1690 conti-

179 1765 334 1820 nuent,
374 1758 546 1806 donec
615 1745 802 1801 omnia
844 1742 910 1797 ad
957 1743 1166 1794 exitum
1234 1729 1615 1803 perduxerint,
1669 1733 1724 1779 et

181 1851 341 1904 diebus
365 1841 668 1898 Dominicis
703 1854 735 1893 a
759 1835 1029 1902 scriptore
1069 1825 1349 1896 Evangelii
1385 1836 1585 1877 nomen
1620 1819 1724 1872 im-

183 1950 390 2010 ponant:
445 1937 646 1990 dicunt
673 1931 819 1986 enim
865 1929 897 1996 ἡ
935 1922 1130 1995 πρώτη
1164 1915 1407 1988 κυριακὴ
1438 1912 1533 1967 τοῦ
1565 1913 1720 1965 Ματ-

184 1964 390 2010 pOllilm;
445 1964 646 1990 un;qu
673 1964 819 1986 cui".
870 1964 897 1996 οι
943 1964 1130 1995 ..νιν-,⁸
1166 1964 1407 1988 .--ιη---Ἰ
1452 1964 1494 1967 _-
1568 1964 1576 1965 ,

184 2031 384 2097 θαῐου,ή
433 2027 676 2094 δευτέρα
725 2020 820 2074 τοῦ
851 2015 1161 2075 Ματθαεου,
1194 2023 1248 2064 et
1283 2011 1362 2064 sic
1393 2008 1460 2062 de
1493 2004 1636 2058 aliis.
1667 2001 1726 2055 1d
1759 1964 1778 2020 ι

188 2134 231 2174 ut
255 2121 428 2174 melius
455 2111 920 2186 comprehcndas,
949 2107 1107 2162 velim
1131 2103 1298 2173 318
1323 2097 1731 2155 animadvertas

192 2213 378 2266 Joannis
460 2206 746 2276 Evangelii
852 2210 1058 2257 textum
1123 2197 1442 2249 universum
1525 2195 1731 2254 septem

195 2306 381 2373 integris
422 2295 868 2356 hebdomadibus
917 2290 1042 2360 logi,
1076 2301 1199 2357 quae
1230 2300 1258 2338 a
1295 2295 1488 2348 magna
1519 2276 1738 2347 pascha:

198 2396 431 2451 Dominica
465 2394 651 2448 tribus
685 2389 880 2443 diebus
903 2381 1148 2452 exceptis
1178 2382 1561 2437 numerantur,
1601 2369 1738 2422 Mat-

195 2490 294 2546 ιιιπί
321 2488 445 2543 feria
476 2483 725 2541 secunda
757 2492 877 2549 post
907 2473 1250 2531 Dominicam
1280 2469 1631 2522 Pentecostes
1672 2461 1739 2515 ad

196 2584 584 2649 subsequentem
618 2576 952 2629 Parasceven
980 2561 1343 2620 Exaltationis
1376 2559 1518 2612 diem
1540 2556 1740 2610 festum

197 2675 574 2740 absolviturque
627 2663 1064 2720 hebdomadibus
1120 2665 1328 2724 septem
1409 2660 1463 2704 et
1519 2650 1730 2702 decem.

199 2768 372 2819 Harum
407 2739 670 2817 undecim
699 2754 936 2823 singulis
955 2749 1151 2804 diebus
1181 2742 1417 2799 Matthaei
1455 2739 1744 2794 lectionem

197 2859 504 2918 continuant,
559 2868 590 2906 a
627 2846 955 2905 duodecima
979 2841 1230 2911 quinque
1287 2842 1498 2888 tantum
1553 2828 1748 2882 diebus

201 2949 338 3004 Marci
385 2947 550 3002 lectio
632 2937 960 2996 assumitur,
1011 2926 1268 2985 Sabbatis
1326 2935 1381 2979 et
1446 2917 1750 2974 Dominicis

202 3043 407 3097 llatthaai
444 3038 613 3094 lectio
669 3030 998 3092 restituitur,
1049 3035 1225 3091 usque
1253 3021 1319 3072 ad
1357 3011 1751 3070 hebdomadam

204 3135 432 3190 decimam
468 3142 522 3186 et
553 3105 890 3196 'septimam,
949 3113 1250 3173 dummodo
1302 3109 1420 3162 haec
1477 3112 1754 3174 postrema

207 3229 325 3282 inter
372 3235 588 3292 tempus
641 3215 898 3287 paschale
939 3214 1241 3269 occurrat;
1280 3203 1364 3258 sin
1413 3201 1615 3262 minus,
1645 3209 1754 3248 non

208 3320 394 3386 legitur.
422 3287 585 3370 Luem
617 3307 978 3377 Evangelium
1007 3317 1035 3355 a
1066 3299 1199 3353 let-ia
1219 3294 1460 3370 secunda
1497 3304 1614 3358 quas
1646 3287 1756 3340 Do-
1781 3301 1829 3366 ο

211 3410 430 3462 minicam
486 3415 615 3475 post
679 3376 1078 3454 Exaltationem
1141 3386 1365 3454 excipit,
1429 3389 1482 3433 et
1529 3376 1758 3444 integris

218 3468 624 3557 hebdomadibus
691 3487 984 3546 duodecim
1037 3480 1412 3537 continuatur.
1469 3472 1550 3526 Ab
1604 3468 1762 3523 initio

216 3595 359 3648 tertiae
379 3593 604 3647 decimae
635 3583 802 3638 Marci
828 3573 1168 3650 percurritur
1197 3571 1250 3624 in
1285 3564 1518 3634 reliquis
1543 3561 1762 3622 diebus,

219 3686 290 3739 sed
325 3684 575 3739 Sabhatis
603 3690 660 3734 et
696 3669 1000 3729 Dominicis
1046 3666 1209 3720 Lucae
1237 3657 1562 3715 assumitur.
1596 3652 1764 3706 Marci

225 3777 402 3830 tandem
455 3775 605 3828 inter
651 3765 887 3822 Matthxi
947 3769 1002 3814 et
1030 3758 1194 3812 Luca:
1243 3749 1586 3810 absumitur;
1620 3741 1766 3814 quod

220 3881 324 3922 vero
341 3865 631 3936 supererit,
659 3858 912 3915 Sabbatis
941 3863 995 3908 et
1022 3847 1320 3906 Dominicis
1343 3838 1770 3912 quadragesimae

220 3960 508 4013 absolvitur.
540 3955 674 4009 Haec
710 3951 818 4005 ille.
839 3940 1043 4013 Cosa]

276 4054 332 4105 P.
365 4054 444 4106 '10.
469 4051 544 4104 De
574 4060 728 4102 more
756 4037 973 4096 lavandi
1001 4034 1188 4106 pedes,
1213 4039 1330 4084 tam
1358 4026 1462 4079 hoc
1487 4024 1574 4076 die
1605 4032 1769 4088 quam

219 4147 340 4209 aliis,
367 4143 653 4215 proprium
684 4131 1008 4204 Opusculum
1042 4124 1212 4187 edidi,
1250 4118 1396 4190 quod
1429 4111 1766 4170 Pedilavium

222 4237 484 4307 inscripsi;
509 4233 606 4288 cui
635 4229 802 4282 etiam
822 4239 891 4292 ex
925 4215 1261 4286 Euchologio
1303 4211 1619 4266 Graecorum
1660 4201 1778 4256 Ollio

221 4329 346 4383 cium
374 4303 633 4391 pedilavii
677 4314 914 4374 inserui.
944 4310 1057 4366 Nec
1103 4303 1347 4362 Orientis
1378 4308 1588 4356 tantum
1617 4308 1777 4365 reges

221 4434 267 4476 et
297 4388 653 4490 imperatores
683 4413 789 4466 hoc
836 4408 925 4462 die
964 4413 1272 4474 pauperum
1300 4392 1468 4464 pedes
1495 4388 1776 4450 levabant,

225 4512 306 4566 sed
340 4478 389 4565 el
410 4503 753 4566 Occidentis,
789 4510 848 4554 ut
877 4495 1130 4568 pluribus
1164 4483 1432 4555 exemplis
1476 4478 1696 4536 ostendi
1724 4479 1780 4531 in

223 4604 316 4672 jam
348 4604 492 4659 dicto
523 4597 822 4670 Opusculo.

284 4717 403 4772 Post
463 4711 774 4768 absolutam
809 4699 1180 4758 narrationem
1243 4693 1311 4746 de
1345 4687 1552 4740 lotione
1575 4680 1777 4752 pedum

228 4813 455 4881 sequitur
517 4809 578 4862 in
628 4801 869 4857 editione
911 4793 1150 4849 Juniana
1217 4783 1409 4839 titulus
1444 4781 1569 4839 iste,
1627 4777 1654 4827 ὁ
1699 4787 1784 4824 νι-

229 4864 371 4974 πτῆς.
389 4901 496 4956 Sed
528 4896 666 4952 vidit
693 4895 924 4962 ipsemet
948 4883 1148 4938 Junius
1171 4876 1386 4932 titulum
1419 4887 1523 4925 non
1547 4882 1646 4922 suo
1667 4864 1791 4924 loco

235 4999 452 5062 positum
493 5005 643 5053 esse,
677 4961 727 5039 et
753 4983 798 5038 si
837 4974 1184 5047 recipiendus
1207 4970 1301 5032 sit,
1324 4961 1634 5034 ponendum
1667 4964 1794 5008 ante

333 5087 514 5150 verba,
532 5050 641 5152 προ
663 5080 717 5132 δὲ
746 5078 843 5144 τῆς
876 5065 1248 5134 λειτουργίας,
1271 5067 1380 5114 etc.
1407 5053 1516 5108 Nec
1541 5053 1595 5106 in
1626 5050 1795 5103 altero

235 5178 596 5250 codiceBoico
627 5175 938 5237 comparet.
966 5159 1174 5215 Gners.

301 5293 437 5347 Ibid.
475 5287 763 5364 [Absoluta
817 5280 984 5334 missa
1019 5267 1347 5340 lavipedium
1389 5260 1502 5314 ﬁeri
1553 5253 1797 5326 praecipit

241 5387 645 5455 Eucliologium.
727 5374 874 5446 quod
952 5365 1136 5439 populi
1198 5351 1576 5416 commoditati
1633 5362 1796 5417 quam

244 5441 509 5550 mysterio:
544 5474 688 5542 quod
711 5469 970 5522 observat
1004 5459 1324 5526 imperator,
1362 5441 1690 5500 statsatius.

303 5591 431 5647 Ibid.
473 5583 824 5650 Ύποκάμισα
848 5585 1038 5629 auctor
1061 5565 1296 5636 explicat
1315 5558 1572 5629 χιτῶνας,
1603 5551 1801 5608 Suidas

249 5683 550 5743 ἐπενδύτας,
607 5673 857 5729 ὲσὼτατα
913 5664 1126 5734 ἱμάτια,
1163 5656 1406 5716 tunicas;
1441 5648 1631 5702 Simon
1665 5643 1801 5696 Por-

249 5778 345 5830 tius
372 5791 492 5828 cum
531 5770 690 5837 vulgo
745 5757 1120 5830 ὐποχιτῶνας,
1167 5737 1806 5819 ὲχέσαρκα,ὲνδοτάτους

253 5867 615 5937 χιτωνίσκους,
647 5875 753 5914 uno
775 5856 944 5910 verbo
973 5845 1254 5903 interulus.
1281 5834 1482 5907 Ceam]

316 5979 448 6032 Ibid.
485 5964 1088 6032 Curtzobraccia'kttrze
1135 5959 1314 6014 Itoseu,
1350 5962 1408 6004 ut
1445 5943 1804 6008 παποὺτζιον,

1884 4458 2018 4508 πιλία
2055 4455 2164 4506 τῶν
2198 4452 2388 4506 παθῶν
2419 4451 2556 4505 adeo
2580 4449 2750 4507 culta,
2781 4455 2840 4499 tit
2871 4443 3012 4497 κατὰ
3059 4441 3150 4495 τὸν
3183 4439 3461 4507 τεταγμέ-

1887 4566 1977 4601 νον
2007 4545 2226 4616 καιρδν,
2254 4545 2400 4599 circa
2427 4541 2725 4596 secmndam
2780 4536 3040 4591 nimirum
3077 4533 3160 4587 vel
3187 4531 3406 4586 tertiam
3431 4546 3462 4583 ει

1816 4635 1860 4690 D
1887 4641 2132 4698 serotino
2162 4635 2493 4708 crepusculo
2523 4634 2740 4694 horam,
2774 4644 2885 4683 non
2920 4627 3091 4694 possit
3117 4623 3186 4678 ab
3223 4623 3464 4692 impera-

1893 4745 2013 4790 tore
2052 4747 2163 4788 non
2215 4727 2506 4785 celebrari.
2537 4726 2612 4780 De
2666 4725 2751 4776 his
2790 4721 2945 4774 festis
2984 4718 3218 4786 vigilatis
3271 4719 3468 4769 tractat

1892 4824 2154 4888 Allatius,
2213 4822 2281 4876 de
2334 4819 2433 4873 lib.
2478 4816 2691 4870 Eccles.
2733 4810 2923 4866 Graeco
2971 4804 3366 4862 dissertatione
3413 4804 3466 4856 l.

1893 4916 2063 4972 Goan.

1968 4932 2063 4970 an.

1968 4912 2115 5062 Ibltl.
2149 5000 2447 5058 Duodecim
2474 4997 2582 5052 ista
2621 4990 2905 5070 evangelia
2983 4995 3144 5041 erant
3176 4991 3359 5051 partes
3399 4999 3468 5036 ex

1896 5106 2138 5170 quatuor
2166 5081 2885 5161 evangelistisdesumptm,
2948 5085 3005 5132 ut
3035 5075 3262 5145 planum
3327 5073 3477 5128 litex

1900 5193 2217 5246 Grmcormn
2250 5181 2497 5245 Triodio,
2532 5177 2624 5232 ubi
2649 5173 2942 5231 duodecim
2993 5169 3188 5223 ordine
3248 5181 3479 5221 enume-

1901 5292 2118 5346 rantur,
2163 5277 2422 5346 adjuneto
2478 5267 2969 5337 evangelistm,'ex
3029 5276 3136 5330 quo
3197 5258 3483 5328 quodlibet

1901 5377 2251 5441 desumptum
2283 5375 2387 5430 est,
2423 5364 2662 5417 nomine.
2702 5360 2889 5428 Itaque
2939 5355 3072 5409 nihil
3106 5353 3234 5406 haec
3277 5349 3487 5406 duode-

1904 5469 2017 5534 Cllll.
2034 5463 2451 5532 evangeliorum
2491 5456 2656 5512 lectio
2688 5455 2754 5508 ad
2786 5451 2932 5506 illam
2968 5457 3207 5517 quatuor
3240 5443 3486 5510 Evange-

1901 5563 2102 5617 liorum
2143 5572 2236 5612 seu
2270 5554 2366 5608 τοῦ
2417 5546 2935 5624 τετρηαευαγγελίου,
2976 5551 3033 5594 tit
3062 5555 3130 5593 ex
3170 5538 3332 5592 dictis
3358 5550 3487 5603 pcr-

1906 5657 2159 5727 spicuum
2182 5647 2537 5718 relinquitur.
2569 5639 2792 5694 Falsum
2827 5646 3012 5692 autem
3049 5641 3131 5687 est
3191 5628 3485 5684 duodecim

1911 5753 2024 5806 haec
2050 5745 2325 5816 evangelia
2390 5749 2584 5810 quater
2611 5738 2666 5790 in
2690 5749 2834 5788 anno
2897 5731 3032 5784 lectu
3064 5740 3211 5789 esse,
3247 5732 3304 5775 ut
3359 5720 3494 5772 dicit

1913 5841 2208 5897 Meursius.
2277 5835 2456 5891 Semel
2493 5834 2712 5886 inanno
2768 5828 2906 5880 lecta
2952 5828 3102 5883 sunt,
3127 5833 3233 5871 non
3268 5822 3488 5881 quater,

1915 5948 2107 6003 nempe
2143 5944 2336 5999 magna
2401 5925 2534 5980 feria
2579 5923 2772 5990 quinta
2803 5916 2856 5970 in
2923 5910 3097 5968 oll'tcio
3148 5907 3343 5978 vigilite
3392 5919 3492 5972 pro
