3852 6664
374 524 482 589 355

1461 510 1543 572 IN
1580 507 1877 570 LIBRUM
1921 507 2017 566 DE
2058 505 2387 566 OFFlClIS
2412 504 2522 567 ΕΡ.

3505 505 3611 565 3:35

379 640 522 703 festo
550 633 883 689 Parasceves
913 629 1198 684 institutaa.
1226 626 1439 681 Testem
1462 626 1531 679 do
1557 624 1733 694 ipsum
1787 621 1943 678 Codi-

2054 607 2226 684 πολλὰ
2264 628 2360 699 μὲν
2390 627 2482 679 καὶ
2524 623 2659 679 ἄλλα
2710 622 3127 692 συγγράμματα
3174 618 3416 690 βιωφελῆ
3453 637 3633 673 κατι..

378 743 507 782 num
536 732 589 779 et
620 721 927 777 Triodium.
955 717 1064 774 Nec
1087 726 1234 773 recte
1258 715 1533 771 Meursius
1571 716 1676 769 huc
1719 713 1948 768 advocat

377 817 664 873 lectionem
712 812 1001 868 duodecim
1058 809 1353 865 lectionum
1406 822 1475 862 ex
1539 806 1841 860 Anastasio
1894 815 1949 859 et

377 911 625 964 Bernone
661 921 678 961 :
709 906 1003 981 loquuntur
1027 903 1171 957 enim
1198 900 1264 955 de
1283 899 1572 954 duodecim
1609 896 1948 953 lectionibus

376 1003 430 1056 in
459 1000 700 1069 angariis
728 1014 824 1053 seu
859 1005 1098 1066 quatuor
1142 993 1482 1063 temporibus
1541 990 1762 1046 recitari
1811 1003 1951 1043 con-

377 1093 566 1149 suetis.
593 1092 663 1146 At
717 1089 959 1144 Codinus
1013 1086 1125 1157 agit
1170 1087 1255 1142 de‘
1293 1082 1580 1139 duodecim
1630 1079 1947 1151 evangeliis,

376 1198 499 1251 quae
541 1183 730 1251 quinta
775 1179 912 1233 feria
962 1178 1187 1246 majoris
1241 1174 1595 1230 hebdomadis
1658 1174 1713 1225 in
1771 1171 1950 1226 oliicio

379 1275 573 1343 vigiliae
626 1272 965 1346 legebantur.
1023 1268 1132 1322 Nec
1186 1266 1478 1322 duodecim
1525 1263 1945 1328 illaalectiones,

379 1380 516 1434 quas
547 1379 611 1417 ex
638 1362 932 1417 Anastasio
961 1369 1016 1414 et
1059 1358 1308 1413 Bernone
1347 1355 1601 1426 producit
1654 1353 1947 1415 Meursius,

379 1472 431 1508 in
464 1454 707 1524 angariis
733 1468 799 1505 ex
828 1450 1121 1520 Evangelio
1179 1447 1564 1509 sumebantur,
1598 1444 1695 1500 sed
1745 1459 1814 1497 ex
1840 1442 1952 1496 Mo-

380 1547 537 1600 saicis
557 1556 610 1598 et
640 1541 971 1612 propheticis
1000 1538 1176 1604 libris,
1210 1544 1266 1589 ut
1303 1548 1357 1590 et
1385 1534 1546 1604 hodie
1595 1532 1948 1603 angariarum

380 1635 641 1689 lectiones
671 1634 999 1701 quinqueex
1060 1628 1359 1697 prophetiis
1432 1635 1715 1695 petuntur.
1774 1623 1950 1689 Quam

380 1727 624 1795 apposite
646 1739 773 1777 vero
804 1723 871 1778 ad
927 1720 1234 1790 evangelia,
1284 1732 1409 1788 qua:
1466 1716 1842 1772 recitabantur
1896 1715 1951 1768 in

379 1816 632 1881 ecclesia,
664 1811 1047 1868 accommodat
1074 1809 1345 1864 Meursius
1374 1807 1508 1862 illud
1542 1806 1733 1861 Isidori
1778 1804 1952 1858 Pelu-

2049 722 2227 774 λείπει
2252 721 2318 789 τῇ
2358 716 2456 770 τοῦ
2488 715 2625 769 Θεοῦ
2670 713 2990 782 Ἐκκλησία,
3024 712 3215 779 λόγους
3246 728 3306 763 τε
3339 712 3429 762 καὶ
3466 714 3603 761 κανό·

2049 830 2164 877 νας,
2207 810 2409 882 μᾶλλον
2459 808 2751 876 ἁδρότερος
2788 807 2844 857 ἐν
2876 806 2990 866 τοῖς
3042 804 3442 871 πανηγυρικοῖς
3475 804 3606 867 γινόο
3716 856 3724 863 η

2054 906 2213 976 μενός
2238 921 2298 957 τε
2330 903 2427 956 καὶ
2450 900 2826 970 δεικνύμενος,
2854 899 2953 952 σὺν
2984 897 3202 958 πολλοῖς
3231 895 3287 947 δέ
3314 896 3496 957 ἀλλοις
3524 897 3611 947 καὶ

2049 999 2143 1051 τὸν
2200 997 2449 1067 παρόντα
2503 994 2679 1063 μέγαν
2731 991 2934 1044 κανόνα
2986 988 3270 1052 συνέταξε,
3324 987 3615 1051 κατάνυξιν

2050 1092 2281 1159 ἄπειρον
2321 1087 2539 1156 ἔχοντα.
2574 1086 2761 1137 Πᾶσαν
2786 1083 2895 1152 γὰρ
2917 1080 3151 1139 παλαιᾶς
3183 1082 3277 1131 καὶ
3310 1080 3439 1138 νέας
3479 1080 3611 1129 lato-

2057 1184 2183 1256 ρίαν
2206 1180 2486 1251 Διαθὴκης
2513 1177 2909 1249 ἐρανισάμενος
2943 1175 3037 1227 καὶ
3063 1174 3328 1244 ἀθροίσας
3357 1171 3418 1224 τὺ
3446 1172 3615 1240 παρὸν

2051 1275 2334 1345 ἡρμόσατο
2367 1272 2551 1343 μέλος,
2583 1271 2690 1323 ἀπὸ
2734 1269 2911 1338 Ἀδὰμ
2941 1266 3142 1336 δηλαδὴ
3187 1266 3351 1334 μέχρι
3387 1265 3483 1316 καὶ
3519 1263 3616 1316 aii-

2049 1366 2152 1436 τῆς
2178 1364 2421 1435 Χριστοῦ
2446 1361 2767 1432 ἀναλήψεως
2792 1361 2886 1414 καὶ
2911 1359 3004 1413 τοῦ
3032 1359 3143 1411 τῶν
3174 1360 3490 1412 ἀποστόλων
3520 1375 3615 1425 κη·

2055 1462 2357 1531 ρύγματος.
2411 1457 2794 1527 Προτρέπεται
2860 1454 2993 1520 γοῦν
3048 1454 3137 1506 διὰ
3191 1452 3384 1504 τούτου
3439 1453 3618 1503 πᾶσαν

2049 1552 2254 1623 ψυχὴν,
2283 1553 2385 1605 ὅσα
2433 1550 2531 1619 μέν
2562 1547 2745 1617 ἀγαθὰ
2769 1547 2867 1611 τῆς
2899 1547 3143 1613 ἱστορίας
3175 1535 3373 1613 ζηλοῦν
3405 1545 3499 1595 καὶ
3534 1562 3617 1611 μι-

2056 1643 2276 1714 μεῖσθαι
2306 1643 2441 1710 πρὸς
2470 1638 2723 1706 δύναμιν,
2757 1637 2860 1689 ὅσα
2883 1635 2939 1687 δέ
2971 1634 3081 1686 τῶν
3120 1633 3345 1701 φαύλων
3375 1632 3609 1699 ἀποφεύε

2051 1753 2192 1802 γειν,
2216 1732 2314 1786 καὶ
2342 1733 2430 1784 ἀεὶ
2469 1729 2608 1799 πρὸς
2633 1728 2767 1779 Θεὸν
2796 1726 3139 1796 ἀνατρέχειν,
3175 1725 3263 1778 διὰ
3307 1727 3621 1793 μετανοὲας,

2050 1828 2139 1881 διὰ
2174 1825 2423 1897 δακρύων
2452 1822 2548 1876 καὶ⁸
2579 1819 3031 1889 ἐξομολογήσεως
3074 1820 3169 1871 καὶ
3196 1818 3297 1886 τῆς
3325 1818 3495 1885 ἄλλης
3531 1818 3621 1885 δη-

380 1911 554 1972 εἰοιω,
585 1907 621 1960 l.
660 1923 720 1971 ιι,
753 1920 840 1973 ep.
868 1903 991 1965 l50.
1020 1902 1111 1956 ubi
1143 1901 1218 1954 ait
1258 1900 1597 1970 phylacteria
1637 1896 1947 1951 Judzeoruin

2056 1917 2232 1972 λονότι
2256 1913 2691 1984 εὐαρεστήσεως.
2722 1910 2869 1979 Πλὴν
2896 1910 2951 1972 ἐς
2975 1909 3228 1961 τοσοῦτόν
3251 1910 3397 1960 ἐστιν
3428 1907 3624 1976 εῦρους

381 2000 553 2053 fuisse
583 1996 760 2049 δελτία
796 1995 989 2065 μικρὰ,
1022 1994 1162 2062 ἅπερ
1191 1990 1416 2061 ἐφόρουν
1452 1992 1499 2043 οἱ
1530 1990 1636 2042 τῶν
1680 1987 1950 2077 Ἰουδαίων
1985 1987 2028 1998 ”
2058 2008 2155 2063 καὶ
2184 2005 2427 2077 ἐμμελὴς
2452 2003 2526 2065 ὡς
2559 2001 2652 2055 καὶ
2686 1999 2856 2071 αὐτὴν
2888 2000 2987 2067 τὴν
3031 1998 3405 2068 σκληροτέραν
3443 1996 3626 2066 ψυχὴν

382 2084 695 2156 καθηγηταὶ
718 2082 909 2151 ὥσπερ
932 2080 1026 2135 νῦν
1048 2080 1103 2133 αἱ
1131 2081 1391 2149 γυναῖκες
1438 2078 1506 2130 τά
1534 2076 1830 2145 εὐαγγέλια
1886 2074 1954 2128 τά

384 2179 578 2246 μικρά.
612 2176 922 2228 Arbitratur
980 2185 1151 2240 parva
1179 2169 1349 2224 fuisse
1371 2168 1654 2237 evangelia
1700 2167 1787 2220 illa
1834 2179 1954 2235 qua:

385 2270 439 2324 in
478 2267 672 2336 templo
700 2265 1014 2334 legebantur
1046 2279 1060 2315 :
1094 2260 1187 2315 sed
1213 2276 1334 2314 cuin
1374 2267 1484 2314 toto
1547 2273 1691 2313 anno
1720 2257 1953 2326 plurima

383 2360 661 2429 evangelia
700 2359 1021 2426 legerentur,
1054 2352 1197 2407 haud
1250 2366 1417 2421 parva
1461 2350 1567 2405 dici
1622 2351 1952 2419 potuissent.

383 2454 555 2506 Parva
582 2451 747 2520 igitur
774 2449 1035 2503 dicuntur
1057 2446 1140 2500 vel
1170 2445 1299 2514 quia
1341 2443 1556 2497 initium
1592 2442 1757 2497 unius
1780 2456 1951 2495 evan-

383 2546 535 2613 gelii,
556 2553 683 2613 puta
701 2540 871 2597 sancti
890 2537 1141 2603 Joannis,
1165 2536 1248 2591 vel
1268 2536 1509 2591 omnium
1540 2543 1773 2603 quatuor
1793 2546 1956 2587 evan-

381 2636 693 2702 gelistarum
710 2630 932 2684 exordia
949 2626 1319 2691 continebant,
1349 2622 1795 2693 ferebanturque,
1816 2630 1876 2676 ut
1897 2635 1955 2676 et

384 2726 544 2780 hodie
561 2723 899 2793 evangelium
937 2719 1766 2784 sanctiJoannis,amuletorum
1808 2716 1950 2779 vice.

384 2814 1047 2889 potissimumafeminis.
1072 2814 1207 2870 Vide
1255 2827 1377 2883 quae
1437 2812 1758 2880 scripsimus
1817 2819 1952 2864 tom.

384 2914 405 2967 1
433 2916 506 2968 De
538 2920 722 2965 sancta
752 2923 936 2972 cruce,
966 2907 1004 2963 ι.
1022 2923 1084 2969 ιι,
1116 2921 1167 2963 c.
1194 2906 1301 2971 29;
1336 2906 1429 2961 sed
1487 2916 1548 2961 ut
1575 2904 1701 2958 hinc
1736 2904 1954 2959 tandem

384 3007 599 3069 alicam,
630 3001 783 3054 οὐδὲν
814 2998 963 3069 ὑγιὲς
998 2999 1054 3053 in
1115 2995 1382 3053 Glossarii
1422 2996 1719 3067 Evangelio
1774 2998 1956 3053 inesse

384 3093 616 3164 reperio.
650 3092 883 3155 GnsrsJ
1504 3100 1507 3103 '

459 3186 604 3239 Ibid.
637 3184 741 3257 [Τὰ
761 3182 986 3236 δώδεκα
1022 3180 1360 3250 εὐαγγέλια.
1388 3178 1613 3235 Exhibet
1639 3179 1953 3235 Graecorum

2057 2098 2257 2160 ἱκανῶς
2291 2094 2531 2166 μαλάξαι
2572 2092 2669 2145 καὶ
2699 2092 2839 2161 πρὸς
2873 2089 3142 2158 ἀνάληψιν
3174 2088 3381 2157 ἀγαθοῦ
3428 2091 3626 2155 διεγεῖ-

2057 2207 2171 2260 ραι,
2211 2188 2261 2241 εί
2316 2186 2477 2257 μόνον
2532 2183 2671 2251 μετά
2716 2180 3188 2250 συντετριμμένης
3238 2179 3470 2249 καρδίας
3526 2179 3627 2233 καὶ

2055 2279 2334 2353 προσοχῆς
2366 2277 2680 2348 ἀνηκούσης
2717 2273 2991 2343 ψάλλοιτο.
3036 2273 3289 2341 Ἐποίησε
3323 2274 3380 2324 δὲ
3409 2272 3625 2338 τοῦτον,

2052 2377 2142 2429 ὅτε
2183 2376 2277 2428 καὶ
2320 2375 2349 2426 6
2377 2372 2726 2443 πατριάρχης
2783 2366 3177 2436 Ἱεροσολύμων
3207 2369 3236 2420 6
3288 2368 3459 2437 μέγας
3509 2366 3627 2420 Σω-

2055 2468 2275 2538 φρόνιος
2304 2466 2396 2517 τὸν
2440 2464 2540 2532 τῆς
2577 2460 2889 2529 Αἰγυπτίας
2919 2457 3140 2524 Μαρίας
3188 2455 3303 2527 βίον
3347 2457 3627 2523 συνεγρά-

2053 2560 2195 2630 ψατο
2216 2573 2233 2590 ο
2267 2555 2558 2618 κατάνυξιν
2587 2553 2696 2621 γὰρ
2732 2552 2825 2605 καὶ
2851 2542 3005 2612 οὗτος
3038 2552 3065 2602 6
3109 2548 3223 2617 βίος
3252 2548 3628 2619 προϐέϐληται

2054 2657 2301 2723 ἄπειρον,
2334 2650 2426 2702 καὶ
2470 2647 2673 2717 πολλὴν
2720 2646 2832 2708 τοῖς
2872 2643 3158 2697 ἐπταικόσι
3208 2643 3304 2696 καὶ
3371 2644 3628 2712 ἁμαρτά-

2054 2763 2207 2803 νουσι
2263 2741 2621 2812 παραμυθίαν
2653 2738 2893 2798 δίδωσιν,
2928 2737 2976 2788 εἱ
3038 2736 3199 2805 μόνον
3244 2737 3354 2789 τῶν
3399 2736 3628 2803 φαύλων

2055 2835 2360 2904 ἀποστῆναι
2396 2833 2690 2903 βούλοιντο.
2745 2829 3083 2899 Ἐτάχθησαν
3128 2828 3185 2881 δέ
3232 2828 3325 2881 καὶ
3360 2830 3502 2881 κατὰ
3525 2827 3628 2896 τὴν

2056 2926 2341 3000 παροῦσαν
2392 2924 2605 2995 ἡμέραν
2654 2921 2956 2989 ψάλλεσθαι
3010 2918 3106 2971 καὶ
3152 2918 3627 2985 ἀναγινώσκεσθαι

2054 3020 2331 3076 διἀαίτίαν
2362 3015 2617 3082 τοιαύτην
2639 3031 2655 3046 ·
2690 3012 2875 3080 ἐπειδὴ
2903 3011 3011 3080 γάρ
3037 3011 3172 3081 πρὸς
3202 3011 3260 3063 τὸ
3290 3011 3441 3073 τέλος
3475 3013 3629 3077 ἐγγξ-

2057 3118 2141 3178 ζει
2182 3114 2215 3183 ἡ
2249 3113 2379 3179 ἀγία
2417 3110 2855 3177 τεσσαρακοστὴ,
2888 3106 2979 3157 ἵνα
3021 3107 3096 3173 μὴ
3130 3105 3178 3156 οἱ
3222 3102 3503 3173 ἄνθρωποι
3531 3107 3629 3174 ῥᾴ-

2058 3207 2221 3274 θυμοι
2264 3202 2550 3270 γεγονότες
2594 3200 2732 3268 πρὸς
2782 3198 2910 3259 τοὺς
2953 3196 3361 3264 πνευματικοὺς
3408 3196 3631 3263 ἀγῶνας

384 3278 898 3347 εύαγγελιστάριον,
929 3289 1259 3343 omnemque
1288 3290 1355 3328 ex
1389 3285 1629 3342 quatuor
1671 3273 1949 3343 Evangelii

2056 3293 2421 3363 ἀμελέστερον
2453 3288 2743 3342 διατεθῶσι
2773 3288 2868 3339 καὶ
2896 3286 2989 3339 τοῦ
3035 3288 3335 3355 σωφρονεῖν
3369 3288 3630 3351 καθάπαξ

387 3371 743 3439 scriptoribus
781 3369 1053 3438 passionis
1087 3368 1371 3422 historiam
1409 3367 1602 3421 ordine
1643 3367 1955 3436 decerptam

386 3459 840 3527 concorditerque
868 3472 1172 3511 connexam
1206 3459 1673 3527 comprehendunt
1702 3477 1715 3512 :
1754 3475 1954 3514 unum-

384 3549 638 3616 quodque
654 3562 777 3600 vero
793 3546 987 3616 τμῆμα
1001 3553 1083 3600 est
1102 3547 1337 3601 historia:
1352 3548 1623 3616 passionis
1638 3548 1953 3605 Dominicae.

458 3658 604 3713 Ibid.
645 3658 917 3728 Λαμπάς.
966 3656 1187 3712 Nullum
1244 3660 1388 3714 aliud
1420 3661 1558 3714 inter
1597 3663 1855 3731 λαμπάδα
1901 3675 1955 3717 et

383 3754 556 3823 κηρὸν
595 3752 889 3806 discrimen
923 3767 1087 3822 quam
1129 3752 1271 3806 inter
1317 3768 1664 3809 communem
1694 3763 1749 3809 et
1787 3755 1955 3825 maju-

382 3861 498 3899 rem
552 3853 779 3913 arteque
825 3846 1186 3913 exquisitiore
1232 3856 1509 3913 comptum
1561 3859 1831 3901 cereum:
1869 3848 1955 3904 hic

384 3936 733 4004 imperatori,
787 3936 927 3991 alter
985 3936 1291 3991 aulicorum
1352 3937 1523 3992 turbae
1585 3938 1950 3995 distribuitur.

382 4026 588 4099 ϐολιι.]

453 4119 617 4187 320
647 4118 708 4172 Ρ.
749 4119 838 4173 72.
875 4119 949 4172 Ex
988 4128 1224 4190 quatuor
1254 4120 1452 4191 vigiliis
1482 4121 1535 4174 in
1576 4120 1777 4189 palatio
1807 4120 1952 4175 celeé

388 4211 533 4265 brari
584 4212 764 4267 solitis
818 4213 992 4281 prima
1041 4220 1125 4267 est
1172 4214 1349 4282 magni
1403 4216 1637 4270 canonis.
1674 4213 1775 4268 Ubi
1822 4214 1955 4269 dicit

380 4300 576 4356 Junius
616 4302 808 4367 festum
860 4303 1038 4370 magni
1073 4304 1288 4356 canonis
1335 4319 1445 4357 esse
1484 4303 1812 4359 Dominicam
1862 4321 1951 4358 or-

392 4394 654 4446 thodoxiw
687 4407 705 4445 :
742 4394 838 4447 sed
883 4403 1029 4446 errat
1064 4408 1214 4446 more
1244 4408 1343 4448 suo
1375 4395 1625 4448 solemni.
1674 4395 1808 4450 Nam
1846 4396 1951 4451 Do-

388 4486 588 4538 minica
632 4483 977 4537 orthodoxia:
1015 4493 1134 4538 erat
1165 4486 1340 4555 prima
1392 4486 1671 4541 Dominica
1708 4487 1952 4554 Quadra-

2059 3387 2117 3438 ἐν
2155 3385 2323 3437 πᾶσιν
2349 3382 2696 3448 ἀπόσχοιντο,
2734 3382 2762 3432 6
2793 3379 2890 3446 μὲν
2934 3379 3191 3446 μέγιστος
3230 3379 3509 3448 Ἀνδρέας.
3540 3374 3632 3432 οἷα

2056 3496 2141 3541 τις
2175 3475 2461 3543 ἀλείπτης,
2491 3472 2581 3527 δεά
2612 3473 2721 3524 τῶν
2758 3470 3012 3540 ἱστοριῶν
3042 3470 3136 3521 τοῦ
3183 3470 3420 3537 μεγάλου
3467 3474 3630 3523 κανό-

2057 3588 2167 3633 νος.
2220 3570 2329 3621 τῶν
2386 3566 2640 3637 μεγάλων
2690 3563 2901 3632 ἀνδρῶν
2935 3562 3110 3628 λέγων
3160 3563 3259 3631 τὴν
3298 3564 3502 3632 ἀρετὴν
3537 3563 3634 3615 καὶ

2056 3663 2166 3715 τῶν
2193 3661 2414 3729 φαύλων
2455 3655 2613 3721 αὖθις
2659 3657 2757 3726 τὴν
2791 3656 3090 3725 ἐκτροπὴν,
3116 3654 3191 3716 ὡς
3230 3654 3296 3707 ἀν
3332 3672 3417 3729 τις
3469 3658 3627 3723 φαίη.

2056 3752 2469 3827 γενναιοτέρους
2525 3750 2652 3813 τοὺς
2713 3748 3025 3817 κάμνοντας
3076 3748 3491 3815 παρασκευάζει
3534 3749 3631 3799 καὶ

2060 3845 2333 3916 ἀνδρικῶς
2361 3846 2474 3906 τοῖς
2508 3841 2823 3913 ἔμπροσθεν
2875 3839 3311 3903 ἐπεκτείνεσθαι,
3337 3841 3365 3891 6
3394 3839 3450 3891 δὲ
3483 3841 3633 3906 ἱερὸς

2058 3937 2369 4009 Σωφρόνιος
2396 3935 2484 3989 διὰ
2528 3934 2621 3988 τοῦ
2651 3933 2970 4003 ὑπερφυοῦς
3002 3931 3167 3986 αὑτοῦ
3217 3932 3377 3998 λόγου
3413 3930 3630 3998 σώφρο-

2057 4046 2154 4092 νας
2184 4030 2279 4082 καὶ
2305 4026 2462 4090 αὖθις
2493 4022 2634 4081 εἱναι
2676 4027 2843 4090 ποιεῖ,
2876 4027 2973 4077 καὶ
3002 4025 3140 4092 πρὸς
3180 4023 3315 4076 Θεὸν
3344 4022 3627 4089 διεγείρει,

2055 4126 2148 4179 καὶ
2190 4124 2265 4194 μὴ
2310 4122 2675 4177 καταπίπτειν
2727 4119 2864 4189 μηδέ
2902 4119 3328 4186 ἀπογινώσκειν,
3365 4120 3415 4170 εί
3466 4117 3624 4187 321

2056 4218 2153 4271 καὶ
2182 4216 2321 4279 τέως
2346 4217 2488 4269 τισὶν
2524 4214 2771 4268 ἐάλωσαν
2797 4209 3247 4282 παραπτώμασιν
3270 4226 3284 4239 ·
3318 4209 3416 4277 ὅση
3448 4210 3558 4276 γὰρ
3595 4210 3626 4277 ἡ

2053 4310 2150 4362 τοῦ
2178 4308 2315 4361 Θεοῦ
2356 4307 2739 4377 φιλανθρωπία
2795 4306 2891 4358 καὶ
2920 4302 3241 4373 συμπάθεια
3288 4304 3401 4364 τοῖς
3431 4300 3628 4369 δλοψύ-
3695 4328 3703 4335 -

2055 4418 2163 4471 χως
2185 4402 2248 4454 ὲκ
2278 4401 2387 4453 τῶν
2413 4398 2609 4470 πρώην
2638 4397 3008 4467 πταισμάτων
3048 4395 3406 4465 ἐπιστρέφειν
3441 4394 3627 4462 αἱρου-

2057 4492 2261 4562 μένοις,
2294 4492 2327 4562 ἡ
2387 4492 2527 4544 κατά
2557 4490 2668 4566 τὴν,
2710 4489 3017 4555 Αἰγυπτίαν
3048 4487 3302 4557 διήγησις
3361 4486 3622 4555 παριστᾷ.

381 4574 642 4666 gcsimze:
687 4573 884 4627 lestmn
918 4578 1099 4643 magni
1134 4577 1362 4630 canonis
1398 4578 1662 4648 agebatur
1697 4582 1764 4649 τῇ
1807 4581 1950 4649 πέμ-

2057 4584 2290 4652 Λέγεται
2343 4584 2401 4636 δέ
2455 4582 2629 4651 μέγας
2677 4579 2879 4644 κανὼν,
2922 4578 3057 4641 ῐσως
3090 4578 3157 4632 ἄν
3201 4596 3287 4642 τις
3338 4578 3496 4648 εἴπῃ,
3531 4579 3625 4631 καί⁵

381 4680 493 4734 πτῃ
546 4665 645 4736 τῆς
689 4665 948 4735 πέμπτης
994 4667 1285 4738 ἐδδομάδος
1327 4669 1428 4738 τῆς
1476 4674 1946 4744 τεσσαρακοστῆς,

382 4760 567 4827 quinte
603 4758 738 4826 feria
772 4759 967 4828 quinta
1006 4760 1346 4834 hebdomadis
1380 4766 1816 4834 quadragesima’.
1851 4768 1952 4820 Do-

382 4860 505 4911 ceut
540 4853 644 4905 hoc
688 4850 916 4905 rituales
967 4833 1281 4906 Graecoru'm
1335 4853 1480 4917 libri,
1519 4833 1751 4923 quorum
1807 4872 1949 4911 unus

382 4942 475 5012 qui
537 4939 821 4996 Triodium
873 4941 1197 4997 inscribitur
1255 4943 1407 4997 ista:
1459 4944 1537 5013 Τῇ
1574 4945 1710 5015 αὐτῇ
1764 4946 1952 5018 ἡμέρᾳ

381 5032 522 5086 κατά
560 5034 655 5102 τὴν
692 5034 929 5102 ἀρχαίαν
955 5034 1257 5100 παράδοσιν
1288 5035 1569 5104 ψάλλομεν
1597 5039 1692 5090 καὶ
1722 5039 1822 5109 τὴν
1856 5040 1950 5092 τοῦ

386 5124 626 5191 μεγάλου
681 5124 907 5186 κανόνος
964 5124 1311 5180 ἀκολουθίαν.
1350 5127 1557 5181 Τοῦτον
1620 5128 1730 5182 τῶν
1782 5130 1952 5192 ὅντως

383 5211 630 5265 κανόνων
681 5214 940 5280 μέγιστον
990 5214 1248 5267 ἁπάντων
1279 5215 1521 5283 ἀρίστως
1574 5217 1669 5269 καὶ
1699 5217 1952 5286 τεχνηέν-

383 5322 493 5366 τως
549 5305 831 5372 ἡρμόσατο
863 5307 955 5356 καὶ
1012 5306 1352 5376 συνέγραψεν
1380 5311 1406 5360 6
1453 5310 1511 5360 ἐν
1538 5309 1717 5375 ἀγίοις
1763 5309 1952 5380 Πατὴρ

294 5428 307 5437 -
388 5397 545 5467 ἡμῶν
602 5396 855 5461 Ἀνδρέας
913 5399 940 5448 6
993 5396 1422 5467 ἀρχιεπίσκοπος
1482 5402 1725 5470 Κρήτης,
1782 5401 1811 5452 6
1855 5402 1953 5453 καὶ

393 5490 834 5561 Ἱεροσολυμίτης
880 5489 1303 5559 ὀνομαζόμενος,
1355 5491 1412 5551 ὃς
1456 5491 1684 5559 ὥρμητο
1738 5491 1953 5561 μένέκ

384 5582 701 5652 Δαμασκοῦ,
752 5582 841 5633 ἐπί
871 5582 1458 5652 τεσσαρεσκαιδεκάτη»
1495 5584 1551 5635 δὲ
1584 5584 1699 5635 ἔτει
1732 5587 1827 5653 τῆς
1857 5586 1953 5636 αύ-

382 5673 479 5728 τοῦ
506 5673 720 5743 ἡλικίας
747 5672 1117 5742 παιδευτηρίῳ
1147 5674 1548 5742 γραμματικῆς
1585 5675 1826 5738 ἐκδοθεὶς
1856 5677 1951 5730 καὶ

382 5768 482 5837 τὴν
512 5765 803 5833 ἐγκύκλιον
828 5765 1113 5820 παίδευσιν
1138 5766 1447 5837 ἐξασκήσας
1476 5770 1551 5829 εἰς
1599 5769 1950 5841 Ἱεροσόλυμα

382 5858 627 5927 γεγονὼς
656 5859 746 5911 τὸν
782 5858 1056 5928 μοναστὴν
1090 5857 1390 5928 ὑπέρχεται
1420 5860 1558 5929 βίον,
1590 5861 1750 5925 ὁσίως
1776 5862 1829 5913 δὲ
1856 5864 1951 5914 καὶ

383 5950 650 6019 θεοφιλῶς
686 5950 888 6017 διαζῶν
938 5951 996 6005 ἐν
1036 5952 1220 6025 ἡσύχῳ
1256 5953 1347 6007 καὶ
1398 5953 1659 6025 ἀταράχῳ
1698 5957 1760 6025 τῇ
1792 5954 1940 6025 βιοτῇ

2056 4674 2179 4737 κατ’
2214 4672 2387 4736 αὐτὰς
2430 4672 2530 4733 τάς
2568 4670 2779 4733 ἐννοίας
2814 4670 2908 4723 καὶ
2954 4670 3020 4722 τὰ
3053 4669 3417 4737 ἐνθυμήματα
3456 4668 3621 4738 (γόνι-

2058 4784 2157 4836 μος
2188 4766 2297 4834 γάρ
2357 4768 2506 4818 ἐστιν
2538 4766 2565 4816 6
2620 4763 2815 4817 τούτου
2875 4762 3129 4832 ποιητὴς,
3192 4761 3435 4831 ἀρίστως
3485 4759 3624 4812 αὐτὰ

2055 4851 2487 4921 συντιθέμενος),
2529 4851 2623 4903 καὶ
2678 4852 2761 4903 ὅτι
2820 4850 2929 4903 τῶν
2960 4849 3167 4903 λοιπῶν
3226 4848 3470 4901 κανόνων
3524 4848 3622 4899 ἀνά

2053 4944 2374 5013 τριάκοντα,
2405 4944 2498 4996 καὶ
2532 4946 2727 5013 μικρόν
2752 4961 2803 4996 τι
2835 4944 2997 5012 πρὸς,
3022 4943 3336 5015 τροπαρίων
3366 4944 3618 5011 ἐχόντων,

2053 5035 2210 5101 οὗτος
2252 5040 2331 5099 εἰς
2379 5038 2635 5090 διακόσια
2686 5036 2783 5090 καὶ
2815 5037 3160 5108 πεντήκοντα
3203 5036 3469 5105 πρόεισιν,
3508 5034 3623 5095 ἐνὸς

2056 5130 2290 5182 ἑκάστου
2333 5128 2574 5199 ἄρρητον
2606 5127 3015 5191 ἀποστάζοντος
3068 5126 3282 5197 ἡδονήν.
3324 5125 3624 5197 ’Δρμοδίως

2052 5220 2146 5277 οὖν
2178 5223 2286 5291 ἄρα
2315 5223 2408 5275 καὶ
2438 5220 2833 5290 προσηκόντως
2862 5220 2889 5271 6
2923 5219 3098 5289 μέγας
3126 5213 3281 5280 οὗτος
3308 5218 3509 5283 κανὼν,
3533 5218 3623 5270 καὶ

2058 5314 2304 5384 μεγάλην
2362 5311 2703 5380 κεκτημένος
2758 5310 3076 5374 κατάνυξιν,
3140 5313 3243 5364 κάν
3297 5313 3361 5382 τῇ
3419 5311 3621 5380 μεγάλῃ

2053 5407 2162 5457 τῶν
2194 5402 2655 5473 τεσσαρακοστῶν
2688 5403 3115 5457 κατατέτακται.
3148 5402 3352 5456 Τοῦτον
3385 5401 3475 5454 τὸν
3508 5404 3623 5470 ἄρι-

2056 5514 2181 5549 στον
2214 5496 2414 5547 κανόνα
2461 5494 2558 5546 καὶ
2592 5496 2872 5562 μέγιστον,
2918 5496 3013 5546 καὶ
3054 5494 3144 5545 τὸν
3175 5494 3273 5562 τῆς
3321 5492 3471 5556 ὁσίας
3502 5494 3618 5546 Μα-

2056 5589 2178 5659 ρίας
2206 5586 2387 5653 λόγον,
2418 5586 2445 5637 6
2477 5585 2641 5647 αὐτὸς
2683 5584 2872 5656 Πατὴρ
2923 5585 3081 5653 ἡμῶν
3124 5578 3618 5654 Ἀνδρέαςίπρῶτος

2055 5683 2135 5739 εἰς
2168 5678 2269 5748 τὴν
2303 5679 2398 5729 τοῦ
2429 5676 2848 5729 Κωνσταντίνου
2890 5676 3210 5743 κεκόμικεν,
3245 5678 3333 5728 ὅτε
3366 5677 3502 5745 προς
3534 5670 3618 5726 τοῦ

2055 5771 2396 5841 πατριάρχου
2428 5767 2830 5838 Ἰεροσολύμων
2859 5767 3139 5837 Θεοδώρου
3164 5771 3228 5837 τῇ
3257 5767 3393 5837 ἕκτῃ
3424 5766 3618 5831 συνόδῳ

2057 5862 2271 5926 σταλεὶς
2300 5863 2379 5923 εἰς
2413 5860 2669 5930 βοήθειαν
2698 5861 3052 5929 παρεγένετο.
3090 5862 3223 5913 Τότε
3257 5860 3363 5929 γὰρ
3388 5859 3618 5928 ἀρίστως

2058 5956 2195 6010 κατὰ
2230 5955 2339 6007 τῶν
2386 5953 2762 6024 μονοθελητῶν
2794 5954 3209 6023 ἀγωνισάμενος
3254 5952 3333 6005 ἔτι
3365 5948 3616 6005 διατελῶν
