3852 6598
1029 435 1080 466 α

168 465 247 536 361
1029 455 1079 466 ’⁷
1196 457 1587 525 GRETSERI
1629 459 1693 517 ΕΤ

1811 456 2001 516 ΟΑΒΙ
2043 455 2286 516 NOTAE.

3247 455 3362 524 362’

170 594 350 654 perator
378 595 478 634 non
506 579 613 634 ibat
639 591 851 647 semper
886 576 953 632 ad
975 575 1236 644 templum
1277 573 1684 637 Blachernium,
1721 577 1763 632 Α
1795 568 2180 640 Hodegetrium
2223 585 2329 624 non
2362 570 2531 627 fuisse
2587 571 2848 643 templum
2891 570 3358 629 Blachernicnse?

167 687 210 729 et
226 674 516 743 Curopalata
535 672 736 728 diserte
761 669 1048 741 distinguit
1074 667 1175 723 hos
1199 667 1402 735 gradus
1434 682 1466 719 ιι
1485 664 1686 734 templo

169 766 467 830 Blaelternio,
522 779 640 819 cum
695 764 850 818 dicat
911 768 1293 830 imperatorem
1350 756 1684 826 equitantem

169 873 347 927 semper
374 855 562 911 deduci
605 869 779 925 usque
808 852 874 908 ad
905 851 1150 907 excelsos
1185 849 1409 920 gradus,
1454 847 1506 902 iu
1547 847 1686 903 testo

169 957 314 1001 autem
344 945 615 1002 Occursus
661 945 804 1014 (seu,
836 950 896 998 ut
951 956 1052 996 nos
1101 954 1388 1006 vocamus,
1424 937 1688 992 Purilica-

167 1037 300 1092 tionis
343 1036 400 1090 D.
429 1035 690 1107 Virginis)
737 1036 901 1089 etiam
937 1046 1111 1101 usque
1143 1030 1209 1086 ad
1257 1030 1519 1100 templum
1562 1029 1685 1082 Bla-

167 1132 488 1184 t-liernarum:
545 1142 670 1182 nam
728 1127 796 1182 ad
847 1127 951 1181 hoc
1010 1124 1271 1192 templum
1327 1123 1432 1178 hoc
1486 1121 1575 1176 die
1611 1122 1689 1177 rei

166 1223 324 1276 divina:
350 1221 517 1289 gratia
553 1217 873 1284 conferebat
901 1232 958 1272 se
990 1217 1313 1286 imperator.
1337 1213 1544 1268 Gnsrs.

217 1313 408 1385 [Stagna
437 1312 788 1366 contentione
811 1307 1289 1364 dimicantJunius
1317 1314 1373 1360 et
1399 1307 1689 1360 Gretserus

166 1408 266 1475 περὶ
307 1406 407 1456 τῶν
445 1403 721 1472 Ύψηλῶν,
767 1403 831 1456 de
859 1401 1110 1472 gradibus
1143 1397 1368 1453 excelsis
1408 1396 1522 1462 CP,
1567 1396 1691 1450 uhi~

168 1512 264 1550 nam
299 1495 575 1565 reponendi
597 1495 622 1547 ?
654 1495 747 1562 Ille
779 1495 834 1549 in
871 1494 1192 1548 Blachernio
1231 1490 1457 1560 templo,
1493 1489 1582 1543 hic
1633 1489 1688 1542 in

167 1589 329 1658 palatio
355 1589 486 1643 sitos
517 1588 824 1643 contendit.
857 1587 1004 1641 Inter
1032 1583 1434 1640 contendentes
1479 1581 1690 1637 arbiter

167 1683 308 1736 neutri
326 1683 462 1736 litem
484 1683 754 1749 integram
775 1679 1054 1750 adjudico,
1083 1693 1110 1732 a
1135 1692 1266 1732 vero
1290 1675 1556 1746 siquidem
1581 1675 1690 1727 τῶν

176 1773 387 1843 ’Υψηλὼν
430 1787 594 1828 sensu
629 1774 847 1827 aberrat
897 1780 1153 1840 uterque.
1205 1769 1405 1839 Ecquis
1439 1766 1584 1822 enim
1634 1766 1689 1819 in

167 1864 245 1918 hac
273 1877 388 1918 voce
414 1862 621 1935 gradus
653 1860 1040 1930 intelligendos
1075 1867 1249 1931 putet,
1275 1873 1340 1914 ac
1365 1873 1474 1913 non
1507 1857 1689 1927 potius

167 1959 395 2013 excelsum
449 1971 513 2010 ac
549 1954 770 2025 fastigio
826 1953 1061 2008 sublime
1109 1952 1445 2025 aedilicium?
1498 1953 1567 2006 At
1617 1965 1688 2006 ne

170 2051 283 2104 velut
328 2050 573 2104 caecitatis
620 2058 674 2102 et
719 2047 943 2118 ignarus
987 2046 1155 2114 judex
1219 2045 1366 2102 litem
1408 2045 1686 2106 dirimam,

173 2153 242 2195 aut
272 2143 430 2210 potius
483 2140 887 2196 andabatarum
920 2153 1072 2193 more
1121 2153 1248 2193 cum
1304 2147 1539 2207 utroque
1591 2150 1690 2206 pu-

178 2249 310 2304 gnem,
346 2234 504 2288 dubio
549 2242 740 2288 certus
787 2241 982 2287 auctor
1019 2233 1195 2287 lucem
1229 2230 1424 2286 atterat
1469 2227 1691 2285 Nicetas

101 2399 105 2401 Δ
182 2325 321 2380 lsaacii
351 2325 557 2395 Angeli,
588 2325 628 2380 ι.
664 2324 700 2378 ti
735 2340 750 2378 :
792 2324 1046 2376 Δεεκνυσι
1076 2322 1137 2376 τδ
1166 2322 1488 2393 παράθυρον
1516 2320 1688 2391 (aliud

182 2419 396 2486 exetttplar
434 2418 570 2488 legit
607 2417 708 2488 τὴν
736 2416 948 2487 θυρίδα)
990 2417 1048 2470 ἐν
1082 2417 1198 2479 τοῖς
1249 2416 1548 2486 βασιλείοις
1581 2417 1690 2469 τῶν

177 2509 460 2580 Βλσχερνῶν,
503 2509 588 2572 ei;
620 2508 688 2562 τὰ
712 2509 987 2578 λεγόμενα
1048 2505 1279 2577 Titinia,
1305 2507 1374 2559 δι’
1424 2501 1491 2576 ἧς
1518 2505 1692 2575 ὁρατὰ

173 2598 224 2671 ἦν
245 2603 301 2654 τὰ
337 2602 614 2674 ἱππήλατα
655 2599 813 2652 πεδία
851 2600 922 2653 τὰ
954 2595 1154 2664 ἔξωθεν
1182 2598 1292 2652 τῶν
1321 2597 1602 2664 ἐπάλξεων
1631 2599 1692 2652 ἓν

172 2698 258 2759 τοῖς
270 2694 595 2758 hiemales;
618 2692 1084 2757 καθυπτιάζοντα.
1116 2691 1360 2747 Observa
1381 2692 1450 2746 τὰ
1479 2691 1692 2763 Ὑψηλὰ

175 2788 306 2841 altum
335 2787 640 2843 Blachernii
683 2785 866 2856 palatii
919 2784 1235 2850 aedilicium,
1271 2784 1410 2838 unde
1445 2784 1691 2849 subjecta

175 2876 544 2948 Pliilopatiensis
564 2877 820 2949 planities
843 2875 1091 2946 detegatu
1101 2891 1146 2943 r,
1177 2890 1286 2930 non
1304 2875 1508 2953 gradus
1525 2890 1697 2947 quam

175 2972 333 3026 tumvis
357 2972 600 3027 excelsos
620 2969 882 3035 indicare,
909 2984 1011 3025 nec
1033 2970 1088 3024 in
1118 2967 1311 3037 majori
1333 2968 1554 3038 palatio,
1585 2983 1694 3039 quo

171 3061 333 3118 soleret
362 3061 662 3132 imperator
695 3059 922 3124 morari,
951 3059 1090 3115 alios
1130 3058 1464 3115 excelsiores
1490 3061 1694 3129 gradus

171 3151 628 3209 comminiscendos
660 3168 675 3206 :
707 3166 828 3207 eam
858 3152 928 3206 ob
959 3166 1096 3217 rem,
1123 3165 1249 3206 cum
1280 3151 1334 3206 in
1368 3149 1694 3207 exhibendis

1793 659 1996 716 Scribit
2025 660 2387 728 Pachymeres
2427 662 2522 719 lib.
2556 679 2630 718 vn
2665 666 2954 735 imaginem
2990 664 3236 735 Deipara:
3262 679 3357 732 per

1793 752 1911 808 dies
1943 753 2255 823 complures
2285 755 2639 827 lacrymasse.
2691 757 2948 822 Quaenam
2979 756 3097 812 haec
3142 757 3360 826 Imago?

1792 860 1924 899 num
1980 843 2362 917 Hodegetriai?
2390 864 2518 903 num
2567 847 2881 919 Nicopagte?
2913 848 2976 903 Et
3027 849 3168 919 apud
3209 865 3362 903 etim.

1791 938 1914 993 dem
1970 939 2360 1010 Pachymerem
2413 942 2451 997 l.
2499 958 2551 996 ιι
2615 942 2796 1012 imago
2847 943 2947 1011 τῆς
2988 944 3358 1012 Φωτογωγοῦ,

1794 1029 2036 1100 Virginis
2071 1039 2235 1086 lucem
2274 1033 2569 1101 offerentis,
2614 1033 2767 1102 cujus
2801 1043 2985 1087 sancto
3009 1033 3121 1088 oleo
3151 1035 3364 1090 delibu-

1794 1130 1882 1176 tus
1913 1120 2142 1178 Michael
2179 1122 2478 1179 Andronici
2507 1124 2849 1193 imperatoris
2886 1125 3030 1181 Illius
3067 1140 3135 1181 ex
3175 1127 3366 1196 despe-

1794 1223 1915 1268 rato
1949 1215 2142 1268 morbo
2176 1217 2472 1271 convaluit.
2557 1224 2562 1232 '

1865 1305 2044 1361 Tertia
2083 1308 2269 1379 vigilia
2303 1310 2493 1378 palatii
2530 1319 2613 1365 est
2650 1309 2741 1362 τοῦ
2779 1306 3224 1380 Εὑαγγελιομοῦ,
3257 1310 3368 1365 An-

1796 1399 2163 1455 nuntiationis
2195 1399 2254 1455 Β.
2285 1399 2548 1470 Virginis.
2577 1400 2775 1456 Junius
2817 1399 3132 1469 evangeliea:
3162 1417 3369 1455 annun-

1796 1491 2058 1547 tiationis‘.
2098 1491 2244 1546 Satis
2264 1494 2580 1563 evangelice
2618 1508 2632 1547 :
2665 1492 2757 1547 sed
2788 1491 2924 1562 quid
2967 1491 3119 1547 aliud
3149 1507 3178 1545 a
3210 1508 3367 1562 pseu-

1795 1583 2188 1654 doevangelico
2217 1586 2545 1654 prmdicante
2569 1596 2852 1656 exspectes
2881 1587 2904 1640 'l

1866 1676 2074 1741 Quarta
2129 1677 2312 1747 vigilia
2369 1677 2634 1746 agebatur
2691 1679 2880 1748 quinta
2934 1680 3070 1734 feria
3140 1679 3368 1747 majorii

1799 1767 2174 1836 hebdomadas,
2232 1769 2302 1823 ob
2345 1767 2674 1826 Parasceves
2722 1772 3029 1841 appetentis
3079 1771 3368 1830 solemnia.

1797 1857 2002 1916 Gus'rs.

2375 2011 2610 2074 CAPUT
2655 2013 2791 2073 Vlll.

1791 2133 2184 2190 Observationes
2210 2144 2259 2191 et
2285 2137 2657 2204 explicationes
2693 2138 2744 2190 in
2784 2151 2834 2192 ε.
2879 2135 3046 2204 l5,de
3084 2135 3372 2191 Parascers

2232 2215 2280 2260 et
2313 2223 2524 2287 'magno
2583 2207 2844 2262 Sabbato.

1863 2319 1939 2374 De
1998 2333 2196 2390 magno
2250 2318 2490 2375 Sabbato
2522 2319 2655 2375 nihil
2691 2331 2776 2376 est
2832 2322 2885 2375 in
2923 2319 3112 2376 Graeca
3170 2321 3363 2375 inscri-

1791 2411 2001 2480 ptione,
2055 2421 2396 2467 cumtamen
2454 2411 2800 2480 potissimum
2845 2415 2912 2468 de
2949 2412 3130 2468 ofﬁcio
3181 2415 3364 2482 magni

1795 2500 2044 2568 Sabbati,
2081 2502 2185 2556 hoc
2233 2512 2318 2558 est
2353 2501 2554 2572 vigiliae
2600 2500 2906 2569 Paschalis,
2939 2502 2995 2556 in
3045 2502 3150 2559 hoc
3190 2505 3369 2572 capite

1795 2604 2015 2663 agatur.
2933 2606 2944 2617 ‘

1865 2683 1927 2739 P.
1977 2685 2063 2739 72.
2124 2684 2199 2741 De
2228 2685 2527 2743 Parasceve
2573 2688 2750 2746 tribus
2784 2689 2963 2745 verbis
3000 2703 3090 2745 res
3135 2687 3370 2744 absolvi—

1797 2785 1909 2832 tur.
1951 2776 2085 2833 Vide
2119 2794 2240 2847 quae
2271 2779 2341 2834 de
2371 2780 2474 2836 hoc
2523 2781 2665 2837 festo
2699 2782 3022 2852 scripsimus
3068 2789 3202 2838 tom.
3237 2782 3256 2835 1
3301 2783 3373 2836 De

1796 2868 1854 2924 S.
1880 2869 2078 2936 Cruce,
2112 2871 2151 2925 l.
2182 2886 2219 2938 ι,
2245 2886 2294 2927 c.
2332 2872 2401 2927 68
2449 2881 2504 2930 et
2544 2874 2580 2928 l.
2613 2891 2626 2929 l
2659 2875 2732 2930 De
2777 2874 2952 2943 festis,
2983 2891 3034 2932 c.
3064 2876 3136 2930 23
3177 2886 3234 2932 et
3276 2877 3369 2932 υ.

1797 2963 2060 3020 ilomilias
2088 2964 2402 3020 Graecorum
2421 2965 2476 3020 in
2499 2965 2837 3024 Parasceven
2867 2967 3114 3024 invenies
3137 2977 3274 3024 tom.
3300 2969 3368 3034 ll,

1798 3055 1873 3112 De
1905 3071 2092 3112 cruce.
2125 3057 2327 3118 litters.

1867 3146 2002 3202 Ibid.
2038 3147 2123 3222 [Al
2145 3143 2311 3220 ὧραι.
2333 3152 2406 3206 De
2434 3153 2632 3222 quibus
2654 3152 3042 3209 consulendum
3066 3152 3367 3208 TrioJium.

173 3245 522 3318 reidendisque
547 3245 780 3301 honoris
806 3243 997 3300 ciliciis
1027 3243 1243 3326 longius
1277 3258 1492 3313 semper
1520 3244 1574 3299 in
1601 3245 1692 3300 deo
1719 3249 1764 3310 α
1867 3240 2015 3295 Ibid.
2059 3241 2180 3310 Τὴν
2222 3244 2626 3314 λειτουργίαν.
2666 3244 2810 3300 Hora
2856 3246 3030 3316 prima
3075 3247 3251 3303 noctis
3284 3246 3370 3302 di-

173 3354 296 3393 cessu
339 3339 641 3394 deducatur
673 3337 756 3392 vir
809 3337 1111 3392 honoratus
1155 3351 1320 3406 quam
1365 3337 1420 3390 in
1467 3350 1692 3391 accessu

135 3441 142 3451 ‘
172 3431 308 3484 eidem
359 3439 704 3494 occurratur,
753 3408 967 3499 par‘est
1001 3438 1062 3484 ut
1111 3428 1159 3484 si
1191 3430 1292 3498 τῆς
1329 3427 1695 3500 Ὅδτιγητρίας

176 3521 351 3589 imagini
404 3523 461 3576 ἐν
487 3525 560 3592 τῇ
600 3521 746 3592 πύλῃ
794 3519 888 3574 τοῦ
925 3519 1191 3573 παλατίου
1243 3519 1412 3588 αὐλῆς
1455 3521 1693 3588 primum

174 3615 366 3669 occurrit
396 3615 723 3685 imperator,
746 3613 964 3682 longius
995 3612 1169 3667 multo
1210 3612 1442 3668 deducat
1483 3612 1693 3666 abeun-

179 3712 275 3770 tem,
301 3721 394 3760 non
436 3708 504 3759 ad
545 3706 706 3760 (ictos
747 3719 917 3771 usque
947 3703 1150 3773 gradus
1173 3705 1444 3768 excelsos,
1476 3705 1565 3759 sed
1613 3705 1693 3766 εἰς

182 3795 486 3866 τάλεγόμενα,
541 3797 757 3866 Titum
803 3798 862 3848 ὲν
906 3798 1021 3857 τοῖς
1069 3793 1366 3864 βασιλείοις
1415 3794 1524 3848 τῶν
1560 3793 1693 3847 Βλα-

175 3889 359 3957 χερνὼν,
413 3887 650 3958 etquod
706 3887 785 3940 ait
839 3885 928 3941 ltic
979 3894 1194 3951 auctor,
1229 3885 1392 3954 μέχρι
1437 3886 1533 3936 καὶ
1583 3885 1693 3937 τῶν

180 3977 408 4048 Ὑψηλῶν,
445 3980 616 4049 longo
643 3978 745 4033 viae
773 3987 972 4042 tractu,
1021 3979 1179 4046 cujus
1205 3977 1579 4031 accessionem
1612 3977 1695 4030 in-

169 4072 286 4125 dicat
313 4072 577 4142 particula
611 4071 730 4135 καὶ,
775 4070 840 4122 ad
895 4069 1078 4123 locum
1112 4083 1306 4137 nempe
1351 4066 1562 4136 ’Υψηλὰ
1596 4082 1693 4122 vo-

172 4173 341 4227 catum,
370 4179 534 4234 quem
562 4173 754 4217 auctor
785 4161 901 4231 ipse
940 4160 994 4213 in
1029 4159 1349 4214 Blachernio
1384 4160 1586 4228 palatio
1613 4163 1695 4213 vel

170 4257 220 4309 ad
246 4257 364 4310 illud
404 4258 564 4325 juxta
599 4251 837 4323 reponit,
868 4268 919 4307 c.
957 4251 1044 4315 15,
1079 4267 1132 4321 p.
1165 4252 1254 4316 80,
1303 4251 1394 4306 ubi
1425 4252 1500 4307 ait
1526 4253 1696 4321 impe-

168 4356 366 4401 ratorem
416 4349 482 4402 ad
524 4345 947 4399 Blacheruarum
996 4344 1280 4416 templum,
1314 4343 1404 4398 cui
1453 4344 1692 4398 vicinum

168 4446 260 4490 erat
287 4439 522 4507 ejusdem
556 4434 797 4490 nominis
828 4434 1114 4502 palatium,
1149 4448 1179 4486 a
1205 4432 1469 4503 Barangis
1499 4435 1694 4489 deduci

171 4527 301 4598 μέχρι
327 4528 429 4579 τῶν
479 4524 758 4595 Ὑψηλῶν,
790 4533 939 4578 certe
969 4539 1076 4578 non
1113 4524 1180 4578 ad
1214 4525 1462 4580 excelsos
1492 4517 1694 4595 gradus

167 4620 264 4686 ejus
294 4639 322 4676 e
347 4636 452 4692 quo
491 4621 670 4674 fuerat
700 4631 958 4687 egressus
984 4617 1190 4686 palatii,
1218 4618 1310 4673 sed
1342 4617 1409 4672 ad
1445 4619 1692 4673 destina-

169 4719 257 4763 tum
286 4713 520 4775 alterius,
555 4711 620 4765 ad
651 4710 798 4779 quod
835 4710 1110 4773 tendebat,
1151 4710 1352 4764 locum.
1389 4709 1588 4782 Genu]

218 4804 352 4858 Adde
397 4805 542 4874 quod
605 4805 722 4872 ipse
762 4804 1057 4870 imperator
1105 4803 1400 4870 imaginem
1450 4802 1698 4875 l-lodege-

169 4896 261 4950 nia:
278 4901 508 4953 secunda
534 4897 822 4953 Paschatis
837 4897 970 4952 feria
993 4897 1059 4950 ad
1087 4900 1304 4966 propria
1336 4907 1696 4952 revertentem

168 4992 386 5058 prosequi
444 4990 666 5046 solebat
708 5003 884 5056 usque
940 4990 1005 5042 ad
1036 4989 1283 5044 excelsos
1329 4979 1554 5057 gradus,
1588 4989 1700 5043 imo

167 5089 207 5130 et
230 5091 391 5146 extra,
427 5090 487 5137 ut
512 5082 649 5136 dicit
671 5081 1020 5149 Curopalata,
1055 5095 1106 5134 c.
1143 5081 1228 5145 ιε,
1267 5095 1320 5150 p.
1355 5081 1460 5136 72:
1492 5097 1591 5136 nec
1622 5093 1698 5136 ta-

167 5184 265 5222 men
297 5155 379 5224 ad'
408 5172 673 5240 templum
725 5169 1108 5224 Blachcrnium
1161 5179 1291 5224 tunc
1325 5169 1436 5224 ibat
1467 5171 1699 5241 impera-

168 5268 254 5312 tor.
307 5261 407 5317 Sed
468 5278 576 5316 non
636 5273 720 5315 est
761 5260 924 5331 326
952 5275 1090 5329 Opus
1138 5261 1412 5329 pluribus.
1471 5263 1700 5332 lpsemet

165 5346 330 5406 Junius
377 5369 436 5408 se
487 5352 705 5418 refellit,
757 5353 847 5421 qui
883 5353 995 5407 haec
1035 5367 1085 5419 ῃ.
1140 5350 1246 5406 526
1277 5369 1290 5405 :
1323 5353 1433 5422 Τῆς
1477 5354 1702 5423 Ὀδηγη-

167 5443 317 5507 τρὰις,
347 5447 397 5497 id
428 5455 506 5499 est
557 5446 706 5499 ducis
746 5445 864 5505 uite,
914 5452 1093 5496 statua
1121 5443 1222 5507 fuit
1253 5457 1404 5497 extra
1439 5446 1699 5513 palatium

169 5529 312 5599 Cpuli,
339 5539 390 5590 in
413 5537 602 5606 templo
629 5545 679 5589 et
709 5535 1029 5588 monasteria
1060 5534 1246 5599 nobili,
1282 5536 1421 5603 quod
1447 5537 1700 5603 templum

170 5623 376 5683 Zonaras
407 5631 534 5684 ναὸν
565 5629 675 5682 τῶν
709 5627 974 5697 Ὀδηγῶν,
996 5629 1048 5679 in
1085 5628 1304 5696 imperio
1337 5627 1427 5683 Fl.
1468 5630 1701 5686 Michae-

172 5715 238 5778 lis,
263 5717 580 5790 Nicephorus
615 5719 879 5788 Gregoras
906 5716 942 5772 ι.
976 5734 1026 5772 ιι
1058 5721 1437 5774 monasterium
1465 5721 1702 5793 llodcge-

171 5809 304 5861 trium
327 5813 626 5878 appellavit.
662 5809 759 5864 llis
801 5819 976 5864 autem
1008 5809 1194 5862 diebus
1227 5812 1279 5863 in
1326 5811 1586 5879 palatium
1621 5817 1701 5868 in.

169 5895 428 5965 ferebatur.
461 5905 582 5960 lizcc
614 5906 728 5960 ille.
754 5904 820 5957 At
843 5903 970 5972 quid
1003 5902 1205 5956 clarius
1234 5917 1397 5973 quam
1437 5908 1698 5978 templum

468 5998 736 6058 Pnnoe.
765 5997 879 6054 Gn.
921 5993 1150 6055 CLVII.

1801 3333 2051 3389 eendam.
2086 3333 2367 3390 Triodium
2401 3353 2417 3390 :
2465 3338 2702 3406 Ὀφείλει
2734 3339 2804 3392 δὲ
2831 3338 2978 3410 ἔχειν
3027 3339 3320 3409 ἀκρίϐειαν
3343 3340 3372 3393 6

1800 3425 2208 3502 ἑκκληςιάρχης
2242 3427 2354 3494 ἵνα,
2384 3428 2514 3484 ὅταν
2557 3432 2686 3502 ποιῇ
2729 3431 3052 3501 ἀπόλυσινή
3103 3432 3370 3502 iniquis

1797 3525 1900 3593 τῆς
1923 3522 2300 3592 λειτουργίας,
2338 3522 2561 3596 ὑπάρχῃ
2587 3524 2704 3595 ὥρα
2735 3527 2962 3597 δευτέρα
2987 3529 3085 3594 τῆς
3124 3527 3344 3596 λειτουρ

1798 3615 1944 3683 γιας.
1981 3615 2310 3686 Vespertinaz
2341 3634 2472 3674 vero
2505 3621 2712 3685 laudes,
2747 3622 2947 3690 quibus
2993 3621 3110 3690 ipsa
3141 3622 3372 3690 conjun-

1797 3703 1959 3772 gitur,
1993 3705 2201 3759 decima
2235 3705 2344 3762 diei
2375 3708 2506 3762 hora
2535 3709 2821 3777 incipiunt.
2845 3710 3057 3781 Gosn.]
3273 3777 3278 3781 _

1870 3793 2008 3850 Ibid.
2045 3795 2138 3848 Illa
2182 3797 2321 3865 μετὰ
2377 3799 2475 3866 τὴν
2529 3798 2626 3850 τοῦ
2674 3799 3001 3854 Ἀποστόλου
3061 3805 3370 3872 ἀνάγνωσιν

1797 3885 1995 3940 Junius
2027 3889 2230 3942 vertit:
2285 3898 2399 3953 post
2451 3889 2725 3944 lectionem
2787 3905 2964 3946 autem
3016 3897 3280 3962 Apostoli,
3315 3901 3368 3949 itt

1798 3982 1898 4035 est,
1935 3974 2004 4026 ad
2029 3990 2149 4026 eum
2183 3990 2345 4044 usque
2375 3977 2543 4030 locum
2569 3994 2588 4030 .'
2617 3976 2806 4049 Surge,
2842 3981 3003 4048 Deus,
3033 3984 3124 4051 qui
3150 3984 3370 4052 judicas

1801 4078 2021 4120 terram.
2057 4064 2267 4122 Vitiose
2297 4083 2538 4136 prorsus,
2573 4071 2728 4139 quasi
2769 4073 2896 4126 illud
2935 4089 3088 4144 surge
3123 4074 3260 4130 Deus
3302 4082 3368 4132 ad

1799 4158 2044 4225 Apostoli
2066 4158 2352 4215 lectionem
2381 4164 2673 4230 pertineat,
2701 4177 2825 4218 cunt
2857 4164 2926 4219 sit
2947 4167 3176 4234 stichus,
3205 4185 3368 4238 quem
3453 4184 3462 4232 ζ

1802 4259 1924 4319 post
1979 4250 2266 4306 lectionem
2304 4253 2552 4321 Apostoli
2591 4269 2656 4308 ex
2690 4255 2930 4325 Epistola
2976 4259 3042 4314 ad
3092 4257 3369 4316 Romanos

1801 4356 2074 4414 sumptum
2105 4345 2346 4399 concinit
2371 4345 2612 4401 Psaltes:
2651 4347 2911 4420 Exsurge,
2937 4351 3094 4418 Deus,
3115 4352 3370 4420 judicans
3454 4425 3457 4427 _

1802 4446 2021 4499 terram,
2064 4439 2194 4508 quia
2247 4451 2302 4492 tu
2337 4439 2676 4494 Ita'reditabis
2708 4444 2760 4496 in
2811 4445 3055 4499 omnibus
3103 4449 3366 4516 gentibus.
3451 4435 3462 4472 ³

1804 4529 2039 4599 Suhjicit
2095 4533 2304 4586 lector:
2341 4532 2483 4587 Deus
2535 4537 2676 4589 steti!
2711 4537 2766 4589 iu
2813 4551 3081 4607 synagoga
3123 4541 3367 4603 deorum.

1803 4621 1855 4671 in
1885 4621 2054 4673 medio
2089 4631 2265 4675 autem
2297 4623 2418 4676 deos
2469 4625 2755 4692 dijudicat,
2788 4637 2892 4683 etc.
2936 4628 3183 4685 Succinit
3226 4634 3372 4700 psal-

1804 4721 1884 4765 tes
1920 4730 1934 4766 :
1985 4712 2249 4784 Exsurge.
2311 4715 2469 4778 Deus,
2507 4727 2636 4783 etc.,
2680 4729 2734 4772 et
2792 4719 2892 4775 hoc
2940 4722 3160 4790 smpius,
3203 4734 3259 4778 ut
3287 4725 3370 4780 di-

1805 4805 2002 4859 stincte
2047 4806 2213 4860 hahes
2244 4807 2296 4860 in
2328 4806 2574 4864 Triodio.
2623 4809 2768 4878 Ergo
2799 4811 2882 4864 vel
2915 4822 3035 4880 post
3077 4814 3366 4869 lectionem

1801 4897 2049 4967 Apostoli
2092 4901 2172 4955 vel
2221 4910 2343 4970 post
2372 4901 2532 4971 327
2573 4903 2898 4971 subjunctos
2944 4904 3172 4972 slichos,
3227 4923 3370 4974 qun-

1803 5003 1924 5040 rum
1968 4990 2300 5058 principium
2328 5003 2410 5045 est
2437 5007 2662 5062 exsurge
2692 4992 2855 5058 Deus,
2897 5006 3162 5065 spargunt
3203 4999 3370 5052 lecto-

1805 5096 1892 5135 res
1927 5091 1978 5136 ct
2007 5082 2153 5149 pueri
2194 5083 2467 5139 honorarii
2512 5085 2691 5140 lauros
2721 5102 2735 5138 :
2782 5087 3066 5156 legendum
3097 5091 3243 5144 enim
3287 5103 3373 5146 est

1803 5173 2065 5225 πάττουσι
2105 5175 2188 5227 vel
2228 5177 2521 5241 πάστουσι,
2553 5179 2930 5232 ἀποπάττουσι
2983 5182 3064 5234 vel
3119 5181 3368 5237 ἀποπάσ-

1806 5279 1981 5318 coeat.
2023 5261 2156 5318 Vide
2179 5281 2298 5332 qum
2326 5268 2648 5336 scripsimus
2669 5269 2736 5324 de
2765 5283 2965 5340 magno
2996 5271 3236 5329 Sabbato
3261 5275 3298 5327 l.
3327 5291 3369 5338 ι,

1806 5353 1879 5408 De
1909 5353 2084 5422 festis,
2121 5371 2169 5411 c.
2197 5358 2285 5411 25'.
2310 5358 2515 5414 Gners.

1875 5445 2012 5502 Ibid.
2039 5449 2320 5521 [Δάφνας.
2356 5455 2602 5508 ArbitrOr
2636 5456 2688 5509 in
2722 5457 2920 5512 laetitiae
2953 5475 3050 5526 pro
3086 5459 3370 5516 Dominica

1807 5542 2210 5596 resurrectione
2237 5557 2642 5613 argumentum,
2669 5549 2749 5604 vel
2778 5551 2844 5603 ad
2874 5551 3133 5618 victoriae,
3159 5552 3204 5604 sl
3234 5552 3368 5604 bella

1805 5642 2151 5700 premerent,
2212 5635 2339 5692 felix
2391 5653 2551 5693 omen
2611 5642 2920 5710 imperatori
2982 5644 3366 5710 promendum.

1879 5727 1938 5782 P.
1975 5727 2060 5780 73.
2101 5728 2360 5796 Τράπεζα
2407 5731 2473 5784 δὲ
2516 5733 2807 5800 οὐδαμῶς.
2863 5736 2937 5789 Eo
2965 5728 3106 5803 quod
3147 5733 3201 5787 in
3253 5735 3370 5802 ipsa

1804 5819 2032 5873 ecclesia
2076 5820 2262 5872 sobria
2296 5821 2448 5874 valde
2481 5822 2747 5878 habeatur
2777 5824 3025 5879 refectio.
3056 5821 3366 5889 Triodiutn,

1812 5911 1902 5966 ubi
1937 5912 2002 5968 dc
2036 5913 2320 5967 monachis
2353 5912 2513 5968 hodie
2541 5915 2780 5986 loquitur
2808 5934 2823 5971 ε
2854 5916 3006 5968 Mati:
3033 5914 3087 5964 δὲ
3112 5913 3210 5984 τὴν
3238 5914 3371 5967 ἁπό-

2937 6005 3006 6068 l2
