3852 6596
447 427 553 492 363

1563 427 1642 487 IN
1690 427 1983 490 LIBRUM

2161 428 2487 492 OFFICIIS
2525 436 2628 496 ΕΡ.
3590 437 3677 498 364

449 540 603 594 ).υσιν
635 538 737 592 οὐκ
773 536 1112 608 ἐξερχόμεθα
1162 535 1261 607 τῆς
1298 537 1617 608 ἐκκλησίας,
1675 537 1808 591 ἀλλὰ
1854 539 2026 608 κα.Θή-

2140 555 2250 596 cem
2282 551 2574 598 exorautes
2594 545 2888 616 εἰρηνικῶν
2921 545 3146 616 reliquis
3171 563 3368 605 nomen
3390 548 3676 621 impellunt.

453 631 598 702 μεθα
630 633 688 686 ιν
721 633 834 691 τοῖς
864 631 1056 692 τόποις
1089 629 1267 700 ἡμῶν,
1299 632 1388 682 καὶ
1422 630 1736 699 εἰσέρχεται
1769 631 1797 682 ὁ
1832 629 2026 684 χελλα-

449 723 631 793 ρίτης,
658 723 751 776 καὶ
799 722 1077 776 ἐπιδίδωσι
1120 725 1232 787 τοῖς
1280 723 1536 792 ἀδελφοῖς
1569 724 1901 794 ἁνὰκλασμα
1927 725 2022 778 τοῦ

444 814 636 885 ἄρτου,
668 814 766 866 καὶ
797 813 900 865 ἀνὰ
927 813 985 879 ἒξ
1015 813 1302 886 ἰσχάδωνῆ
1335 815 1618 882 φοινίκων,
1649 817 1744 869 καὶ
1775 816 1883 869 ἀπὸ
1907 815 2026 880 ἑνὸς

444 904 806 977 κρασοϐολίου
835 901 1002 960 οἶνον.
1038 906 1210 962 Cosa.

967 991 973 997 ’
1058 998 1286 1055 CAPUT
1326 997 1422 1056 IX.

448 1117 850 1172 Observationes
914 1124 962 1169 et
1021 1114 1399 1186 explicationes
1433 1115 1486 1168 in
1539 1133 1591 1186 ε.Δ
1645 1115 1733 1180 li,
1781 1116 1844 1170 de
1894 1116 2026 1186 festo

1083 1184 1326 1238 Pascitur.
1583 1181 1596 1198 ⁶

518 1279 661 1334 Ibid.
701 1280 777 1335 De
831 1279 962 1350 festo
1023 1278 1264 1334 Pasclue.
1302 1279 1379 1334 lta
1430 1281 1626 1336 titulus
1680 1281 1866 1346 habet,
1899 1297 2023 1336 eum

445 1375 610 1428 etiam
644 1375 748 1430 hoc
777 1375 956 1444 capite
984 1376 1050 1430 de
1087 1374 1192 1428 ritu
1225 1374 1373 1430 ferite
1405 1377 1613 1445 quinta:
1659 1377 1760 1446 τῆς
1793 1379 2024 1432 Διακαι-

445 1468 681 1536 νησίμου
714 1467 900 1536 deque
918 1466 1058 1524 festo
1095 1466 1448 1524 Pentecostes
1482 1480 1548 1524 ct‘
1581 1471 1649 1525 de
1684 1471 1823 1525 festo
1863 1469 2023 1528 Επει-

447 1561 673 1616 talionis
708 1560 768 1617 S.
803 1565 984 1616 crucis
1016 1572 1400 1630 pertractetur.
1427 1564 1633 1620 Guers.

520 1655 660 1711 Ibid.
686 1654 826 1728 [Ἐν
854 1655 929 1725 τῇ
953 1658 1140 1724 τρίτῃ.
1170 1655 1341 1728 Vulgo
1374 1668 1554 1713 tamen
1577 1669 1628 1714 et
1652 1659 1856 1730 ubique
1876 1660 2020 1715 circa

445 1748 775 1802 matutinum
804 1749 1192 1818 crepusculum
1230 1749 1423 1818 incipit
1451 1750 1555 1804 hoc
1597 1751 1850 1807 cilicium.
1879 1752 2022 1806 Pen-

450 1842 804 1895 tecostarium
836 1862 851 1896 :
886 1843 1022 1914 Περὶ
1057 1842 1208 1910 ὥραν
1232 1843 1436 1915 δρθρου
1471 1844 1755 1914 σημαίνει.

2145 633 2234 687 Ἐν
2264 635 2460 708 alpith
2493 636 2588 690 τοῦ
2623 637 2830 708 Κυρίου
2861 641 3166 710 δεηθῶμεν.
3206 641 3266 696 '0
3294 644 3476 714 χορός·
3527 646 3678 717 Κύριε

2131 725 2375 796 ἐλέησον.
2428 731 2708 793 Διάκονος·
2747 731 2922 800 ’Υπὲρ
2960 735 3056 800 τῆς
3103 735 3312 787 ἄνωθεν
3355 736 3572 805 εἰρήνης
3599 739 3681 791 τοῦ

2133 817 2338 888 Κυρίου
2369 820 2674 890 δεηθῶμεν.
2704 821 2762 876 '0
2796 824 2975 893 χορός*
3012 823 3207 895 Κύριε,
3237 825 3480 895 ἐλέησον.
3513 829 3682 881 Attina-

2131 927 2240 974 v0;°
2288 912 2461 982 ’Υπὲρ
2489 913 2586 982 τῆς
2620 915 2846 985 είρήνης
2881 918 2978 970 τοῦ
3020 916 3337 984 σύμπαντος
3364 920 3568 990 κόσμου
3600 921 3682 974 τοῦ

2131 1003 2338 1073 Κυρίου
2397 1005 2702 1075 δεηθῶμεν.
2761 1007 2818 1060 Ὀ
2867 1009 3045 1078 χορός·
3081 1009 3280 1079 Κύριε,
3313 1011 3554 1082 ἐλέησον.
3586 1014 3682 1066 Καὶ

2128 1095 2196 1147 τὰ
2223 1095 2372 1164 ἑξῆς.
2411 1094 2541 1152 Vide
2569 1097 2945 1167 Chrysostomi
2978 1102 3276 1172 liturgiatu.
3303 1101 3502 1176 Ceam]

2199 1184 2343 1243 Ibid.
2376 1186 2652 1258 [ntegrum
2681 1191 2933 1245 odarium
2969 1203 3052 1247 est
3104 1193 3252 1247 istud
3285 1213 3300 1248 :
3339 1193 3682 1250 Ratun-actio-

2128 1278 2210 1332 nia
2238 1281 2368 1334 dies.
2425 1279 2765 1337 Exsultemus
2794 1285 2979 1354 populi
3006 1304 3024 1343 :
3058 1302 3123 1340 ea:
3152 1296 3318 1340 morte
3348 1289 3489 1342 enim
3526 1290 3591 1342 ad
3613 1291 3681 1343 ri-

2129 1381 2236 1424 tam
2271 1380 2320 1425 et
2338 1388 2403 1426 ea:
2433 1383 2576 1429 terra
2604 1375 2676 1429 ad
2695 1377 2881 1430 cretum
2906 1377 3152 1432 Christus
3185 1378 3327 1434 Deus
3351 1397 3443 1434 nos
3463 1389 3682 1434 transtu-

2127 1464 2214 1526 lit.
2271 1467 2510 1521 victor-ire
2566 1485 2779 1524 carmen
2834 1473 3185 1527 concinentes.
3244 1471 3380 1528 Vide
3426 1473 3680 1528 Ritualem

2127 1556 2329 1612 librum
2367 1560 2460 1626 qui
2493 1559 2962 1616 Pentecostarium
3001 1564 3587 1622 inscril.itur..Gnsrs.

2178 1645 2823 1721 ~Ibid.['Araata'aewc
2868 1654 3080 1722 ἡμέρα.
3116 1654 3400 1722 Reliquum
3460 1657 3684 1725 suggerit

2132 1741 2607 1797 Pentecostarium
2644 1760 2660 1799 :
2690 1744 3150 1814 Λαμπρυνθῶμεν
3178 1746 3318 1802 λαοί.
3371 1747 3560 1816 Πάσχα
3591 1747 3683 1800 Κυ-

2129 1835 2270 1903 ρίου,
2330 1836 2523 1904 Πάσχα
2545 1853 2558 1866 ·
2591 1837 2656 1890 ἐκ
2709 1839 2817 1908 γὰρ
2853 1838 3087 1893 Θανάτῦυ
3147 1841 3285 1907 πρὸς
3315 1840 3462 1908 ζωὴν
3513 1844 3601 1892 καὶ
3632 1844 3686 1894 ὲκ

520 1933 664 1988 Ibid.
697 1933 934 2004 [Δίδωσι
1000 1936 1307 2004 λαμπάδα.
1357 1937 1428 1992 Ut
1481 1938 1921 2010 archipresbyter
1978 1939 2026 1993 in

2140 1927 2242 1996 γῆς
2272 1929 2410 1997 πρὸς
2440 1930 2672 2000 οὐρανὸν
2705 1931 2942 1996 Χριστὸς
2985 1932 3014 1983 ὁ
3043 1931 3174 1997 Θεὸς
3213 1933 3359 2003 ἡμᾶς
3392 1932 3686 1987 διεϐίϐασεν

448 2029 670 2096 palatio,
710 2030 784 2083 ita
813 2030 1015 2099 ubique
1044 2032 1296 2099 superior
1330 2033 1436 2088 hoc
1498 2048 1724 2088 munere
1757 2033 2023 2101 fungitur.

451 2119 638 2191 Typus
664 2120 1054 2178 Pentecostarii
1094 2141 1106 2176 :
1150 2122 1210 2176 '0
1233 2123 1288 2176 δὲ
1327 2123 1634 2196 ἡγούμενος
1680 2125 1931 2194 διανέμει
1959 2124 2031 2178 τὰ

450 2215 624 2282 κηρία
653 2216 766 2277 τοῖς
796 2214 1072 2281 ἀδελφοῖς.

519 2305 661 2359 Ibid.
692 2303 1045 2379 [Ὑπηρέται
1096 2307 1407 2375 ἄρχοντες.
1447 2308 1710 2364 Lectores
1760 2317 1814 2364 et
1867 2323 2030 2364 cano-

448 2399 682 2454 narchas
714 2398 976 2469 intellige,
996 2401 1064 2454 de
1089 2401 1289 2469 quibus
1316 2416 1367 2456 c.
1399 2401 1431 2455 6
1459 2413 1584 2457 etc.
1622 2402 1681 2468 8,
1705 2401 2027 2474 ⁸Υπηρέται,

450 2489 580 2560 quia
619 2501 934 2560 protopapa:
962 2493 1190 2555 subditi.
1226 2492 1511 2563 ἄρχοντες,
1547 2495 1673 2562 quia
1706 2494 1956 2564 palatini.

521 2580 666 2637 Ibid.
697 2582 851 2654 [Τῶν
893 2582 1003 2652 τῆς
1054 2583 1388 2652 ἐκκλησίας
1436 2584 1632 2654 θυρῶν
1679 2585 2031 2655 κεκλεισμέ-

453 2687 612 2729 νων»
657 2675 946 2728 Consenlit
991 2672 1388 2732 Pentecostarii
1441 2687 1644 2747 typus:
1686 2683 2029 2732 sacerdotem

449 2766 595 2820 enim
619 2766 869 2821 candidis
881 2767 1128 2822 vestibus
1143 2778 1395 2823 ornatum
1413 2784 1538 2823 cum
1559 2769 1820 2824 fratribus
1842 2784 2030 2824 cereos

454 2858 708 2912 ardentes
723 2857 1068 2927 gestantibus
1101 2857 1504 2914 sinistrolatere
1518 2872 1797 2923 egressum
1826 2859 1878 2912 in
1908 2875 2032 2914 uar-

451 2951 612 3005 tbece
638 2950 794 3021 jubet
827 2950 1152 3018 consistere,
1185 2965 1250 3007 ac
1285 2951 1638 3006 ceroferariis
1669 2966 1896 3006 accensa
1943 2953 2033 3006 lu-

454 3046 601 3098 mina
635 3043 1011 3100 deferentibus
1046 3044 1302 3112 viamque
1348 3044 1724 3098 sternentibus
1758 3042 2029 3097 celebrem

451 3137 764 3205 ingressum
789 3152 1070 3206 peragere.
1116 3137 1517 3204 Ἐναπομείνας
1539 3137 1617 3202 δὲ,
1649 3137 1848 3206 inquit,
1881 3137 2030 3199 ἐντὸς

449 3229 546 3282 τοῦ
601 3229 732 3282 ναοῦ
797 3232 960 3299 μόνος
1009 3231 1037 3282 6
1093 3230 1480 3300 κανδη).άπτης
1531 3230 1696 3283 ἅπτει
1756 3231 1824 3282 τὰ
1859 3229 2026 3299 κηρία
2055 3238 2101 3300 n‘

451 3323 634 3376 πάντα
677 3323 775 3376 καὶ
805 3322 904 3386 τὰς
952 3322 1247 3392 κανδήλας.
1281 3322 1390 3375 Καὶ
1437 3322 1674 3391 ποιήσας
1703 3323 1929 3390 πυρεϊον
1970 3319 2028 3375 ἓν

449 3414 638 3485 τίθησι
667 3415 828 3468 τοῦτο
862 3416 1031 3483 μέσον
1060 3415 1154 3468 τοῦ
1185 3414 1337 3480 ναοῦ,
1372 3414 1465 3468 καὶ
1498 3414 1686 3485 ἕτερον
1718 3414 2028 3484 ἔμπροσθεν

452 3506 563 3560 τῶν
592 3508 764 3575 ἁγίων
803 3507 1008 3578 Θυρῶν.
1059 3507 1170 3560 Καὶ
1203 3505 1385 3577 βαλὼν
1438 3505 1691 3576 θυμίαμα
1743 3507 1824 3569 είς
1864 3506 2025 3569 αὐτὰ,

455 3598 630 3667 βαλὼν
680 3598 737 3652 δὲ
790 3599 888 3652 καὶ
940 3600 1021 3662 είς
1072 3597 1166 3651 τὸν
1221 3597 1490 3667 Ουμιατὸν
1543 3597 1800 3669 θυμίαμα
1863 3597 2024 3662 πολὺ,

451 3693 732 3760 ἀπαιωρεί
761 3690 953 3745 τοῦτον
987 3691 1139 3753 ἐντὸς
1172 3689 1264 3744 τοῦ
1301 3690 1570 3760 βήματος.

527 3781 671 3836 Ibid.
711 3777 879 3853 [Εἶτα
907 3779 1183 3850 ἐκφωνεῖ.
1217 3781 1423 3836 Ibidem
1454 3797 1469 3835 :
1516 3778 1574 3834 '0
1602 3778 1656 3833 δὲ
1683 3780 1862 3850 ίερεὺς
1892 3782 2030 3848 μετὰ

453 3875 516 3928 τὸ
549 3875 817 3945 θυμιᾶσαι
841 3875 1040 3942 ἔξωθεν
1062 3873 1156 3927 τοῦ
1189 3874 1463 3946 νάρθηκος
1489 3874 1592 3936 τὰς
1622 3873 1786 3939 ἁγίας
1815 3863 2030 3936 εἰκόνας

453 3969 548 4022 καὶ
578 3969 707 4032 τοὺς
744 3969 1024 4042 ,ἀδελφοὺς
1077 3970 1286 4029 πάντας
1319 3966 1538 4020 ἵσταται
1579 3965 1894 4036 ἔμπροσθεν
1921 3965 2030 4017 τῶν

455 4060 753 4128 βασιλικῶν
803 4060 993 4114 πυλῶν
1042 4057 1452 4128 κεκλεισμένων
1503 4055 1705 4119 οὐσῶν,
1740 4057 1835 4108 καὶ
1885 4056 2032 4128 ποιεῖ

455 4153 690 4223 σταυρὸν
725 4152 864 4223 μετὰ
897 4151 994 4204 τοῦ
1047 4149 1341 4221 Θυμιατοῦ,
1391 4148 1590 4216 λέγων,
1624 4147 1734 4201 Καὶ
1787 4147 1916 4210 δόξα
1962 4147 2026 4215 τῇ

454 4245 604 4316 ἁγίᾳ,
639 4257 740 4301 etc.
773 4242 973 4314 Gesn]

525 4336 672 4390 Ibid.
698 4338 953 4402 Χριστὸς
978 4332 1233 4399 ἀνέστη.
1263 4331 1540 4400 [ntegrum
1573 4329 1880 4400 troparium
1911 4338 2025 4384 est:

456 4427 690 4497 Χριστὸς
727 4428 931 4496 ἀνέστη
983 4427 1049 4480 ἐκ
1097 4424 1331 4494 νεκρῶν,
1375 4423 1596 4492 θανάτῳ
1644 4423 1875 4476 Θάνατον
1924 4440 2028 4474 πα-

457 4522 632 4588 τήσας
665 4518 762 4571 καὶ
815 4521 930 4582 τοῖς
979 4519 1038 4572 ιν
1074 4518 1191 4580 τοῖς
1246 4517 1496 4588 μνήμασι
1529 4516 1676 4586 ζωὴν
1727 4514 2027 4587 χαρισάμε-

457 4630 565 4676 νος.
596 4612 795 4667 Gens.

524 4704 692 4776 328
713 4703 771 4757 P.
804 4703 890 4757 73.
921 4699 1094 4774 [Adeo
1125 4700 1380 4772 frequens
1412 4711 1666 4771 personat
1694 4702 1748 4755 in
1781 4700 2031 4756 ecclesiis

457 4797 546 4853 hic
578 4799 852 4856 modulus.
881 4805 939 4850 ut
971 4809 1229 4865 germane
1255 4795 1551 4865 paschalis,
1587 4809 1914 4864 omnemque
1939 4811 2031 4865 pa-

457 4888 631 4942 schali
677 4888 855 4955 spatio
906 4886 1120 4942 laudem
1168 4887 1274 4942 Deo
1323 4886 1679 4951 reddendam,
1727 4895 1785 4940 ut
1822 4886 2032 4941 Latinis

458 4980 708 5044 Alleluia,
757 4977 1042 5033 includere
1089 4977 1360 5032 videatur.
1414 4978 1707 5032 Gretserus
1757 4976 2028 5045 integrum

461 5071 694 5142 profert.
746 5069 945 5143 Ceam]

524 5161 665 5216 Ibid.
697 5161 915 5231 Integer
944 5159 1158 5215 stichus
1179 5171 1266 5215 est
1293 5180 1307 5215 :
1342 5161 1613 5231 Exsurgat
1652 5161 1811 5228 Deus,
1844 5172 1894 5215 et
1923 5163 2030 5215 dis-

459 5258 691 5324 sipentur
719 5254 925 5307 inimici
967 5256 1106 5317 eius.
1137 5261 1187 5305 et
1223 5253 1428 5322 fugiant
1457 5256 1548 5323 qui
1575 5254 1804 5306 oderunt
1833 5270 1971 5319 eum.
1997 5271 2030 5308 α

460 5349 594 5416 facie
627 5348 779 5417 ejus;
816 5347 974 5418 cujus
1003 5347 1214 5400 similes
1236 5346 1347 5400 duo
1377 5347 1466 5402 alii
1498 5346 1658 5400 stichi
1691 5344 2030 5416 subiungun-

461 5458 566 5497 tur.
597 5442 801 5497 Gue'rs.

530 5534 588 5588 Ρ.
640 5533 726 5588 74.
765 5531 939 5604 [Τοὺς
987 5533 1262 5598 λοιπούς.
1297 5531 1438 5586 Sunt
1493 5532 1546 5586 hi
1601 5533 1712 5588 duo
1765 5535 1897 5588 alii:
1943 5535 2029 5598 Ὡς

458 5627 701 5681 ἐκλείπει
753 5626 980 5690 καπνὸς,
1034 5629 1130 5677 καὶ
1179 5626 1246 5678 τὰ
1278 5625 1406 5694 ἑξῆς
1433 5663 1447 5688 ,
1487 5625 1656 5689 οὕτως
1698 5627 2028 5682 ἀπολοῦνται

459 5720 554 5771 καὶ
585 5719 652 5770 τὰ
687 5717 834 5785 ἑξῆς.

531 5809 667 5863 Ibid.
700 5809 802 5881 [Tir
827 5806 1123 5876 εἰρηνικά.
1151 5806 1503 5878 Conglobatae
1533 5823 1631 5877 pro
1674 5811 1840 5865 variis
1864 5809 2027 5866 rebus

463 5916 648 5969 preces
677 5916 707 5954 a
739 5900 970 5956 diacono
992 5895 1432 5969 pronuntianda,
1464 5914 1694 5968 quarum
1720 5901 1904 5970 primm
1931 5915 2026 5970 pa-

2133 2015 2398 2071 ἐπινίκιον
2427 2017 2671 2088 ᾄδοντας.
2709 2018 2908 2091 Gesn]

2199 2108 2347 2163 Ibid.
2379 2113 2620 2166 Ubserva
2648 2114 2812 2166 etiam
2848 2114 3052 2169 Graecis
3079 2115 3404 2185 quihusdam
3435 2119 3686 2172 usitatum

2133 2201 2302 2257 fuisse
2357 2218 2584 2283 morem
2623 2205 2772 2260 illum
2807 2202 3169 2275 quarun'idam
3204 2209 3257 2263 in
3293 2208 3584 2264 Germania
3613 2225 3690 2262 cc-

2131 2294 2451 2359 clesiarum.
2485 2307 2543 2351 ut
2571 2298 2820 2352 versibus
2852 2299 2959 2354 illis
2991 2300 3282 2367 Davidicis,
3321 2301 3560 2355 Attollite
3583 2316 3693 2365 por-

2135 2397 2238 2454 tas,
2266 2389 2552 2458 principes,
2611 2399 2840 2453 uestras.
2881 2404 3010 2458 etc.,
3043 2391 3252 2450 aditum
3308 2394 3411 2447 sibi
3459 2392 3689 2463 pateﬁeri

2134 2487 2420 2546 cuperent.
2454 2478 2659 2536 Gens.

2201 2569 2344 2625 Ibid.
2369 2569 2750 2643 [Ἀσπάζεται
2770 2573 2837 2626 τὸ
2864 2573 3250 2644 Εὐαγγέλιον.
3276 2575 3568 2648 Evangelia
3596 2578 3694 2646 pri-

2134 2679 2307 2726 mum.
2353 2679 2476 2720 mox
2529 2673 2706 2722 autem
2740 2667 2851 2722 dati
2908 2668 3223 2738 imperaturi
3254 2672 3428 2726 osculi
3475 2685 3694 2725 consue-

2136 2757 2376 2812 tudinem
2433 2757 2677 2816 referunt
2734 2760 2787 2813 in
2843 2761 3195 2817 monasteriis
3255 2764 3575 2835 καλόγηροι,
3634 2765 3692 2820 de

2133 2852 2335 2920 quibus
2399 2851 2872 2910 Pentecostarium
2925 2873 2941 2909 :
3002 2855 3295 2925 Ψάλλομεν
3349 2860 3410 2910 τὸ
3457 2859 3694 2928 Χριστὸς

2132 2941 2337 3011 ἀνίστη
2385 2942 2671 3008 πολλάκις.
2702 2945 2866 3014 ἄχρις
2896 2945 2962 2998 ἄν
3000 2946 3361 3002 ἀσπάσωνται
3389 2949 3440 3000 οί
3487 2949 3695 3019 ἀδελφοὶ

2134 3037 2422 3108 ἀλλήλους.
2465 3041 2528 3092 '0
2559 3040 2616 3093 δὲ
2653 3042 2944 3110 ἀσπασμὸς
2973 3043 3184 3110 γίνεται
3217 3043 3380 3098 οὕτω.
3422 3038 3694 3112 Λαμϐἆνει

2133 3132 2163 3183 ὁ
2189 3132 2368 3202 ἱερεὺς
2413 3131 2475 3186 τὸ
2507 3131 2666 3201 ἅγιον
2707 3135 3066 3204 Εὑαγγέλιον.
3099 3137 3190 3189 καὶ
3220 3137 3436 3189 ἵσταται
3464 3138 3571 3206 πρὸ
3596 3138 3695 3194 τῶν

2135 3223 2315 3293 υυρῶν
2341 3224 2434 3276 τοῦ
2473 3225 2632 3292 ἁγίου
2663 3225 2930 3295 βήματος.
2977 3227 3036 3280 ’0
3063 3228 3118 3280 δὲ
3153 3228 3568 3297 καθηγούμενος
3611 3230 3692 3281 ἑ).-

2134 3315 2267 3379 θὼν,
2297 3316 2389 3368 καὶ
2419 3317 2809 3386 ἀσπασάμενος
2839 3319 2898 3372 τὸ
2929 3319 3094 3388 ἅγιον
3123 3320 3460 3388 Εὑαγγέλιον
3491 3321 3585 3375 καὶ
3615 3323 3694 3373 τὸν

2137 3407 2311 3475 ίερέα,
2367 3409 2637 3478 λαμϐάνει
2691 3412 2754 3464 ὲκ
2812 3412 2921 3464 τῶν
2967 3413 3172 3482 χειρῶν
3217 3413 3384 3467 αὑτοῦ
3429 3416 3492 3468 τὸ
3550 3414 3695 3480 ἅγιον

2134 3501 2493 3569 Εὑαγγέλιον,
2567 3505 2658 3556 καὶ
2703 3504 2915 3557 ἵσταται
2973 3507 3036 3557 ὲκ
3093 3505 3287 3566 δεξιῶν
3335 3506 3430 3559 τοῦ
3493 3509 3693 3575 ἱερέως.

2134 3587 2265 3646 Εἶτα
2295 3593 2345 3645 οί
2368 3595 2590 3662 ἀδελῃςοὶ
2617 3596 2821 3657 πάντες
2850 3597 2990 3650 κατὰ
3019 3596 3118 3667 τὴν
3149 3598 3301 3664 τάξιν
3325 3600 3509 3652 αὐτῶν
3532 3601 3696 3652 ἀσπα-

2131 3683 2314 3748 ζονται
2345 3686 2562 3755 πρῶτον
2603 3690 2662 3738 τὸ
2689 3687 2849 3755 ἆγιον
2883 3689 3237 3756 Εὐαγγέλιον,
3279 3685 3397 3743 εἶτα
3434 3692 3529 3743 τὸν
3557 3693 3696 3760 ίερέα

2133 3779 2228 3830 καὶ
2258 3778 2352 3832 τίον
2381 3779 2821 3850 καθηγούμενον,
2866 3783 2958 3835 καὶ
2991 3783 3240 3836 ἵστανται
3281 3783 3528 3835 κάκεῖνοι
3574 3785 3695 3836 ἓνυα

2131 3870 2356 3939 τύχωσι,
2393 3873 2486 3925 καὶ
2523 3873 2862 3937 ἀσπάζονται
2901 3874 3185 3944 ἀλλήλους.
3228 3874 3425 3946 Cum]

2206 3964 2348 4017 Ibid.
2385 3965 2495 4018 Τοῦ
2519 3966 2761 4034 θρόνου.
2787 3965 2938 4035 Sche
2967 3967 3149 4021 throni
3183 3968 3526 4036 imperatorii
3554 3983 3694 4022 men~

2133 4058 2209 4110 tio
2240 4057 2380 4111 facta
2435 4068 2569 4112 est:
2619 4059 2740 4128 ejus
2793 4059 3130 4127 diagraphen
3195 4073 3317 4129 pete
3365 4076 3431 4114 ex
3485 4062 3695 4129 Corippi

2133 4148 2172 4201 l.
2204 4164 2286 4213 nl,
2323 4165 2371 4203 ν.
2411 4149 2678 4215 Ι91-919;
2709 4152 2890 4216 qualis
2921 4151 3183 4205 nimirum
3228 4163 3472 4223 tempore
3501 4152 3693 4208 Justini

2130 4240 2377 4296 Juuinris
2419 4241 2604 4297 fuerit.

2201 4331 2342 4386 Ibid.
2375 4334 2451 4387 En
2483 4350 2688 4389 morem
2743 4335 3023 4390 osculandi
3071 4333 3264 4404 pedem
3327 4337 3693 4406 imperatoris.

2132 4422 2231 4479 Hic
2257 4425 2604 4479 heterodoxis
2633 4441 2740 4480 nun
2769 4437 3018 4480 movetur
3041 4429 3356 4482 stomachus
3391 4445 3406 4481 :
3433 4439 3488 4482 at
3536 4446 3693 4496 quam

2130 4516 2363 4583 primum
2390 4517 2474 4570 vel
2511 4512 2694 4588 legunt
2728 4519 2810 4572 vel
2835 4519 3061 4572 audiunt
3088 4520 3279 4587 pedem
3332 4521 3536 4574 summi
3575 4535 3697 4590 pon-

2059 4625 2103 4679 ι)
2133 4607 2292 4662 tilicis
2321 4610 2510 4662 osculo
2539 4611 2664 4670 coli.
2686 4620 2808 4663 tum
2847 4611 2944 4664 toti
2978 4611 3098 4664 bilis
3130 4619 3256 4664 sunt
3286 4619 3340 4666 et
3364 4612 3437 4663 nil
3474 4613 3579 4666 nisi
3625 4612 3697 4665 hi-

2135 4699 2238 4752 lem
2271 4699 2604 4754 biliosissimi
2644 4702 2887 4755 homines
2919 4711 3164 4756 vomunt.
3195 4703 3259 4756 Et
3288 4711 3465 4757 tamen
3499 4704 3698 4772 patien-

2134 4802 2217 4847 ter
2238 4793 2532 4846 admodum
2553 4796 2868 4848 osculantur
2890 4805 3064 4864 togam
3090 4795 3309 4851 Turcici
3335 4796 3696 4866 imperatoris,

2134 4883 2276 4954 quod
2295 4892 2348 4937 et
2378 4898 2406 4937 a
2465 4884 2752 4938 Gerlaebio
2796 4888 3123 4952 praedicante
3157 4887 3473 4942 Lutherano
3502 4888 3698 4941 factum

2133 4987 2253 5046 est;
2286 4987 2340 5032 et
2363 4995 2429 5033 ne
2460 4977 2562 5034 hoc
2612 4981 2970 5041 nesciremus.
3004 4981 3230 5036 Crusius
3293 4983 3329 5035 I.
3386 4998 3461 5036 vn
3491 4981 3692 5036 Turca-

2133 5069 2305 5125 Grare.
2356 5071 2551 5124 litteris
2575 5073 2829 5140 prodidit.
2856 5072 2965 5127 Nec
2983 5085 3339 5142 gravarentur
3359 5075 3444 5127 isti
3465 5075 3531 5126 ad
3556 5076 3701 5144 pedis

2133 5159 2388 5214 sultanici
2413 5159 2580 5231 329
2601 5163 2846 5217 osculum
2871 5179 2929 5217 se
2949 5164 3204 5232 aljicere,
3233 5165 3279 5218 si
3302 5165 3352 5219 id
3369 5165 3702 5219 consuetudo

2133 5251 2486 5320 permitteret.
2514 5252 2742 5323 Legatus
2773 5270 2990 5324 quoque
3029 5254 3522 5310 co:tfoederatorum
3548 5256 3635 5308 Οτι
3662 5255 3702 5307 i-

2134 5356 2264 5394 num
2293 5340 2483 5411 Belgii.
2513 5358 2660 5397 anno
2683 5346 2875 5400 salutis
2929 5346 3065 5401 1612
3114 5347 3321 5415 (ἰινοΙίιη
3381 5348 3445 5399 ad
3487 5356 3697 5414 portam

2132 5430 2529 5489 Ottomanicam
2563 5437 2761 5490 missus
2786 5447 2836 5490 et
2861 5437 3156 5502 admissus.
3189 5439 3572 5493 vestimentum
3607 5439 3675 5490 im

2132 5527 2399 5596 peratoris
2425 5525 2640 5581 Turcici
2673 5538 2920 5598 prompte
2947 5541 3001 5583 et
3049 5529 3302 5584 alacriter
3351 5528 3700 5584 deosculatus

2131 5626 2236 5682 est,
2261 5627 2312 5671 et
2337 5617 2556 5686 quidem
2585 5618 2738 5674 flexis
2756 5620 2986 5689 genibus
3011 5629 3061 5672 ut
3084 5619 3269 5674 videre
3292 5620 3416 5675 licet
3439 5621 3490 5672 in
3523 5617 3704 5671 Eccle-

2131 5708 2569 5778 siasticopolitica
2591 5709 2852 5766 Cbronol.
2887 5715 3088 5767 inserta
3127 5721 3262 5766 tom.
3296 5727 3393 5766 vIu
3421 5711 3543 5780 ejus
3584 5724 3707 5778 ope-

2130 5801 2227 5865 ris,
2252 5802 2396 5870 quod
2422 5801 3136 5862 ChroniconChrenicorum
3162 5806 3498 5862 inscribitur.
3522 5803 3580 5857 Si
3606 5801 3706 5854 tale

2129 5896 2443 5951 reverentia
2473 5909 2640 5964 genus
2671 5900 2911 5967 pontiﬁci
2957 5898 3202 5955 Romano
3235 5897 3706 5963 isteexbibuissct,
