3852 6600
247 444 338 510 :65
1305 439 1692 501 euersam
1733 439 1826 499 ET
1869 415 2385 501 commune.

3377 429 3480 490 366

227 557 526 628 'ineXpiabili
552 557 750 612 sociere
786 570 907 610 sese
925 555 1252 610 obstrictum
1277 554 1624 611 credidisset.
1651 554 1789 621 Quid
1823 558 1868 617 Α
1897 554 2116 623 πατέρα
2149 550 2470 620 ἀντιφιλεῖν.
2523 548 2706 604 Solam
2737 561 2963 603 manum
3015 544 3251 601 senioris
3287 542 3482 612 junior

245 653 368 724 quod
388 651 561 705 Batavi
584 649 884 705 Calvinimi
903 647 1130 720 pedibus
1158 647 1273 703 suis
1294 647 1484 704 oscula
1502 647 1630 703 ferri
1647 647 1796 702 haud

241 761 362 816 aegre
382 742 520 814 passi
537 753 660 798 sunt
682 743 704 795 ἲ
727 739 861 797 Nam
882 742 938 795 in
960 740 1315 812 navigatione
1343 740 1586 798 Australi
1605 739 1796 795 Jacobi

240 842 278 893 te
305 837 477 902 llaire,
506 835 682 890 Leidze
719 835 771 888 in
805 832 1095 888 llollandia
1127 832 1271 905 typis
1299 847 1501 889 excusa
1523 848 1668 887 anno
1685 831 1794 887 Re-

238 929 504 1000 demptoris
529 927 690 993 1819,
729 929 844 982 haec
877 926 1090 996 prodita
1113 936 1238 982 sunt
1261 925 1328 981 de
1377 926 1529 981 ludis
1567 924 1797 996 quibus-

238 1024 340 1078 dam
365 1040 377 1075 :
407 1015 506 1088 Qu’i
527 1021 796 1074 intrabant
837 1036 1020 1074 navent
1040 1028 1273 1074 nostram
1299 1036 1362 1074 ex
1383 1020 1534 1088 ipsis,
1553 1021 1606 1073 in
1625 1035 1794 1090 genua

235 1115 532 1186 procidentes
565 1111 786 1183 pedibus
837 1113 1038 1168 nostris
1089 1113 1272 1166 oscula
1310 1112 1566 1183 ﬁgebant.
1622 1109 1794 1164 Paulo

236 1217 368 1277 post:
402 1199 464 1258 Ut
489 1205 716 1273 primum
739 1219 922 1256 narem
943 1202 1316 1257 conscenderat
1347 1199 1619 1273 (ludorum
1651 1199 1792 1264 rexi,

235 1297 480 1368 procidens
504 1297 556 1348 in
581 1311 751 1365 genua
785 1311 847 1348 ac
883 1295 1229 1364 procumbens
1277 1295 1332 1348 in
1387 1293 1578 1363 faciem
1617 1310 1794 1364 preces

235 1406 342 1443 snas
368 1387 566 1456 effudit.
601 1385 810 1442 Ductus
838 1387 908 1440 ad
933 1387 1190 1454 inferiora
1221 1389 1392 1451 navis,
1438 1388 1631 1442 iterum
1673 1401 1797 1454 pro-

235 1477 445 1529 cumbens
463 1475 729 1540 adoravit,
756 1488 864 1532 etc.
889 1475 1119 1532 Comites
1157 1478 1323 1543 ipsius
1370 1478 1525 1546 pedes
1583 1487 1794 1533 nostros

234 1570 675 1633 exosculabantur,
707 1580 1048 1640 acceptosque
1073 1586 1158 1625 eos
1186 1569 1431 1626 manibus
1461 1572 1574 1626 suis
1622 1570 1796 1638 capiti

237 1662 534 1730 imponebant
565 1662 636 1716 ad
657 1662 1526 1734 demissionemsubjeCtionemque
1577 1663 1797 1718 demon-

237 1752 500 1806 strandam.
535 1752 602 1808 Et
631 1751 860 1824 quinam
886 1754 999 1820 isti,
1035 1754 1235 1824 quibus
1264 1755 1579 1810 lubentibus
1608 1764 1795 1810 tantus

240 1845 315 1900 hic
331 1845 490 1900 bonos
517 1844 735 1900 delatus
761 1845 785 1899 ?
807 1844 1098 1901 Praedones
1129 1855 1185 1900 et
1238 1847 1431 1916 pirata:
1467 1861 1534 1902 ex
1579 1845 1790 1902 Calviui

1903 645 2256 702 osculabatur
2300 641 2577 711 quondam
2615 657 2629 694 :
2660 640 2902 696 Basilius
2947 638 3093 693 enim
3130 635 3356 692 Macedo
3384 634 3482 689 hli-

1902 735 2094 792 cbaele
2121 734 2188 789 ad
2223 732 2419 790 lectum
2449 731 2689 788 deducto
2719 729 2816 800 τὴν
2849 731 3010 800 χεῖρα
3051 726 3289 799 φιλήσας
3325 725 3480 796 ἐξῆλ-

1903 829 2015 883 Θεν.
2789 883 2802 890 .

1973 920 2032 976 P.
2052 921 2142 976 75.
2168 919 2344 994 [Οὔτε
2367 916 2496 988 μὴν
2513 917 2599 982 εἰς
2625 913 2732 968 τὸν
2751 912 3099 981 ἀσπασμόν.
3137 910 3215 964 Ad
3237 907 3481 964 Francos

1906 1016 2259 1086 Venetosque
2294 1013 2428 1068 urbe
2448 1009 2554 1067 (ΣΡ.
2580 1007 2880 1082 ejiciendus
2907 1005 3154 1060 Michaeli
3173 1003 3481 1070 Palaeologn

1899 1109 2085 1180 copias
2139 1104 2437 1162 auxiliares
2492 1102 2864 1172 promiserant
2909 1098 3228 1154 Genuenses
3273 1111 3288 1149 :
3353 1096 3482 1149 hinc

1897 1200 2210 1256 communia
2230 1198 2379 1269 pacis
2403 1193 2823 1263 concordiaeque
2855 1190 3084 1247 hedera.
3111 1185 3301 1243 Veneti
3325 1202 3478 1249 vero,

1899 1302 1958 1347 ut
2010 1290 2104 1361 qui
2154 1305 2280 1343 cum
2333 1284 3044 1355 Francisimperaverant,
3095 1278 3295 1334 taedam
3353 1282 3479 1332 cum

1898 1382 2106 1438 Graecis
2157 1377 2508 1436 concordiam
2539 1387 2594 1432 et
2642 1373 3000 1446 opprobrium
3053 1369 3482 1441 subjectionem-

1898 1491 2006 1546 que
2068 1475 2322 1531 redoleas
2377 1470 2558 1528 imdus
2622 1469 2763 1524 inire
2814 1469 3285 1542 detreCtaverunt.
3345 1459 3482 1515 Vide

1898 1568 2200 1640 Gregoram
2249 1566 2510 1636 superius
2554 1563 2809 1625 relatum,
2843 1575 2943 1615 nec
2973 1573 3085 1612 non
3135 1555 3355 1612 Petrum
3386 1552 3486 1608 Ju-

1899 1660 2200 1716 stiniauum
2235 1657 2664 1722 Venetorumﬁt
2697 1653 3072 1710 Genuensium
3115 1650 3268 1705 vario
3315 1647 3486 1702 Marte

1900 1753 2049 1807 inter
2088 1767 2148 1808 se
2199 1750 2602 1806 decertantium
2640 1749 2779 1804 bella
2828 1745 3077 1801 historia:
3106 1743 3326 1800 Venetae
3379 1741 3417 1796 1.
3452 1755 3484 1790 v

1901 1845 2332 1908 describentem,
2361 1858 2426 1900 ac
2453 1842 2668 1898 tandem
2697 1841 2875 1912 ipsum
2903 1835 3484 1894 Michaolemrictoriis

239 1936 442 2003 ollicina,
473 1936 564 2006 qui
601 1937 1082 1994 l‘ortassisbostias
1113 1953 1356 2010 quoque,
1388 1940 1431 1996 si
1457 1937 1575 1995 ludi
1595 1956 1686 1996 eas
1706 1939 1801 1996 oh-
1831 1911 1876 1970 Β
1908 1938 2132 2004 elatum,
2169 1937 2312 1992 baud
2343 1948 2523 1992 tamen
2550 1934 2986 1998 insolescentetn,
3015 1930 3271 1995 Venetos,
3303 1943 3334 1983 a
3364 1927 3486 1998 qui-

243 2029 480 2089 tulissent.
506 2030 654 2084 haud
684 2030 1094 2107 repudi‘assent,
1132 2041 1192 2086 ut
1220 2032 1422 2087 factum
1452 2047 1481 2087 a
1528 2032 1699 2089 Paulo
1749 2044 1805 2090 et

243 2119 454 2174 Bsrnaba
481 2122 603 2176 Act.
629 2137 745 2184 xw,
767 2136 889 2175 cum
917 2121 1238 2194 Lystrenses
1258 2124 1339 2180 eis
1353 2124 1683 2181 sacriﬁcium
1703 2141 1803 2182 ceu

242 2207 338 2263 Jut’i
356 2219 404 2264 et
432 2208 706 2266 Mercurio
734 2221 1082 2280 appararent.
1108 2211 1321 2278 Quibus
1345 2213 1679 2272 clamoribus
1702 2225 1805 2271 ter-

247 2316 335 2356 ram
356 2313 402 2358 ct
429 2305 635 2359 aethera
671 2320 780 2360 non
809 2305 1172 2376 complerent,
1201 2309 1245 2364 si
1279 2319 1373 2364 aut
1401 2309 1453 2364 in
1481 2311 1638 2366 libris
1659 2314 1804 2381 lege-

248 2405 341 2449 rcnt
363 2405 451 2451 aut
479 2397 752 2452 relatione
769 2398 1001 2452 aliorum
1019 2399 1333 2469 acciperent
1359 2400 1672 2473 pontiﬁcem
1695 2402 1804 2457 ιιο-

247 2503 432 2541 manum
461 2505 567 2542 non
607 2498 822 2544 tantum
866 2491 1182 2561 permittere
1215 2501 1275 2547 ut
1303 2493 1426 2563 quis
1476 2499 1637 2564 pedes
1685 2496 1806 2566 ejus

244 2577 504 2644 osculetur,
529 2582 631 2636 sed
652 2591 706 2636 et
746 2582 977 2637 tolerare
1007 2590 1066 2638 ut
1112 2585 1235 2654 quis
1281 2585 1446 2656 pedes
1466 2589 1630 2659 capiti
1649 2605 1810 2661 argu-

244 2684 453 2726 mentum
479 2672 841 2740 subiectionis
863 2673 1152 2746 imponat?

304 2760 406 2818 Lib.
437 2781 451 2820 ι
477 2763 686 2820 llistnr.
711 2764 1101 2834 Cantacureni,
1140 2783 1191 2825 c.
1262 2769 1352 2840 l6,
1397 2773 1680 2829 osculatur
1722 2777 1812 2844 ju-

245 2853 345 2910 nior
368 2857 716 2914 Andronicus
747 2859 986 2915 senioris
1003 2860 1324 2927 Andronici,
1347 2863 1433 2918 avi
1452 2865 1562 2930 sui,
1580 2865 1808 2933 pedem;

247 2947 319 3002 ubi
347 2948 590 3006 additur:
615 2948 768 3004 More
791 2949 1044 3006 Romanis
1089 2949 1498 3023 imperatoribus
1550 2967 1812 3028 receptum

245 3046 360 3100 erat,
383 3054 494 3092 cum
517 3041 792 3110 quispiam
818 3043 1332 3112 consanguineorum
1358 3056 1449 3100 aut
1470 3046 1673 3118 alioqui
1687 3066 1812 3120 gra-

249 3132 309 3182 tia
337 3132 465 3200 apud
485 3147 574 3186 eos
593 3132 899 3201 ﬂorentium
925 3143 1205 3188 secundum
1235 3137 1602 3192 adoratmnem
1629 3141 1810 3208 pedem

1911 2034 2014 2089 hus
2040 2031 2145 2089 sibi
2177 2033 2482 2087 cavendum
2514 2029 2760 2094 rebatur,
2801 2029 2868 2084 de
2901 2042 3034 2098 pace
3063 2023 3334 2080 ﬁrmanda
3358 2036 3490 2076 exo-

1912 2137 2148 2182 rantem.

1982 2217 2128 2272 Ibid.
2157 2214 2536 2290 [Καποὺτζῑα.
2561 2215 2690 2269 Pilei
2723 2229 2896 2286 genus
2927 2221 3054 2267 ante
3074 2219 3260 2282 'pauca
3293 2209 3489 2264 smcula

1914 2310 1968 2366 in
2016 2307 2230 2380 Europa
2287 2309 2728 2365 usitatissimum.
2781 2306 2957 2361 Latini
3007 2304 3304 2374 caputium,
3352 2301 3490 2358 Galli

1916 2404 2202 2474 cltaperon,
2253 2400 2370 2457 Itali
2404 2417 2638 2470 capuzzo
2685 2400 2962 2454 dicebant.
3007 2397 3081 2453 De
3125 2412 3235 2468 quo
3293 2411 3495 2451 consu-

1916 2497 2112 2554 lendus
2141 2495 2455 2567 Stephanus
2485 2494 2817 2550 Paschasius
2843 2491 3293 2562 disquisitionum
3324 2487 3497 2542 Frau-

1917 2591 2315 2655 cicarum,vut.
2347 2589 2434 2652 l8,
2459 2598 2516 2643 et
2530 2588 2619 2644 45.
2641 2587 2914 2656 Capitinm
2927 2593 3084 2642 vocat
3109 2583 3313 2640 Paulus
3328 2581 3499 2638 Emi-

1919 2681 2024 2737 lius
2049 2685 2104 2736 in
2133 2675 2345 2738 Joanne
2367 2680 2563 2750 primo.
2595 2677 2795 2750 G'out.]
3510 2751 3514 2757 _

1991 2773 2136 2829 Ibid.
2202 2772 2446 2842 Τρεύαν.
2501 2771 2965 2828 ἰιειίηοεΒετιιετε
3020 2779 3228 2841 treuga.
3290 2768 3502 2824 Dicitur

1919 2865 2084 2922 etiam
2115 2866 2308 2939 τρέὁα.

1992 2956 2134 3013 Ibid.
2168 2958 2544 3026 Μπιιΐουλος.
2578 2953 2655 3013 Ita
2707 2955 3020 3026 legendum.
3066 2955 3256 3026 Inepte
3302 2953 3503 3010 Junius

1920 3051 2207 3115 λυπάῖὶος.
2260 3049 2424 3108 Falso
2471 3051 2606 3106 citat
2635 3049 2960 3119 Gregoram,
2997 3050 3034 3104 Ι.
3070 3066 3145 3117 tv,
3173 3053 3328 3120 quasi
3355 3051 3501 3122 apud

1924 3145 2079 3199 illum
2103 3145 2315 3216 legatur
2336 3144 2593 3216 lypailus,
2623 3160 2746 3200 cum
2776 3141 3000 3201 Graecus
3029 3154 3211 3200 textus
3238 3143 3503 3200 distincte

246 3224 552 3291 imperatoris
581 3225 770 3280 osculo
802 3227 1126 3297 contigisset,
1156 3243 1214 3282 ut
1257 3231 1542 3300 imperator
1586 3235 1814 3289 vicissim
1845 3277 1889 3336 C
1927 3235 2122 3292 habeat
2153 3237 2473 3306 μπαῖουλος,
2529 3245 2585 3292 et
2639 3239 2910 3308 interpres
2946 3237 3183 3304 baiulus,
3213 3248 3360 3294 recte
3400 3243 3505 3293 uti-

255 3314 409 3336 -2..-I_
447 3319 518 3336 ’-κ
583 3318 908 3336 Διννομινην-
970 3335 975 3336 ,
1022 3318 1059 3336 η
1189 3321 1223 3336 ο-
1394 3334 1399 3336 .
1801 3329 1812 3336 .
2080 3323 2120 3336 κ
2473 3326 2516 3336 .-
2661 3329 2672 3336 .
2851 3330 2862 3336 -
3039 3332 3048 3336 -
3093 3332 3107 3336 -
3174 3331 3202 3336 --
3306 3333 3314 3336 .
3390 3335 3397 3336 κ

247 3314 341 3383 ejus
360 3317 538 3386 {aciem
570 3318 996 3374 deoscularetur.
1019 3318 1149 3374 Cum
1183 3321 1362 3394 itaque
1385 3334 1497 3377 tum
1527 3341 1684 3393 nepos
1727 3329 1812 3381 avi

247 3410 400 3477 pedem
430 3411 708 3465 osculatus
738 3414 944 3483 fuisset,
979 3413 1088 3477 ille,
1123 3431 1186 3467 ne
1214 3415 1526 3486 inexpiabili
1556 3420 1677 3473 odio
1706 3421 1812 3490 ﬂa-

249 3515 376 3566 grare
401 3506 708 3556 crederetur
727 3504 774 3557 si
825 3519 916 3557 nec
956 3504 1020 3557 iis
1083 3515 1318 3573 nepotem
1347 3516 1397 3560 et
1443 3509 1814 3577 imperatorem

249 3585 523 3652 dignaretur
537 3606 664 3658 quia
679 3591 902 3658 privatis
931 3592 1303 3657 tribuerentur,
1344 3595 1530 3664 faciem
1553 3599 1668 3668 ejus
1688 3616 1815 3654 con-

252 3686 316 3729 tra
340 3690 382 3731 et
413 3681 518 3749 ipse
547 3685 742 3735 osculo
777 3681 983 3738 libavit.
1035 3683 1179 3739 Idem
1230 3685 1581 3744 Andronicus
1626 3689 1816 3760 junior

252 3769 415 3823 iterum
441 3773 526 3826 avi
563 3773 760 3838 pedem
793 3774 1010 3844 publice
1037 3777 1321 3832 osculatus
1351 3788 1436 3833 est
1463 3795 1503 3844 t,
1528 3780 1594 3834 54
1627 3795 1642 3848 ;
1668 3783 1813 3851 quod

251 3875 290 3913 r.
315 3861 375 3916 50
405 3873 669 3934 tanquam
699 3880 1017 3934 expressum
1050 3870 1412 3937 subjectionis
1447 3871 1710 3928 indicium
1733 3889 1817 3930 rc-

250 3952 444 4021 petitur.
478 3971 540 4021 tt,
571 3954 633 4020 5,
667 3953 849 4013 Persa:
878 3960 1248 4015 Andronicum
1277 3962 1552 4032 juniorem
1575 3965 1815 4035 impera-

249 4055 397 4101 torem
419 4061 716 4120 antequam
732 4053 1213 4124 appropinquaret,
1230 4055 1502 4126 capitibus
1521 4056 1672 4112 humi
1690 4060 1816 4114 sub-

248 4141 410 4197 missis
430 4143 760 4198 adorabact.
785 4143 892 4200 Sed
919 4148 1174 4217 princeps
1204 4148 1499 4204 Persarum
1553 4152 1620 4206 ad
1684 4165 1811 4206 cum

247 4233 452 4300 pedibus
485 4235 758 4292 accedens
788 4247 842 4292 et
877 4239 1142 4295 adorabat
1168 4250 1221 4295 et
1260 4241 1448 4311 pedem
1485 4243 1632 4299 illius
1655 4260 1819 4300 oscuo

246 4323 456 4381 labatur.
483 4341 570 4395 tu,
607 4328 696 4392 58,
725 4327 1096 4387 Protostrator
1140 4348 1265 4389 cum
1294 4337 1408 4390 suis
1437 4337 1624 4405 pedem
1656 4335 1823 4391 Joan-

246 4417 320 4471 nis
349 4419 722 4476 Cantacnzeni
770 4421 1116 4492 imperatoris
1152 4427 1450 4483 osculatur.
1495 4427 1642 4482 Idem
1681 4429 1822 4483 titab

244 4507 370 4570 aliis,
396 4525 444 4564 c.
469 4511 561 4566 40.
597 4511 740 4566 Idem
770 4515 837 4568 ab
868 4513 994 4581 alio,
1027 4529 1078 4570 c.
1116 4515 1206 4582 42,
1228 4527 1281 4572 et
1309 4531 1340 4572 a
1364 4517 1572 4582 Persis,
1609 4535 1682 4583 tv,
1715 4519 1818 4584 10;

1917 3341 2046 3396 que.
2077 3323 2308 3384 Frustra
2337 3337 2421 3382 est
2472 3326 2744 3384 Meursius
2770 3330 2864 3399 qui
2909 3332 3134 3402 corrigit
3171 3331 3501 3399 ίλπαϊουλος,

1916 3418 2080 3474 unica
2108 3418 2293 3474 littera
2325 3419 2678 3489 trausposita,
2707 3419 2862 3489 quasi
2891 3419 2961 3474 sit
2985 3436 3154 3488 purus
3177 3430 3339 3492 putus
3367 3424 3505 3479 idio-

1917 3511 2114 3567 tismus
2140 3511 2386 3567 ltalicus.
2421 3511 2527 3565 Sed
2575 3526 2699 3566 cum
2733 3510 2979 3566 Codinus
3021 3510 3286 3569 hactenus
3347 3515 3505 3572 italo-

1919 3619 2041 3658 rum
2073 3603 2320 3658 articulis
2344 3618 2454 3658 non
2492 3604 2562 3657 sit
2586 3591 2742 3670 us‘us,
2767 3604 3030 3660 credibile
3052 3615 3138 3662 est
3163 3622 3287 3662 eum
3321 3625 3497 3681 neque

1920 3695 2008 3752 hic
2034 3710 2192 3750 usum
2228 3693 2438 3760 fuisse;
2497 3709 2735 3765 cumque
2780 3693 2866 3766 ap
2906 3695 2986 3750 vel
3017 3713 3057 3749 π
3103 3698 3497 3770 incipientibus

1919 3787 2256 3842 recentiores
2310 3785 2483 3841 Graeci
2534 3787 2772 3843 litteram
2819 3805 2859 3857 μ
2909 3804 3226 3860 praeponere
3263 3794 3496 3858 soleant.

1922 3875 2243 3946 utipsemet
2277 3873 2552 3929 Meursius
2599 3877 2652 3930 in
2701 3875 2982 3932 Glossario
3011 3881 3265 3949 pluribus
3315 3901 3496 3941 exem-

1922 3968 2026 4036 plis
2057 3967 2325 4033 ostendit,
2362 3967 2560 4022 rationi
2595 3968 2753 4038 plane
2803 3985 3111 4027 consonum
3141 3985 3226 4031 est
3274 3980 3498 4035 credere

1919 4058 2191 4114 Codiuum
2241 4059 2335 4115 hic
2366 4059 2657 4130 scripsisse
2696 4061 3020 4131 μπαῖουλος,
3057 4080 3213 4122 more
3262 4069 3495 4126 aliorum

1921 4167 1985 4207 ex
2017 4151 2324 4207 recentiore
2350 4147 2555 4207 Graecia
2588 4155 2945 4224 scriptorum.
3137 4223 3150 4236 λ

1994 4242 2060 4302 Ρ.
2084 4244 2173 4300 76.
2200 4244 2283 4298 Ad
2314 4242 2577 4300 Francos.
2612 4244 2809 4301 Franci
2857 4247 2911 4302 in
2948 4250 3318 4308 recentiorum
3351 4256 3496 4313 (ἐι-αι-

1923 4355 2114 4396 corum
2159 4342 2382 4410 scriptis
2425 4357 2532 4396 non
2564 4341 2743 4396 solum
2791 4342 2929 4398 Galli
2979 4343 3314 4416 intelligendi
3344 4361 3496 4416 sunt,

1924 4433 2104 4504 inquit
2137 4430 2356 4499 Junius,
2393 4433 2488 4488 sed
2522 4433 2640 4488 Itali
2685 4451 2905 4506 quoque
2933 4446 2986 4490 et
3020 4433 3214 4506 Siculi,
3259 4456 3326 4496 eo
3355 4446 3500 4514 quod

1925 4526 2056 4580 olim
2089 4525 2291 4582 Siciliae
2323 4541 2552 4598 regnum
2585 4537 2641 4583 et
2668 4544 2799 4598 pars
2823 4527 2990 4585 Italiae
3020 4547 3051 4586 a
3091 4529 3320 4590 Francis
3354 4545 3498 4593 teue~

244 4615 315 4666 ut,
343 4602 428 4664 45,
456 4603 686 4658 Triballi
709 4604 954 4676 ejusdem
982 4603 1344 4663 Cantaruzeni
1375 4625 1518 4679 genu
1568 4610 1820 4664 osculan-
1848 4618 1903 4678 Ι)
1927 4616 2106 4672 batur.
2141 4617 2348 4674 Gnn'rs.

244 4705 336 4748 tttr.
363 4695 621 4768 Exempla
660 4698 936 4752 osculitixi
969 4699 1142 4754 oculis
1171 4708 1226 4754 et
1275 4699 1435 4776 faciei
1479 4702 1649 4758 habes
1675 4702 1816 4772 apud

239 4788 526 4847 Cantacuz.
557 4806 596 4855 ι,
630 4789 980 4854 l6,dexter:e
1001 4807 1050 4846 c.
1083 4791 1153 4847 5t
1171 4803 1223 4847 et
1251 4807 1301 4848 c.
1326 4793 1416 4847 il.
1451 4791 1655 4851 Csars.

305 4880 441 4936 Ibid.
481 4881 588 4956 [De
621 4883 956 4952 imperatore
991 4882 1202 4937 minore
1235 4883 1500 4954 majorem
1544 4887 1817 4944 salutante

240 4984 288 5026 et
313 4973 430 5044 ejus
462 4975 662 5045 pedem
699 4975 1055 5029 exosculante
1079 4983 1131 5029 ct
1174 4975 1244 5030 ab
1282 4977 1472 5030 eodem
1514 4978 1627 5032 oris
1656 4995 1817 5034 oscu-

242 5067 345 5120 lum
397 5079 718 5140 rcportante
751 5067 1043 5125 Gretscrns
1100 5069 1187 5124 hic
1231 5071 1468 5141 egregie.
1505 5072 1574 5124 At
1606 5073 1652 5126 si
1680 5074 1816 5128 alter

242 5163 384 5216 alteri
431 5177 604 5232 eques
661 5169 939 5227 occurrat,
994 5161 1124 5234 quid
1174 5162 1336 5216 tum?
1377 5161 1816 5230 Cantacuzenus,

245 5268 278 5312 1.
303 5253 368 5307 55
401 5273 415 5309 :
447 5253 616 5316 ἘΘος
653 5248 1039 5325 ἐπεκράτησεν
1077 5255 1308 5324 ἀρχαῖον
1347 5253 1502 5322 παρᾶ
1530 5255 1645 5317 τοῖς
1684 5255 1818 5309 Ῥω-

247 5346 414 5411 μαίων
467 5346 806 5416 βασιλεῦσιν,
845 5346 977 5399 ὅταν
1035 5345 1306 5414 μέλλωσιν
1358 5344 1522 5416 330
1562 5345 1816 5417 ἀλλήλοις

247 5437 652 5508 συντυγχάνειν.
697 5437 828 5500 τοὺς
879 5437 983 5506 μὲν
1029 5436 1333 5506 ἑπομένους
1373 5438 1660 5507 ἑκατέροις
1705 5439 1814 5490 τῶν

247 5524 420 5579 ἵππων
473 5527 828 5589 καταϐάντας
878 5525 1108 5579 ἕπεσθαι
1141 5526 1304 5597 πεζῇ,
1333 5525 1535 5589 αὐτοὺς
1584 5526 1642 5580 δὲ
1675 5543 1814 5596 συμ-

249 5619 506 5686 μίξαντας
531 5620 830 5689 ἑφίππους,
870 5619 964 5673 τὸν
996 5619 1095 5690 μὲν
1127 5608 1394 5690 νεώτερον
1429 5619 1676 5690 κύψαντα
1718 5620 1813 5673 τοῦ

247 5713 617 5783 πρεσϐυτέρου
672 5712 942 5784 βασιλέως
987 5712 1460 5785 περιπτύσσεσθαι
1490 5711 1589 5780 τὴν
1630 5713 1812 5783 χεῖρα,

245 5805 332 5856 τὸν
369 5807 463 5856 ἐπὶ
493 5807 591 5877 τῆς
617 5808 862 5876 κεφαλῆς
902 5807 1172 5876 πρότερον
1208 5805 1599 5876 περιελόμενον
1633 5806 1811 5872 πῖλον,

250 5897 599 5970 ἀνακύψαντα
636 5900 692 5953 δὲ
723 5900 934 5955 ἐκεῖθεν
974 5901 1056 5963 είς
1087 5900 1146 5953 τὸ
1180 5899 1476 5968 πρόσωπον
1527 5898 1690 5956 αὑτὸν
1722 5899 1815 5954 τὸν

1997 4707 2133 4764 Ibid.
2171 4707 2188 4780 Ι
2209 4711 2419 4780 Ἠρέμα
2452 4710 2868 4780 ψαλλομένης.
2915 4712 2994 4768 Ne
3038 4725 3234 4776 cantus
3291 4723 3498 4791 regiam

1924 4801 2304 4858 adorationem
2355 4802 2704 4867 interturbat,
2748 4805 2834 4857 vel
2871 4804 2984 4860 haec
3026 4807 3274 4862 ecclesia:
3320 4809 3501 4863 olliciu

1923 4893 2174 4948 videatur
2201 4894 2516 4963 conjuncta.
2938 4885 2942 4887 ἢ

1997 4983 2140 5040 Ibid.
2174 4981 2395 5058 [Οὗτός
2444 5003 2507 5039 τε
2538 4986 2639 5040 καί
2664 4985 2887 5055 πάντες
2913 4991 2966 5042 οι
3003 4988 3317 5059 ἄρχοντες.
3347 4985 3502 5052 Cela}

1924 5077 2009 5133 bri
2043 5077 2386 5133 .Palmarum
2442 5079 2584 5134 festo
2634 5080 2777 5134 solet
2828 5085 3144 5150 patriarcha
3200 5100 3396 5142 cruces
3446 5097 3502 5140 et

1925 5184 2112 5226 cereos
2143 5169 2196 5223 in
2240 5172 2502 5242 populum
2548 5172 2904 5240 distribuere,
2943 5176 3102 5244 quasi
3151 5177 3501 5249 δεξιούμενος

1923 5261 2052 5326 τοὺς
2076 5261 2137 5316 τὸ
2167 5265 2516 5334 παγκράτιον
2538 5265 2636 5336 τῆς
2665 5266 2922 5335 νηστείας
2949 5271 3278 5337 νικήσαντας
3301 5271 3502 5339 τιμίων

1925 5355 2022 5408 καὶ
2057 5354 2228 5422 ἁγίων
2280 5355 2532 5427 σταυρῶν
2568 5340 2884 5429 ’ἁγιάσμασι
2931 5361 3028 5413 καὶ
3071 5360 3279 5431 κηρίων
3323 5379 3496 5430 φωτο·

1924 5446 2098 5500 σόλων
2132 5447 2459 5518 χαρίσμασι.
2499 5449 2635 5503 Οὐδὲ
2674 5451 2784 5520 γὰρ
2813 5450 2959 5504 θέλει
3013 5453 3344 5523 σκιαμαχεῖν
3373 5453 3500 5509 τοὺς

1924 5541 2154 5604 πιστοὺς
2188 5543 2311 5595 κατ’
2373 5542 2619 5605 ἐκείνους
2655 5543 2782 5606 τοὺς
2832 5544 3220 5614 νηπιόφρονας,
3269 5543 3383 5597 ἀλλ’
3425 5543 3502 5598 ὡς

1923 5630 2026 5705 ﬁcia
2054 5630 2155 5699 τῆς
2189 5631 2541 5701 δικαιοσύνης
2572 5633 2661 5686 τὸν
2705 5634 2858 5704 ἣλιον
2910 5635 3206 5705 βλέποντας
3246 5635 3344 5704 τὴν
3375 5635 3503 5686 νέαν

1924 5701 2062 5772 Σῖὧν
2091 5720 2178 5774 διὰ
2195 5722 2376 5776 πώλου
2395 5701 2896 5791 φωτίζονταίιιέιήιι
2910 5701 3076 5778 tertia
3097 5725 3366 5792 sequenti,
3381 5740 3503 5792 quae

1925 5812 2032 5865 τῶν
2058 5813 2444 5884 κατηχήσεων,
2468 5816 2880 5870 catechumenis
2906 5815 3240 5870 instruendis
3260 5814 3498 5880 dicatur,

1926 5905 2130 5960 minuta
2184 5906 2344 5960 thura
2408 5907 2754 5962 coucurrenti
2804 5909 3008 5977 populo
3064 5907 3155 5961 dat
3213 5906 3265 5960 in
3303 5921 3503 5972 manus
