3852 6602
325 401 425 460 37

1392 398 1466 456 1N
1514 396 1809 458 LIBRUM
1859 397 1952 456 DE
2003 393 2340 456 OFFICIIS
2393 392 2503 454 ΟΡ.

3462 393 3560 456 ῖῦὃ

317 515 462 566 circa
513 526 727 564 ain-ora:
771 520 1006 578 tempus.
1038 510 1241 578 ὁμιλῶν
1289 505 1398 562 οἷον
1429 511 1513 562 διὰ
1557 510 1762 562 τούτων
1789 511 1880 563 αὖ-

1995 507 2265 572 lncensis,
2293 505 2330 560 l.
2369 520 2440 560 vn
2490 503 2637 560 Juris
2677 503 2800 558 GR:
2867 503 3236 559 Celsissiinam.
3287 521 3558 561 sacrorum

315 606 448 665 τοῖς,
499 604 592 654 καὶ
639 600 1028 670 ὑποτιθέμενος
1068 601 1146 670 μὴ
1179 603 1563 670 πανηγυρικῶς
1595 603 1709 655 ἀλλ’
1739 604 1884 670 ἀγω-

317 694 573 755 νιστικῶς
604 693 705 744 τῶν
745 690 939 759 ἑφεξῆς
968 691 1136 756 τριῶν
1167 691 1388 762 ἡμερῶν
1419 692 1477 744 τὸ
1511 692 1726 744 στάδιον
1756 694 1887 746 ἁνα-

317 785 596 850 δέξασοαι.
616 784 1062 852 Γρηγορήσωμεν
1089 785 1268 838 τοίνυν
1294 783 1385 836 καὶ
1408 782 1622 853 ἐφεξῆς,
1661 785 1750 836 καὶ
1773 788 1888 848 τοῖς

317 875 690 943 ἀγρυπνοῦσιν
704 875 862 945 331
883 875 1158 948 Ἰουδαίοις
1181 876 1756 945 συναγρυπνήσαιμεν,
1773 885 1883 932 etc.

315 965 470 1020 Feria
487 976 678 1036 quarta
701 967 899 1021 iterum
920 968 1142 1023 incensa
1164 981 1454 1037 cereosque
1476 967 1706 1036 spargit,
1744 966 1829 1018 ἴνα
1860 970 1886 1019 ὁ

314 1053 443 1117 λαὸς
473 1056 566 1116 τὰς
614 1058 804 1125 χεῖρας
839 1057 1004 1108 πάλιν
1051 1057 1140 1108 ἐπὶ
1173 1056 1234 1109 τὸ
1270 1059 1369 1126 τῆς
1411 1057 1665 1126 νηστείας
1693 1057 1884 1126 οὐριο-

316 1146 569 1216 δρομήσῃ
601 1146 856 1215 πέλαγος,
882 1149 978 1202 καὶ
1006 1147 1106 1218 τὴν
1137 1148 1306 1202 νύκτα
1334 1148 1442 1202 τῶν
1475 1148 1647 1217 ἁγίων
1693 1147 1884 1202 παθῶν

312 1234 410 1311 τοᾷ
459 1235 700 1305 Χριστοῦ
757 1238 1007 1308 ὶαμπάσι
1057 1241 1502 1312 καταπυρσεύσῃ.
1557 1241 1759 1296 Sancto
1795 1241 1884 1297 die

315 1329 534 1382 Pascha:
565 1330 863 1400 persolutis
888 1329 1167 1386 matutinis
1195 1333 1449 1402 precibus
1481 1333 1738 1402 pupulum
1763 1347 1881 1388 om-

315 1433 436 1471 nem
467 1419 532 1473 ad
574 1429 825 1475 sanctum
859 1420 1106 1476 osculum
1157 1436 1320 1490 supra
1369 1422 1702 1492 descriptum
1736 1425 1883 1479 esci-

316 1509 414 1570 pit,
446 1523 509 1560 ac
536 1507 699 1561 simul
732 1509 941 1563 minuta
984 1525 1116 1577 a-ra,
1146 1513 1451 1582 τρικέφαλοι
1476 1511 1545 1566 ob
1579 1514 1741 1568 trium
1777 1518 1882 1569 im-

313 1609 620 1665 peratorum
653 1598 814 1655 simul
837 1603 1180 1672 regnantium
1209 1604 1433 1670 cﬂigiem
1469 1604 1534 1659 iis
1559 1605 1880 1675 impressam

311 1701 523 1752 vocata,
558 1692 784 1747 dividit:
818 1694 975 1749 Κατὰ
1002 1695 1216 1765 πατέρα
1240 1695 1592 1767 φιλόποργον
1611 1697 1703 1751 νῦν
1733 1698 1882 1768 πρῶ-

311 1800 422 1846 τως
482 1784 662 1836 ἰδόντα
727 1786 925 1849 παῖδας
980 1781 1291 1856 optimum,
1339 1789 1446 1841 ἀπὸ
1507 1791 1726 1859 μακρᾶς
1786 1791 1882 1844 καὶ

1995 602 2372 670 imperatorum
2389 599 2903 665 circumspectionem
2925 607 2972 651 et
2987 599 3413 667 patriarcharum
3439 619 3528 654 am
3545 633 3560 642 -

1992 693 2306 761 plitudinem
2342 693 2482 748 inter
2555 691 2664 746 alia
2711 692 2993 746 reddebant
3028 692 3152 745 olim
3199 695 3559 764 augustiorem

1992 787 2157 840 etiam
2187 801 2379 839 annute
2413 799 2555 854 rogtz
2604 800 2666 836 ac
2697 783 2943 851 bajorum
2999 783 3330 853 largitiones.
3363 785 3561 853 Quippe

1992 881 2234 937 sedebant
2273 881 2428 934 anuis
2448 878 2668 948 singulis
2693 879 2941 948 cujusque
2972 878 3216 946 temporis
3245 880 3561 948 patriarcha:

1994 990 2056 1027 ac
2077 975 2443 1043 imperatores,
2468 982 2514 1026 et
2545 989 2636 1041 per
2662 973 2772 1027 haec
2792 973 3024 1026 subditos
3055 971 3122 1024 ad
3152 971 3562 1026 benevolentiam

1991 1067 2304 1120 invitabant.
2341 1063 2498 1120 Norit
2529 1065 2622 1118 hoc
2645 1076 2851 1135 patrum
2887 1066 3297 1133 conscriptorum
3337 1065 3558 1132 amplis—

1996 1160 2165 1213 simus
2229 1158 2379 1222 ordo,
2429 1175 2490 1210 ac
2522 1158 2766 1226 fortassis
2833 1157 2990 1211 etiam
3052 1155 3294 1209 nonnulli
3325 1157 3415 1224 qui
3465 1157 3563 1208 hac

1991 1259 2145 1304 (etate
2172 1259 2353 1304 nostra
2376 1251 2577 1305 vivunt.
2610 1248 2731 1303 Non
2764 1249 2901 1304 enim
2922 1257 3040 1302 ante
3068 1256 3299 1316 tempora
3323 1246 3561 1300 Euclidis

1991 1340 2203 1408 prodita
2231 1351 2354 1394 sunt
2385 1340 2578 1410 gerris,
2605 1356 2700 1394 nec
2729 1339 3106 1394 somniantium
3136 1338 3428 1391 vetularum
3479 1338 3562 1406 fa-

1991 1430 2139 1484 bella
2155 1440 2300 1497 sunt,
2328 1431 2417 1484 sed
2440 1447 2602 1500 usque
2643 1431 2712 1483 ad
2743 1430 3019 1501 imperium
3060 1419 3260 1482 domini
3295 1429 3561 1485 Constan-

1991 1519 2272 1575 tiniDucte
2297 1522 2506 1575 duravit
2557 1531 2812 1591 angustus
2859 1520 2949 1574 ille
2986 1537 3096 1575 mos
3136 1527 3244 1573 tam
3291 1523 3344 1576 in
3394 1523 3560 1591 ipsius

1990 1613 2090 1668 Dei
2120 1631 2280 1684 quam
2313 1615 2690 1683 imperatorum
2715 1614 2891 1684 regia;
2921 1622 2969 1668 et
2999 1614 3211 1668 omnino
3251 1613 3442 1667 bonum
3465 1616 3561 1668 hoc

1990 1707 2058 1760 ad
2088 1724 2180 1761 nos
2201 1723 2404 1778 quoque
2433 1716 2783 1776 propagatum
2812 1706 2975 1777 332
3016 1707 3145 1773 fuit,
3184 1725 3215 1761 a
3267 1706 3560 1776 majoribus

1989 1799 2059 1852 ad
2072 1803 2301 1870 nepotes,
2342 1816 2374 1853 a
2401 1799 2732 1869 generatione
2757 1800 2827 1852 ad
2861 1801 3240 1868 generationem
3273 1801 3559 1855 transiens.

313 1877 671 1938 κινδυνώδους
705 1876 1015 1948 ἀποδημίας
1057 1879 1310 1943 ἁῦλαϐὦς
1353 1876 1790 1961 ὲνδημήσαντας,
1829 1887 1880 1937 ἐν

1990 1894 2112 1959 Sin,
2145 1893 2282 1962 quod
2323 1893 2564 1963 equidem
2599 1908 2700 1946 non
2735 1891 2986 1955 arbitror,
3020 1895 3114 1946 hoc
3144 1891 3301 1945 etiam
3342 1892 3562 1945 oblivio-

313 1967 580 2037 φιλήματι
608 1967 748 2039 ἁγίῳ
799 1971 1118 2040 περιχαρῶς
1155 1969 1588 2041 κατασπάζεται,
1618 1975 1712 2027 καὶ
1744 1973 1885 2027 ἀνοί-

313 2059 406 2124 ξας
444 2058 573 2120 τοὺς
627 2057 940 2128 Θησαυροὺς
975 2059 1074 2130 τῆς
1105 2061 1358 2130 εὐλογίας
1403 2062 1566 2116 αὐτοῦ
1617 2067 1886 2130 δεξιοῦται

317 2151 516 2213 αὐτοὺς
543 2149 878 2219 νομίσμασιν
913 2151 1118 2219 ὀλίγοις
1147 2154 1244 2224 μὲν
1274 2156 1416 2208 κατὰ
1447 2156 1508 2208 τὸ
1536 2155 1884 2226 φαινόμενον,

317 2239 534 2305 πολλοῖς
580 2239 637 2294 δὲ
669 2231 818 2296 ⁸κατὰ
847 2243 906 2296 τὸ
952 2245 1263 2314 νοούμενον.
1295 2242 1419 2300 Haec
1461 2263 1524 2301 ex
1563 2247 1886 2302 Balsamaue

315 2333 572 2388 Medituto
631 2333 698 2389 de
748 2335 986 2390 incensis
1018 2351 1140 2406 quae
1190 2353 1218 2390 a
1254 2337 1563 2405 patriarcha
1623 2340 1739 2392 dari
1797 2355 1885 2394 so-

317 2434 446 2488 teut,
495 2440 596 2482 etc.
649 2426 798 2482 Juris
841 2423 956 2482 GR.
991 2429 1026 2482 l.
1067 2430 1160 2486 vit.
1197 2429 1428 2495 Quibus,
1477 2431 1520 2485 si
1572 2431 1882 2501 conjectura

315 2520 545 2589 placeat,
593 2520 785 2574 lubens
817 2519 1118 2574 addiderim
1167 2522 1378 2576 aulicos
1410 2537 1661 2590 proceres
1709 2523 1774 2575 ad
1809 2540 1886 2576 re-

320 2613 460 2682 giam
496 2612 840 2681 παράστασιν
869 2610 1153 2680 ofﬁciaque
1198 2613 1567 2667 ecclesiastica
1597 2614 1662 2670 iis
1693 2615 1884 2670 diebus

313 2714 367 2756 et
394 2703 583 2757 iisdem
612 2703 764 2756 horis
790 2703 854 2763 ad
892 2702 1148 2771 palatium
1178 2707 1590 2768 convenientes.
1627 2722 1725 2762 nec
1753 2707 1882 2762 dato

323 2797 479 2851 thure
521 2796 602 2848 vel
629 2795 820 2849 osculo
850 2809 877 2847 a
910 2795 1214 2862 patriarcha
1250 2806 1531 2866 exceptos,
1566 2814 1631 2854 eo
1656 2799 1766 2870 jam
1797 2815 1883 2854 ac-

315 2903 480 2942 censo
508 2887 836 2956 vespertinis
863 2889 916 2940 in
943 2887 1199 2955 precibus
1218 2888 1495 2956 honorari,
1524 2905 1591 2944 ne
1618 2891 1699 2944 vel
1727 2893 1883 2961 pretii

317 2980 398 3033 vel
429 2978 823 3034 benedictionis
851 2988 1067 3050 sperata
1105 2989 1257 3049 parte
1284 2982 1563 3037 videantur
1592 2984 1878 3042 excidisse.

313 3072 512 3145 Ceam]

385 3165 524 3218 Ibid.
559 3166 910 3224 Recentiores
932 3165 1102 3222 Graeci
1134 3169 1451 3226 adulatoria:
1486 3171 1617 3227 artis
1644 3186 1751 3226 non
1774 3172 1881 3226 im-

312 3258 470 3325 periti
507 3273 608 3311 suo
637 3258 948 3326 imperatori
981 3257 1150 3315 ferme
1187 3264 1369 3317 omnia
1401 3263 1562 3319 etiam
1595 3265 1881 3335 episcopa—

312 3352 382 3404 lia
408 3357 461 3403 et
487 3350 845 3404 sacerdotalia
898 3353 1080 3406 munia
1119 3353 1448 3422 tribuerunt,
1502 3359 1639 3412 inter
1691 3370 1882 3414 caetera

309 3441 612 3510 ingressum
643 3441 894 3508 adaltare
915 3451 968 3497 et
985 3443 1075 3512 jus
1098 3460 1308 3498 sacram
1331 3462 1569 3502 mensam
1603 3449 1759 3502 thure
1789 3466 1885 3504 va-

313 3531 560 3601 porandi,
591 3533 808 3587 conditu
838 3535 998 3589 etiam
1025 3550 1234 3592 canone
1264 3531 1578 3594 aTrullano
1605 3540 1880 3611 synedrio,

311 3635 363 3680 rt
389 3634 470 3679 est
501 3639 674 3680 canon
702 3624 799 3678 69:
859 3624 1016 3680 Nulli
1043 3630 1274 3681 omnium
1328 3630 1507 3694 liceat,
1546 3632 1632 3700 qui
1677 3631 1880 3702 quidem

309 3720 378 3772 sit
409 3719 462 3772 in
493 3718 750 3772 (uicorum
779 3734 1015 3783 numero,
1044 3720 1188 3773 intra
1215 3738 1425 3775 sacrum
1456 3723 1627 3778 altare
1657 3726 1879 3794 ingredi,

309 3810 373 3862 ab
409 3825 467 3863 eo
502 3819 676 3862 tamen
708 3825 1033 3878 nequaquam
1055 3809 1317 3879 prohibita
1332 3822 1591 3881 potestate
1619 3826 1668 3868 et
1692 3826 1882 3869 aucto-

311 3903 471 3956 ritate
495 3900 854 3970 imperatoris,
883 3904 1095 3971 quando
1127 3900 1337 3972 quidem
1393 3904 1612 3959 voluerit
1639 3906 1884 3960 Creatori

307 3993 448 4049 dona
478 3992 665 4061 σθω-τι
689 4008 754 4046 ex
787 3993 1163 4063 antiquissima
1200 3995 1504 4050 traditione.
1537 3997 1642 4052 Ubi
1701 3997 1885 4053 Balsa-

310 4072 471 4139 mon:
508 4084 585 4138 De
620 4085 1026 4153 imperatoribus
1057 4087 1305 4142 dixerunt
1332 4088 1551 4158 quidam
1579 4091 1742 4144 verbis
1788 4107 1880 4145 ca-

309 4177 460 4230 nonis
490 4177 804 4242 insistentes,
845 4178 984 4248 quod
1005 4187 1128 4232 tunc
1169 4194 1270 4232 non
1301 4179 1713 4248 prohibebuntur
1740 4185 1882 4236 intra

308 4269 487 4337 templi
518 4268 676 4337 adyta
709 4269 910 4338 ingredi
938 4270 1148 4338 quando
1180 4279 1303 4323 sunt
1342 4269 1447 4324 Deo
1488 4288 1703 4327 munera
1734 4274 1883 4329 obla-

308 4361 437 4425 turi,
462 4373 565 4410 non
595 4368 773 4410 autem
801 4359 848 4410 si
897 4359 1065 4412 solius
1127 4360 1456 4414 adorationis
1491 4363 1666 4431 gratia
1708 4365 1880 4433 ipsum

305 4451 511 4519 ingredi
550 4449 832 4503 voluerint.
855 4447 960 4502 Sed
983 4449 1110 4503 mihi
1132 4467 1236 4503 non
1258 4457 1337 4504 ita
1359 4454 1582 4507 videtur.
1617 4453 1880 4511 Orthodo-

1988 1986 2067 2036 nis
2091 2000 2276 2054 gurges
2307 1981 2602 2046 absorbuit,
2631 1993 2676 2036 et
2711 1982 2942 2051 gratiosa
2971 1981 3152 2035 ist/uec
3188 1998 3326 2050 aqua
3357 1977 3558 2035 Casta.

1986 2075 2074 2129 lite
2102 2074 2484 2144 providentiam
2511 2073 2794 2142 superioris
2833 2072 3097 2126 memoria:
3124 2071 3416 2140 principum
3454 2088 3560 2124 non

1983 2168 2262 2233 prwdicat,
2323 2166 2513 2220 saltem
2547 2165 2863 2218 membranis
2900 2163 3152 2217 librorum
3183 2164 3557 2217 historicorum

1984 2268 2032 2312 et
2065 2259 2464 2312 ordinationum
2496 2257 2793 2310 aulicorum
2825 2265 3160 2309 monumenta
3192 2252 3452 2310 Stentoris
3505 2257 3560 2307 in

1987 2363 2179 2400 morem
2206 2349 2315 2401 lucc
2349 2347 2775 2414 proclamabunt.
2838 2345 2918 2400 Tu
2945 2362 3169 2416 quoque,
3204 2348 3293 2415 qui
3324 2347 3558 2415 cujusvis

1983 2437 2182 2489 eruditi
2215 2436 2401 2504 scripti
2433 2437 2774 2490 acutissimus
2807 2452 2860 2490 es
2887 2437 3161 2506 interpres,
3195 2437 3428 2490 etiamin
3458 2437 3558 2490 hac

1985 2545 2088 2582 non
2123 2527 2247 2581 levis
2283 2528 2535 2580 momenti
2563 2529 2851 2597 quaestione
2881 2528 3235 2595 compluribus
3274 2529 3376 2581 eris
3402 2542 3558 2593 supe-

1985 2621 2117 2683 rior,
2137 2621 2295 2689 acgtne
2308 2637 2479 2674 senem
2497 2621 2716 2674 dicendo
2737 2621 2968 2690 juvabis.
2987 2620 3302 2685 Quinetiam
3325 2622 3560 2688 impera-

1989 2715 2117 2766 toris
2148 2713 2348 2765 domini
2370 2711 2700 2768 Constantini
2735 2712 3066 2768 Monomachi
3091 2713 3260 2766 edicta
3295 2715 3558 2765 sacratis-

1985 2810 2139 2870 sima,
2181 2807 2368 2875 quibus
2386 2807 2626 2860 ordinata
2650 2816 2767 2860 sunt
2793 2807 2959 2875 oﬁicia
2977 2804 3557 2874 prtefectijudiciorum

1985 2907 2033 2952 et
2054 2898 2463 2968 nontaphylacis,
2488 2908 2665 2968 etquo?
2682 2907 2916 2952 statuunt
2939 2914 3024 2952 eos
3046 2898 3222 2952 debere
3235 2899 3472 2967 singulos
3504 2900 3557 2950 in

1986 3010 2171 3058 annos,
2202 3002 2393 3063 prteter
2427 2993 2558 3057 alia,
2595 3002 2838 3061 consequi
2871 3000 3072 3048 ratione
3105 3009 3243 3062 roga:
3273 2993 3558 3062 quemlibet

1985 3089 2102 3140 auri
2121 3088 2274 3140 talem
2317 3104 2378 3140 ac
2403 3088 2554 3140 talem
2569 3089 2917 3156 quantitatem
2930 3103 3033 3140 una
3049 3103 3164 3140 cum
3183 3087 3442 3140 consuetis
3465 3085 3561 3137 bu-

1909 3224 1954 3284 C
1977 3178 2075 3247 jis,
2097 3174 2273 3232 nonin
2291 3179 2416 3232 cmlo
2431 3182 2556 3234 sunt
2578 3195 2668 3233 nec
2688 3189 2836 3232 trans
2861 3195 3020 3241 mare,
3041 3179 3120 3231 uti
3146 3181 3314 3232 dicere
3333 3178 3450 3247 quis
3473 3180 3562 3229 de-

1987 3275 2123 3338 beat,
2143 3274 2383 3342 quisnam
2403 3273 2513 3327 htec
2527 3273 2702 3342 afferet
2719 3272 2872 3325 mihi?
2893 3271 2995 3326 Sed
3013 3283 3131 3325 sunt
3155 3271 3206 3324 in
3225 3287 3378 3325 manu
3398 3279 3493 3322 tua
3511 3283 3558 3321 ct

1985 3368 2036 3419 in
2052 3365 2204 3418 corde
2227 3374 2315 3417 tuo
2338 3375 2384 3417 et
2403 3366 2552 3418 inore
2572 3375 2679 3417 tuo.
2704 3365 2868 3434 Atque
2889 3364 3097 3417 omnino
3117 3365 3193 3416 rei
3208 3365 3472 3418 veritatem
3491 3378 3559 3415 ea:

1984 3456 2063 3510 his
2100 3454 2286 3508 mentis
2320 3456 2558 3508 acumine
2589 3455 2820 3524 colliges.
2854 3454 2988 3509 Cum
3009 3463 3184 3508 autem
3213 3456 3558 3523 imperatores

1983 3554 2032 3600 et
2056 3545 2374 3616 patriarcha
2407 3547 2882 3617 magniﬁcentiam,
2916 3563 3007 3601 ceu
3035 3547 3237 3601 dictum
3275 3557 3372 3602 est.
3397 3564 3556 3601 suain

1983 3639 2341 3693 dentonstreut
2368 3655 2460 3708 per
2487 3639 2612 3708 baja
2640 3649 2690 3694 et
2718 3657 2894 3710 rogas,
2917 3656 3042 3694 sane
3078 3656 3181 3709 par
3204 3649 3316 3693 erat
3348 3648 3406 3692 ut
3457 3657 3559 3709 pa-

1984 3733 2251 3800 triarchce,
2274 3735 2365 3803 qui
2391 3734 2619 3801 priscant
2664 3733 2916 3810 hactenus
2957 3732 3383 3788 consuetudinem
3431 3749 3559 3785 con-

1983 3835 2192 3879 servant
2223 3833 2274 3878 et
2305 3840 2494 3878 aureos
2515 3824 2720 3878 clericis
2737 3841 2978 3879 nummos
2999 3826 3374 3890 admetiuntur,
3393 3828 3558 3879 etiam

1981 3917 2112 3983 ipsis
2157 3915 2279 3983 baja
2329 3916 2539 3983 darent,
2591 3917 3033 3987 quemadmodum
3096 3917 3390 3973 indicatum
3449 3930 3555 3972 est.

1981 4006 2188 4063 Gens.

2057 4100 2191 4156 ibid.
2229 4099 2593 4174 [Sugillantur
2648 4103 2732 4159 hic
2769 4119 2799 4158 a
2848 4103 3172 4171 quibusdam
3207 4105 3554 4162 recentiores

1981 4189 2153 4247 Graeci
2187 4204 2440 4262 tanquam
2479 4195 2800 4250 adulatoria:
2830 4196 2964 4251 artis
2995 4212 3102 4252 non
3135 4197 3396 4267 imperiti,
3459 4202 3555 4268 qui

1981 4281 2290 4350 imperatori
2317 4282 2488 4339 ferme
2518 4284 2702 4339 omnia
2717 4285 2892 4342 etiam
2919 4287 3248 4356 episcopalis
3278 4297 3333 4343 et
3361 4303 3558 4346 sacer-

1980 4371 2178 4427 dotalia
2220 4375 2405 4430 munia
2437 4375 2772 4440 tribuerunt,
2809 4377 2949 4432 inter
2995 4387 3189 4435 caetera
3238 4381 3554 4452 ingressum

1980 4463 2046 4518 ad
2088 4464 2262 4519 altare
2288 4476 2342 4520 et
2368 4467 2457 4538 jus
2493 4483 2706 4525 sacram
2757 4485 3000 4526 mensam
3037 4473 3196 4529 thure
3223 4479 3558 4542 vaporandi.

305 4543 360 4595 αεὶ
389 4541 527 4594 enim
560 4541 929 4634 imperatores,
979 4542 1070 4634 qui
1112 4557 1205 4609 per
1233 4541 1291 4597 S.
1353 4541 1633 4599 Trinitatis
1669 4548 1879 4602 invoca-
1914 4565 1955 4618 ι)
1984 4553 2242 4611 adderent
2267 4558 2431 4611 etiam
2472 4569 2524 4614 et
2569 4562 2857 4617 conciones
2885 4564 2952 4618 ad
2997 4565 3254 4634 populum
3289 4541 3556 4628 habendi.

309 4635 500 4687 tionem
520 4633 858 4700 patriarchas
885 4633 1176 4698 provehunt
1209 4642 1259 4687 et
1291 4644 1412 4688 sunt
1449 4636 1649 4692 Christi
1699 4639 1881 4694 Domi-

305 4724 385 4788 ‘ni,
422 4724 532 4777 sine
577 4721 686 4775 ullo
715 4721 1106 4788 impedimento,
1139 4724 1348 4790 quando
1393 4727 1672 4794 voluerint,
1699 4729 1770 4782 ad
1794 4746 1882 4784 sa-

308 4829 454 4866 crum
491 4813 664 4865 altare
696 4811 946 4864 accedunt
981 4821 1029 4864 et
1054 4812 1276 4878 su/ﬁunt
1316 4821 1365 4865 et
1404 4828 1517 4866 cum
1543 4829 1662 4868 cera
1692 4818 1881 4870 chara-

307 4916 494 4957 cterem
516 4904 844 4970 imprimunt,
894 4903 1024 4956 sicut
1061 4913 1110 4955 et
1158 4904 1438 4957 antistites.
1473 4903 1575 4959 Sed
1603 4908 1761 4961 etiam
1788 4925 1878 4977 po-

308 4997 489 5064 pulum
515 4996 582 5048 ad
599 4997 721 5047 "eum
747 4994 1127 5047 instituendum
1152 4995 1375 5060 docent;
1405 4996 1543 5065 quod
1567 4999 1692 5053 solis
1731 5000 1876 5053 illius

309 5087 529 5152 regionis
568 5084 894 5137 antistitibus
961 5100 1260 5137 concessum
1315 5095 1411 5139 est.
1453 5083 1688 5157 ‘Palpum
1745 5106 1876 5162 ergo

307 5176 521 5242 egregie
551 5173 793 5227 obtrudit
844 5173 1126 5226 Balsamou
1164 5175 1510 5244 imperatori;
1546 5189 1599 5234 et
1642 5182 1874 5236 habebat

309 5268 433 5320 iacti
468 5266 548 5319 sui
574 5279 793 5330 causas,
827 5266 953 5334 quia
989 5265 1260 5320 ambiebat
1289 5269 1708 5336 patriarchatum
1733 5273 1874 5342 Cpo—

307 5361 554 5416 litanum,
587 5356 745 5425 cujus
775 5358 1054 5411 obtinendi
1116 5373 1224 5412 non
1258 5364 1546 5428 apparebat
1575 5366 1764 5420 melior
1789 5383 1873 5420 ra-

307 5456 380 5506 tio
411 5465 570 5518 quam
606 5458 663 5502 ut
693 5465 786 5517 per
817 5448 1216 5505 asscntationes
1247 5465 1364 5506 sese
1402 5455 1452 5506 in
1501 5471 1710 5510 summa
1752 5473 1872 5527 gra-

308 5546 378 5595 tia
413 5540 556 5610 apud
589 5543 977 5610 imperatorem
1008 5552 1254 5610 poneret.
1292 5543 1398 5598 Sed
1430 5546 1635 5613 vulpes,
1679 5559 1872 5604 tamet-

305 5638 346 5687 si
381 5633 554 5696 vafra,
592 5633 660 5686 ab
694 5633 814 5687 aliis
854 5648 1004 5701 mque
1041 5633 1205 5688 vafris
1237 5635 1490 5703 vulpibus
1543 5639 1728 5693 delusa
1761 5655 1867 5698 est.

305 5725 471 5791 Cujus
503 5725 571 5776 ob
594 5721 798 5777 desitas
831 5737 1037 5776 annuas
1071 5737 1228 5792 rogas
1257 5731 1312 5777 et
1336 5727 1679 5794 pecuniarias
1704 5730 1868 5800 largi-

303 5818 474 5869 tiones
507 5814 654 5880 audi,
705 5829 912 5884 (μείρεο,
953 5816 1390 5871 lamentationem
1445 5835 1507 5873 ex
1545 5821 1768 5890 epistola
1801 5829 1864 5880 de

1985 4645 2131 4699 Itane
2153 4662 2282 4700 vero
2312 4642 2623 4708 Theodosio
2647 4653 2876 4723 principi
2908 4655 2998 4709 alii
3039 4671 3102 4712 es
3136 4657 3435 4717 Occidente
3469 4665 3558 4718 vel

1983 4735 2204 4793 Oriente
2234 4741 2516 4808 pontifices
2537 4743 2919 4808 adulabantur,
2943 4748 3036 4816 qui
3067 4760 3192 4806 ante
3215 4755 3559 4811 severiorem

1980 4828 2252 4884 Ambrosii
2305 4835 2701 4902 correptionem
2761 4837 2863 4906 ipsi
2903 4844 3441 4912 praecessoribusque
3493 4851 3562 4901 κει

1982 4931 2229 4976 sanctum
2289 4925 2528 4978 tribunal
2584 4926 2887 4996 ingressum
2945 4933 3352 4998 permiseram?
3410 4939 3565 4992 itane

1980 5010 2258 5066 Valentem
2303 5015 2582 5082 religionis
2617 5017 2831 5072 hostem
2864 5021 3101 5090 palpavit
3164 5025 3420 5095 Basilius,
3465 5034 3561 5086 ιιΙιί

1978 5099 2169 5157 lubens
2193 5119 2315 5158 eum
2340 5103 2489 5167 ἐντὸς
2521 5105 2613 5159 τοῦ
2642 5108 3010 5178 πετάσματος,
3042 5115 3118 5169 ait
3143 5114 3561 5189 Nazianzenus,

1974 5195 2223 5264 excepit?
2261 5197 2542 5263 Nugantur
2580 5209 2726 5255 certe
2781 5203 2874 5268 qui
2901 5206 3296 5263 recentioribus
3343 5211 3563 5268 Grmcis

1975 5287 2272 5356 appingunt
2301 5288 2447 5356 quod
2472 5291 2760 5346 concilium
2799 5292 3116 5352 Trullanum
3145 5301 3278 5354 (Jan.
3309 5303 3377 5357 69
3413 5311 3566 5362 κατά

1918 5440 1920 5442 τ
1973 5395 2091 5431 τινα
2106 5381 2468 5451 ἀρχαιοτάτην
2487 5384 2779 5454 παράδοσιν
2803 5395 3029 5443 testatur
3049 5391 3329 5455 usitatum,
3356 5407 3414 5448 ut
3439 5414 3564 5452 cum

1972 5469 2191 5522 voluerit
2206 5470 2446 5525 Creatori
2467 5489 2661 5528 munus
2681 5477 2866 5544 σθένω
2887 5480 3028 5534 intra
3051 5498 3256 5537 sacrum
3275 5486 3458 5542 altare
3482 5493 3567 5557 ξεν

1973 5559 2263 5623 gradiatur.
2319 5560 2587 5615 Chosroes
2633 5565 2923 5621 Persarum
2969 5585 3059 5625 rex
3110 5572 3340 5628 infidelis
3383 5577 3514 5634 licet
3547 5617 3584 5644 ,»

1974 5655 2150 5701 tamen
2193 5649 2366 5718 εει-εἰί
2407 5653 2661 5720 martyris
2722 5656 2982 5712 beneficio
3021 5674 3078 5713 se
3115 5663 3422 5731 suscepisse
3465 5682 3564 5720 ar-

1975 5739 2437 5794 hitratuscruccm
2468 5755 2686 5798 auream
2719 5747 2770 5800 in
2794 5749 2977 5818 templi
3008 5751 3126 5821 ejus
3143 5754 3298 5808 altari
3330 5756 3562 5814 dedica-

1972 5833 2065 5886 vit.
2098 5832 2196 5896 Qui
2226 5833 2340 5901 ejus
2384 5835 2540 5904 jussu
2570 5836 2871 5908 deferebat,
2931 5843 3001 5898 ait
3037 5843 3354 5916 Simocatta,
3414 5850 3455 5905 Ι.
3501 5867 3559 5921 v,
