3852 6594
286 500 389 567 369

1390 501 1772 569 euersam
1807 502 1903 563 ET
1945 500 2181 563 ceam
2221 470 2458 563 uorsa.

3414 469 3519 561 eo

286 618 523 675 stabilem
551 627 606 674 et
638 618 812 676 fixum
832 590 1024 678 locum
1057 620 1224 678 habet
1282 622 1422 678 inter
1443 622 1563 679 dies
1618 621 1843 686 mensis,

1962 628 2046 691 in;
2081 618 2369 688 Κυριακῆς
2409 617 2504 672 τοῦ
2564 616 2752 685 Πάσχα
2798 614 2891 669 καὶ
2937 615 3033 684 τῆς
3093 582 3388 683 “aspriora;
3420 612 3520 680 τῆς

283 714 354 775 ὡς
370 710 429 766 τὸ
450 711 683 780 τέμενος
704 713 733 766 ὁ
779 713 1109 777 ἀποσταλεὶς
1145 716 1477 783 ἀφικνεῖται,
1506 716 1574 767 τά
1606 729 1663 766 τε
1698 713 1850 788 ῥῶρα

281 800 349 853 τὰ
387 796 486 854 τοῦ
530 799 801 869 βασιλέως
872 803 991 872 ἅμα
1040 805 1154 867 τοῖς
1197 805 1489 875 γράμμασι
1530 806 1587 856 ὲν
1611 806 1679 875 τῇ
1731 806 1852 876 ίιρᾷ

284 892 565 961 περιέθετο
593 894 864 965 τραπέζῃ.
901 893 1040 951 Num
1089 898 1274 966 potius
1310 896 1575 953 mendacii
1625 897 1851 954 convin-

283 986 487 1039 cendus
514 995 638 1041 erat
664 986 953 1042 Balsamon
982 988 1037 1042 in
1079 992 1334 1046 eumdem
1389 1007 1656 1049 cauonem
1686 994 1850 1049 nobis

282 1090 592 1144 opponens:
620 1079 758 1150 napi
802 1080 859 1134 δέ
884 1097 947 1151 γε
970 1081 1081 1135 τῶν
1110 1083 1359 1139 Λατίνων
1390 1084 1649 1155 μανθάνω
1674 1086 1760 1140 ὅτι
1785 1088 1847 1140 οὐ

286 1168 449 1232 μόνον
504 1168 686 1224 λαῖκοὶ
750 1171 944 1243 ἄνδρες
1000 1172 1135 1228 ἀλλὰ
1186 1176 1283 1228 καὶ
1333 1178 1591 1245 γυναῖκες
1653 1180 1735 1243 εις
1790 1178 1852 1233 τδ

279 1257 436 1325 ἅγιον
484 1259 637 1330 βῆμα
671 1262 1032 1333 εἰσέρχονται,
1070 1266 1166 1319 καὶ
1214 1265 1485 1337 κάθηνται
1539 1270 1851 1341 ἱσταμένων

283 1350 547 1413 πολλάκις
588 1351 810 1408 καὶτῶν
837 1353 1285 1424 ἱερουργούντων.
1316 1355 1470 1414 Thus
1501 1360 1721 1430 quidem
1754 1362 1851 1415 lai-

279 1440 323 1492 ci
356 1439 538 1496 Latini
564 1456 676 1498 non
702 1454 970 1513 vaporant
998 1444 1054 1500 in
1090 1447 1287 1503 altari:
1330 1456 1382 1502 at
1419 1462 1540 1503 eum
1585 1449 1848 1505 lectorum

278 1535 452 1593 choro
476 1535 618 1591 datis
652 1536 815 1592 etiam
841 1537 1108 1595 lectorum
1132 1540 1457 1608 insignibus,
1487 1542 1553 1597 de
1577 1542 1779 1612 quibus
1797 1558 1850 1598 c.

284 1625 368 1690 t7,
400 1625 574 1682 (ἐνκοὶ
619 1643 780 1685 suum
815 1630 1197 1701 imperatorem
1231 1633 1665 1704 aggregaverint,
1702 1636 1854 1690 nullo

283 1716 612 1786 irreligionis
680 1719 913 1777 crimine
1001 1725 1317 1786 accusandi.
1390 1727 1458 1792 si,
1537 1725 1685 1796 quod
1743 1728 1855 1797 egit

282 1806 536 1865 Salomon
586 1811 828 1881 Paralip.
894 1814 950 1878 6,
1005 1825 1064 1871 ut
1114 1826 1455 1872 converteret
1521 1816 1715 1873 faciem
1799 1826 1855 1873 et

283 1896 624 1956 benediceret
659 1901 925 1972 universae
959 1903 1292 1960 multitudini
1337 1904 1525 1972 Israel,
1585 1904 1855 1962 Christia-

1950 708 2397 779 Διακαινησίμου.
2443 708 2509 763 Et
2541 709 2591 762 in
2628 707 2745 777 ipso
2772 707 2953 776 capite
2989 704 3236 776 singulas
3267 703 3386 759 dies
3419 718 3517 757 seu

1951 803 2118 858 ferias
2174 801 2447 871 paschalis
2510 799 2656 855 illius
2726 796 3085 854 hebdomadis
3159 811 3517 853 enumerans.

1952 893 2249 949 secundum
2277 891 2467 947 feriam
2489 898 2645 946 vocat
2672 889 2769 954 τὴν
2804 890 3064 961 δευτέραν
3098 888 3198 959 τῆς
3226 890 3524 954 Amiano;-

1953 985 2135 1053 οἵμου.
2180 981 2391 1037 tertiam
2433 983 2531 1051 τὴν
2561 981 2759 1051 τρίτην
2803 980 2906 1050 τῆς
2939 978 3404 1049 Διακαινησίμου,
3462 986 3520 1031 et

1950 1073 2026 1127 ita
2050 1072 2306 1144 deinceps
2326 1087 2499 1141 usque
2522 1071 2587 1126 ad
2608 1066 2915 1128 Sabbatum
2944 1071 3041 1141 τῆς
3059 1070 3515 1138 Διακαινηοῑμου.

1949 1163 2095 1221 Idem
2146 1180 2213 1219 ex
2258 1165 2376 1220 aliis
2417 1163 2734 1221 Graecorum
2778 1162 2941 1218 libris
2983 1163 3272 1217 ritualibus
3318 1161 3514 1230 liquet.

1952 1256 2144 1313 Pollux
2176 1258 2229 1312 in
2269 1257 2543 1313 Chronico
2587 1271 2686 1311 suo
2722 1273 2739 1329 ε
2785 1256 2985 1326 Τρίτον
3023 1255 3191 1324 νόμον
3253 1253 3516 1321 ἔγραψεν.

1952 1353 2275 1422 ἀπράκτους
2306 1348 2447 1405 εἶναι
2478 1350 2578 1413 τὰς
2608 1348 2701 1423 δύο
2721 1348 2821 1418 τῆς
2852 1347 3163 1419 πασκαλίας
3195 1345 3521 1415 ἑϐδομάδας.

1956 1443 2088 1513 μίαν
2161 1442 2261 1511 μὲν
2310 1444 2440 1512 πρὸ,
2507 1441 2635 1510 μίαν
2698 1439 2757 1494 δὲ
2811 1440 2974 1509 μετά.
3035 1439 3127 1493 illa
3183 1445 3367 1492 autem
3418 1436 3518 1507 μία

1955 1535 2093 1606 μετὰ
2124 1546 2207 1589 est
2238 1533 2533 1588 hebdomas
2554 1532 2655 1603 τῆς
2681 1530 3136 1602 Διακαινησίμου.
3380 1608 3383 1609 ν

2025 1623 2159 1681 Male
2184 1639 2314 1694 ergo
2335 1623 2693 1680 Calvinianus
2718 1624 3046 1681 scholiastcs
3073 1622 3271 1680 Junius
3297 1624 3520 1703 iunctis

1955 1719 2344 1788 interpretatur
2377 1716 2650 1788 ἑϐδομάδα
2686 1715 3110 1787 διακαινησίμου
3147 1717 3523 1771 hebdomadam

1958 1812 2307 1880 rogationum.
2352 1808 2489 1865 Male
2521 1808 2685 1864 etiam
2716 1809 2985 1863 rationem
3015 1808 3255 1863 nominis
3291 1806 3524 1862 reddens

1957 1903 2034 1955 ait
2082 1916 2201 1956 eam
2247 1901 2358 1956 dici
2405 1901 2805 1971 διακενίσιμον,
2855 1898 3210 1956 exinanitioni
3260 1899 3522 1959 dicatam.

284 2006 380 2047 nus
400 1992 664 2063 princeps
687 1993 1000 2051 Christiano
1021 1997 1226 2067 populo
1252 1997 1388 2051 bene
1410 1998 1619 2067 precari
1636 1996 1857 2059 audeat,
1888 1988 1932 2045 Β
1959 1992 2085 2063 quia
2146 2008 2238 2063 per
2285 1993 2420 2047 illud
2461 2002 2664 2063 tempus
2704 1993 3025 2048 exinaniunt
3068 2008 3168 2047 sua
3208 2006 3430 2059 corpora
3479 2000 3527 2044 et

282 2078 394 2135 Non
428 2092 765 2152 arroganter
794 2086 980 2155 itaque
1008 2086 1094 2141 vel
1133 2095 1342 2142 temere
1360 2087 1677 2157 pontiﬁcum
1696 2104 1861 2145 usur-

281 2181 397 2239 pata
421 2182 701 2244 potestate
719 2192 839 2231 cera
877 2177 1233 2232 diaracterem
1267 2180 1525 2247 imprimit
1558 2180 1857 2250 imperator

278 2265 499 2323 Gracus
528 2267 551 2337 (
577 2269 703 2339 quis
735 2270 904 2335 enim,
949 2271 1041 2341 qui
1069 2270 1379 2328 Grmcarum
1418 2272 1724 2329 litterarum
1787 2273 1860 2330 sit

282 2346 575 2414 rlémentis
604 2359 870 2427 imbutus,
899 2360 1177 2433 τρικηρίῳ
1232 2363 1560 2434 σφραγίζειν
1586 2365 1659 2420 ita
1688 2366 1860 2421 inter-

280 2456 524 2510 pretatur
534 2450 585 2521 τ)
604 2450 704 2507 sed
724 2451 954 2522 trifurco
975 2452 1091 2510 sire
1116 2454 1340 2525 tricipiti
1353 2472 1524 2521 urso,
1549 2454 1857 2526 Trinitatis,

277 2554 304 2592 a
336 2555 446 2610 qua
498 2542 903 2602 benedictionis
957 2548 1268 2603 scaturiunt
1304 2548 1432 2613 rivi,
1484 2546 1752 2619 symbolo,
1791 2566 1857 2610 ex

276 2631 592 2691 dilectionis
620 2634 840 2701 aﬂectu.
882 2637 1270 2695 ecclesiasticae
1318 2639 1601 2711 dignitatis
1632 2657 1863 2700 consor-

277 2725 370 2791 tio,
388 2736 448 2781 et
465 2727 514 2783 si
540 2727 697 2796 velis,
713 2730 998 2799 potestatis
1013 2735 1385 2801 concess’one,
1404 2734 1857 2805 benedictionem,

278 2831 440 2885 quam
463 2829 727 2888 parentes
745 2821 892 2889 tltiis,
916 2823 1305 2893 impertiuntur
1329 2827 1549 2897 populo.
1587 2828 1855 2883 Caeterum

278 2910 399 2966 licet
437 2915 698 2983 vulgatus
724 2911 1071 2973 Balsamonis
1106 2926 1290 2974 textus
1318 2934 1423 2974 non
1451 2921 1706 2977 exhibeat
1736 2926 1858 2977 'nn-

277 3002 363 3070 de,
389 3003 548 3072 quod
576 3002 799 3074 insuper
838 3003 1122 3076 objicitur,
1167 3005 1507 3073 desumatur,
1544 3010 1668 3077 quin
1699 3011 1857 3063 etiam

277 3094 627 3160 imperatores
645 3094 897 3165 populum
928 3096 997 3149 ad
1021 3095 1182 3168 333
1209 3105 1326 3151 eum
1354 3098 1738 3154 instituendum
1764 3102 1858 3154 do-

277 3170 407 3250 cent,
440 3187 589 3257 quod
633 3188 758 3242 satis
811 3188 956 3243 illius
987 3191 1215 3259 regionis
1267 3190 1593 3246 antistitibus
1650 3208 1862 3246 conces-

277 3297 385 3334 sam
422 3288 534 3346 est,
577 3281 889 3337 communis
919 3289 1099 3337 tamen
1132 3281 1390 3337 Ecclesiae
1420 3297 1617 3338 sensus
1639 3283 1747 3337 illis
1789 3282 1856 3336 ab

277 3374 378 3430 hoc
399 3372 698 3430 cbaritatis
723 3372 922 3439 cilicio,
951 3376 1097 3444 quod
1138 3374 1299 3429 etiam
1350 3373 1536 3443 pueris
1567 3392 1663 3442 per
1686 3376 1855 3430 refitt-

280 3464 382 3519 sias
396 3462 455 3519 in
476 3463 699 3519 laudem
716 3474 1036 3521 sanctorum
1055 3464 1489 3522 declamantibus
1511 3466 1865 3529 conceditur,’

280 3557 445 3611 uoluit
473 3556 854 3612 interdictum.

342 3647 404 3703 P.
423 3648 528 3703 77.
560 3647 917 3720 [Themistum
951 3649 1266 3721 βεστιαρίου
1294 3664 1429 3705 voce
1459 3666 1854 3719 nonnunquam

283 3739 703 3810 intelligendum
758 3755 999 3811 pra'sens
1034 3741 1188 3797 locus
1220 3742 1474 3807 ostendit,
1511 3758 1611 3796 nec
1654 3758 1760 3798 non
1798 3761 1851 3799 c.

285 3828 311 3879 7
333 3830 502 3896 hujus
537 3829 742 3897 aperis.

344 3920 496 3975 Ibid.
520 3919 709 3992 [Κατὰ
741 3919 985 3990 δωρεάν.
1000 3919 1282 3978 Romanus
1309 3922 1547 3995 Argyrus
1581 3923 1855 3992 octoginta

279 4015 444 4069 libras
492 4014 643 4079 auri,
692 4013 1099 4078 aitCedrenns,
1140 4029 1206 4069 ex
1260 4018 1456 4070 aerario
1495 4016 1855 4086 imperatorio

276 4106 587 4175 quotannis
609 4104 767 4176 pendi
794 4106 982 4176 jussit.
1012 4107 1149 4162 Alia:
1176 4107 1364 4178 viginti
1391 4108 1573 4164 forsan
1599 4108 1856 4180 deinceps

276 4200 503 4254 additae.

344 4290 500 4346 Ibid.
535 4290 775 4360 Λιτρας.
801 4291 933 4347 Auri
961 4293 1155 4348 libram
1198 4292 1433 4350 Budzeus
1461 4295 1527 4349 de
1556 4286 1709 4360 asse,’
1738 4295 1777 4349 l.
1801 4298 1865 4360 v,'

277 4400 384 4438 non
416 4384 616 4438 minus
640 4384 826 4439 aureis
852 4384 1044 4441 solatis
1081 4394 1300 4440 centum
1328 4385 1588 4450 aestimat,
1619 4383 1856 4439 LexicOn

271 4476 577 4545 juridicum
622 4475 972 4545 septuaginta
1031 4476 1281 4544 duobus,
1328 4476 1531 4531 Paulus
1578 4474 1856 4533 Diaconus

275 4567 466 4623 decem
521 4581 537 4621 :
582 4566 677 4619 ubi
733 4581 971 4635 namque
1024 4565 1388 4637 Theophanes
1447 4568 1647 4622 ἑκατὸν
1699 4568 1857 4638 νομι-

1963 2098 2254 2154 macerant,
2310 2091 2517 2144 oraturi
2576 2088 2745 2144 Deum
2795 2105 2893 2159 pro
2936 2088 3304 2142 commoditate
3376 2089 3527 2141 anni.

1961 2178 2209 2236 Primum
2252 2196 2361 2236 non
2393 2181 2746 2239 scribendum
2787 2181 3163 2252 διακενίοιμος
3191 2180 3286 2235 sed
3316 2179 3529 2232 διακαι-

1960 2271 2217 2342 νήσιμος,
2265 2273 2549 2328 nthabent
2575 2273 2912 2343 exemplaria
2951 2271 3270 2335 Alexandri,
3303 2270 3527 2326 rituales

1961 2362 2085 2418 libri
2136 2362 2456 2420 Grmcorum
2496 2373 2552 2420 et
2583 2365 2756 2419 codex
2805 2363 3157 2418 bibliotheca».
3191 2366 3527 2427 Angustam:

1963 2469 2095 2523 ms.,
2124 2471 2235 2527 quo
2266 2455 2619 2518 continentur
2660 2456 2941 2528 evangelia
2962 2452 3152 2511 diebus
3184 2455 3361 2511 sacris
3392 2469 3527 2522 pra:-

1961 2547 2064 2616 legi
2095 2548 2281 2613 solita,
2316 2563 2554 2619 quorttm
2585 2547 2804 2603 initium
2828 2550 2896 2621 τῇ
2924 2548 3082 2620 τρίτῃ
3105 2547 3208 2618 τῆς
3231 2548 3529 2615 Διακαινηο

1962 2640 2144 2711 σίμου.
2219 2640 2489 2712 Quocirca
2553 2638 2855 2697 hebdomas
2923 2641 3026 2710 τῆς
3098 2639 3529 2710 Διακαινησίμου

1961 2728 2164 2783 dicitur
2190 2729 2347 2799 quasi
2381 2729 2676 2799 septimana
2714 2730 3097 2795 renouatiouis,
3130 2728 3227 2782 τοῦ
3261 2729 3530 2782 διακαινι-

1963 2820 2127 2889 σμοῦ,
2164 2834 2288 2875 cum
2324 2819 2544 2876 Christo
2578 2831 2900 2891 resurgente
2938 2824 3127 2875 omnia
3172 2830 3432 2876 renovata
3465 2826 3531 2874 ‘et

1963 2911 2265 2966 instaurata
2300 2912 2526 2968 fuerint.
2583 2911 2836 2968 Secundo
2873 2906 3081 2969 tantum
3116 2913 3275 2968 abest
3328 2922 3385 2967 ut
3414 2913 3531 2967 haec

1962 3002 2264 3057 hebdomas
2294 3005 2364 3058 ab
2420 3004 2794 3059 exinanitionc
2828 3004 3305 3075 jcjnnuntiumque
3351 3005 3529 3059 inedia

1962 3109 2162 3150 nomen
2196 3094 2487 3159 invenerit,
2521 3103 2580 3149 ut
2610 3102 2719 3149 tota
2750 3095 2840 3149 illa
2874 3095 3214 3150 hebdomade
3250 3095 3523 3165 jejunium

1962 3185 2174 3241 solvere
2222 3187 2391 3241 moris
2427 3184 2609 3241 fuerit.
2671 3186 2851 3241 Testis
2881 3186 3170 3243 Balsamon
3199 3187 3252 3240 in
3305 3203 3428 3255 ean.
3460 3186 3530 3241 69

1964 3287 2141 3346 apost.
2199 3276 2301 3344 Qui
2349 3293 2471 3333 cum
2524 3279 2928 3348 percensuisset
2984 3278 3102 3335 dies
3139 3280 3340 3350 quibus
3389 3278 3527 3347 jeju-

1962 3372 2202 3424 nandnm
2254 3381 2359 3437 est,
2405 3374 2609 3443 CXt'ipii
2654 3381 2882 3443 quartos
2947 3372 3065 3427 dies
3106 3383 3159 3426 et
3202 3386 3530 3442 parasccvas

1956 3462 2238 3518 sent‘erias
2272 3472 2620 3534 sextas,qna2
2663 3463 2921 3519 ειιηιάπδ
2969 3464 3067 3534 τῆς
3101 3464 3382 3535 ἀποκρέου
3434 3478 3528 3517 seu

1862 3570 1865 3573 '
1956 3548 2370 3623 ἀπόκρειυ,οιιιο
2395 3557 2837 3627 carnisprivium,
2861 3556 3022 3628 335
3057 3565 3110 3610 et
3140 3571 3261 3627 quae
3289 3555 3533 3625 suntnpb

1954 3648 2052 3715 τῆς
2098 3650 2448 3717 τυροφάγου,
2504 3660 2557 3704 et
2607 3649 2999 3706 hebdomadem
3046 3651 3144 3720 τῆς
3186 3649 3533 3717 Διακαινη-σὶ-

1962 3758 2085 3808 μου.
2122 3741 2185 3793 lu
2228 3742 2294 3795 iis
2331 3744 2465 3796 enim
2509 3744 2781 3809 solvimus,
2821 3743 3000 3812 inquit
3046 3742 3354 3806 Balsamon,
3403 3745 3526 3813 quia

1950 3834 2198 3903 jejunant
2256 3832 2495 3888 Armenii
2527 3847 2741 3905 propter
2772 3837 3063 3892 Ninivitar.
3115 3837 3181 3889 In
3227 3853 3287 3890 eo
3316 3837 3405 3905 qui
3457 3846 3533 3889 rst

1961 3937 2082 3979 ante
2132 3928 2556 3994 carnisprivium,
2616 3939 2667 3982 et
2724 3933 2865 3984 ineo
2921 3932 3014 3998 qui
3066 3940 3144 3984 est
3189 3939 3313 3983 ante
3370 3947 3533 3999 aopo-

1961 4019 2153 4086 φάγον,
2197 4019 2432 4073 hwrctici
2461 4019 2742 4075 Tetradin
2779 4038 3026 4088 rnagnum
3065 4021 3325 4092 jejunium
3356 4021 3533 4075 obser-

1961 4120 2113 4173 vmtt,
2151 4110 2430 4165 hebdomas
2457 4122 2633 4166 autem
2679 4114 2776 4176 τῆς
2810 4114 3242 4183 Διακαινησίμου
3280 4119 3534 4183 tanquam

1957 4198 2069 4266 ipse
2119 4214 2337 4269 magnus
2396 4201 2685 4257 dominicus
2740 4202 3035 4272 (Pascitur)
3093 4204 3206 4258 dies
3236 4213 3532 4272 reputatur.

1960 4289 2106 4346 Idem
2150 4295 2308 4349 docet
2353 4294 2673 4351 Anastasius
2715 4297 3011 4366 cpiscopus
3054 4298 3322 4352 Ctesarcac
3370 4295 3533 4350 Palas

1961 4385 2122 4439 stina‘.
2153 4395 2315 4440 tract.
2342 4386 2410 4440 de
2441 4386 2767 4453 Artziburio,
2799 4388 2885 4443 ubi
2914 4390 3055 4442 inter
3088 4389 3464 4443 hebdomadas
3497 4404 3525 4440 a

1953 4477 2162 4547 ῙθῙυηῘο
2189 4477 2347 4546 91³³16
2381 4489 2634 4550 exceptas
2659 4484 2815 4552 ponit
2852 4483 2952 4554 τὴν
2977 4480 3248 4554 ἑϐδομάδα
3279 4481 3378 4551 τῆς
3409 4483 3537 4539 Δια-

1961 4569 2311 4641 καινησίμου.
2354 4571 2612 4629 Eamdem
2664 4574 3055 4630 hebdomadem
3099 4576 3245 4635 inter
3276 4584 3535 4643 exceptas

275 4675 490 4727 σματα,
523 4659 639 4728 ipse
668 4657 854 4714 decem
896 4657 1067 4715 libras
1091 4669 1370 4714 numerat.
1413 4658 1690 4715 Blastares
1727 4668 1854 4737 ceto
1879 4671 1934 4735 υ
1960 4672 2209 4716 numerat
2235 4661 2493 4718 Nicotaus
2520 4666 2834 4734 patriarcha
2859 4666 3180 4739 Cpolitanus
3203 4668 3257 4724 in
3285 4670 3534 4725 versibus

275 4748 525 4816 pretium
554 4748 677 4818 ejus
707 4756 895 4804 censet
922 4764 972 4805 c.
995 4749 1046 4814 7,
1080 4748 1175 4804 τοῦ
1205 4752 1253 4803 'l‘
1279 4751 1552 4822 στοιχείου
1587 4767 1602 4808 :
1630 4751 1697 4806 Ἦ
1733 4752 1862 4823 παρ’

277 4841 441 4911 ἡμῶν
462 4840 804 4912 νομιζομένη
828 4841 987 4911 λίτρα
1003 4842 1315 4912 νομίσματα
1335 4843 1450 4915 ἔχει
1472 4843 1636 4898 ὀκτώ.
1655 4842 1858 4914 60".]

343 4933 408 4989 P.
445 4928 541 4985 77.
595 4931 910 4989 Hebdomas
936 4934 1361 5005 διακαινήοιμος
1397 4947 1480 4991 est
1509 4943 1622 4994 tota
1654 4937 1860 4992 hebdo-

275 5040 394 5079 mas
414 5023 723 5095 paschalis,
749 5040 874 5094 quze
900 5025 1095 5081 festum
1127 5024 1353 5084 Paschze
1399 5028 1646 5097 proxime
1677 5029 1860 5099 sequi-

275 5127 367 5169 tur
389 5126 450 5171 et
478 5114 593 5186 qua
618 5109 972 5172 Resurreetio
1006 5118 1223 5172 Domini
1269 5120 1500 5175 solemni
1532 5121 1859 5177 can-cmonia

276 5209 625 5264 celebratur.
662 5207 721 5279 Id
758 5210 992 5264 ostendo
1022 5212 1259 5280 primum
1294 5213 1609 5269 testimonio
1636 5212 1859 5285 Maximi

279 5303 563 5374 Stargunii
607 5301 847 5371 episcopi
883 5301 1080 5370 Graeci,
1132 5306 1224 5375 qui
1273 5306 1560 5363 consultus
1593 5308 1857 5378 quidnam

278 5399 386 5454 huc
432 5394 714 5450 vocabulo
757 5394 1117 5464 signiﬁcetur,
1173 5390 1458 5467 resp‘ondit
1510 5399 1595 5455 his
1633 5400 1856 5457 verbis:

278 5485 635 5555 Σημαίντται
699 5484 834 5555 παρ’
889 5485 1022 5555 ἡμῖν
1077 5486 1167 5539 διὰ
1215 5486 1412 5540 τούτου
1455 5487 1547 5541 τοῦ
1596 5486 1863 5559 ὀνόματος

275 5580 373 5649 ὅλη
417 5579 454 5646 ἡ
499 5575 697 5646 πρώτη
728 5575 963 5644 ἐδδομὰς
990 5577 1088 5644 τῆς
1135 5578 1510 5648 ἁναστασίμου
1548 5578 1643 5632 τοῦ
1675 5578 1857 5650 Σωτῆ-

279 5686 373 5738 ρος
403 5668 572 5738 ἡμῶν
597 5667 815 5738 ἑορτῆς.
850 5665 985 5722 Vide
1006 5667 1249 5739 Catalog.
1281 5668 1592 5724 biliotheca:
1621 5671 1856 5741 August.

279 5763 349 5815 ab
393 5759 718 5815 Hmscttelio
776 5759 1006 5814 editum.
1056 5761 1308 5816 secundo
1366 5762 1506 5817 idem
1568 5764 1739 5833 probo
1793 5778 1857 5819 ex

279 5852 500 5924 'l‘ypico
531 5853 588 5907 S.
642 5851 823 5917 Sabat,
860 5854 952 5907 ubi
990 5854 1150 5923 capiti
1191 5854 1258 5908 46
1304 5855 1615 5924 hujnsmodi
1664 5857 1856 5911 titulus

285 5944 590 6015 prrligitur
627 5961 642 5998 :
672 5940 887 6014 Εῖδησιξ
912 5943 1006 5997 τοῦ
1040 5945 1207 5998 τύπου
1242 5945 1340 6016 τῆς
1369 5947 1532 6016 ἁγίας
1564 5949 1653 6000 καὶ
1684 5950 1859 6017 μετά-ι

1965 4751 2032 4807 ad
2068 4754 2416 4810 Anastasinm
2452 4757 2654 4812 montis
2687 4758 2836 4813 Sinai
2864 4759 3185 4817 antistitem.

2033 4844 2367 4918 Rogationes
2418 4848 2688 4903 triduanaa
2722 4858 2850 4904 ante
2887 4852 3272 4907 ascensionem
3318 4853 3533 4908 Domini

1961 4933 2168 4989 Graecis
2199 4935 2397 5006 ignotae
2432 4947 2593 5005 sunt;
2642 4954 2742 4994 nec
2775 4941 2885 4995 ulla
2914 4942 3118 4998 habent
3149 4950 3292 4997 stata
3322 4942 3530 5017 jejunia

1960 5023 2105 5080 inter
2162 5026 2371 5083 Pascha
2430 5038 2487 5084 et
2543 5030 2922 5088 Pentecostcn.
2983 5034 3229 5105 Νηστείι
3289 5037 3400 5109 γὰρ
3463 5037 3526 5090 οὐ

1959 5118 2293 5192 γέγραπται,
2317 5121 2434 5175 οὐδὲ
2463 5127 2801 5191 γονυκλισία,
2823 5128 3001 5195 inquit
3026 5109 3287 5185 Nicotaus
3307 5130 3531 5201 patriar-

1962 5211 2065 5266 cha
2127 5212 2192 5268 de
2252 5221 2497 5282 tempore
2555 5214 2697 5270 inter
2750 5218 2960 5273 Pascha
3032 5229 3089 5274 et
3145 5220 3526 5277 Pentecostcn.

1961 5302 2097 5361 Vide
2138 5304 2402 5378 Ty‘picum
2449 5306 2628 5373 Saliae,
2682 5324 2734 5364 c.
2787 5311 2875 5366 5i.
2938 5313 3227 5368 Cunsehtit
3271 5330 3394 5366 cttm
3445 5313 3530 5367 his

1960 5397 2164 5452 nostris
2222 5396 2560 5453 Glossarium
2609 5399 3170 5468 Graeco-Barbarum,
3223 5404 3330 5461 nisi
3385 5405 3529 5473 quod

1959 5487 2124 5543 scribi
2146 5485 2302 5556 jubet
2326 5489 2749 5561 διακαινίτιμος.
2800 5493 2906 5548 Sed
2942 5493 3188 5550 Ritnales
3228 5495 3353 5551 libri
3384 5497 3489 5549 seri
3511 5527 3523 5535 -

1959 5589 2174 5648 pturam
2208 5594 2449 5637 nostram
2488 5585 2822 5654 "plerumque
2856 5587 3171 5656 prmierunt.

2032 5673 2309 5730 Dominica
2358 5678 2501 5733 hanc
2550 5679 2941 5734 hebdomadam
2992 5686 3354 5746 SllitSCtltwttS’,
3406 5693 3527 5746 quae

1959 5764 2117 5821 nobis
2147 5776 2231 5821 est
2264 5766 2542 5822 llominica
2576 5768 2628 5822 in
2655 5770 2815 5833 albis,
2844 5770 3047 5825 (ἴε-λεώς
3070 5777 3150 5823 ost
3181 5768 3343 5836 καινὴ
3372 5768 3402 5837 ἢ
3433 5770 3523 5821 νέα

1958 5860 2234 5928 Κυρεακή,
2263 5876 2397 5912 nova
2437 5860 2734 5924 Dominica,
2765 5867 2818 5914 in
2848 5877 3011 5930 quam
3050 5870 3227 5915 exstat
3251 5862 3427 5913 oratio
3464 5861 3524 5913 S.

1957 5948 2200 6021 Gregorii
2232 5948 2578 6018 Naziauzcni,
2601 5962 2651 6007 et
2678 5963 2758 6009 est
2790 5954 2964 6008 oratio
2984 5953 3078 6021 i3;
3106 5951 3348 6021 ejusdem
3375 5967 3521 6013 men-
