3852 6616
306 460 445 528 3ῗ1“

1393 456 1473 516 IN
1526 453 1826 515 LIBRUM
1870 454 1964 513 DF.
2007 456 2328 518 OFFICIIS
2384 462 2488 523 [ΣΡ.

3438 456 3549 522 372

309 581 383 634 itu
405 578 461 633 fit
485 578 537 633 iu
558 589 763 633 canone
785 571 1151 629 GﬁTt-ullano.
1177 568 1410 623 Vocatur
1435 569 1597 625 etiam
1617 568 1875 638 Κυριακὴ
1902 569 1947 627 Δ
1977 572 2283 640 subjectus,
2314 589 2438 629 eum
2473 576 2674 632 iterato
2694 575 3075 648 velutluguhri
3104 573 3555 643 Quadragesimze

308 673 404 727 τοῦ
439 670 776 739 ἁντιπάαχα,
814 666 974 737 quasi
1036 664 1312 727 Dominica
1369 662 1591 717 Pascha
1635 659 1877 728 opposita

311 784 405 823 seu
440 767 777 838 respondens,
810 771 868 819 et
900 761 1161 835 Κυριακὴ
1216 759 1310 813 τοῦ
1346 758 1519 822 Θωμᾶ
1552 772 1650 813 seu
1691 756 1873 825 ψηλά-

311 878 475 932 φησις
496 858 590 912 τοῦ
625 857 784 925 ἁγίου
821 854 1036 919 ἐνδόξου
1072 852 1378 906 ἀποστόλου
1410 850 1604 918 Θωμᾶ,
1637 849 1779 917 quod
1813 861 1879 899 eo

311 955 398 1010 die
424 954 632 1020 legatur
654 948 1006 1021 Evangelium
1028 946 1094 1000 de
1121 944 1330 999 Thema
1356 942 1625 1011 apostolo,
1654 954 1875 993 manum

310 1062 463 1101 suam
483 1048 537 1101 in
568 1046 796 1100 fixuram
815 1044 1116 1103 clavorum.
1139 1038 1337 1094 Christi
1364 1036 1640 1099 mandato,
1671 1032 1879 1088 immit-

310 1150 396 1193 ten
406 1149 476 1193 te.
513 1138 711 1194 Csars.

382 1230 523 1284 Ibid.
551 1229 693 1302 [Τῆς
710 1227 1078 1296 Ἕκκλησίιις
1106 1226 1436 1294 ἀρχόντων.
1464 1221 1502 1276 li
1535 1228 1664 1276 sunt
1684 1218 1879 1289 praeci-

311 1323 399 1393 pui
462 1321 669 1393 Magna:
737 1320 996 1376 Ecclesia:
1056 1317 1315 1373 ofﬁciales
1379 1329 1441 1369 ac
1498 1314 1551 1367 in
1620 1309 1881 1381 dignitate

311 1416 641 1481 constituti,
696 1430 837 1484 quos
905 1413 1072 1490 etiam
1132 1410 1297 1478 vulgo
1372 1406 1465 1460 τοῦ
1532 1404 1878 1475 πατριάρχου

313 1508 618 1576 σύγκλητον
641 1506 967 1577 patriarcha:
1007 1514 1250 1559 senatum
1293 1502 1504 1557 dicunt.

384 1598 527 1653 Ibid.
562 1597 865 1669 [Εὐλογεῐ.
889 1595 1202 1651 Orationem
1225 1609 1254 1647 a
1284 1591 1595 1661 patriarcha
1636 1603 1879 1659 pronun-

313 1690 436 1744 tiari
463 1690 676 1745 solitam
709 1690 946 1760 reperies
968 1688 1022 1743 in
1052 1684 1435 1755 EueltOIOgicis
1459 1682 1683 1738 nostris:
1718 1681 1881 1735 Ὁσά-

315 1800 401 1844 κις
430 1781 563 1855 ἐ).οῃ
594 1783 623 1836 ὁ
661 1781 1011 1851 πατριάρχης
1052 1780 1133 1842 εἰς
1176 1777 1269 1831 τὸν
1305 1774 1553 1847 βασιλέα,
1584 1772 1879 1851 ἐξαιρέτως

312 1876 367 1926 δὲ
393 1876 458 1944 τῇ
492 1876 730 1946 Πέμπτῃ
767 1875 866 1943 τῆς
890 1871 1348 1940 Διακαινησίμου.

1982 672 2224 732 tempore
2253 666 2489 737 afﬂigere
2547 678 2706 739 parat
2738 668 2993 724 ecclesia.
3049 666 3351 721 Commune
3390 665 3557 734 igitur

1981 775 2107 813 cum
2163 760 2284 817 aliis
2338 763 2597 830 templum
2669 764 2967 835 imperator
3031 763 3148 833 ipse
3211 760 3557 829 frequentat.

1983 862 2039 905 nt
2079 854 2415 923 pmnitentite
2443 870 2564 909 cum
2599 855 2721 911 aliis
2762 870 2994 911 consors
3033 868 3355 908 communes
3385 852 3551 905 etiam

1980 942 2104 997 aliis
2168 957 2391 1009 precum
2424 943 2636 999 fructus
2667 944 2873 999 referre
2899 951 3196 996 mereatur.

2051 1033 2112 1089 P.
2153 1035 2241 1090 78.
2273 1032 2541 1112 [Γίνεται
2591 1035 2709 1106 μὲν
2775 1033 3045 1104 τράπεζα.
3113 1031 3365 1085 Nondum
3404 1029 3555 1083 enim

1980 1126 2202 1182 advenit
2228 1127 2409 1183 luctus
2434 1126 2591 1194 hora,
2614 1142 2716 1181 nec
2753 1125 3030 1181 dominica
3061 1122 3330 1179 festivitas
3356 1119 3555 1189 jejunii

1982 1219 2246 1274 molestiae
2278 1226 2457 1287 potest
2492 1218 2806 1273 admisceri.
3422 1279 3451 1302 .

2052 1309 2190 1364 Ibid.
2212 1308 2345 1383 [Ἐν
2370 1310 2439 1364 δὲ
2464 1309 2538 1379 τῇ
2559 1311 2664 1364 τοῦ
2694 1309 3024 1378 conspirat";
3044 1309 3186 1377 ὥρᾳ.
3203 1309 3318 1373 Qua
3345 1306 3555 1374 σημαί-

1980 1417 2060 1452 νει
2116 1399 2415 1472 ταχύτερον
2475 1402 2567 1455 διὰ
2606 1401 2705 1470 τὴν
2756 1401 2855 1468 τῆς
2912 1400 3262 1469 γονυκλισίας
3317 1399 3555 1451 ἀκολουο

1981 1489 2123 1555 οξαν,
2182 1490 2272 1546 Fit
2327 1494 2536 1563 signum
2567 1493 2724 1548 solito
2754 1494 2910 1547 citius
2965 1504 3177 1561 propter
3235 1491 3562 1563 (morosum)

1979 1585 2389 1653 ggniculationis
2422 1586 2672 1655 officium.

2053 1674 2198 1731 Ibid.
2234 1675 2374 1750 [Τὰς
2403 1677 2510 1731 τοῦ
2540 1677 2809 1747 μεγάλου
2840 1677 3191 1732 Βασιλείου.
3222 1674 3400 1729 llahes
3434 1673 3557 1725 illas

1988 1770 2266 1825 Orationes
2315 1786 2617 1840 earumque
2669 1769 3026 1840 legendarum
3068 1768 3254 1827 ritum,
3297 1780 3397 1817 nec
3439 1780 3556 1817 non

1988 1872 2044 1915 et
2085 1861 2252 1915 totius
2320 1860 2483 1932 hujus
2531 1861 2690 1917 ofﬁcii
2733 1858 3130 1930 expositionem
3178 1874 3240 1912 ex
3288 1857 3407 1924 ipso
3454 1856 3561 1908 Ba-

385 1965 519 2021 Ibid.
560 1964 797 2038 [Εὐχὴν
813 1963 1096 2020 ἐπειπών.
1127 1960 1313 2017 Oratio
1343 1958 1582 2015 secundo
1605 1973 1633 2011 a
1652 1956 1881 2027 patriar-
1912 1987 1954 2043 Β
1988 1953 2112 2006 silio
2132 1964 2183 2007 et
2213 1952 2466 2007 Μςιιιιιειιο
2514 1953 2755 2010 Blastare
2798 1955 2853 2008 in
2888 1952 3268 2020 Euchologicis
3299 1949 3515 2004 nostris
3542 1966 3556 2011 ;

313 2062 410 2115 clta
444 2057 723 2114 fundendo
751 2057 942 2112 eodem
977 2052 1296 2125 Euchologii
1347 2052 1466 2107 loco
1502 2050 1775 2121 reperitur
1812 2048 1878 2102 ad

311 2151 517 2205 calcem
538 2149 740 2219 operis.
756 2144 961 2220 Gem.)

383 2238 523 2292 Ibid.
551 2238 626 2295 De
658 2237 798 2293 festo
846 2234 1194 2292 Pentecostes
1227 2234 1350 2290 vide
1396 2247 1516 2303 quae
1548 2228 1879 2301 scripsimus

312 2330 349 2383 l.
392 2344 408 2382 ι
444 2327 515 2383 De
544 2326 697 2384 festis
719 2341 768 2381 ο.
807 2324 899 2385 28.
935 2324 1073 2380 Olim
1103 2323 1157 2378 in
1192 2324 1332 2379 festo
1366 2321 1726 2378 Pentecostes
1754 2332 1879 2388 pro-n

312 2421 487 2475 cessio
510 2420 897 2475 instituebatur
924 2416 993 2472 ad
1024 2416 1284 2487 templum
1319 2413 1378 2469 S.
1406 2413 1567 2468 Mocii
1599 2410 1875 2480 martyris,

311 2513 397 2567 νιιί
460 2514 576 2584 ipse
631 2512 795 2569 etiam
855 2511 1153 2582 imperator
1193 2510 1477 2564 intererat.
1531 2504 1636 2561 Sed
1687 2514 1879 2574 postea

311 2604 571 2675 abrogata
603 2612 688 2660 est
732 2603 803 2660 ob
857 2618 1083 2659 causam
1126 2616 1291 2673 quam
1334 2608 1643 2656 memorant
1696 2597 1870 2652 Graeci

312 2696 585 2763 historici,
631 2706 688 2752 et
732 2696 905 2751 iubis
943 2693 1140 2766 Glyeas
1187 2695 1255 2749 de
1310 2690 1492 2747 Leone
1546 2688 1879 2761 philosopho

311 2789 659 2866 imperatore.
692 2789 871 2857 Quare
905 2804 1011 2845 non
1048 2788 1246 2842 mirum
1278 2785 1324 2840 si
1348 2782 1592 2839 Codinus
1625 2780 1711 2837 die
1742 2780 1880 2834 l’en-

313 2892 546 2938 tecostes
593 2883 715 2952 ejus
785 2882 988 2937 nullam
1044 2878 1372 2935 mentionem
1432 2873 1579 2938 facit,
1633 2871 1880 2944 quando-

309 2974 529 3044 quidem
567 2974 677 3041 iam
715 2973 922 3042 pridem
969 2971 1229 3038 abrogata
1256 2968 1455 3024 fuerat.

382 3064 726 3138 [Proeleusiu
771 3080 868 3121 seu
920 3063 1330 3135 processionem
1395 3056 1744 3130 imperatoris
1790 3055 1879 3111 die

313 3158 660 3212 l‘entecostes
685 3155 753 3213 ad
793 3154 852 3209 S.
890 3154 1146 3224 Sophiam
1174 3151 1467 3208 admodum
1501 3147 1720 3215 festive,
1749 3147 1875 3217 quin

312 3260 366 3303 ut
404 3248 643 3304 ridicule
673 3247 940 3303 describit
986 3244 1360 3316 Luitprandus
1386 3244 1439 3298 in
1486 3257 1585 3298 sua
1620 3242 1686 3297 ad
1718 3240 1877 3296 Nice-

312 3341 543 3403 phorum
608 3337 845 3393 Phocam
896 3336 1188 3407 legatione.
1230 3334 1339 3391 Sed
1368 3333 1739 3402 Luitprandus
1767 3332 1879 3386 for-
1904 3323 1949 3382 ο

313 3428 475 3482 lassis
538 3426 765 3483 sinistro
840 3440 951 3487 suo
1004 3424 1223 3481 aﬂ'ectni
1284 3424 1339 3479 in
1388 3422 1641 3490 Graecos,
1687 3438 1718 3478 a
1762 3424 1881 3493 qni-

314 3525 413 3574 nus
458 3520 508 3573 iu
558 3520 659 3574 hac
709 3518 953 3575 secunda
1000 3533 1110 3573 sua'
1142 3515 1408 3587 legatione
1466 3529 1573 3569 non
1620 3515 1880 3569 beneha-

314 3614 458 3667 hitus
518 3612 716 3678 fuerat,
767 3613 995 3667 nimium
1060 3611 1307 3666 indulsit.
1358 3609 1542 3680 Longe
1582 3610 1740 3663 aliter
1778 3609 1882 3661 Co-

312 3707 476 3760 diuus
505 3722 630 3761 cum
680 3707 735 3761 in
768 3706 873 3763 hoc
918 3708 1077 3773 libro,
1111 3715 1227 3760 tum
1270 3705 1324 3759 in
1362 3704 1678 3774 Originibus
1708 3703 1881 3774 Zipoii-

316 3800 478 3866 tanis,
518 3799 679 3871 335
723 3801 814 3856 ubi
862 3802 1011 3856 ista:
1050 3800 1139 3856 Ἐν
1191 3803 1308 3866 ταῖς
1354 3800 1567 3869 ἑορταῖς
1624 3800 1718 3851 καὶ
1767 3799 1881 3860 τοῖς

316 3893 601 3957 ἐπινικίοις
644 3895 737 3948 καὶ
774 3895 1057 3965 παρόντων
1107 3894 1393 3964 πρέσόεων
1444 3893 1718 3947 ἐνεδύοντο
1748 3892 1881 3962 χλα-

319 3984 492 4052 μύδας
549 3985 817 4052 ποικίλοις,
865 3986 971 4039 ἀπὸ
1044 3982 1247 4055 χρυσοῦ
1318 3985 1415 4038 καὶ
1476 3983 1878 4055 πορφύρας.ἢ

316 4078 489 4140 ἄλλως
520 4096 639 4143 πως
674 4078 1012 4143 πολυτελεῖς,
1048 4079 1107 4130 ἐν
1143 4078 1201 4131 δὲ
1244 4078 1365 4140 ταῖς
1397 4078 1606 4138 κοιναῖς
1638 4074 1882 4138 συνόδοις

317 4172 726 4242 ξηραμπελίνας
742 4171 819 4242 τῷ
836 4169 1186 4242 χρώματι,ξ⁹ις
1206 4168 1436 4223 ἐκάλουν
1463 4167 1884 4238 Ἀτραὸατικὰς
1910 4238 1917 4243 π

316 4263 424 4317 ἀπὸ
452 4261 546 4315 τοῦ
588 4259 878 4330 χρώματος
920 4261 938 4329 (
964 4259 1021 4311 τὸ
1047 4260 1155 4326 γὰρ
1189 4258 1357 4327 μέλαν
1379 4259 1545 4327 ᾶτρον
1576 4257 1882 4325 καλοῦσιν),

315 4355 353 4423 ἡ
396 4354 479 4406 ὅτι
535 4352 676 4422 μετὰ
723 4350 994 4420 τραὸείων
1051 4348 1280 4412 ταύταις
1342 4348 1566 4403 εἰώθασι
1617 4350 1879 4420 χρῆσθαιο

316 4443 568 4512 τραϐεῖαι
587 4443 642 4495 δὲ
663 4441 917 4509 λέγονται
941 4442 995 4494 ai
1020 4441 1339 4504 πολυτελεῖς
1357 4440 1653 4511 χλαμύδες.

390 4535 530 4590 Ibid.
557 4533 696 4607 [Ἑν
730 4532 805 4601 τῇ
834 4531 940 4587 τοῦ
974 4534 1146 4602 ἁγίου
1176 4534 1520 4604 Πνεύματος
1552 4534 1750 4603 ἑορτῇ.
1772 4533 1876 4589 Lu-

319 4636 442 4681 ctus
477 4637 529 4680 ct
552 4623 899 4680 contritionis
928 4623 1110 4693 potius
1148 4638 1310 4694 quam
1370 4625 1674 4681 alacritatis
1723 4627 1882 4696 spiri-
1916 4657 1961 4712 υ
1988 4640 2301 4696 peragatur,
2332 4630 2578 4698 praecipit
2607 4629 2867 4685 Menteum
2905 4632 2967 4685 Η
2993 4632 3330 4701 Septembris

322 4718 484 4772 tualis
509 4724 892 4787 argumentum
926 4726 1009 4773 cst
1033 4717 1177 4789 apud
1212 4719 1437 4774 (ἑταῖρος
1468 4718 1669 4773 festum
1694 4719 1888 4775 Pente-

319 4820 521 4875 rostes,
559 4808 797 4863 maxime
821 4820 945 4877 post
1006 4809 1315 4876 meridiem,
1373 4825 1479 4880 qua
1521 4812 1787 4873 secundo,
1829 4821 1887 4865 ut

319 4908 493 4970 aiunt,
524 4904 850 4973 vespertina:
907 4902 1267 4959 decantantnr
1322 4919 1535 4975 preces.
1571 4902 1726 4959 Tunc
1777 4904 1887 4959 fre-

321 5005 552 5069 quentes
576 4998 754 5052 audiri
790 4997 1048 5068 gemitus,
1083 5006 1137 5052 et
1159 5012 1224 5051 ex
1245 5008 1589 5066 peccatorum
1628 4998 1886 5052 recorda-

325 5094 472 5145 tione
512 5103 617 5142 non
641 5086 779 5143 adeo
812 5099 1004 5158 pectus
1032 5088 1224 5157 pugnis
1260 5104 1424 5157 quam
1492 5088 1693 5143 cmlum
1732 5087 1889 5141 tundi

322 5181 580 5250 suspiriis
607 5182 911 5245 consuevit,
941 5189 999 5234 ut
1051 5179 1249 5249 siquid
1297 5181 1458 5235 luxus
1485 5180 1538 5233 in
1592 5194 1769 5235 mores
1802 5180 1887 5233 in-

328 5273 477 5328 vexit.
510 5270 784 5341 paschalis
818 5270 1137 5325 solemnitas
1174 5271 1256 5324 vel
1287 5272 1408 5339 ejus
1440 5270 1674 5327 decursu
1706 5271 1889 5326 disso~

327 5364 551 5420 lutionis
593 5362 844 5416 nonnihil
873 5364 1261 5417 secumattulit
1316 5363 1599 5417 hominum
1642 5364 1700 5417 in
1755 5363 1888 5418 vitia

330 5471 499 5525 prona
543 5457 787 5519 libertas,
844 5462 1016 5510 totum
1072 5454 1125 5509 id
1182 5454 1420 5524 corrigat
1472 5455 1629 5509 dolor
1663 5454 1891 5524 spiritus

325 5559 517 5617 sponte
544 5557 882 5617 assumptus,
914 5555 968 5600 et
993 5555 1306 5601 contractas
1350 5554 1527 5601 sortes
1559 5546 1893 5615 poenitentite

327 5641 647 5708 :thstergant
700 5637 962 5691 lamenta.
1031 5635 1106 5690 Eo
1164 5637 1268 5690 fine
1307 5644 1556 5691 sanctum
1616 5638 1682 5689 de
1736 5636 1893 5691 cmlis

328 5732 585 5802 spiritum
617 5746 743 5785 cum
776 5729 1035 5800 lacrymis
1073 5730 1363 5795 advocant,
1422 5744 1486 5782 cx
1538 5728 1893 5798 profundiore

334 5826 639 5879 humilitate
667 5837 860 5893 preces
881 5822 1237 5892 ingeminant,
1272 5837 1331 5876 ac
1361 5838 1594 5891 genuum
1649 5820 1896 5876 inflexio-

333 5918 516 5980 n'thus,
570 5916 769 5985 quibus
813 5916 922 5984 jam
982 5916 1246 5972 desuxtus
1317 5928 1430 5970 mat
1493 5916 1724 5988 populus
1784 5918 1889 5973 sibi

1986 2050 2255 2118 reliquum
2343 2048 2575 2105 omciutn
2663 2052 2716 2106 in
2792 2047 3204 2106 Pentecostarin
3283 2047 3558 2115 reperies.

1981 2136 2180 2211 ΟΜΝ]

2056 2230 2199 2287 Ibis.
2240 2231 2593 2287 Diaconicum
2632 2247 2743 2288 non
2768 2242 2854 2288 est
2900 2234 3149 2287 conclave
3175 2234 3558 2290 diaconorum.

1983 2328 2034 2379 iu
2067 2342 2173 2395 quo
2205 2327 2279 2380 illi
2310 2327 2629 2397 congregati
2688 2327 2982 2381 tractarint
3034 2326 3249 2395 negotia
3301 2324 3560 2377 munt-ris

1980 2418 2088 2483 sui,
2126 2418 2221 2473 sed
2254 2428 2336 2473 est
2364 2419 2517 2473 locus
2551 2419 2643 2474 ubi
2696 2419 2935 2474 minisui
2978 2434 3170 2474 sacras
3232 2425 3415 2471 vestes
3486 2416 3555 2469 al

1980 2512 2165 2565 divina
2199 2511 2383 2565 officia
2425 2511 2743 2582 peragenda.
2768 2510 3028 2578 induunt,
3075 2510 3406 2579 Germanice
3473 2510 3561 2562 die

1982 2600 2268 2670 Sacristey,
2304 2602 2626 2656 sacrarium.
2659 2599 2868 2657 Gut-:13.

2057 2693 2198 2748 Ibid.
2220 2691 2281 2765 [Α
2308 2708 2503 2763 pompa
2532 2693 2769 2764 luxuque
2790 2709 2914 2749 eum
2942 2694 3234 2750 abhorreat
3262 2695 3562 2762 prmsentis

1980 2787 2146 2841 officii
2163 2785 2513 2843 Pentecostcs
2530 2785 3121 2849 humilitas,elevatiora
3139 2785 3563 2853 ευὸεείίὶπ,πρόο

1981 2883 2167 2951 κυψιν,
2219 2882 2500 2947 thronum,
2558 2881 2746 2937 sedem
2799 2884 3123 2936 honoratam
3186 2880 3402 2951 respuit
3442 2882 3560 2935 im-

1981 2983 2222 3043 perator,
2256 2981 2307 3029 et
2332 2976 2398 3028 ad
2428 2973 2678 3028 dextrum
2721 2973 2912 3029 altaris
2948 2974 3120 3039 latus,
3156 2988 3266 3043 quo
3314 2972 3562 3025 διακονι-

1980 3068 2097 3127 κὸν,
2148 3065 2383 3120 diaconi:
2402 3065 2652 3121 data-est
2689 3067 2862 3127 ser/cs.
2890 3065 3085 3119 humili
3109 3064 3364 3132 corporis
3391 3076 3557 3132 gestu

1983 3160 2034 3214 in
2076 3160 2236 3213 altari
2270 3175 2300 3215 a
2324 3159 2610 3214 sacerdote
2642 3158 3031 3226 pronuntiatas
3051 3158 3241 3214 Basilii
3281 3158 3560 3226 vespetti-

1982 3264 2079 3303 nas
2110 3264 2301 3318 preces
2326 3248 2501 3303 audit.
2546 3250 2621 3304 De
2679 3249 2968 3305 diaconico
3022 3254 3177 3318 plura
3236 3258 3289 3304 te
3354 3250 3561 3304 doceat

1984 3343 2232 3397 eruditus
2249 3343 2558 3398 Allatiusde
2575 3342 2942 3397 recentiorum
2972 3340 3289 3397 Graecorum
3326 3342 3558 3405 templis

1984 3431 2255 3501 opusculo
2290 3449 2304 3486 :
2344 3432 2396 3485 in
2431 3431 2766 3502 Euchologio
2807 3446 3025 3502 quoque
3072 3430 3319 3488 nonnihil
3378 3433 3459 3485 de
3490 3448 3559 3486 co

1983 3523 2364 3578 delihavimus.
2397 3523 2600 3596 σθαι]

2055 3616 2201 3671 Ibid.
2245 3618 2321 3672 De
2352 3618 2491 3673 festo
2523 3618 2884 3677 Exaltationis
2926 3636 2972 3675 ε.
3024 3619 3206 3674 crucis
3244 3617 3434 3671 etiam
3489 3632 3557 3671 ex

1986 3725 2139 3765 more
2168 3711 2478 3767 Graecorum
2510 3712 2627 3767 fuse
2667 3713 2865 3783 scripsi
2917 3721 3052 3768 lout.
3085 3712 3101 3766 l
3152 3710 3227 3765 De
3265 3710 3323 3763 S.
3372 3710 3559 3764 Crnce

1984 3805 2021 3856 l.
2056 3819 2095 3870 ι,
2128 3819 2178 3858 c.
2207 3805 2276 3859 65
2301 3817 2351 3857 et
2375 3805 2465 3866 66,
2496 3817 2548 3861 et
2580 3806 2615 3859 Ι.
2643 3823 2655 3859 t
2711 3807 2785 3861 De
2818 3806 2974 3861 fcstis
3006 3820 3057 3859 c.
3095 3803 3185 3857 55.
3224 3802 3353 3855 Vide
3384 3802 3554 3856 etiam

1983 3897 2362 3952 Adamanuum
2409 3897 2654 3965 Scotum,
2696 3900 2766 3956 l.t
2799 3900 2871 3954 De
2921 3901 3028 3955 situ
3069 3896 3252 3952 Terra:
3293 3898 3555 3965 Sanctae;

1985 3987 2072 4040 ubi
2120 3988 2186 4043 de
2219 3990 2477 4044 nundinis
2508 3992 2609 4045 hoc
2649 3990 2788 4046 festo
2841 3989 3245 4060 Hierosolymis
3282 3989 3558 4043 celebrari

1984 4070 2160 4133 solitis
2191 4079 2325 4133 mira
2352 4080 2519 4149 leges.
2548 4080 2755 4138 Gslrs.

2056 4168 2196 4221 Ibid.
2228 4169 2611 4240 [Ἃνασιὶοριι.
2648 4173 2932 4229 Elevanda!
2978 4176 3030 4228 in
3083 4176 3250 4229 altum
3296 4176 3451 4229 cruci
3488 4175 3558 4227 ad

1983 4258 2103 4326 ejus
2129 4261 2515 4316 exultationem
2541 4264 2703 4316 etiam
2733 4281 3004 4333 oorporeo
3048 4275 3203 4335 gestu
3248 4267 3426 4320 Oculis
3464 4267 3563 4319 tle-

1985 4352 2397 4407 monstrandam
2431 4364 2772 4424 pra'paratur
2821 4356 2874 4409 in
2900 4358 3079 4411 medio
3114 4358 3352 4412 triclinio
3397 4359 3558 4411 tabu-

1986 4439 2152 4494 latum
2187 4442 2497 4513 ἁναδὰθρα,
2520 4445 2588 4498 de
2615 4461 2723 4515 qua
2765 4447 2963 4501 redibit
2994 4464 3199 4503 seruio.

2061 4532 2201 4588 Ibid.
2239 4534 2388 4606 [Τὴν
2412 4536 2518 4590 τοῦ
2548 4539 2816 4607 σταυροῦ
2856 4539 3011 4594 ποιεῖ
3037 4540 3559 4608 ῦψωσινᾩηυιίιιι

3378 4649 3392 4685 :
3437 4634 3562 4685 Ἀλ-

1989 4718 2179 4773 idmst.
2216 4723 2244 4773 ὁ
2270 4722 2446 4789 ἱερεὺς
2473 4723 2656 4776 πᾶσαν
2692 4726 2789 4794 τὴν
2834 4726 3118 4795 ἱερατικὴν
3147 4726 3311 4795 336
3332 4726 3558 4796 στολὴν,

1987 4816 2080 4866 καὶ
2102 4816 2405 4884 εἰσέρχεται
2428 4816 2563 4883 μετὰ
2583 4815 2847 4885 Θυμιατοῢ
2868 4818 3000 4888 ὲντῇ
3024 4819 3154 4887 ἁγίᾳ
3172 4818 3443 4889 τραπέζῃ.
3464 4820 3558 4871 καὶ

1989 4905 2199 4975 θυμιῶν
2220 4905 2311 4958 τὸν
2337 4906 2519 4975 τίμιον
2553 4908 2786 4975 σταυρὸν
2823 4909 3181 4976 σταυροειδῶς
3216 4909 3363 4979 αἴρει
3388 4911 3562 4963 αὐτὸν

1992 4996 2130 5064 μετὰ
2161 4997 2348 5049 δίσκου
2375 4999 2469 5050 ἐπὶ
2504 4999 2605 5065 τῆς
2629 4999 2895 5068 κεφαλῆς.
2924 5001 3021 5053 καὶ
3051 5002 3561 5070 προπορευομὲνων

1987 5090 2081 5143 δύο
2110 5089 2409 5159 λαμπάδων
2457 5094 2615 5160 φέρει
2650 5091 2816 5144 αὐτὸν
2870 5093 3033 5165 μέχρι
3086 5091 3197 5144 τῶν
3255 5091 3563 5160 βασιλικῶν

1992 5181 2292 5235 πυλῶντοῦ
2325 5181 2479 5247 ναοῦ,
2513 5184 2741 5237 κάκεῖσε
2767 5183 3007 5239 ἵσταται.
3071 5185 3182 5236 Καὶ
3240 5183 3564 5253 πληρουμὲο

1988 5288 2085 5340 νης
2116 5271 2214 5338 τῆς
2246 5270 2560 5338 δοξολογίας
2596 5272 2690 5324 καὶ
2728 5270 2822 5323 τοῦ
2860 5273 3150 5342 τρισαγίου
3208 5273 3361 5339 λέγει
3416 5276 3445 5325 ὁ
3485 5278 3563 5326 Ξε-

1991 5361 2120 5429 ρεὺς
2152 5361 2591 5431 μεγαλοφώνως·
2646 5380 2665 5412 ι
2708 5362 2905 5430 Σοφία,
2956 5363 3128 5432 ὀρθοί.
3172 5383 3192 5415 ι
3229 5365 3341 5418 Καὶ
3386 5367 3561 5435 ἀρχό-

1994 5454 2134 5522 μεθα
2165 5454 2259 5506 τοῦ
2292 5455 2621 5523 τροπαρῐου,
2653 5473 2671 5506 ι
2706 5455 2912 5520 Σῶσον,
2949 5455 3143 5524 Κύριε,
3170 5456 3260 5509 τὶν
3288 5456 3414 5510 λαόν
3438 5475 3560 5521 σου,

1992 5549 2085 5599 καὶ
2120 5546 2417 5615 εὐλόγησον
2475 5549 2576 5612 τὴν
2626 5548 2994 5618 κληρονομίαν
3058 5564 3176 5611 σου,
3237 5548 3392 5610 νίκας
3444 5552 3563 5609 τοῖς

1995 5640 2276 5709 βασιλεῦσι
2309 5640 2450 5692 κατὰ
2484 5639 2779 5710 βαρϐάρων
2816 5637 3186 5708 δωρούμενος,
3236 5641 3330 5692 καὶ
3354 5639 3417 5691 τὸ
3468 5640 3563 5693 σὺν

1992 5731 2276 5799 φυλάττων
2306 5731 2394 5783 διὰ
2424 5732 2518 5783 τοῦ
2550 5730 2787 5799 σταυροῦ
2842 5748 2935 5785 σου
2988 5730 3316 5798 πολίτευμα.
3363 5748 3381 5780 ι
3444 5732 3563 5784 Καὶ

1992 5828 2161 5891 οὕτως
2187 5827 2448 5880 εἰσοδεύει
2484 5826 2624 5895 μετὰ
2656 5826 2750 5878 τοῦ
2776 5826 2961 5896 τιμίου
2990 5823 3245 5893 σταυροῦ.
3277 5822 3562 5887 Καὶδντος

1994 5922 2430 5992 η’ἰτρεπιςθ..ένου
2464 5918 2817 5989 τετραποδῖου
2855 5918 3062 5973 τῑοεται
3093 5919 3123 5970 ὁ
3165 5917 3340 5985 τίμιος
3381 5931 3556 5969 stau-
