3852 6602
223 439 314 504 377

1322 447 1692 512 GRETSERI
1729 448 1825 508 ET
1847 447 2089 509 GOARI
2117 449 2357 510 ΝΟΤίΕ.

3355 445 3462 510 378

221 562 471 634 προελθὼν
503 562 563 616 ἐν
609 564 678 634 τῇ
711 563 955 635 Χριστοῦ
1011 565 1270 636 γεννήσει
1305 569 1364 620 ὲν
1394 571 1461 640 τῇ
1498 568 1759 638 ἐκκλησίᾳ

1874 566 2044 621 reddo
2082 583 2097 622 :
2139 565 2250 619 Sub
2280 575 2527 635 quartum
2565 564 2806 632 ejusdem
2839 564 2946 618 diei
2977 561 3263 634 (nimirum
3293 561 3458 631 primi

219 656 439 726 εἰσῆλθεν
464 657 520 708 ἓν
546 657 629 725 τῷ
657 656 1056 729 θυσιαστησίῳ.
1104 657 1400 731 Φθασάσης
1433 662 1492 714 ὁὶ
1537 660 1633 715 καὶ
1668 660 1769 729 τῆς

219 752 390 819 ἑορτῆς
416 748 520 802 τῶν
564 750 769 804 Φώτων
805 751 1086 822 προῆλθεν
1115 753 1343 823 ὁμοίως,
1384 755 1480 808 καὶ
1509 752 1768 806 εἰσελθὼν

218 842 269 894 οὐ
306 844 728 912 προσεκύνησεν.
782 843 1066 900 Cedrenus
1113 845 1167 899 in
1224 845 1408 900 Leone
1458 844 1764 915 Sapiente:

217 935 462 1002 Συνήθους
497 935 553 988 δὲ
586 935 967 1006 προελεύσιως
1013 939 1316 1008 γενομένης
1363 937 1506 992 κατὰ
1549 937 1768 1009 ἡμέραν

215 1016 297 1096 τῆς
329 1029 705 1097 Πεντηκοστῆς
731 1029 789 1082 ὲν
817 1027 894 1099 τῷ
919 1031 1058 1101 ναῷ.
1092 1030 1410 1086 Eustathius
1448 1031 1670 1085 tandem
1698 1031 1762 1084 ad

223 1119 620 1189 11.1;Πομπὴ,
677 1120 978 1191 θρίαμϐος,
1035 1121 1098 1175 ὃν
1145 1121 1474 1192 προέὶευσιν
1520 1121 1554 1192 ἡ
1610 1120 1767 1191 κοινὴ

215 1210 411 1278 γλῶσσα
450 1211 626 1267 καλεῖ.
680 1215 761 1266 Διι
799 1213 942 1268 idem
976 1214 1048 1268 sit
1081 1214 1414 1285 προέλευσις
1451 1215 1596 1282 quod
1633 1214 1768 1282 πρό-

214 1323 400 1369 κενσος,
432 1306 497 1359 de
525 1320 634 1375 quo
664 1305 945 1361 Cedrenus
967 1307 1018 1361 in
1042 1305 1261 1362 Iustino
1292 1323 1328 1361 ιι
1363 1323 1378 1360 :
1412 1303 1578 1369 Αὖθις
1612 1305 1766 1379 βασις

214 1397 331 1459 λέως
388 1398 482 1450 ἐπὶ
538 1399 867 1468 πρόκενσον,
924 1413 1031 1454 non
1103 1399 1402 1455 existimo:
1437 1397 1766 1467 Προέλευσιν

216 1491 462 1543 enimnon
493 1492 738 1560 reperies
763 1492 871 1548 nisi
891 1493 1114 1562 pietatis
1138 1493 1221 1547 vel
1250 1493 1320 1547 ob
1343 1502 1567 1562 accepta
1601 1493 1768 1545 bene-

217 1585 316 1638 liria
341 1583 690 1661 tripudiantis
707 1585 789 1640 vel
807 1586 872 1640 ad
901 1585 1224 1655 depellenda
1251 1585 1394 1639 maia
1417 1583 1766 1654 deprecantis

215 1679 360 1746 gratia
391 1686 730 1748 susceptam.
764 1679 1068 1750 πρόκενσον
1103 1694 1233 1734 vero
1262 1693 1660 1747 nonnunquam
1695 1677 1763 1732 ad

213 1772 360 1824 solam
412 1785 668 1840 pompam
727 1779 779 1825 et
828 1771 1057 1837 fastum,
1121 1771 1234 1826 imo
1296 1775 1628 1842 quandoque
1696 1770 1763 1824 ad

214 1868 392 1921 luxum.
417 1866 529 1922 Leo
545 1865 952 1923 Grammaticus
983 1869 1038 1922 in
1069 1866 1252 1923 Leone
1276 1866 1568 1938 Sapiente:
1609 1849 1764 1922 Ᾰέων

1873 659 2243 729 Septembris)
2281 659 2506 722 horam,
2541 659 2712 713 sacris
2748 658 3072 729 imaginibus
3117 656 3275 710 ceteri
3313 669 3460 708 more

1869 770 1976 808 una
2001 770 2122 807 cum
2158 754 2478 823 imperatore
2518 753 2827 823 patriarcha
2861 761 2910 807 et
2945 751 3202 820 episcopis
3231 748 3301 804 ad
3335 765 3456 818 por-

1867 847 2196 917 pbgreticant
2229 847 2531 900 columnam
2581 847 2939 915 congregatis,
2983 844 3073 899 cui
3125 860 3282 898 sacra
3320 857 3457 896 crux

1868 941 2090 1006 insistit,
2136 957 2253 995 cum
2300 941 2443 995 sacri
2475 940 2655 1011 hymni
2705 948 3047 1002 canerentur,
3104 951 3294 1005 porcus
3345 934 3455 988 ali-

1868 1033 2038 1086 cunde
2063 1033 2272 1101 elapsus
2301 1032 2480 1086 subito
2515 1033 2567 1086 in
2611 1031 2834 1085 medium
2867 1029 3212 1093 psallentium
3232 1029 3450 1082 chorum

1868 1127 2082 1191 insiliit,
2128 1125 2297 1180 multo
2333 1141 2479 1179 caeno
2529 1124 2858 1194 inquinatus,
2890 1131 2939 1176 et
2995 1121 3140 1176 varie
3168 1121 3268 1173 huc
3295 1129 3454 1189 atque

1868 1200 1998 1274 illuc
2029 1229 2251 1290 vagatus
2279 1221 2364 1272 vix
2394 1219 2602 1272 tandem
2636 1217 2882 1271 excessit.
2928 1215 2991 1269 Id
3022 1212 3452 1284 prudentioribus

1868 1313 2228 1382 confusionem
2259 1309 2777 1386 quamdamC/tristi
2811 1308 3066 1363 Ecclesia:
3083 1318 3132 1361 et
3167 1307 3450 1375 factionem

1869 1407 2179 1476 signiﬁcare
2211 1408 2406 1460 visum.
2464 1403 2656 1470 Qualis
2693 1402 2950 1457 conlusio
2983 1410 3039 1456 et
3071 1400 3238 1454 factio
3291 1397 3454 1470 paulo

1867 1511 1992 1570 post
2027 1507 2212 1553 secuta
2241 1508 2350 1563 est,
2384 1507 2542 1566 capta
2572 1496 2641 1551 ab
2675 1496 2992 1551 Andronico
3015 1494 3244 1548 Juniore
3273 1492 3450 1561 Cpuli.

1870 1591 2074 1646 Gncrs.

1935 1681 1997 1738 P.
2024 1683 2111 1738 80.
2128 1681 2148 1755 [
2166 1681 2401 1736 Ἔκεῒσε
2422 1679 2797 1751 τελουμένην
2818 1679 3208 1734 ἀκολουθίαν.
3232 1677 3448 1733 Partem

1867 1778 1990 1848 ejus
2014 1777 2188 1832 habes
2229 1776 2284 1832 in
2311 1775 2656 1846 Euchologio
2687 1783 2875 1830 nostro
2895 1773 2992 1828 fol.
3025 1772 3130 1829 810
3160 1781 3214 1826 et
3249 1771 3302 1824 in
3337 1768 3453 1824 Me-

1869 1886 1990 1926 nrco
2031 1871 2054 1924 l
2102 1868 2444 1940 Septembris
2474 1868 2598 1939 ejus
2647 1869 2970 1924 memoriam
3021 1867 3332 1922 celebrante
3366 1863 3455 1918 his

213 1965 487 2034 πρόκενσον
551 1965 813 2032 ἐποίησεν
869 1968 948 2028 εις
1005 1964 1074 2018 τὰ
1137 1964 1437 2036 Δαμιανοῢ.
1505 1965 1764 2030 Συνὸντος
1796 1972 1838 2027 Β
1870 1961 2098 2020 verbis:
2151 1964 2218 2016 Ἦ
2248 1962 2303 2017 δὲ
2347 1962 2441 2016 τοῦ
2484 1961 2820 2033 δμπρησμοῦ
2857 1960 3048 2031 μνήμη
3079 1958 3168 2014 διὰ
3211 1957 3274 2011 τὸ
3316 1974 3454 2026 συμ-

213 2058 258 2110 δὲ
296 2056 530 2121 Ζαούτζα
578 2057 675 2112 καὶ
719 2058 1292 2128 παραδυναστεΰοντος
1320 2061 1416 2113 καὶ
1443 2059 1545 2128 τῆς
1589 2060 1760 2127 θυγα-

196 2138 318 2218 te;
346 2151 508 2204 αὑτοῦ
566 2151 725 2221 Ζωῆς
759 2152 876 2224 ἅμα
924 2151 1002 2222 τῷ
1032 2153 1266 2222 βασιλεῖ,
1301 2150 1570 2222 Θεοφανὼ
1613 2152 1669 2206 δὲ
1703 2135 1760 2221 ἰή

218 2242 397 2311 γαμετὴ
431 2241 603 2296 αὐτοῦ
637 2243 698 2296 οὐ
727 2244 914 2314 παρῆν
944 2245 1150 2309 ἐκεῖσε,
1185 2245 1303 2298 ἀλλ’
1341 2246 1398 2298 ἐν
1423 2244 1762 2315 Βλαχὲρναις

221 2333 264 2385 ἐν
281 2337 334 2404 τῇ
353 2335 483 2406 ἁγίᾳ
507 2336 656 2406 σορῷ
679 2338 1116 2408 προσεκαρτέρει
1132 2337 1428 2410 εὐχομένη.
1455 2339 1757 2407 Sequitur:

221 2427 436 2491 Δέξαντος
469 2426 570 2483 οὖν
608 2429 704 2483 τοῦ
748 2429 1010 2501 βασιλέως
1065 2433 1248 2502 μεῖναι
1277 2433 1482 2486 ἐκεῖσε.
1514 2431 1672 2488 Certe
1703 2432 1757 2487 in

215 2521 342 2576 solita
365 2523 607 2578 ecclesia:
625 2511 976 2593 proceslsione
1000 2540 1107 2579 non
1142 2525 1163 2579 f
1165 2525 1332 2581 uisset
1358 2537 1624 2592 moratus,
1661 2541 1762 2582 nec

213 2629 366 2669 secum
397 2615 651 2684 pellicem
680 2616 951 2680 duxisset,
1008 2625 1104 2671 aut
1134 2616 1357 2671 interim
1391 2615 1510 2684 ejus
1536 2631 1674 2670 uxor
1702 2616 1755 2669 in

211 2709 421 2763 oratione
472 2708 686 2764 diutius
714 2720 1113 2779 perseveraret.
1145 2707 1296 2765 Fasti
1323 2708 1495 2764 Siculi
1529 2709 1753 2775 εὲποέη-

212 2819 288 2855 etv
307 2802 448 2857 Λέων
474 2802 790 2868 πρόκεσσον
822 2803 962 2874 (lege.
995 2802 1300 2872 πρόκενσον
1327 2816 1451 2856 cum
1477 2801 1622 2868 aliis)
1656 2801 1761 2870 μῆ-

209 2911 288 2957 νας
327 2893 401 2960 ἒξ.
473 2895 768 2951 Processio
821 2894 1198 2950 ecclesiastico
1263 2895 1371 2949 ritu
1424 2892 1758 2964 peragenda,

210 2995 388 3042 tantum
414 2987 653 3058 spatium
675 2983 1056 3061 nonrequirit.
1083 2985 1160 3041 De
1182 3002 1430 3054 processu
1450 2984 1758 3055 principum

207 3092 250 3134 et
267 3082 676 3151 magistratuum
709 3095 837 3136 cum
872 3080 1196 3150 dignitatum
1223 3079 1533 3152 insignibus
1567 3077 1763 3133 Pauci-

211 3172 355 3226 rollus
396 3173 446 3227 in
474 3168 735 3228 notitiam
777 3169 1025 3226 Orientis
1055 3187 1105 3226 c.
1132 3172 1225 3226 ετ.
1254 3169 1460 3243 Gesn]

266 3264 318 3321 P.
350 3267 434 3322 79.
463 3267 650 3322 Tomo
678 3263 753 3321 ἸΙΙ
779 3265 848 3320 de
879 3264 938 3319 S.
960 3263 1164 3325 Crucc.
1204 3264 1243 3319 l.
1267 3277 1305 3331 ι,
1335 3277 1388 3319 c.
1416 3261 1510 3328 26,
1549 3260 1761 3318 descri-

1861 2055 2024 2124 ϐῆναι
2060 2055 2152 2110 διὰ
2179 2055 2281 2118 τὰς
2318 2053 2600 2126 ἁμαρτίας
2646 2052 2809 2124 ἡμῶν
2839 2051 3095 2123 γενέσθαι
3119 2051 3454 2122 ἐμπρησμὸν

1866 2148 2122 2218 μέγιστον
2154 2148 2212 2202 ἐν
2257 2145 2835 2202 Κωνστσ.ντινουπὸλει
2870 2145 2963 2198 ἐπὶ
3004 2143 3235 2206 Λέοντος
3282 2142 3458 2216 μετά.

1861 2244 1954 2296 λου
1999 2243 2265 2311 βασιλέως
2300 2242 2394 2295 καὶ
2430 2239 2851 2311 πυρποληθῆναι
2896 2237 2957 2291 τὸ
3003 2237 3258 2290 πλεῖστον
3285 2233 3454 2308 μέρος

1860 2335 1959 2402 τῆς
2001 2332 2205 2396 πόλεως
2238 2333 2330 2386 ἐπὶ
2375 2331 2590 2404 ἡμέρας
2636 2330 2797 2384 ἑπτά.
2824 2329 3108 2384 Ccdrenus
3147 2327 3215 2382 de
3241 2327 3337 2381 illo
3370 2326 3454 2380 in-

1861 2425 2056 2480 cendio
2094 2426 2147 2480 in
2181 2424 2364 2480 Leone
2401 2432 2723 2480 memorato.
2755 2420 2955 2493 σολυμ]

1934 2516 2081 2572 Ibid.
2115 2516 2416 2573 Celebrant
2445 2516 2620 2572 Graeci
2646 2515 2750 2570 hoc
2785 2515 2980 2570 l’vstum
3016 2527 3142 2567 eum
3175 2511 3387 2567 Latinis
3417 2512 3450 2566 8

1864 2609 2226 2681 Septembris.
2257 2611 2318 2666 In
2351 2611 2690 2665 monasterio
2739 2607 2893 2664 Libis
2931 2606 3295 2677 sepultusest
3333 2606 3447 2658 An-

1863 2704 2125 2759 dronicus
2173 2703 2379 2769 senior,
2438 2703 2567 2758 olim
2619 2701 2940 2771 imperator,
2999 2699 3095 2756 sed
3155 2698 3439 2754 biennium

1863 2804 1990 2850 ante
2034 2795 2161 2850 vitae
2193 2797 2355 2851 ﬁnem
2394 2795 2726 2850 monachus.
2763 2790 3004 2848 Cadaver
3041 2792 3157 2859 ejus
3194 2793 3247 2846 in
3301 2789 3448 2845 Libis

1863 2889 2249 2942 monasterium
2279 2887 2662 2958 estperlatum,
2707 2888 2848 2955 quod
2886 2895 3056 2970 unger
3079 2885 3195 2958 ejus
3233 2886 3450 2939 domina

1867 2980 2139 3036 Theodoro
2195 2989 2499 3048 renouarat,
2569 2980 2752 3050 inquit
2806 2979 3080 3048 Gregoras
3125 2987 3373 3034 extremo
3407 2979 3448 3033 1.

1865 3090 1919 3128 ix
1968 3090 2083 3132 suae
2113 3075 2392 3130 Historia.
2440 3075 2646 3130 Eadem
2685 3073 2859 3131 ferme
2915 3073 3370 3140 Cantacuzenus,
3400 3087 3444 3137 ι,

1863 3168 1955 3225 ιο.
1993 3169 2233 3223 Observa
2248 3165 2473 3223 Iunium
2499 3167 2642 3222 mala
2673 3166 2776 3222 ﬁde
2802 3167 2974 3239 μονήν
3012 3176 3226 3223 vertere
3255 3166 3449 3232 adem,

1865 3273 1993 3314 cum
2029 3261 2101 3313 sit
2136 3259 2518 3332 monasterium
2547 3276 2566 3315 :
2600 3269 2746 3315 errat
2775 3263 3056 3330 interpres,
3094 3258 3204 3314 hoc
3232 3267 3316 3314 est
3353 3253 3452 3312 Ju-

209 3361 276 3426 psi
300 3375 606 3426 nummum,
634 3361 689 3414 in
714 3358 877 3429 cujus
907 3357 1077 3412 altera
1105 3364 1260 3427 parte
1291 3355 1489 3410 visitur
1514 3351 1758 3410 Joannes
1784 3339 1830 3401 (Ξ
1864 3352 2015 3416 nius,
2051 3351 2144 3422 qui
2175 3351 2344 3406 (edem
2387 3351 2586 3416 reddit,
2628 3350 2813 3424 inquit
2866 3351 3100 3423 ipsemet
3149 3348 3448 3406 Meursius.

207 3453 513 3524 Ρειεεοιοειις
568 3450 874 3520 imperator
927 3448 1252 3521 Cpolitanus
1315 3447 1381 3502 ad
1435 3446 1794 3512 columnam.

211 3545 520 3616 crncigeratn
552 3542 983 3599 venerabundus
1021 3550 1085 3597 et
1111 3537 1606 3613 supplicabundus,
1635 3536 1759 3592 sine

209 3633 348 3691 dubio
383 3653 447 3692 ex
513 3634 626 3690 hoc
670 3648 823 3689 more
883 3631 1252 3688 Kalendarum
1319 3626 1755 3698 Septembrium.

215 3726 319 3782 Vide
342 3731 374 3784 Ι.
412 3744 462 3784 c.
527 3727 604 3782 De
632 3711 916 3788 S.,Cruce:
971 3723 1046 3780 De
1078 3725 1336 3779 columna
1364 3719 1754 3793 porphyretica

213 3827 399 3878 consule
439 3838 570 3894 quae
621 3821 945 3891 scripsimus
979 3827 1112 3873 tom.
1159 3817 1202 3882 Ι,
1256 3818 1330 3871 Dc
1362 3815 1420 3872 S.
1469 3815 1666 3872 Cruce.
1700 3811 1742 3868 1.

208 3931 323 3980 n,c.
355 3917 442 3982 45,
492 3931 562 3971 ex
609 3913 918 3984 Nicephoro
966 3920 1021 3968 et
1069 3911 1282 3968 Codino
1333 3911 1386 3964 in
1442 3907 1756 3980 Originibus

204 4009 497 4078 Lpolitanis.
541 4008 804 4079 Superest
851 4007 957 4061 hoc
984 4005 1172 4060 itidem
1200 4018 1316 4059 τενο
1341 4003 1457 4058 haec
1497 4001 1754 4058 columna

202 4103 585 4176 porphyretica.
627 4100 818 4156 Exstat
871 4116 936 4155 ex
989 4100 1198 4170 regione
1231 4096 1542 4162 diversoriis
1581 4094 1758 4165 ἰηίιυῖι

204 4193 357 4251 Dousa
386 4197 438 4251 in
491 4211 597 4252 suo
627 4193 919 4264 Cpolitano
973 4189 1285 4252 ltinerario,
1328 4187 1415 4242 vel
1450 4187 1634 4256 potius
1700 4185 1755 4238 in

199 4288 438 4344 Encomio
477 4288 682 4343 Meletii
730 4285 1019 4357 cujusdam
1057 4281 1389 4354 patriarcbze
1424 4277 1754 4344 Graccanici,

200 4380 270 4434 vel
294 4380 342 4433 in
378 4392 587 4450 satyra,
619 4393 726 4448 qua
763 4376 1344 4436 Jesuitasiusectatur,
1379 4372 1434 4425 in
1454 4386 1555 4441 quo
1572 4369 1750 4424 Cresa-

200 4483 296 4521 τίνω
323 4478 559 4522 oratores
587 4466 849 4534 hospitari
868 4480 980 4518 mos
1011 4473 1108 4529 est,
1141 4462 1388 4516 columna
1418 4457 1759 4515 Constantini

199 4575 462 4625 purpurea,
508 4561 560 4614 in
594 4559 747 4624 cuius
785 4558 1097 4613 summitate
1133 4553 1424 4622 spondylus
1453 4551 1754 4620 aediﬁcatus

196 4666 277 4719 est,
303 4655 352 4707 in
385 4672 487 4723 qua
515 4651 780 4722 ejusmodi
813 4650 1092 4718 inscriptio
1114 4657 1328 4717 apparet
1357 4661 1377 4701 :
1503 4710 1509 4715 _

251 4767 402 4841 340
433 4770 504 4824 Τὸ
534 4767 706 4841 θεῖφῆ
725 4763 1141 4841 ἔργον-Δένθάῷ
1170 4762 1401 4841 φθαρὲν
1427 4767 1644 4832 χρόνῳ,

251 4834 386 4893 item;
414 4837 713 4904 Μανουὴλ
742 4835 1002 4902 εὐσεϐὴς
1035 4834 1446 4902 αὐτοκράτωρ.

196 4932 272 4986 Est
306 4933 392 4987 hic
423 4930 750 4985 Emmanuel
803 4927 1275 4998 antepenultimus
1307 4943 1373 4982 ex
1403 4925 1756 4997 imperatori-

193 5025 588 5097 bustolitanis
616 5043 630 5078 :
663 5038 787 5077 nam
819 5030 939 5093 post
963 5021 1112 5076 hunc
1136 5029 1359 5076 secutus
1387 5028 1469 5074 est
1489 5017 1752 5085 Ioannes,

194 5122 270 5186 qui
298 5119 534 5174 concilio
564 5116 885 5171 Florentino
921 5115 1193 5176 interfuit,
1249 5123 1372 5184 post
1399 5113 1566 5168 istum
1604 5113 1754 5168 Con-

193 5215 473 5276 stantinus,
498 5213 601 5266 sub
633 5225 742 5280 quo
791 5210 978 5279 Cpolis
1010 5210 1062 5262 in
1092 5207 1384 5263 Turcicam
1424 5207 1750 5262 servitutem

192 5308 342 5361 venit.
431 5304 609 5376 Hujus
683 5304 1084 5374 porphyretica:
1157 5301 1431 5356 columna:
1504 5299 1756 5355 meminit

193 5400 360 5463 etiam,
413 5396 608 5453 eodem
648 5398 820 5451 ferme
872 5411 982 5465 quo
1026 5397 1208 5454 Dousa
1261 5395 1447 5457 modo,
1490 5394 1752 5448 Salomon

193 5486 472 5553 Swigerus,
510 5488 815 5555 praedicans
849 5487 1099 5552 Noricus,
1139 5487 1173 5539 l.
1215 5503 1247 5540 ιι
1280 5471 1379 5542 δυῖ
1403 5485 1751 5556 llo-.ltepurici

195 5592 234 5631 c.
262 5580 345 5635 5⁸1.

256 5671 389 5739 Quid
421 5670 712 5735 acciderit,
739 5672 960 5740 quando
989 5672 1343 5728 Andronicus
1377 5671 1562 5727 senior
1584 5670 1756 5738 impc-

195 5773 324 5818 rator
349 5765 444 5834 (7p.
479 5780 602 5818 cum
637 5765 786 5820 clero
819 5773 873 5818 et
903 5765 1100 5834 populo
1121 5765 1378 5822 Kalendis
1413 5765 1452 5818 S
1473 5765 1756 5836 ptentlzris

193 5860 250 5909 ad
304 5862 616 5916 columnam
672 5860 1110 5930 purpltyreticam
1166 5861 1534 5930 supplicabat,
1594 5862 1755 5917 dcent

196 5965 286 6006 nos
331 5951 604 6021 Gregoras
663 5951 731 6008 ad
790 5953 999 6010 calcem
1043 5953 1162 6009 libri
1214 5971 1264 6010 vt
1293 5972 1330 6023 ι,
1379 5957 1539 6028 cujus
1589 5959 1752 6014 verba

1861 3445 2059 3500 (iners.

1943 3537 2089 3593 Ibid.
2117 3535 2537 3610 [Monasterium
2559 3555 2588 3594 a
2613 3537 2902 3594 Theodoro
2932 3537 3214 3594 Michaelis
3242 3534 3446 3591 Pulzeo-

1862 3631 1968 3701 logi
2007 3647 2178 3687 uxore
2205 3642 2538 3702 reparatum,
2568 3633 2660 3687 ubi
2693 3633 2798 3688 sibi
2834 3633 3144 3702 sepulcrum
3172 3631 3453 3685 instaura-

1861 3726 1938 3780 vit
1992 3726 2136 3782 ﬁlius
2193 3727 2566 3794 Audmnicus,
2597 3737 2651 3782 et
2696 3727 2924 3782 inferias
2991 3742 3184 3782 novem
3243 3726 3440 3779 diebus

1864 3818 2118 3889 (numero
2139 3821 2373 3874 mortuis
2395 3819 2600 3886 dicato)
2631 3819 2870 3887 persolvi
2905 3819 3208 3874 mandavit.
3239 3817 3447 3887 Grego-

1862 3926 1976 3975 ras,
2009 3909 2077 3965 ad
2114 3911 2150 3966 Ι.
2185 3928 2238 3965 tx
2277 3910 2481 3964 calcem
2519 3929 2532 3964 :
2572 3911 2645 3962 Τὸ
2708 3911 2922 3965 ἐκείνου
2975 3912 3170 3979 νεκρὸν
3228 3912 3307 3973 εἰς
3345 3909 3449 3976 τὴν

1865 4003 2036 4073 μονὴν
2085 4000 2181 4058 τοῦ
2241 4001 2406 4065 Attio;
2439 4003 2887 4073 ὲπικεκλημένην
2939 4001 3284 4070 ἀπήνεγκαν.
3317 4002 3384 4071 ἣν
3411 4003 3448 4070 ὴ

1865 4098 2049 4166 μήτηρ
2076 4093 2241 4150 αὑτοῦ
2275 4094 2529 4165 θεοδὼρα
2557 4096 2931 4150 ἀνεκαίνισεν.
2973 4094 3145 4146 Ἔνοα
3169 4093 3234 4163 δὴ
3268 4094 3362 4147 καὶ
3385 4093 3448 4146 τὸ

1863 4188 2088 4254 πένθος,
2125 4187 2242 4241 κατ’
2273 4187 2416 4253 ἔθος,
2456 4187 2548 4239 ἐπὶ
2609 4187 2770 4241 ἐννέα
2826 4187 3042 4259 ἡμέρας
3103 4187 3444 4241 τετέλεσται.

1861 4283 1903 4336 Δ
1936 4280 2307 4338 Constantino
2345 4279 2480 4335 Libc
2498 4278 2676 4336 fuerat
2698 4281 2852 4352 prius
2882 4289 3227 4336 exstructum
3261 4277 3449 4334 Leone

1864 4376 2122 4446 Sapicnte
2163 4374 2494 4443 imperante.
2546 4372 2961 4429 Grammaticus
3008 4373 3158 4428 Leo:
3199 4371 3349 4424 Λέων
3417 4373 3448 4423 ὁ

1862 4468 2116 4541 βασιλεὺς
2152 4467 2305 4540 παρὰ
2335 4469 2758 4523 Κωνσταντίνου
2790 4468 2885 4521 τοῦ
2929 4468 3093 4529 Attio;
3127 4469 3183 4520 ὲν
3210 4469 3275 4537 τῇ
3308 4469 3445 4536 μονῇ

1859 4565 1926 4634 τῇ
1981 4559 2147 4615 αὑτοῦ
2199 4561 2265 4631 τῇ
2303 4558 2441 4633 οὔσῃ
2487 4561 2548 4614 ἐν
2600 4563 2676 4632 τῷ
2707 4562 3114 4631 Μερδοσαγάρῃ
3148 4560 3241 4613 τοῦ
3286 4559 3446 4628 ποιῆ-

1787 4688 1836 4748 D
1863 4673 1953 4709 σαι
1991 4655 2054 4708 τὰ
2085 4654 2338 4722 ὲγκαίνια
2372 4655 2468 4706 καὶ
2498 4653 2796 4724 ἀριστῆσαι
2821 4652 3199 4722 προσεκλήθη.
3236 4649 3440 4722 Goau.]

1932 4746 2080 4802 Ibid.
2138 4745 2198 4802 S.
2254 4745 2514 4800 Demetrii
2546 4745 2834 4816 martyris,
2877 4745 2964 4800 cui
3012 4755 3443 4814 cognomentum

1857 4839 2180 4912 Myroblyta,
2240 4837 2441 4894 festum
2496 4837 2779 4892 celebrant
2827 4836 3001 4892 Graeci
3034 4836 3104 4896 26
3162 4837 3444 4897 Octobris.

1859 4931 1975 4989 Hoc
2000 4947 2129 5004 ergo
2146 4931 2232 4987 die
2259 4931 2556 5002 imperator
2577 4929 2643 4983 ad
2668 4931 3069 4991 monasterium
3095 4931 3152 4990 iu
3181 4931 3444 4986 honorem

1861 5028 1918 5082 S.
1941 5024 2196 5082 Demetrii
2213 5039 2244 5078 a
2263 5021 2589 5093 Palteolog'ts
2603 5020 2935 5076 aediﬁcatum
2957 5037 3082 5078 sese
3101 5021 3444 5079 conterebat.

1859 5119 2056 5175 (iners.

1929 5212 2087 5285 341
2115 5210 2258 5266 Ibid.
2285 5209 2526 5283 [Μονήν
2555 5207 2676 5262 τῶν
2708 5209 3217 5276 Παλαιο.ιότων.Α
3241 5207 3448 5262 Palam-

1857 5307 1998 5377 logis
2022 5321 2221 5361 nomen
2244 5303 2500 5362 sortitum
2524 5303 2920 5357 monasterium
2942 5316 3096 5371 epes,
3119 5311 3442 5371 proventus,

1859 5399 2112 5464 aedilicia,
2154 5405 2480 5453 ornamenta
2515 5395 2746 5465 qumvis;
2777 5395 2845 5448 ab
2871 5394 2946 5450 cis
2968 5396 3203 5464 primum
3229 5395 3442 5463 imperii

1869 5491 2053 5546 sedem
2089 5488 2492 5558 occupantibus
2519 5487 2704 5541 debuit
2737 5488 3036 5556 accepisse.
3071 5485 3220 5542 Gom
3248 5485 3270 5559 ]

1936 5582 2074 5636 Ibid.
2117 5580 2370 5635 Natalem
2407 5577 2465 5634 S.
2499 5575 2886 5650 Chrysostomi
2918 5577 3123 5632 obeunt
3169 5576 3345 5632 Graeci
3375 5577 3446 5631 l3

1861 5673 2208 5728 Novembris.

1935 5765 2078 5818 Ibid.
2128 5763 2306 5830 Vcrti,
2343 5764 2396 5817 in
2457 5766 2886 5834 prwsentatione.
2928 5761 3018 5817 Sic
3051 5762 3196 5816 cnim
3248 5777 3330 5816 res
3361 5761 3446 5815 itt-

1863 5859 2147 5927 tclligitur.
2203 5857 2522 5914 Cclcbratur
2552 5872 2582 5912 ει
2613 5857 2823 5912 Latinis
2876 5855 3082 5925 pariter
3122 5863 3176 5910 et
3231 5853 3443 5910 Graecis

1863 5956 1928 6010 21
1962 5954 2308 6012 Novembris.
2362 5953 2681 6010 Mouastcrii
2711 5955 2806 6024 τῆς
2839 5949 3210 6025 Περιὸλέπτου
3247 5949 3444 6007 memi-
