3852 6598
379 426 486 486 379
1528 432 1608 495 lN
1658 424 1961 495 LIBRUM
1991 436 2087 497 DE
2111 435 2438 503 OFFICIIS
2476 439 2586 503 GP.
3510 442 3609 507 380

382 536 459 586 uit
490 530 759 601 Gregoras
792 533 831 588 1.
855 546 952 600 vit,
983 542 1037 590 et
1066 534 1453 607 Pachymeres,
1501 540 1539 594 l.
1582 556 1636 596 v.
1672 540 1802 598 Erat
1826 559 1949 599 mo-
1982 556 2028 612 Α
2057 546 2291 604 decursu
2339 551 2725 613 invitarentur,
2788 550 3125 607 sumcientes
3180 561 3234 606 et
3288 553 3438 623 juste
3485 554 3621 620 parti

381 625 682 679 nastetium
765 627 1130 685 sanctissima:
1204 630 1431 702 virginis
1514 632 1723 699 Mariae,
1789 653 1955 706 quam
2056 649 2308 709 sumptus
2337 643 2991 711 suppeditarent.Procul
3025 643 3206 709 itaque
3236 654 3354 698 erat
3392 654 3623 698 acusto-

379 716 554 772 Graeci
607 717 994 788 περίϐλεπτον,
1035 722 1138 778 hoc
1168 732 1253 778 est
1281 725 1621 793 spectabilem
1647 744 1745 784 seu
1776 730 1955 784 admi-
2058 731 2272 788 diendis
2330 733 2544 789 bellicis
2604 734 3009 797 instrumentis,
3061 745 3123 788 ut
3152 734 3435 806 Xylander
3455 745 3509 790 et
3533 738 3621 790 alii

380 812 628 875 random.
689 823 910 868 vocant.
972 815 1029 870 In
1088 815 1189 872 hoc
1235 817 1433 872 festum
1477 821 1672 889 partim
1706 833 1941 889 exstant,

2056 834 2186 878 sunt
2215 826 2460 894 opinati;
2499 842 2602 882 nec
2638 827 2929 896 κουρὰτωρ
2960 827 3069 880 τῶν
3105 828 3439 896 Μαγγάνων,
3461 844 3621 897 quem

383 906 577 973 partim
622 906 802 960 adhuc
833 906 887 960 in
927 907 1278 965 bibliothecis
1314 912 1485 966 latent
1517 913 1699 969 multae
1733 913 1957 970 Gricco-
2055 930 2181 969 eum
2210 917 2333 971 aliis
2363 916 2418 971 in
2482 917 2671 972 lsaacii
2707 917 2988 972 Comneno
3023 917 3267 974 Zonaras
3294 929 3347 974 et
3378 919 3623 988 Gumpa-

380 1012 500 1051 rum
542 998 800 1054 homilite.
836 1000 1043 1056 Gens.
1346 1046 1349 1047 ν

450 1087 589 1143 Ibid.
642 1088 740 1161 [De
777 1090 880 1147 hoc
920 1093 1254 1148 monasterio
1309 1094 1589 1153 Cedrenus
1620 1097 1675 1151 in
1705 1098 1954 1154 Romano

380 1178 625 1249 Argyro:
688 1181 1071 1251 ’Δναιρεοεὶςό
1114 1183 1393 1249 Ῥωμανὸς
1437 1185 1720 1254 βασιλεὺς,
1752 1188 1954 1242 θάπτε-

378 1287 468 1322 ται
492 1269 548 1321 ὲν
574 1273 639 1339 τῇ
677 1272 807 1339 παρ’
841 1272 1005 1325 αὑτοῦ
1026 1275 1421 1347 νεουργηθείσῃ
1451 1278 1548 1344 τῆς
1582 1280 1954 1349 Περιϐλέτιτου

380 1361 541 1426 μονῇ.
577 1358 883 1429 Scripserat
916 1365 1174 1431 superius
1206 1383 1221 1420 :
1271 1365 1329 1417 '0
1351 1365 1407 1418 δὲ
1440 1365 1694 1435 βασιλεὺς
1736 1368 1953 1436 Ῥωμα-

378 1450 466 1512 νδς
495 1451 581 1505 τδν
642 1447 793 1505 οἷκον
841 1454 935 1506 τοῦ
970 1455 1482 1525 Τριακονταφύλλου
1529 1458 1950 1531 ἐξωνησάμενος

378 1544 458 1605 είς
488 1545 851 1614 μοναστήριον
887 1546 1288 1614 μετεσκεύασεν
1318 1548 1404 1601 ἐπ’
1438 1550 1668 1621 ὀνόματι
1714 1553 1813 1623 τῆς
1867 1555 1955 1608 δε·-

377 1634 608 1701 σποίνης
637 1636 795 1705 ἡμῶν
824 1636 1118 1696 Θεοτόκου.
1173 1640 1385 1707 Quibus
1414 1645 1725 1714 sumptibus
1756 1657 1806 1701 et
1844 1663 1950 1717 qua

377 1725 782 1793 tiiagttiﬁcentia
838 1740 1179 1784 exstructum
1227 1732 1511 1799 Gedrettus
1550 1739 1947 1807 prosequitur:

376 1817 466 1868 ubi
514 1818 677 1872 situm
712 1818 898 1885 fuerit,
934 1822 1091 1877 docet
1119 1822 1413 1895 Gregoras,
1454 1843 1548 1890 vtt,
1586 1829 1692 1894 £8;
1731 1844 1758 1882 a
1791 1830 1952 1885 Nice-

2057 1010 2193 1063 lates
2216 1019 2503 1073 memorat,
2533 1010 2673 1064 alius
2705 1018 2824 1064 erat
2849 1025 3013 1078 quam
3048 1011 3139 1080 qui
3172 1011 3368 1064 domus
3398 1012 3625 1080 hujusce

2053 1094 2107 1153 et
2138 1098 2408 1152 redituum
2434 1100 2553 1169 ejus
2587 1114 2775 1154 curam
2825 1099 3068 1155 haberet.
3103 1100 3322 1154 Turrim
3358 1102 3474 1156 sive
3501 1118 3627 1171 pro-

2053 1191 2418 1261 pugnaculum
2470 1193 2626 1261 ponit
2675 1202 2826 1248 extra
2875 1193 3065 1247 urbem
3127 1193 3181 1247 in
3230 1194 3621 1263 Hanganormn
3710 1198 3711 1201 “

2054 1285 2285 1354 planitie
2347 1284 2788 1349 Cantaenzeuus,
2838 1302 2923 1351 tu,
2957 1287 3043 1348 72,
3076 1302 3307 1355 eamque
3336 1290 3474 1341 adeo
3502 1304 3623 1342 mu-

2056 1376 2227 1431 nitam
2283 1392 2333 1430 c.
2357 1376 2427 1431 80
2452 1384 2507 1430 et
2537 1376 2606 1429 87
2637 1375 2882 1431 aﬂirmat
2920 1386 2979 1431 ut
3005 1379 3197 1432 urbem
3224 1378 3328 1433 GP.
3366 1380 3447 1435 vel
3482 1383 3620 1435 tueri

2054 1468 2137 1523 vel
2165 1482 2479 1538 oppugnare
2511 1478 2716 1537 posset.
2769 1467 3161 1525 Monasterium
3194 1470 3304 1525 illic
3335 1471 3436 1524 loci
3474 1487 3619 1525 con-

2054 1562 2253 1615 struxit
2275 1561 2668 1616 Monomaehus
2697 1562 3110 1626 Constantinus,
3139 1563 3446 1634 legiturque
3472 1566 3619 1633 apud

2053 1650 2362 1706 Cedrenum
2401 1652 2656 1719 κείμενος
2677 1653 2736 1705 ἂν
2765 1656 2832 1722 τῇ
2864 1653 2994 1722 παρ’
3030 1653 3197 1705 αὑτοῦ
3227 1654 3623 1725 νεουργηθείσῃ

2057 1745 2191 1814 μονῇ
2215 1743 2322 1796 τῶν
2353 1743 2690 1810 Μαγγάνων,
2718 1744 3111 1813 subditurque:
3145 1745 3255 1797 Καὶ
3285 1748 3313 1798 ὁ
3350 1746 3447 1812 μὲν
3473 1746 3623 1816 βασι-

2054 1837 2175 1898 λεὺς
2224 1835 2515 1890 ἀποθανὼν
2562 1839 2619 1889 ὲν
2650 1839 2765 1899 τοῖς
2792 1837 3113 1905 Μαγγάνοις
3139 1837 3319 1907 ταφῆς
3341 1836 3498 1907 ἔτυχε
3523 1838 3622 1907 τῆς

375 1909 854 1976 ιιίιοτονΒοιιιιιὶοιε
887 1924 1200 1983 reparatum
1244 1916 1487 1975 Zonaras
1525 1920 1692 1977 refert
1718 1922 1784 1977 ad
1817 1923 1941 1992 ejus

2056 1928 2338 1996 τυχούσης.
2372 1927 2569 2001 Ceam]

379 1997 514 2053 Vitae
540 2002 766 2057 calcem.
802 2005 1002 2077 Gustu]

452 2094 587 2147 Ibid.
618 2095 838 2152 Festum
891 2097 948 2152 S.
968 2097 1150 2154 Basilii
1178 2102 1456 2160 celebrant.
1487 2106 1658 2163 Graeci
1690 2108 1945 2166 Kalendis

378 2185 655 2252 Januarii,
688 2189 792 2243 hoc
821 2200 903 2244 est
939 2193 1057 2260 ipso
1081 2194 1528 2255 circumcisionis
1550 2201 1660 2256 die.

448 2276 593 2334 Ibid.
656 2278 874 2335 Festum
932 2282 1211 2347 Occursus
1266 2287 1813 2360 seu‘Puriﬁcatiom's
1847 2310 1945 2348 no-

375 2368 585 2425 biscum
620 2358 899 2428 celebrant
928 2374 1099 2430 Graeci
1125 2376 1159 2429 2
1188 2377 1496 2435 Februarii.
1535 2382 1945 2442 Blaehernense

374 2462 634 2529 templum
670 2464 1051 2521 suburbanum
1084 2470 1295 2525 eratad
1340 2471 1492 2527 littus
1524 2477 1718 2541 maris,
1752 2480 1942 2534 condi-

374 2564 488 2608 tutn
524 2569 552 2607 a
597 2553 885 2611 Pulcheria
938 2558 1307 2629 imperatrice.
1356 2563 1500 2632 Opus
1538 2568 1677 2620 enim
1707 2569 1817 2637 ejus
1842 2580 1940 2635 est,

373 2645 549 2713 inquit
595 2646 958 2716 Nicephorus.
1005 2667 1119 2715 xw,
1172 2651 1225 2716 2,
1259 2671 1470 2709 sacrum
1533 2657 1629 2712 Dei
1660 2657 1943 2716 Genitricis

375 2738 652 2805 templum,
684 2740 823 2809 quod
869 2738 1184 2799 Blaclterua:
1212 2747 1429 2813 dicitur,
1462 2752 1679 2820 dignum
1703 2753 1798 2807 illa
1825 2756 1942 2823 ipsa

387 2828 537 2881 Verbi
568 2829 771 2895 Matre,
818 2835 960 2903 quod
1009 2836 1328 2892 inhabitaret
1380 2842 1733 2900 domicilium.
1775 2845 1943 2917 Cujus

371 2922 603 2975 diuinum
639 2920 899 2980 tumulum
920 2938 970 2981 et
995 2930 1313 2995 sepulcrales
1337 2933 1536 3001 fascias
1558 2937 1797 2993 inventus
1821 2958 1942 2993 cum

371 3016 700 3068 veneratione
761 3018 999 3073 maxima
1058 3021 1131 3074 ibi
1191 3025 1444 3092 reposuit.
1510 3023 1837 3093 (Cedrenum
1884 3031 1943 3086 in

375 3102 658 3161 Marciano
688 3108 901 3164 confert
934 3111 1125 3182 Guar.)
1174 3118 1368 3184 Magna
1396 3117 1649 3187 religione
1687 3121 1940 3189 templum

374 3198 431 3249 id
469 3197 757 3268 Byzantini
784 3204 979 3270 colunt,
1018 3206 1193 3277 inquit
1223 3208 1361 3263 idem
1403 3207 1765 3279 Niccpltorus,
1787 3228 1939 3279 xvnt,

2118 2020 2180 2075 P.
2206 2020 2537 2076 81.Festum
2561 2022 2902 2077 Constantini
2938 2032 2988 2075 et
3039 2021 3253 2076 llelettte
3285 2023 3451 2093 intpp.
3482 2023 3623 2077 cele-

2048 2112 2207 2167 brant
2231 2111 2403 2166 Graeci
2430 2113 2492 2165 2|
2516 2112 2607 2166 dis
2632 2111 2990 2169 Maii.Gna‘rs.

2117 2204 2260 2259 Ibid.
2294 2203 2745 2277 [Constantinum
2783 2222 2892 2262 non
2949 2215 3201 2262 sanctum
3238 2207 3398 2262 modo
3440 2210 3533 2263 sed
3570 2220 3623 2265 et

2051 2298 2406 2353 ίσαπόστολον
2435 2298 2611 2355 Grieci
2643 2301 2942 2369 praedicant
2971 2301 3040 2355 ob
3066 2309 3417 2370 propagatam
3447 2311 3501 2356 et
3521 2304 3622 2357 de-

2048 2390 2255 2444 fensam
2273 2389 2391 2458 ejus
2416 2391 2600 2445 studio
2622 2391 2803 2447 fidem.
2823 2391 3106 2461 Templum
3133 2390 3232 2445 SS.
3261 2391 3538 2460 Apustolis
3567 2392 3618 2445 in

2048 2490 2280 2550 utraque
2330 2480 2500 2536 Roma
2548 2482 2849 2538 :edilicasse
2880 2494 3093 2537 cunctae
3123 2482 3421 2552 loquuntur
3451 2482 3620 2537 histo-

2046 2573 2163 2636 riae,
2184 2584 2235 2627 et
2269 2573 2322 2627 in
2364 2574 2680 2629 earumdem
2710 2575 2898 2629 limine
2927 2589 3148 2645 capsam
3183 2575 3618 2645 porphyreticam

2046 2664 2351 2720 Romanam
2385 2667 2562 2723 eidem
2610 2670 2662 2722 in
2694 2669 3005 2739 sepulcrum
3040 2684 3377 2725 concessam.
3414 2669 3616 2740 ϐολῇ]

2118 2757 2260 2813 Ibid.
2292 2759 2533 2815 Natalem
2562 2762 2702 2815 diem
2762 2761 2824 2817 S.
2857 2761 3086 2816 Joannis
3120 2760 3383 2832 Baptista:
3412 2765 3619 2819 obeunt

2045 2849 2219 2906 Graeci
2252 2852 2538 2908 nobiscum
2568 2854 2640 2907 at
2668 2852 2754 2908 die
2785 2854 2957 2910 Junii.
2987 2853 3303 2910 Monasterii
3334 2858 3423 2911 cui
3454 2844 3619 2911 Petra

2046 2958 2265 3005 nomen,
2295 2947 2546 3001 meminit
2575 2946 2871 3002 Cantacuz.
2902 2963 2982 3012 ttt,
3016 2948 3107 3003 55.
3138 2947 3346 3004 Gasrs.

2116 3036 2259 3092 Ibid.
2283 3037 2468 3110 [Petra
2517 3055 2716 3094 nomen
2761 3042 3120 3096 monasterio.
3159 3041 3312 3115 Μονὴ
3339 3060 3615 3113 προσαγο-

2049 3131 2320 3203 ρευομένη
2374 3134 2578 3205 Πέτρα,
2634 3134 2827 3190 scribit
2883 3134 3329 3202 Cantacuzenus,
3395 3153 3480 3199 ιιι.
3522 3138 3614 3193 55.

2054 3220 2226 3276 ᾹΞάεε
2250 3223 2338 3278 illa
2361 3240 2517 3280 sacra
2548 3224 2735 3279 Basilii
2767 3226 3079 3283 Macedonis
3109 3244 3248 3298 opus
3274 3237 3379 3295 est,
3416 3230 3486 3285 de
3508 3246 3616 3299 quo

372 3292 441 3345 58
478 3308 492 3347 :
526 3292 722 3347 dicitur
744 3312 968 3366 namque
992 3308 1042 3352 et
1064 3300 1303 3354 creditur
1332 3313 1497 3357 vestes
1520 3303 1707 3359 Maria:
1725 3307 1941 3375 virginis

2056 3315 2359 3371 Cedrenus:
2388 3320 2496 3372 Καὶ
2519 3318 2643 3382 τοὺς
2665 3319 2761 3373 δύο
2781 3320 2874 3373 τοῦ
2900 3320 3210 3374 Βαπτιοτοῦ
3251 3323 3451 3389 σηκοὺς
3479 3322 3536 3373 ἔν
3555 3340 3615 3375 τε
3650 3386 3653 3389 γ

370 3394 421 3437 et
439 3396 637 3453 partem
656 3390 937 3454 quamdam
960 3392 1285 3446 admiranda:
1305 3394 1446 3446 illius
1476 3413 1621 3450 sonte
1655 3400 1946 3469 capitisque

371 3477 903 3535 etimnamiculumin
924 3497 1086 3535 aurea
1113 3499 1246 3537 urna
1269 3486 1342 3539 ibi
1364 3489 1646 3543 asservari.
1683 3488 1756 3543 De
1796 3499 1944 3544 veste

373 3567 428 3620 d.
462 3566 693 3638 Virginis
723 3581 934 3640 reperta
980 3574 1101 3629 vide
1131 3577 1380 3632 eumdem
1402 3577 1693 3651 Nicephor.
1727 3597 1817 3650 xv,
1847 3582 1939 3638 24.

373 3657 576 3715 GRETS.

446 3750 583 3805 Ibid.
606 3752 809 3825 [Μέχρι
829 3757 946 3812 τῶν
962 3758 1265 3829 ’Υψηλῶη
1290 3762 1361 3818 De
1380 3766 1560 3835 palatii
1581 3767 1944 3829 Blachernen-

373 3843 449 3897 sis
474 3850 738 3911 parte,cui
764 3866 957 3905 nomen
992 3853 1219 3924 ’Υψηλά,
1244 3856 1446 3912 dictum
1470 3861 1744 3929 superius.

448 3936 506 3988 P.
534 3936 621 3990 81.
645 3936 929 4010 [Πέζευμα
946 3958 1065 3998 esse
1088 3945 1271 4015 palatii
1304 3946 1478 4003 locum
1500 3966 1607 4020 quo
1645 3950 1941 4023 imperator

372 4027 615 4092 πεζεύει,
648 4034 964 4089 manifestat
996 4052 1119 4107 cap.
1152 4038 1204 4102 5,
1248 4024 1505 4111 idemque
1536 4044 1781 4100 declarat
1810 4056 1938 4101 nota

371 4121 438 4173 ad
469 4138 523 4190 p.
548 4122 637 4178 29.
670 4124 869 4198 Ceam]

443 4212 584 4269 Ibid.
672 4215 893 4271 Festum
945 4218 1003 4274 S.
1027 4221 1257 4292 Georgii
1318 4226 1578 4294 martyris
1648 4231 1933 4285 celebrant

366 4303 547 4358 Graeci
570 4306 641 4359 25
669 4308 756 4362 die
790 4310 1013 4377 Aprilis.
1063 4310 1450 4381 Mangancnsis
1483 4320 1798 4373 monasterii
1828 4336 1940 4376 me-

371 4398 535 4450 minit
568 4398 1011 4458 Cantacuzenus.
1051 4403 1086 4457 l.
1125 4420 1162 4467 ι,
1195 4420 1244 4457 c.
1282 4406 1350 4461 50
1384 4415 1437 4461 et
1478 4407 1565 4473 59,
1603 4420 1655 4464 et
1691 4412 1731 4467 1.
1779 4429 1857 4478 tv,
1883 4429 1933 4469 c.

373 4490 439 4542 i6
475 4496 529 4541 et
564 4490 633 4542 42
664 4498 717 4543 et
747 4491 836 4556 45,
870 4493 920 4545 in
954 4509 1062 4560 quo
1120 4495 1438 4565 aliquandiu
1494 4499 1934 4571 Catttacuzentts,

2045 3409 2111 3476 τῇ
2164 3408 2437 3478 Στροὸιλῳ
2477 3411 2571 3463 καὶ
2616 3411 3069 3476 Μακεδονιαναίς,
3109 3413 3201 3467 τοῦ
3240 3414 3344 3482 μὲν
3404 3414 3615 3482 ἀνῳκο-

2045 3496 2247 3567 δόμησε
2274 3500 2335 3552 τὸ
2362 3500 2635 3565 πλεῖστον,
2664 3503 2723 3555 τὸ
2745 3502 2801 3556 δὲ
2820 3504 2885 3556 ἐκ
2922 3503 3144 3573 βάθρων
3171 3505 3488 3574 ἀνήγειρεν.
3516 3504 3615 3558 Pe-

2047 3597 2185 3642 tram
2225 3606 2356 3646 vero
2415 3592 2494 3646 ad
2534 3593 2948 3658 monasterium,
3007 3596 3097 3649 cui
3130 3610 3329 3650 nomen
3361 3596 3611 3664 imponit,

2046 3680 2207 3734 sitam
2262 3683 2544 3753 στροϐιλου
2591 3684 2820 3752 ﬁguram
2855 3685 3062 3740 referre
3092 3686 3280 3740 vident
3312 3686 3408 3756 qui
3444 3688 3611 3740 etiam

2044 3771 2207 3827 hodie
2235 3772 2339 3828 GP.
2370 3775 2546 3829 oculis
2578 3776 3046 3832 circumlustrant.
3073 3776 3274 3849 Com.)

2116 3865 2259 3920 Ibid.
2284 3867 2437 3936 Apud
2457 3867 2674 3923 Graecos
2702 3869 3009 3925 tricesimus
3034 3869 3150 3925 dies
3180 3868 3330 3924 Junii
3354 3870 3611 3924 omnibus

2042 3960 2206 4015 simul
2245 3960 2504 4028 apostolis
2535 3961 2749 4016 dicatus
2773 3971 2877 4016 est.
2920 3961 3118 4019 Gnars.

2111 4049 2255 4105 Ibid.
2281 4049 2381 4123 [De
2411 4051 2800 4121 Apostolorum
2842 4053 2979 4109 festo
3004 4056 3309 4110 solemnius
3331 4053 3439 4109 Cl‘.
3470 4056 3613 4110 cele-

2040 4140 2198 4197 brato
2233 4144 2347 4199 bace
2376 4142 2771 4213 Theophanes:
2809 4145 3017 4214 Φῆστος
3059 4144 3424 4213 συγκλητικὸς
3469 4144 3611 4198 Ῥῶ-

2044 4251 2149 4303 unc;
2184 4235 2513 4299 ἀποσταλεὶς
2544 4238 2681 4307 πρὸς
2718 4237 3068 4290 Ἀναστάπιον
3120 4236 3208 4288 διὰ
3243 4254 3398 4300 τινας
3421 4238 3612 4307 χρείας

2039 4325 2326 4389 πολιτικὰς
2345 4326 2444 4390 τὰς
2476 4327 2699 4397 μνήμας
2718 4327 2828 4380 τῶν
2863 4328 3035 4396 ἁγίων
3066 4327 3385 4383 ἀποστόλων
3405 4329 3611 4399 Πέτρου

2039 4418 2133 4470 καλ.
2164 4418 2372 4472 Παύλου
2392 4418 2910 4489 πανηγυρικώτερον
2942 4418 3310 4473 ἐπιτελεῖσθαι
3340 4420 3611 4489 ᾐτήσατο.

2044 4509 2109 4560 Ὀ
2132 4512 2226 4562 καὶ
2256 4512 2451 4580 κρατεῖ
2487 4511 2760 4581 μέχρικαὶ
2784 4510 2901 4565 νῦν.
2930 4509 3128 4583 6mm]

370 4579 621 4646 deposito
646 4580 898 4649 imperio,
930 4584 1094 4638 vitam
1121 4588 1478 4643 monasticam
1513 4591 1641 4659 egit.
1680 4593 1931 4662 Ejusdem
1971 4624 2012 4678 υ
2114 4599 2257 4654 Ibid.
2326 4579 3127 4673 FestumiTransligurationis—
3148 4611 3315 4673 agunt
3366 4601 3539 4658 Graeci
3577 4602 3610 4657 6

370 4671 664 4739 aliquoties
723 4676 926 4729 mentio
957 4675 1013 4730 lit
1050 4677 1102 4731 in
1140 4677 1378 4733 Historia
1407 4679 1699 4752 Nicepltori
1732 4685 1936 4758 Grego-

371 4783 466 4820 rtc.
496 4767 549 4821 ln
606 4770 706 4823 hac
743 4773 1092 4836 processitme
1122 4777 1186 4828 ad
1216 4774 1481 4847 Mangana
1512 4779 1601 4834 die
1628 4778 1685 4835 S.
1719 4782 1937 4854 Georgii

318 4902 329 4905 Α
368 4859 733 4916 Constantino
772 4862 932 4918 Ducas
956 4864 1272 4934 imperatori
1302 4868 1515 4924 insidia:
1546 4872 1766 4926 s'tructie
1787 4884 1938 4938 sunt,

367 4972 507 5023 quas
539 4966 716 5013 tamen
752 4961 867 5026 ipse
892 4958 1120 5015 feliciter
1161 4963 1356 5027 Evasit,
1399 4974 1456 5019 ut
1488 4967 1677 5021 scribit
1702 4966 1938 5024 Joannes

366 5048 719 5115 (IurOpalata.
770 5048 1158 5107 Monasterium
1242 5054 1610 5125 Manganense
1670 5064 1939 5115 exstruxit

370 5139 762 5195 Monomacltus
793 5145 1112 5214 imperator,
1143 5150 1370 5204 testibus
1397 5150 1645 5207 Cetlreno
1676 5162 1730 5207 ct
1760 5153 1938 5210 Curu-

367 5234 581 5301 palata;
618 5234 707 5287 ubi
734 5237 896 5289 etiam
924 5240 1172 5305 sepultus
1199 5249 1301 5295 est.
1335 5240 1539 5299 Gut-11's.

443 5324 582 5380 Ibid.
609 5325 910 5397 [Cedrenus
941 5331 1007 5384 de
1040 5330 1320 5401 Manganis
1343 5334 1465 5389 loco
1497 5354 1508 5389 :
1546 5338 1750 5407 Ἔργον
1776 5341 1939 5395 Βασι-

366 5416 512 5468 λείου
546 5420 634 5473 τοῦ
691 5416 955 5487 βασιλέως
987 5422 1079 5474 καὶ
1108 5424 1134 5473 ὁ
1159 5422 1452 5490 λεγόμενος
1483 5421 1629 5490 οἶκος
1657 5428 1723 5481 τὰ
1774 5430 1934 5496 Μάγ-

368 5525 508 5572 γανα
535 5508 627 5561 καὶ
650 5509 678 5562 ὁ
708 5510 892 5580 ἕτερος
924 5512 951 5564 ὁ
991 5513 1107 5576 νέος
1132 5513 1484 5583 καλούμενος.
1512 5516 1681 5584 Quas,
1716 5529 1771 5572 ut
1805 5522 1936 5576 sul)-

365 5600 466 5663 dit,
493 5616 559 5655 eo
592 5602 1085 5671 propositoerexit,
1118 5622 1185 5659 ne
1211 5606 1457 5675 publicos
1481 5610 1689 5664 reditus
1722 5611 1772 5663 in
1805 5629 1935 5667 usus

369 5694 607 5762 privatos
638 5705 889 5751 verteret.
928 5697 1057 5750 Eam
1091 5700 1162 5753 ob
1194 5714 1305 5754 rem
1340 5699 1545 5755 reditus
1570 5702 1649 5756 eis
1682 5717 1745 5757 ex
1787 5705 1933 5772 agri-

366 5787 596 5865 cultura:
625 5792 978 5858 proventibus
1010 5792 1295 5847 constituit
1326 5792 1488 5865 342
1521 5794 1764 5859 idoneos,
1791 5797 1933 5851 unde

366 5864 722 5949 imperatorio
781 5885 1033 5939 t‘ottvivio
1084 5901 1181 5954 pro
1235 5900 1292 5940 se
1329 5896 1379 5941 ct
1424 5886 1488 5942 iis
1518 5888 1609 5957 qui
1650 5898 1759 5942 toto
1799 5889 1927 5942 atmi

2039 4691 2291 4759 Augusti.
2324 4691 2384 4745 ln
2418 4693 2753 4746 monasterio
2808 4691 3218 4746 Pantocratoris
3249 4692 3500 4759 sepultus
3528 4698 3613 4743 est

2042 4779 2259 4836 Manuel
2293 4782 2606 4837 Comnenus
2644 4783 2964 4852 imperator,
3002 4793 3058 4837 ut
3078 4783 3267 4837 scribit
3297 4781 3514 4838 Nicetas
3540 4784 3609 4838 ad

2040 4874 2240 4929 calcem
2282 4875 2402 4930 libri
2433 4891 2505 4931 vtt
2538 4877 2611 4931 De
2642 4875 2805 4931 rebus
2840 4873 3234 4930 Emmanuelis.
3271 4873 3468 4930 Gac'rs.

2114 4964 2254 5018 Ibid.
2292 4963 2523 5036 [lrenem
2556 4967 2853 5021 Andronici
2882 4966 3119 5020 senioris
3146 4980 3375 5019 uxorem
3413 4967 3470 5020 in
3504 4965 3611 5020 hoc

2041 5057 2372 5112 monasterio
2425 5042 2693 5127 sepultam
2752 5069 2936 5112 narrat
2968 5058 3239 5128 Gregoras
3261 5075 3355 5126 vit,
3382 5061 3449 5114 16
3474 5078 3489 5127 ;
3516 5076 3605 5114 rc-

2039 5150 2333 5218 gnantibus
2366 5151 2418 5206 in
2440 5150 2659 5206 Oriente
2690 5149 3023 5217 Francis,~.a
3051 5153 3159 5206 τῶν
3183 5153 3429 5205 Λατίνων
3457 5152 3611 5222 βασί-

2038 5247 2155 5298 λεια
2198 5249 2231 5317 ἡ
2289 5246 2383 5300 τοῦ
2419 5245 2858 5314 παντοκράτορος
2911 5245 3122 5315 ὑπῆρχε
3179 5247 3360 5316 μονή.
3410 5247 3605 5299 scribit

2040 5336 2179 5391 idem
2217 5355 2288 5399 tv,
2335 5339 2367 5390 ι
2394 5353 2408 5403 ;
2437 5336 2642 5405 regiam
2680 5335 3019 5405 sepulturam
3058 5336 3277 5390 dederat
3309 5337 3459 5405 prius
3493 5336 3609 5389 Ma-

2038 5429 2184 5483 nueli
2217 5429 2520 5491 Gomneno,
2568 5436 2837 5481 utauctor
2865 5435 2950 5481 est
2976 5425 3193 5481 Nicetas
3230 5426 3281 5479 in
3316 5428 3435 5495 ejus
3460 5426 3601 5481 Vita.

2038 5522 2078 5574 A
2107 5520 2303 5574 Basilio
2345 5519 2635 5575 Macedone
2682 5520 2863 5590 primo
2917 5530 3296 5574 constructum
3344 5532 3398 5573 et
3421 5537 3605 5574 annuo

2037 5630 2204 5668 censu
2248 5614 2416 5667 fuisse
2447 5613 2715 5667 donatum
2750 5621 2943 5667 auctor
2982 5622 3067 5667 est
3099 5612 3604 5681 Cedrentts:’Av1';-

2036 5721 2184 5773 γειρε
2209 5703 2263 5757 δὲ
2291 5703 2439 5772 (ναὸν
2465 5701 2761 5769 Βασίλειος)
2786 5702 2876 5753 καὶ
2893 5702 2957 5753 ὲκ
2991 5702 3185 5770 καινῆς
3216 5701 3271 5753 ὲν
3296 5702 3412 5761 ταῖς
3449 5700 3605 5768 βασι-

2034 5796 2198 5858 λείοις
2224 5796 2417 5859 αὒλαῖς
2449 5796 2528 5857 είς
2550 5796 2723 5861 ὄνομα
2748 5793 2842 5846 τοῦ
2869 5793 3141 5846 Δεσπότου
3164 5793 3415 5861 Σωτῆρος
3444 5791 3557 5861 Χρι
3575 5821 3601 5831 -

2036 5888 2179 5941 στοῦ.
2214 5887 2271 5941 Et
2306 5888 2485 5943 infra:
2524 5888 2630 5941 Καὶ
2657 5886 2849 5951 ἄλλους
2884 5884 2932 5937 δὲ
2964 5884 3191 5945 πολλοὺς
3227 5884 3403 5946 θείους
3437 5883 3599 5944 ναοὺς
