3852 6596
167 444 248 506 331
1221 444 1616 506 GllETSERl
1653 443 1744 502 ΕΤ
1786 444 2020 504 GOAIiI
2065 445 2303 506 NOTAE.

3267 447 3373 510 382

158 562 284 621 ani;
301 556 387 610 τιιῦ
412 557 673 611 παλατίου
695 554 1001 627 ἓδομήσατσ
1021 554 1100 617 εἰς
1121 553 1292 623 ὄνομα
1315 552 1408 607 τοῦ
1432 553 1685 622 Σωτῆρος

1799 571 1957 608 mauo
1986 541 2050 609 ad
2085 557 2232 611 diem
2259 556 2328 611 15
2355 556 2582 626 Augusti
2616 557 2748 612 illud
2767 556 2833 611 de
2873 555 3110 613 secunda
3139 553 3371 610 Assum-

159 649 380 721 Χριστοῦ.
406 649 606 722 Cosm]

213 743 336 798 Ibid.
388 743 480 797 Die
544 742 611 796 15
654 742 885 813 Augusti
944 749 1114 812 agunt
1162 739 1340 794 Latini
1397 757 1520 795 eum
1549 740 1696 796 Grie-

159 836 222 890 cis
253 835 644 903 assumptionem
673 833 737 887 Ι).
782 833 1031 903 Virginis.
1061 831 1258 896 Grtt‘ci,
1292 842 1347 886 ιιι
1382 841 1604 902 apparet
1627 847 1694 888 ex

167 925 346 980 ilotueis
369 934 419 977 et
464 924 815 993 Menoiogiis.
843 933 1041 978 vocant
1072 926 1173 979 hoc
1205 923 1404 979 festum
1434 922 1694 990 κοίμησιν

161 1016 234 1085 τῆς
249 1016 533 1082 artari-avia;
551 1015 840 1085 δεσποίνης
857 1013 1010 1082 ἡμῶν
1027 1013 1314 1067 Θεοτόκου.
1337 1015 1398 1066 Et
1416 1013 1518 1066 hoc
1539 1011 1694 1066 titulo

163 1108 567 1161 cxstanti’atrum
589 1107 869 1160 orationes
889 1104 942 1160 in
963 1106 1066 1159 hoc
1084 1103 1304 1164 festum.
1332 1102 1469 1158 utB.
1495 1103 1693 1157 Dama-

165 1199 280 1253 sceni
303 1197 452 1270 343
483 1207 536 1251 et
565 1197 794 1252 Andreae
820 1197 1110 1252 Cretensis.
1158 1196 1420 1250 Mortuam
1445 1209 1574 1265 ergo
1602 1209 1696 1249 vo-

164 1289 257 1341 lunt
291 1289 350 1342 15
379 1289 462 1341 die
483 1287 712 1356 Augusti
737 1304 751 1350 ;
777 1287 1088 1357 adduntque
1115 1287 1305 1342 eodem
1333 1286 1419 1340 die
1450 1300 1695 1341 resurre-

162 1378 278 1432 ιὶςςρ
300 1387 350 1431 et
377 1377 555 1429 animo
590 1376 752 1432 simul
800 1389 856 1431 et
889 1392 1114 1445 corpore
1134 1377 1187 1430 in
1221 1376 1415 1430 caelum
1449 1367 1696 1444 assumpo

164 1483 246 1520 tant
274 1484 400 1523 esse.
429 1467 606 1535 Quare
637 1478 761 1538 post
783 1469 1152 1538 supradictum
1184 1467 1250 1522 de
1274 1467 1606 1521 Dormitione
1629 1466 1694 1519 ti-

168 1561 306 1613 lttlutn
334 1561 664 1630 subiungunt
701 1559 900 1615 Menaea
936 1577 950 1614 :
981 1560 1071 1629 Τῷ
1105 1558 1257 1628 αὐτῷ
1317 1558 1446 1630 μηνὶ
1499 1575 1692 1611 πεντε-

166 1653 419 1723 καιδεκάτῃ
449 1653 480 1720 ἡ
513 1653 794 1722 σεδασμία
843 1651 1173 1722 μετάστασις
1203 1651 1304 1720 τῆς
1333 1650 1690 1719 ὑπερενδὸξου

165 1745 402 1814 δεπεοὶνης
430 1741 586 1812 ἡμῶν
615 1742 882 1796 Θεοτόκου
919 1745 1012 1797 καὶ
1045 1741 1412 1813 ἁειπειρθένου
1440 1739 1683 1809 Μαρίας.

167 1837 328 1891 Eodem
350 1852 468 1906 ergo
489 1838 578 1892 die
600 1846 656 1891 et
685 1825 898 1890 obiit'et
929 1835 996 1890 ad
1027 1836 1216 1901 celos,
1245 1833 1470 1889 reducta
1494 1833 1546 1888 in
1571 1849 1687 1888 cor-

1798 649 1979 715 ptione
2004 665 2123 704 esse
2165 651 2553 705 assumendum
2589 667 2694 704 non
2753 665 2782 702 a
2809 649 2976 714 Beda,
3007 649 3104 704 sed
3143 664 3172 702 ιι
3229 648 3370 702 mala

1796 741 2046 811 quapiam
2091 757 2278 796 manu.
2317 741 2426 797 Nec
2457 740 2794 797 consuetudo
2842 739 3238 796 Germanorum
3275 740 3374 794 tri-

1796 834 2058 888 cesimum
2088 842 2382 904 assumptae
2403 831 2640 901 Virginis
2657 832 3045 886 celebrantium
3067 833 3367 902 quidquam

1797 926 1937 980 hanc
1984 924 2395 995 persuasionem
2437 923 2628 994 juvat:
2693 938 2802 977 non
2858 923 3003 976 enim
3060 923 3112 978 id
3163 923 3370 980 faciunt

1796 1013 1952 1080 quasi
1982 1012 2258 1067 tricesimo
2281 1011 2497 1066 demum
2531 1011 2619 1066 die
2645 1011 2886 1066 rediviva
2950 1013 3005 1066 in
3030 1011 3194 1068 eteius
3219 1000 3370 1068 exal-

1798 1113 1906 1158 taza
1940 1103 2120 1170 fuerit,
2157 1105 2250 1159 sed
2283 1105 2410 1159 totis
2441 1104 2548 1158 illis
2596 1103 2818 1172 triginta
2850 1105 3044 1160 diebus
3072 1108 3372 1175 assumptio

1798 1195 1854 1251 in
1891 1196 2092 1254 coelum
2133 1197 2316 1250 statim
2349 1211 2378 1250 a
2430 1202 2606 1250 morte
2643 1195 2784 1250 facta
2815 1195 3158 1252 decantatur.
3194 1196 3369 1251 Graeci

1797 1301 1905 1340 non
1940 1299 2107 1356 agunt
2131 1272 2296 1358 344
2330 1292 2471 1341 hunc
2505 1287 2865 1348 tricesimum.
2906 1297 2958 1340 ut
2987 1295 3131 1355 patet
3160 1301 3225 1341 ex
3267 1285 3375 1355 Ty-

1796 1376 1918 1443 pieo
1952 1376 2007 1430 S.
2041 1376 2216 1438 Sabte,
2245 1392 2309 1430 ex
2337 1376 2539 1430 Menam
2571 1377 2624 1430 in
2655 1378 2898 1445 Augusto
2921 1385 2976 1431 et
3035 1377 3370 1445 Septembri.

1801 1468 1893 1521 Est
1923 1466 2140 1522 devotio
2167 1466 2515 1531 Germanica,
2555 1477 2609 1522 et
2642 1478 2819 1523 exstat
2850 1467 2901 1520 in
2931 1469 3210 1538 plerisque
3234 1468 3370 1524 Mis-

1796 1559 2002 1613 salibus
2059 1567 2113 1612 et
2137 1557 2453 1624 Breviariis,
2489 1558 2542 1612 in
2576 1557 2932 1630 Eystettensi,
2955 1557 3368 1628 Ratisponensi,

1797 1649 2225 1721 Salisburgensi,
2267 1649 2628 1720 Frisingensi,
2653 1651 2937 1716 Curiensi;
2970 1651 3371 1719 multisquelo-

1795 1742 1894 1806 eis,
1932 1759 2146 1800 summo
2209 1759 2369 1798 mane
2404 1760 2499 1814 per
2543 1745 2763 1814 triginta
2826 1744 2946 1800 illos
3000 1746 3117 1800 dies
3157 1744 3370 1798 canitur

1798 1836 2034 1890 oﬂicium
2070 1838 2134 1893 de
2160 1836 2221 1892 Β.
2249 1835 2488 1907 Virgine,
2524 1836 2858 1893 Gaudeamus
2898 1854 3070 1892 omnes
3110 1846 3238 1902 etc.,
3262 1835 3371 1892 fre-

167 1943 245 1995 ptts
272 1929 452 1993 anima.
479 1928 613 1982 abiit
644 1927 992 1982 sanctissima
1040 1925 1290 1996 Deipara.
1331 1925 1486 1990 Quod
1521 1927 1684 1978 etiam
1721 1940 1768 1996 Β
1795 1927 1980 1996 quenti
2015 1927 2212 1996 populo
2244 1937 2578 1982 accnrrente.
2617 1927 2676 1982 Et
2724 1929 2811 1983 hic
2843 1925 3154 1996 lngolstadii
3189 1927 3371 1998 quoti-

167 2019 320 2074 L:ttina
351 2019 582 2075 Ecriesia
607 2021 814 2076 sentire
851 2019 1083 2084 videtur,
1114 2033 1232 2087 quin
1264 2017 1354 2071 die
1403 2017 1470 2072 15
1497 2017 1687 2087 Augu-

171 2115 221 2166 sti
235 2113 621 2181 Assumptionem
650 2111 708 2165 Β.
726 2105 980 2180 Virginis
999 2109 1226 2165 solemni
1251 2109 1576 2164 cteremonia
1597 2123 1691 2162 ce-

177 2205 325 2268 lebrat,
359 2204 566 2258 tametsi
591 2201 1031 2280 deﬂormitione,
1061 2210 1245 2255 utrum
1271 2199 1460 2277 eodem
1496 2198 1583 2254 die
1619 2213 1687 2252 an

185 2293 313 2362 aliquo
330 2296 653 2363 prascetlente
673 2293 953 2357 acciderit,
982 2292 1115 2346 nihil
1143 2285 1338 2345 tradit."
1362 2288 1541 2343 Latini
1572 2287 1692 2356 qui-

186 2384 648 2456 dammartyrolngi,
694 2393 752 2439 nt
785 2381 902 2438 Ado
955 2388 1010 2437 et
1066 2378 1370 2445 Usuardus,
1406 2377 1694 2432 Dormitio-

181 2494 280 2541 item,
331 2493 430 2531 non
468 2477 897 2546 Assumptionem
947 2474 1276 2545 indigitant;
1331 2471 1487 2540 cujus
1526 2483 1690 2523 causa

176 2570 326 2624 acriter
350 2573 398 2624 in
418 2570 540 2626 illos
571 2569 803 2639 insurgit
851 2567 1116 2622 Baronins
1147 2581 1290 2620 anno
1319 2561 1690 2630 Redemptoris

176 2664 240 2727 i8,
261 2679 435 2734 eosque
463 2670 726 2734 provocat
756 2661 821 2716 ad
851 2659 1233 2730 antiquissima
1280 2654 1513 2711 Romani
1550 2653 1693 2708 Mar-

174 2753 371 2823 tyrologii
395 2753 642 2825 vestigia,
684 2753 774 2808 ubi
823 2766 931 2805 non
963 2749 1228 2804 Domitio
1255 2747 1347 2803 sed
1385 2745 1690 2815 Assumptio

169 2847 356 2915 legatur.
398 2844 614 2901 Veniam
649 2845 740 2899 det
766 2857 992 2912 magnus
1022 2840 1312 2896 Annalium
1341 2830 1612 2900 conditor,
1645 2834 1689 2889 si

168 2940 265 3005 quid
286 2939 455 2994 dixero
476 2951 576 3008 pro
600 2938 932 3006 supradictis
956 2932 1359 3004 martyrologis.
1385 2929 1688 2986 Romanum

165 3029 822 3100 Martyrol0giumomnium
843 3026 1074 3082 aliorum
1103 3022 1555 3087 vetustissimum,
1587 3035 1690 3076 sac-

164 3140 216 3194 pe
242 3142 266 3179 a
295 3125 512 3180 Baronio
562 3123 928 3178 desideratum
959 3121 1054 3176 sed
1105 3118 1358 3187 nuspiam
1392 3123 1689 3184 repertum,

167 3236 304 3289 nuper
327 3221 533 3275 demum
565 3217 747 3273 studio
779 3213 1048 3270 Heriberti
1069 3209 1356 3282 Rosweydi
1389 3210 1560 3266 nostri
1591 3224 1690 3278 pu-

167 3314 378 3367 blicatum
412 3323 469 3368 et
513 3311 680 3366 Paulo
718 3308 756 3363 V
789 3305 1033 3380 pontiﬁci
1069 3305 1312 3361 maximo
1345 3303 1688 3374 inscriptum,

169 3407 266 3469 hoc,
289 3407 519 3474 inquam,
548 3399 999 3472 Martyrologium
1054 3397 1123 3453 l5
1151 3396 1240 3451 die
1295 3393 1518 3465 Augusti
1549 3393 1690 3448 hanc

168 3493 522 3562 inscriptionem
553 3490 772 3560 pyxfert
799 3507 813 3543 :
841 3488 899 3543 S.
936 3485 1128 3545 Maria:
1148 3486 1432 3540 Dormitio.
1471 3483 1528 3538 Si
1560 3497 1690 3552 ergo

171 3584 467 3654 inartyrologi
499 3583 577 3638 illi
611 3582 926 3652 primast/um
983 3576 1087 3634 hoc
1115 3578 1377 3634 Romanae
1430 3575 1692 3631 Ecclesiae

173 3673 561 3746 Martyrologium
621 3671 794 3727 secuti
850 3679 999 3736 sunt,
1035 3669 1161 3738 quid
1202 3665 1542 3737 peccarunt?
1577 3663 1691 3720 Nec

176 3774 349 3830 nitrum,
389 3767 513 3837 quia
549 3764 732 3818 forsan
765 3761 872 3817 illis
909 3761 1209 3826 Assumptio
1265 3758 1508 3827 Deiparte
1565 3770 1688 3810 cum

170 3871 358 3926 corpore
391 3868 444 3912 et
471 3858 654 3912 anima
689 3865 795 3910 tam
830 3853 1035 3924 liquida
1067 3866 1174 3905 non
1208 3849 1311 3904 fuit
1342 3862 1503 3917 quam
1538 3847 1693 3902 nobis

165 3963 238 4006 est
262 3953 418 4014 hodie,
454 3952 584 4021 quia
614 3951 816 4004 veritas
848 3946 1115 4018 paulatim
1137 3943 1309 4014 magis
1335 3952 1496 4010 atque
1520 3940 1692 4009 magis

163 4044 344 4098 eruitur
365 4055 413 4098 et
438 4041 770 4104 elueidatur,
805 4039 966 4093 itaut
999 4035 1143 4106 quod
1175 4033 1449 4104 prioribus
1477 4030 1693 4086 saeculis

163 4137 597 4192 olscuriusculum
632 4134 957 4198 habebatur,
990 4131 1042 4185 id
1094 4127 1328 4198 posteris
1353 4123 1694 4194 temporibus

163 4233 281 4285 riara
312 4231 360 4284 in
389 4230 502 4283 luce
531 4233 852 4298 reponatur.
897 4222 1122 4278 Accedit
1174 4220 1326 4290 quod‘
1356 4217 1611 4277 Rabanus
1641 4222 1696 4271 et

166 4322 395 4377 hotkerns
446 4326 502 4376 in
535 4323 653 4376 suis
682 4315 1084 4388 Martyrologiis
1127 4310 1490 4383 appellatione
1534 4307 1694 4362 hodie

164 4414 339 4471 Latinis
366 4422 619 4470 consueta
650 4421 877 4465 utantur
900 4425 914 4463 :
941 4407 1086 4478 apud
1114 4415 1406 4474 utrumque
1440 4401 1583 4456 enim
1619 4399 1696 4456 ie-

163 4525 236 4576 ges
259 4510 553 4579 Assumptio
583 4506 652 4562 Β.
680 4503 868 4558 Maria:
902 4501 1170 4573 genitricis
1201 4498 1318 4562 Dei,
1353 4506 1410 4552 ut
1437 4505 1492 4551 et
1552 4493 1694 4564 apud

1791 2017 1879 2072 die
1945 2033 2040 2088 per
2071 2019 2290 2088 triginta
2317 2020 2435 2076 dies
2475 2037 2539 2075 ex
2565 2021 3001 2090 cengregationis
3029 2020 3366 2076 Academicin

1790 2106 2104 2163 fundatione
2146 2109 2348 2164 litanias
2403 2120 2458 2166 et
2483 2110 2602 2166 alite
2647 2111 2932 2167 cautiones
2986 2120 3255 2165 canuntur
3308 2111 3364 2164 in

1792 2201 1992 2268 templo
2020 2201 2080 2255 Ι).
2123 2201 2381 2273 Virginis,
2433 2204 2684 2271 idemque
2716 2203 2777 2258 iit
2815 2204 2875 2260 in.
2903 2204 3236 2258 Mauriciana
3271 2219 3369 2272 pa-

1792 2290 2002 2344 rochia.
2030 2289 2092 2344 Et
2131 2293 2406 2360 quamvis,
2443 2301 2501 2346 ιιι
2538 2293 2708 2361 aliqui
2755 2293 3044 2362 objiciunt,
3097 2310 3127 2348 a
3161 2293 3366 2348 Graecis

1790 2380 1952 2436 etiam
1980 2381 2341 2437 schismaticis
2371 2394 2551 2437 ortutn
2587 2383 2830 2451 haberet,
2863 2384 3005 2452 quod
3041 2395 3219 2440 tamen
3277 2401 3366 2440 se-

1791 2488 1888 2530 cus
1917 2482 2023 2539 est,
2057 2491 2162 2530 non
2189 2475 2310 2530 ideo
2330 2463 2681 2545 improbanda
2699 2486 2843 2531 esset
2862 2473 3362 2543 haecconsuetudo;

1793 2580 1918 2619 nam
1957 2578 2010 2619 et
2040 2581 2068 2619 a
2122 2567 2492 2622 sehismaticis
2550 2569 2754 2623 bonum
2791 2568 3011 2637 aliquod
3049 2569 3360 2623 institutum

1793 2659 2062 2730 proficisci
2085 2670 2281 2730 potest.
2320 2661 2414 2714 Est
2446 2675 2576 2728 ergo
2599 2676 2627 2714 a
2659 2659 2952 2716 Germanis
2982 2660 3070 2715 hic
3101 2675 3238 2724 mos,
3271 2662 3363 2730 qui

1791 2751 2060 2808 defunctis
2083 2751 2415 2808 tricesimum
2436 2768 2595 2823 agere
2614 2753 2832 2820 solent;
2859 2763 2913 2807 et
2933 2751 3132 2806 alicubi
3163 2753 3209 2808 si
3240 2753 3368 2820 quis

1793 2843 2070 2900 honestior
2105 2853 2350 2898 mortuus
2395 2851 2497 2909 est,
2529 2860 2638 2898 non
2696 2853 2904 2899 tantum
2955 2851 3243 2914 parentant
3287 2843 3365 2897 illi

1794 2937 1954 2992 tertio
1976 2937 2209 3005 septimo
2239 2945 2294 2990 et
2334 2936 2606 2992 tricesimo
2647 2936 2754 2998 die.
2798 2936 2892 2991 sed
2924 2936 3168 3004 quotidie
3212 2934 3368 2990 habi-

1791 3036 1850 3080 tu
1880 3026 2092 3095 lugubri
2117 3027 2183 3082 ad
2215 3027 2440 3082 missam
2470 3036 2524 3080 et
2560 3026 2624 3080 ad
2663 3040 2914 3094 vesperas
2942 3034 3096 3090 eunt,
3153 3034 3209 3079 et
3236 3023 3366 3078 olfe-

1793 3129 1917 3175 runt
1944 3119 2010 3173 ad
2043 3119 2216 3174 altare
2247 3118 2467 3190 quidem
2526 3118 2836 3188 pecuniam,
2873 3117 2940 3172 ad
2975 3116 3362 3185 cenotaphium

1796 3226 1921 3265 vero
1955 3209 2078 3281 (auf
2097 3210 2192 3266 der
2220 3210 2375 3272 baar)
2440 3209 2655 3272 vinum,
2722 3197 2912 3279 panes,
2942 3218 3048 3264 etc.
3107 3205 3366 3264 Germani

1715 3271 1762 3334 Ο
1794 3318 1924 3372 ergo
1957 3302 2293 3359 venerationi
2318 3302 2457 3358 diva:
2490 3298 2726 3373 Virginis
2787 3299 3150 3356 addictissimi
3204 3297 3366 3354 etiam

1793 3412 1888 3466 per
1919 3403 1996 3451 tot
2020 3396 2136 3450 dies
2170 3405 2456 3466 parentare
2489 3395 2778 3450 voluerunt
2808 3393 2946 3449 diva:
2978 3391 3210 3462 Virgini.
3257 3404 3368 3445 non

1791 3488 2092 3559 lugubriter
2119 3498 2177 3542 ut
2206 3497 2454 3553 mortuae,
2491 3488 2584 3543 sed
2623 3486 2867 3541 hilariter
2904 3496 2964 3539 ut
2995 3485 3048 3538 in
3077 3484 3246 3540 cmlos
3276 3495 3369 3536 as-

1793 3590 2052 3650 sumpta:
2082 3580 2209 3634 hinc
2242 3595 2348 3635 non
2377 3579 2673 3635 audiuntur
2723 3575 2970 3632 funebria
3001 3575 3236 3640 cantica,
3269 3574 3366 3627 sed

1793 3671 1974 3728 omnia
2001 3672 2066 3726 ad
2091 3671 2331 3726 laetitiam
2372 3679 2711 3740 comparata.

1867 3759 1928 3815 l".
1968 3761 2057 3816 8i.
2095 3759 2452 3816 Deeollationi
2479 3759 2539 3816 S.
2566 3757 2796 3814 Joannis
2821 3755 3076 3828 Baptista:
3101 3767 3256 3811 sacer
3279 3760 3366 3808 est

1795 3852 1912 3908 dies
1939 3853 2008 3908 29
2049 3852 2279 3921 Augusti
2318 3863 2426 3906 tant
2452 3850 2595 3921 apud
2627 3850 2849 3906 Graecos
2897 3850 3060 3916 quam
3098 3845 3239 3916 apud
3267 3843 3370 3898 La-

1795 3945 1963 4001 tinos.
2000 3946 2056 3998 in
2092 3946 2196 3999 hoc
2225 3943 2423 4000 festum
2466 3944 2623 3996 variae
2654 3949 2870 3997 exstant
2915 3939 3225 3992 (ira-corum
3271 3937 3373 3989 i‘a-

1799 4048 1940 4091 trum
1976 4035 2236 4090 homilia:.
2269 4033 2387 4089 Non
2415 4033 2700 4103 pauciores
2731 4030 2870 4084 forte
2905 4029 3080 4084 adhuc
3104 4028 3155 4080 in
3180 4025 3377 4079 biblio-

1801 4131 1974 4187 thecis
2013 4145 2138 4186 cum
2168 4130 2329 4184 tineis
2359 4127 2653 4196 hiattisque
2685 4126 2879 4181 bellum
2912 4131 3126 4193 gerunt.

1869 4224 1932 4276 P.
1963 4222 2051 4278 82.
2083 4219 2336 4276 Secundo
2365 4221 2455 4275 die
2483 4218 2612 4273 Julii
2640 4228 2807 4290 agunt
2838 4215 3012 4272 Graeci
3045 4214 3370 4268 anniversa-

1798 4316 1933 4369 riam
1963 4315 2282 4370 memoriam
2336 4313 2598 4382 deposita:
2635 4311 2685 4365 in
2726 4310 2927 4380 templo
2982 4306 3369 4362 Blachernensi

1801 4411 1955 4464 restis
1988 4409 2228 4478 Deiparaa
2262 4405 2491 4477 virginis
2524 4405 2629 4460 sub
2657 4403 2836 4458 Leone
2867 4412 2921 4456 et
2967 4400 3166 4458 Verina
3200 4402 3369 4471 impp.

1802 4499 1936 4555 Vide
1970 4499 2229 4554 Nemeum
2281 4498 2429 4553 dicto
2463 4498 2550 4552 die
2600 4494 2752 4552 Julii.
2808 4494 2878 4554 At
2909 4493 2969 4546 31
3023 4493 3110 4549 die
3141 4492 3375 4561 Augusti

163 4599 349 4656 Bedam.
379 4600 574 4667 Quare,
603 4605 662 4653 ut
694 4597 745 4650 in
778 4597 1025 4649 semitam
1057 4601 1417 4654 revertamur,
1447 4585 1698 4642 beatissi-
1730 4619 1780 4674 υ
1803 4603 1972 4662 agunt
2003 4593 2164 4646 iidem
2193 4589 2367 4646 Graeci
2401 4589 2836 4646 anniversariam
2866 4585 3185 4642 memoriam
3216 4588 3374 4646 depo-

161 4709 278 4746 ntain
310 4692 577 4764 Virginem
607 4689 799 4745 eodem
829 4687 918 4742 die
944 4693 1238 4746 mortuam.
1278 4679 1554 4749 Sepultatn
1582 4687 1637 4732 ct
1664 4692 1695 4732 a

163 4785 359 4842 mortuis
384 4787 676 4841 excitatam
706 4797 830 4837 cum
883 4779 1197 4835 Graecorum
1235 4769 1458 4826 Menaeis
1517 4767 1695 4823 credi-

163 4895 283 4944 mus,
330 4881 448 4935 licet
513 4878 884 4933 Damasceuus
980 4866 1456 4924 resuscitationem
1541 4861 1700 4917 tertio

162 4972 349 5027 demum
378 4973 443 5028 ab
472 4971 626 5036 obitu
659 4970 745 5022 die
776 4974 985 5022 statuat
1012 4963 1066 5017 in
1100 4961 1346 5016 oratione
1373 4957 1441 5012 de
1469 4964 1700 5010 Assum-

163 5063 314 5128 ptione
339 5063 394 5117 Β,
426 5063 628 5117 Mariae.
664 5059 904 5113 Tametsi
933 5052 1272 5126 probabilius
1297 5051 1385 5105 isti
1408 5063 1571 5118 quam
1604 5045 1698 5099 alii

161 5158 278 5223 apud
310 5156 521 5220 Bedatn,
552 5152 647 5224 qui
667 5150 1110 5220 Assumptionem
1145 5143 1388 5213 Deiparzn
1411 5141 1475 5195 ad
1507 5156 1561 5195 ιχ
1593 5138 1701 5193 Ka-

161 5243 320 5300 lendas
354 5243 635 5307 Octobres,
657 5243 757 5296 hoe
777 5251 858 5296 est
883 5240 946 5293 ad
963 5238 1032 5293 26
1049 5237 1189 5291 diem
1221 5231 1581 5304 Septembris,
1616 5242 1704 5283 re-

163 5336 334 5399 ierunt,
389 5339 461 5392 ita
493 5346 555 5390 ut
585 5336 730 5388 inter
758 5340 988 5386 mortem
1016 5331 1134 5399 ejus
1196 5327 1260 5380 15
1297 5324 1544 5394 Augusti,
1577 5336 1700 5391 quae

162 5424 426 5498 iuitptitna
452 5429 792 5496 Assutnptio,
839 5437 1036 5491 nempe
1087 5418 1386 5474 secundum
1441 5415 1698 5478 animam,

165 5517 224 5571 int
255 5521 530 5575 rcesserint
559 5517 917 5589 quadraginta
982 5514 1098 5567 dies
1131 5523 1304 5578 usque
1353 5508 1480 5562 tium
1514 5505 1700 5560 anima

163 5625 266 5663 cum
295 5627 511 5683 corpore
542 5625 737 5666 rursus
768 5624 797 5663 c
838 5603 1141 5677 ttgltttittata
1171 5601 1469 5658 resurrexit
1498 5598 1700 5653 caelos-

167 5718 250 5768 qne
287 5706 383 5774 peti
423 5706 480 5760 it.
523 5701 729 5758 Veru'n
777 5702 894 5755 inec
928 5698 1077 5753 omni
1113 5691 1580 5752 verisimilitudine
1610 5703 1701 5744 ca-

170 5803 286 5859 rent,
321 5805 370 5849 et
401 5797 767 5851 adversantur
805 5804 912 5846 tam
949 5791 1152 5843 Latina:
1182 5803 1342 5856 quam
1375 5779 1702 5840 GrarcreEc-

168 5884 343 5954 clesie;
365 5898 618 5960 recteque
639 5897 787 5943 notat
811 5885 1076 5941 Baronius
1106 5883 1158 5938 in
1182 5876 1562 5950 Martyrologio
1589 5874 1700 5930 Ro-

1801 4687 1917 4740 sita:
1948 4700 2093 4738 zona:
2122 4682 2364 4753 Deipara:
2389 4681 2618 4749 virginis
2642 4682 2695 4734 in
2722 4677 2923 4748 templo
2956 4675 3376 4745 Chalcopratio-

1803 4792 1947 4831 rum.
1980 4773 2115 4830 Vide
2152 4774 2412 4829 Mentcntn
2443 4773 2594 4827 dicto
2615 4772 2702 4826 die
2740 4769 2970 4838 Augusti
3005 4778 3058 4822 et
3079 4766 3371 4832 Nicephor.

1803 4883 1915 4936 XIV,
1945 4865 2031 4922 49.
2072 4866 2176 4921 Sed
2213 4867 2279 4921 de
2319 4880 2428 4935 quo
2462 4866 2598 4918 festo
2626 4860 3006 4928 accipiendum
3036 4858 3176 4928 quod
3209 4855 3374 4912 Codi-

1803 4978 1907 5016 nus
1937 4959 2170 5015 scribit?
2204 4956 2434 5012 Videtur
2456 4957 2522 5009 de
2553 4953 2756 5023 priore,
2787 4949 3226 5022 quandoquidem
3286 4947 3378 4999 de-

1802 5052 2110 5122 positionent
2132 5027 2448 5105 uenerandi:
2481 5049 2630 5100 uestis
2657 5043 2937 5108 nominat;
2993 5049 3047 5095 ct
3082 5040 3379 5108 imperator

1802 5143 1871 5199 ad
1906 5143 2233 5198 Blachernas
2259 5143 2363 5195 hoc
2395 5138 2534 5194 festo
2572 5138 2703 5200 ibat,
2745 5134 2836 5190 ubi
2863 5133 3014 5188 vestis
3044 5130 3136 5186 illa
3163 5127 3374 5198 reposi-

1803 5245 1880 5292 ta.
1911 5236 2022 5292 Cur
2041 5248 2170 5303 ergo
2195 5230 2437 5287 Godinus
2467 5230 2521 5285 id
2577 5243 2686 5284 non
2748 5226 3023 5283 recensuit
3080 5238 3182 5278 suo
3234 5222 3377 5282 loco,

1805 5330 1910 5384 hoc
1944 5327 2102 5383 estin
2141 5323 2319 5379 Iulio?
2349 5324 2585 5379 Causam
2614 5323 2757 5376 dicat
2788 5323 2882 5390 qui
2937 5327 3120 5372 notam
3178 5314 3373 5368 habet:

1803 5436 1906 5484 ego
1942 5419 2074 5473 mihi
2102 5419 2342 5488 ignotam
2385 5417 2577 5471 fateor.
2616 5413 2732 5469 Nisi
2794 5411 2936 5468 forte
2969 5408 3256 5481 legendum
3283 5405 3374 5458 hic

1801 5513 1900 5580 τῆς
1941 5509 2130 5578 τιμίας
2159 5509 2356 5581 ζώνης.
2411 5509 2515 5562 Sed
2550 5516 2678 5560 tttnc
2722 5505 2906 5559 obstat
2941 5501 3203 5571 templum
3253 5495 3374 5548 Bla-

1800 5603 2111 5664 chernium,
2139 5601 2206 5656 ad
2237 5601 2380 5671 quod
2423 5601 2524 5654 hoc
2552 5598 2638 5652 die
2663 5597 2960 5664 imperator
2983 5607 3106 5645 cum
3138 5587 3253 5642 suis
3271 5601 3370 5654 pa-

1808 5694 1993 5748 latinis
2023 5694 2193 5748 itabat
2216 5709 2230 5746 :
2251 5703 2305 5746 at
2334 5708 2466 5744 zona
2497 5689 2741 5758 Deipara:
2765 5677 3217 5740 asservabatnriu
3239 5684 3375 5728 tein-

1803 5783 1892 5850 plo
1923 5785 1977 5836 in
2016 5781 2408 5853 Chalcopratiis
2458 5779 2696 5843 condito,
2734 5784 2793 5831 ut
2825 5782 3052 5830 testatur
3082 5765 3370 5820 Moturum-

1804 5873 2006 5927 Gnsrs.
