3852 6620
446 461 552 530 333

1556 465 1636 525 IN
1665 463 1960 526 LIBRUM
2003 461 2101 523 DE
2137 461 2460 523 OFFICIIS
2489 461 2599 523 CP.

3589 463 3688 527 38$

493 578 648 635 'Ibid.
686 577 941 652 [Miratur
971 595 1072 639 nec
1093 583 1366 642 immerito
1393 585 1705 650 Gretserus,
1747 600 1866 650 cur,
1894 599 2016 640 cum

2127 581 2302 637 Prima
2343 580 2506 635 verba
2535 577 2726 649 capitis
2749 575 2869 634 haec
2901 587 3027 635 sunt
3052 580 3118 650 τῇ
3159 579 3410 651 κυριακῇ
3460 579 3557 648 τῆς
3597 579 3686 649 ὁρ·-

449 671 714 728 memoria
763 673 1022 743 deposita:
1051 674 1103 730 in
1138 676 1338 745 templo
1405 676 1789 732 Blacbcrnensi
1848 676 2018 729 vestis

451 763 691 832 Deipara:
722 763 945 834 virginis
982 765 1082 820 sub
1109 765 1290 820 Leone
1337 777 1388 820 et
1422 765 1620 820 Veriua
1651 756 1816 836 impp.
1857 765 1891 818 2
1917 764 2016 818 Ju-

451 851 506 903 lii
536 853 865 920 celebretur,
893 855 1124 926 Augusti
1153 872 1280 912 vero
1306 858 1392 913 die
1417 859 1476 912 5i
1507 859 2018 914 Gra'cianniversa-

447 945 590 996 r'um
619 944 875 1015 depositae
893 962 1043 1002 zona:
1058 947 1299 1018 ejusdem
1321 948 1557 1020 Deiparae
1572 950 1626 1004 in
1646 949 1844 1019 templo
1861 949 2022 1004 Cbal~

448 1037 819 1104 rnpratiorum
838 1049 1118 1110 peragant,
1140 1041 1438 1110 imperator
1479 1042 1750 1098 celebrata
1789 1041 2018 1096 Joannis

449 1125 734 1182 Prodromi
773 1129 1132 1185 decollatione
1209 1132 1278 1186 ad
1338 1131 1667 1189 Blacbernas
1733 1135 2016 1189 adoratum

453 1216 532 1270 ire
595 1219 886 1285 scribatur,
947 1221 1086 1277 festo
1145 1223 1404 1293 depositae
1465 1226 1628 1280 vestis
1671 1226 1817 1295 quod
1889 1225 2018 1281 Julii

450 1311 484 1359 2
537 1309 792 1378 praeteriit
853 1313 1176 1382 peragendo.
1241 1313 1330 1368 Vel
1391 1315 1434 1368 si
1490 1316 1636 1371 aliud
1695 1327 1839 1373 retro
1899 1319 2022 1374 dic-

451 1407 558 1448 tam
610 1397 1018 1454 decoliationem
1092 1415 1426 1470 occurreret,
1530 1405 1673 1460 aliud
1738 1422 1769 1460 a
1853 1406 2018 1475 depo-

451 1491 555 1542 sita
656 1503 793 1543 zona
855 1491 908 1544 in
975 1492 1370 1562 Cbalcopratiis
1439 1495 1661 1550 colenda
1749 1512 2017 1565 nusquam

441 1579 636 1634 animo
685 1580 905 1635 deberet
945 1581 1516 1652 obversari..Caasam
1549 1588 1723 1652 dicat,
1749 1586 1910 1659 345
1941 1587 2020 1642 ait

450 1669 756 1736 Grctserus,
785 1674 874 1738 qui
905 1687 1084 1729 notam
1116 1677 1289 1732 habet.
1327 1678 1536 1734 Profert
1561 1695 1706 1744 eam,
1768 1697 1876 1734 non
1905 1681 2020 1734 iue—

457 1759 755 1830 inditc,me
781 1767 1000 1834 quidem
1032 1767 1238 1838 judice,
1275 1773 1438 1828 editis
1471 1773 1726 1842 operibus
1756 1774 1868 1841 jam
1903 1773 2017 1828 cla-

460 1869 552 1909 Ius
584 1867 767 1912 noster
787 1853 1115 1916 Franciscus
1145 1857 1419 1918 Combefis
1445 1864 1590 1920 notis
1620 1867 1674 1920 in
1699 1863 2015 1920 Encomium

457 1947 510 1999 in
531 1947 924 2018 depositionem
953 1966 1103 2007 zonae
1141 1953 1366 2026 virginis
1423 1956 1667 2026 θεῖναι-αξ
1707 1957 2016 2028 propediem

459 2038 632 2092 lucem
669 2050 1040 2110 aspecturum.
1057 2042 1258 2099 Mentio
1291 2046 1372 2109 fit,
1393 2048 1489 2110 ait,
1512 2048 1577 2100 de
1595 2046 2020 2101 Blacbernarum

459 2131 676 2202 templo,
717 2132 772 2188 in
799 2148 909 2203 quo
928 2135 1093 2190 etiam
1125 2144 1244 2192 erat
1273 2139 1449 2208 portio
1481 2139 1726 2209 quaedam
1753 2139 1900 2194 illius
1925 2157 2016 2195 zo-

455 2238 558 2286 nae,
595 2223 756 2278 simul
783 2239 906 2280 cum
949 2227 1209 2296 vestibus,
1239 2237 1297 2285 ut
1324 2229 1687 2300 Niccpltorus,
1723 2247 1877 2294 xvut,
1931 2230 2022 2293 38,

454 2322 709 2370 testatur.
743 2313 966 2372 Subdit:
995 2318 1195 2382 Potuit,
1230 2321 1444 2376 tametsi
1476 2331 1594 2376 erat
1626 2337 1688 2377 ea
1721 2323 1805 2377 die
1835 2322 2023 2392 praeci-

455 2423 595 2474 puus
630 2403 934 2467 conventus
985 2411 1042 2466 in
1075 2411 1504 2484 Cbaicoprateis,
1564 2416 1726 2470 etiam
1793 2417 1846 2470 in
1901 2416 2024 2470 Bla-

453 2501 670 2555 cbernis
704 2517 841 2567 esse,
875 2503 966 2558 ubi
1004 2518 1104 2558 nec
1142 2519 1297 2560 sacra
1330 2521 1466 2562 zona
1519 2507 1754 2576 deesset,
1779 2509 2022 2578 conjun-

2128 673 2394 737 θοδοξίας.
2437 671 2674 727 Causam
2707 671 3094 742 appellationis
3115 673 3281 742 hujus
3313 673 3388 726 ita
3427 671 3684 732 breviter,

2125 775 2179 820 et
2207 779 2422 820 summa
2455 777 2694 831 sequens
2725 761 2974 833 vestigia,
3005 771 3194 818 narrat
3235 761 3558 816 Pbilotheus
3589 777 3680 830 pa-

2127 855 2365 910 triarcha
2395 851 2718 924 Cpolitanus
2745 852 2799 906 in
2831 851 3053 907 bomilia
3091 852 3267 922 prima
3320 849 3688 919 Quadragesi-

2125 962 2227 1001 mre
2257 945 2538 1000 Dominica
2588 945 2867 1000 recitata:
2924 944 3004 1014 Τῇ
3061 943 3312 1014 κυριακῇ
3361 942 3537 1012 ταύτῃ
3599 939 3692 994 καὶ

2127 1037 2322 1110 πρώτῃ
2346 1037 2456 1090 τῶν
2481 1037 2746 1107 νηστειῶν
2779 1039 2811 1106 ὴ
2839 1035 2934 1088 τοῦ
2967 1033 3206 1105 Χριστοῦ
3247 1033 3552 1102 Ἐκκλησία
3576 1033 3691 1100 ἑορ-

2124 1130 2310 1196 τάζειν
2337 1129 2612 1200 παρέλαϐε
2641 1129 2738 1199 τὴν
2759 1127 3063 1199 ὀρθοδοξίαν
3088 1127 3208 1197 ἢτοι
3239 1127 3339 1196 τὴν
3372 1125 3690 1194 ἀναστήλωο

2127 1239 2210 1276 σιν
2231 1221 2339 1274 τῶν
2368 1221 2581 1274 σεπτῶν
2605 1222 2702 1274 καὶ
2717 1222 2892 1288 ἁγίων
2908 1221 3152 1286 εἰκόνων,
3183 1217 3484 1288 γενομένην
3528 1216 3682 1286 παρὰ

2125 1315 2344 1385 Μιχαὴλ
2377 1313 2642 1384 βασιλέως
2664 1315 2758 1367 καὶ
2790 1313 3078 1384 Θεοδὼρας
3107 1312 3210 1383 τῆς
3236 1299 3431 1366 τούτου
3485 1311 3692 1380 μητρὸς

2125 1408 2224 1476 τῆς
2255 1407 2531 1478 μακαρίας
2588 1405 2860 1474 βασιλίδος
2911 1405 3005 1458 καὶ
3053 1403 3148 1458 τοῦ
3204 1405 3368 1472 ἁγίου
3427 1403 3688 1457 Μεθοδίον

2125 1501 2467 1570 πατριάρχου
2507 1497 3164 1559 Κωδσταντινουπόλεως.
3197 1495 3393 1565 Γέγονε
3419 1495 3463 1547 δ’
3491 1494 3687 1558 οὕτως.

2125 1595 2354 1654 Λέοντος
2378 1591 2472 1644 τοῦ
2525 1591 2772 1660 ’Ῑσαύρου
2803 1591 2943 1644 κατὰ
2970 1589 3374 1662 παραχώρησιν
3425 1587 3565 1642 Θεοῦ
3624 1589 3689 1640 τὰ

2125 1683 2379 1753 σκῆπτρα
2405 1682 2502 1750 τῆς
2545 1681 2820 1750 βασιλείας
2843 1684 3220 1750 κρατήσαντος
3253 1681 3287 1751 ὴ
3325 1681 3426 1747 τῆς
3480 1680 3688 1730 είκονο-

2129 1773 2326 1842 μαχίας
2359 1771 2564 1842 ἧρξατο
2591 1771 2681 1824 καὶ
2711 1771 3154 1844 ἐπαρρησιάσατο
3173 1770 3404 1839 αἵρεσις.
3442 1767 3686 1822 Ἐκεῖνον

2126 1863 2184 1918 δὲ
2214 1863 2271 1916 τὸ
2301 1863 2406 1934 ζῇν
2433 1861 2621 1926 κακῶς
2655 1862 3066 1932 ἀπορῤὴξαντος
3088 1863 3116 1914 6
3151 1859 3356 1913 ἐκείνου
3383 1858 3496 1922 υίδς
3536 1859 3688 1910 Κων-

2123 1959 2399 2018 σταντῖνος
2419 1956 2837 2027 όΚοπρώνυμος
2862 1957 2960 2019 τῆς
2979 1953 3150 2026 ἀρχῆς
3179 1955 3272 2006 καὶ
3297 1953 3397 2023 τῆς
3424 1953 3690 2022 αἱρέσεως

2119 2047 2362 2116 διάδοχος
2425 2048 2651 2116 γίνεται.
2902 2047 3174 2101 Κάκείνου
3233 2045 3290 2097 δὲ
3333 2045 3691 2116 αἰσχρότερον

2124 2136 2564 2208 τελευτήσαντος
2593 2139 2620 2190 6
2651 2139 2712 2192 ὲκ
2735 2139 2833 2208 τῆς
2865 2137 3126 2206 Χαζάρας
3159 2137 3275 2200 υἱὸς
3330 2135 3546 2188 ἐκείνου
3611 2137 3690 2197 είς

2120 2231 2219 2298 τὴν
2249 2229 2523 2300 βασιλείαν
2545 2229 2890 2285 καθίσταται.
2934 2230 3086 2283 Ἐπεὶ
3106 2229 3164 2282 δὲ
3195 2229 3291 2282 καὶ
3320 2219 3476 2292 οὗτος
3507 2226 3572 2279 τδ
3596 2227 3690 2296 ζῇν

2122 2323 2512 2395 ὲξεμέτρησεν,
2537 2323 2746 2394 Είρὴνη
2774 2323 2869 2376 καὶ
2904 2323 3321 2383 Κωνσταντῖνος
3354 2321 3454 2390 τῆς
3516 2321 3690 2390 ἀρχῆς

2123 2415 2452 2486 κληρονόμοι
2475 2415 2738 2484 γίνονται.
2761 2407 2919 2469 Οὗτοι
2937 2414 2993 2466 δὲ
3018 2413 3122 2466 ὑπὸ
3139 2413 3396 2482 Ίάρασίῳ
3422 2410 3497 2481 τῷ
3516 2411 3686 2479 ἁγιω-

2121 2507 2268 2576 τάτῳ
2289 2506 2602 2577 πατριάρχῃ
2634 2503 3093 2574 καθοδηγούμενοι
3125 2501 3221 2572 τὴν
3275 2501 3514 2570 ἑϐδόμην
3557 2500 3688 2555 σύν-

453 2597 538 2641 cla
571 2589 646 2644 illi
669 2591 804 2645 vesti
827 2605 1015 2658 sacrm,
1040 2594 1494 2664 conjunctamque
1547 2597 1772 2667 proinde
1815 2601 2022 2654 habens

2127 2597 2239 2652 οδον
2263 2596 2644 2668 συγκροτοῦσι,
2673 2595 2770 2650 καὶ
2800 2597 2833 2666 ὴ
2871 2591 3168 2664 Ἐκκλησία
3197 2591 3296 2654 τὰς
3327 2590 3487 2659 ἁγίας
3546 2591 3688 2643 εἰκό-

455 2680 768 2750 religionem
799 2695 860 2736 ac
897 2683 1134 2739 laudem.
1165 2685 1224 2740 ln
1245 2687 1491 2742 Eucomii
1512 2689 1678 2754 illius,
1706 2691 1850 2759 quod
1873 2692 2024 2746 evul—

455 2782 544 2840 gat
573 2781 626 2826 et
658 2773 957 2836 elucubrat,
995 2777 1260 2845 prooemio
1287 2779 1462 2832 allatae
1490 2782 1771 2834 sententia.-
1799 2783 2017 2851 reperio

454 2872 832 2928 argumentum
857 2863 945 2918 his
969 2865 1182 2922 verbis:
1209 2866 1370 2920 ’Ὥστε
1397 2867 1472 2938 μὴ
1503 2868 1603 2940 τῆς
1631 2867 1811 2940 ζώνης
1838 2871 2018 2940 μόνον,

455 2953 594 3006 ἀλλὰ
616 2953 831 3025 καὶτῆς
859 2958 1049 3028 τιμίας
1071 2959 1298 3028 ἐσθῆτος
1321 2961 1427 3013 τῶν
1450 2962 1686 3016 ἐπαίνων
1715 2963 2024 3036 συνεφάψα-

466 3049 591 3102 σάι
623 3049 797 3122 (χρή)·
832 3052 927 3107 καὶ
959 3053 1068 3126 γὰρ
1089 3053 1262 3120 ἄλλως
1316 3055 1427 3110 οὐδ’
1466 3057 1626 3122 όσίως
1650 3061 1745 3114 ἀπ’
1775 3059 2024 3132 ἀλλήλων

458 3139 634 3196 ταῦτα
665 3142 730 3214 τῇ
769 3143 959 3216 μνήμῃ
1009 3145 1225 3209 διελεῖν,
1271 3145 1386 3201 ἀλλ’
1414 3147 1602 3220 ὥσπερ
1652 3151 1857 3222 ἀμφοῖν
1909 3151 2024 3222 ἅμα

455 3230 693 3302 κρῆσθδι
716 3233 850 3304 πΡδς
879 3235 976 3305 τὴν
1007 3235 1063 3289 ἐν
1093 3238 1256 3306 "Pni-
1294 3237 1440 3310 ζωὴν
1470 3243 1504 3312 ἡ
1557 3243 1899 3314 πανάμωμος
1928 3261 2022 3296 πι-

457 3321 728 3398 στεύεται,
753 3322 896 3378 οὕτω
920 3325 1030 3380 δεῖν
1053 3327 1146 3381 καὶ
1180 3330 1325 3400 ἡμᾶς
1347 3331 1446 3384 οὐκ
1488 3333 1622 3405 ἰδίᾳ,
1653 3335 1808 3405 κοινῇ
1844 3335 1900 3390 δὲ
1925 3335 2017 3390 τὸν

459 3415 739 3484 πρέποντα
770 3417 978 3484 τούτοις
996 3416 1144 3474 αἶνον
1165 3424 1555 3494 ὲξυφάνασοαι.
1584 3425 1733 3480 Alias
1753 3441 2022 3496 congruas

461 3509 698 3566 rationes
728 3509 925 3567 ibidem
954 3513 1168 3569 deducit
1202 3519 1579 3576 encumiastes.
1615 3517 1813 3590 Ceam]

529 3599 750 3656 Fascias
784 3599 1118 3672 sepulcrales
1139 3604 1198 3659 Β.
1233 3603 1478 3676 Virginis
1529 3609 1773 3678 reposuit
1796 3605 2025 3664 Pulche-

459 3695 537 3750 ria
564 3695 878 3764 imperatrix
911 3695 1539 3764 intemplnBlaehernio,
1577 3709 1718 3755 teste
1747 3699 2020 3769 Nicepho-

462 3804 544 3850 ro,
571 3787 666 3842 lib.
703 3803 815 3854 xw,
853 3803 902 3844 c.
935 3789 988 3843 2.
1015 3789 1224 3846 Fasciis
1248 3791 1516 3858 infantiae,
1545 3793 1751 3862 quibus
1767 3793 2024 3850 Christus

461 3879 643 3934 infans
678 3881 950 3935 involutus
982 3893 1084 3950 est,
1107 3881 1395 3938 honoravit
1422 3897 1474 3939 et
1523 3886 2023 3956 oruavittemplum

457 3970 562 4022 τῶν
582 3969 841 4039 ὀδηγῶν,
861 3981 917 4024 ut
933 3969 1118 4026 eodem
1141 3972 1260 4026 loco
1279 3975 1416 4028 idem
1441 3973 1782 4042 Nicephorus
1809 3969 2022 4032 scribit.

461 4061 727 4114 iiarnnius
747 4072 880 4118 tom.
897 4061 914 4114 i
933 4077 1076 4116 anno
1088 4062 1290 4116 Christi
1312 4063 1483 4132 primo
1503 4081 1555 4117 ιι.
1571 4065 1602 4118 8
1621 4065 1750 4119 dicit
1775 4065 1824 4118 in
1854 4067 2026 4120 bono-

461 4171 568 4207 rezn
590 4155 902 4224 fasciarum,
923 4157 1123 4224 quibus
1149 4155 1329 4210 infans
1351 4155 1601 4212 Christus
1617 4157 1894 4211 involutus
1917 4167 2024 4222 est,

462 4249 602 4300 dicm
633 4247 832 4302 festum
864 4247 1002 4316 apud
1023 4247 1242 4302 Graecos
1271 4249 1575 4302 institutum
1600 4265 1720 4303 esse
1747 4249 1807 4302 5i
1845 4250 2028 4318 Augu-

461 4342 549 4395 sti.
575 4343 953 4403 Casaubonus,
989 4340 1204 4398 Baronii
1232 4342 1607 4396 conductitius
1640 4343 2024 4411 calumniator,

461 4433 594 4484 dicit
625 4432 675 4484 in
711 4431 1023 4490 Ritualibus
1049 4433 1365 4488 Graecorum
1393 4433 1548 4486 libris
1577 4433 1712 4486 nihil
1750 4433 1935 4488 haberi
1962 4435 2027 4488 de

465 4526 604 4578 festo
637 4525 819 4593 fasciis
847 4525 1049 4591 dicato,
1080 4525 1173 4580 sed
1207 4535 1414 4580 tantum
1453 4539 1624 4582 zonre.
1649 4524 1717 4580 Ut
1741 4526 1794 4581 id
1831 4529 1900 4580 ita
1931 4527 2022 4593 sit,

2045 3289 2094 3352 C

2125 2707 2222 2751 νας
2245 2687 2623 2758 ἀπολαμσάνει
2645 2687 2736 2741 καὶ
2758 2686 2850 2740 τὸν
2863 2687 3062 2756 ἑαυτῆς
3094 2683 3433 2756 περιτίθεται
3461 2683 3684 2752 κόσμιον.

2126 2779 2343 2834 Τούτων
2365 2779 2421 2832 δὲ
2459 2779 2567 2832 τῶν
2593 2777 2722 2848 τῇδε
2737 2776 3240 2848 ἀποχωρησάντων,
3276 2776 3303 2828 ό
3337 2773 3444 2830 ἀπὸ
3465 2771 3684 2842 γενικοῦ

2124 2871 2440 2942 Νικηφόρος
2467 2872 2547 2934 είς
2573 2871 2674 2941 τὴν
2699 2869 2974 2940 βασιλείαν
3000 2869 3284 2936 ἀνάγεται,
3342 2863 3462 2920 εἶτα
3513 2865 3684 2918 Σταυ-

2128 2963 2316 3035 ράκιος
2350 2961 2378 3016 6
2407 2961 2544 3027 υίδς,
2575 2961 2696 3034 μεθ’
2721 2963 2781 3016 ὃν
2807 2960 3069 3030 Μιχαὴλό
3108 2957 3383 3028 Ῥαγκαϐὲ
3399 2958 3498 3020 τὰς
3531 2957 3687 3026 ἁγίας

2125 3057 2339 3119 εἰκόνας
2374 3051 2676 3123 σεϐόμενοι.
2709 3053 2815 3106 Τὸν
2846 3053 2902 3105 δὲ
2952 3051 3226 3122 Ῥαγκαὸὲ
3249 3049 3469 3120 Μιχαὴλ
3509 3052 3539 3102 6
3594 3048 3686 3116 θη-

2131 3147 2330 3220 ριώδης
2360 3146 2514 3201 Λέων
2537 3146 2566 3198 6
2611 3145 2894 3216 Ἀρμένιος
2914 3144 3242 3214 διαδέχεται,
3270 3145 3367 3198 καὶ
3420 3143 3522 3210 τὴν
3577 3141 3689 3194 δεν-

2125 3241 2296 3312 τέραν
2351 3233 2504 3300 οὗτος
2573 3236 2958 3308 είκονομαχίαν
3026 3235 3306 3306 διεγείρει,
3377 3235 3473 3287 καὶ
3531 3235 3687 3286 πάλιν

2123 3331 2364 3401 ἄκοσμος
2395 3331 2430 3402 ὴ
2455 3329 2548 3384 τοῦ
2575 3328 2711 3382 Θεοῦ
2753 3327 3052 3398 Ἐκκλησία
3085 3325 3432 3395 γνωρίζεται.
3483 3323 3686 3378 Τοῦτον

2121 3423 2426 3494 διαδέχεται
2447 3423 2475 3476 6
2512 3423 2576 3476 ὲκ
2601 3419 2696 3474 τοῦ
2729 3419 2988 3492 Ἀμορίου
3019 3416 3261 3488 Μιχαὴλ,
3295 3416 3387 3470 τὸν
3411 3417 3467 3469 δὲ
3524 3417 3686 3469 πάλιν

2123 3517 2381 3586 Θεόφιλος
2409 3517 2438 3569 ὁ
2470 3515 2608 3577 υίὸς,
2644 3514 2738 3566 ἐπὶ
2762 3514 2829 3584 τῇ
2892 3514 3036 3566 κατὰ
3063 3509 3172 3564 τῶν
3228 3511 3454 3563 ἐίκόνων
3524 3510 3688 3578 μανῖα

2109 3611 2222 3666 ’καὶ
2251 3601 2407 3670 οὗτος
2437 3607 2564 3669 τοὺς
2588 3605 2784 3668 ἄλλους
2816 3605 3193 3677 ὑπερϐάλλων.
3246 3601 3688 3672 Τελευτήσαντος

2125 3704 2180 3758 δὲ
2203 3701 2408 3758 καὶτοῦ
2441 3700 2704 3771 Θεοφίλου
2741 3699 2954 3770 πικρῶς
2987 3698 3080 3752 καὶ
3137 3695 3346 3767 βιαίως,
3383 3697 3414 3764 ὴ
3473 3695 3686 3746 ἐκείνου

2129 3795 2364 3862 σύζυγος
2396 3795 2429 3860 ὴ
2465 3793 2712 3864 μακαρία
2737 3791 2947 3863 βασιλὶς
2985 3787 3238 3860 Θεοδώρα
3270 3790 3364 3842 καὶ
3397 3789 3427 3840 6
3485 3787 3690 3856 ταύτης

2126 3885 2518 3947 εὐσεϐέστατος
2544 3884 2658 3946 υίὸς
2687 3880 2912 3953 Μιχαὴλ
2942 3884 3042 3950 τῆς
3065 3871 3241 3950 ἀρχῆς
3285 3879 3381 3932 καὶ
3411 3879 3510 3948 τῆς
3541 3879 3690 3949 βασι-

2128 3977 2275 4040 λείας
2305 3976 2633 4046 κληρονόμοι
2693 3974 2959 4042 γίνονται,
3011 3977 3128 4025 καὶ.
3159 3971 3330 4041 Θύραν
3377 3971 3690 4042 παρρησίας

2129 4071 2238 4132 τοῖς
2293 4067 2598 4138 όρθοδόξοις
2668 4065 3015 4134 ἀνοίγουσιν·
3065 4063 3186 4117 ὅθεν
3235 4063 3329 4117 καὶ
3377 4061 3688 4124 malum;

2129 4161 2250 4214 τότε
2277 4162 2514 4222 ἅπαντες
2535 4159 2582 4210 οἱ
2622 4159 2719 4227 τῆς
2759 4155 3068 4228 ὀρθοδοξίας
3105 4155 3332 4224 λογάδες
3364 4156 3471 4207 ἀπό
3499 4173 3559 4226 τε
3607 4166 3692 4222 αρ-

2129 4253 2359 4324 χιερέων
2413 4249 2606 4322 ἱερέων
2666 4249 2762 4302 καὶ
2825 4245 3178 4318 μονοτρόπων
3235 4245 3556 4314 περιφανῶν
3601 4245 3691 4312 τὴν

2129 4344 2439 4418 ὸρθοδοξίαν
2473 4342 2768 4414 ἐκήρυξαν.
2803 4341 2913 4394 Καὶ
2941 4342 2974 4410 ὴ
2997 4336 3088 4391 τοῦ
3110 4337 3244 4390 Θεοῦ
3285 4337 3585 4405 Ἐκκλησία
3603 4335 3694 4404 τὴν

2131 4441 2330 4508 ἑαυτῆς
2352 4439 2690 4508 εὐπρέπειαν
2705 4436 3042 4506 ὴμφιάσατο,
3077 4433 3285 4498 ταύτην
3306 4432 3410 4498 τὴν
3479 4431 3694 4498 ἡμέραν

2131 4532 2482 4604 ἑορτάζοντες
2513 4530 2772 4600 σήμερον.
2793 4525 2917 4580 "rec
2938 4525 3279 4580 Philotbeus.
3311 4521 3694 4577 instituebatur

462 4619 604 4670 diem
635 4626 813 4672 tamen
837 4617 978 4672 hunc
1039 4617 1224 4688 fasciis
1292 4634 1510 4688 quoque
1565 4629 1782 4674 sacrum
1851 4617 2026 4675 fuisse
2059 4629 2100 4683 D
2131 4640 2192 4678 ea
2224 4625 2310 4678 die
2330 4624 2385 4677 in
2421 4621 2737 4675 memoriam
2771 4616 3118 4672 orthodoxize
3159 4613 3428 4668 restituta:
3483 4627 3694 4682 proces-

463 4717 736 4761 testantur
765 4705 876 4762 duo
905 4717 1155 4764 auctores
1181 4709 1378 4776 Graeci,
1405 4708 1712 4766 Germanus
1746 4720 1799 4764 et
1816 4708 2026 4780 Euthy-

463 4799 626 4860 iuius,
652 4799 744 4870 qui
775 4801 830 4858 iu
863 4799 1069 4856 Graecia
1099 4801 1356 4856 vixerunt
1414 4811 1467 4856 et
1493 4801 1837 4858 orationibus
1860 4819 2026 4859 enco-

463 4891 750 4960 miaSticis,
775 4907 897 4963 quae
917 4901 1135 4950 exstant
1173 4895 1315 4964 apud
1366 4893 1802 4965 Lippomannum
1836 4907 1891 4951 et
1923 4895 2030 4950 Su-

463 4991 629 5053 rium,
661 4985 859 5042 festum
895 4987 999 5044 hoc
1028 4985 1395 5043 illustrarunt.
1449 4985 1668 5044 Oecinit
1699 4987 2028 5044 criminator

462 5093 564 5129 non
602 5093 709 5130 esse
738 5079 1051 5132 credendum
1087 5077 1370 5148 Euthymio
1409 5091 1454 5134 et
1491 5077 1770 5134 Germano.
1833 5079 1901 5134 Et
1929 5095 2029 5136 nos

463 5170 768 5226 Genevensi
792 5187 858 5224 ex
889 5173 1064 5224 lustro
1103 5171 1420 5226 vociferanti
1453 5170 1782 5227 Casaubono
1839 5173 2030 5227 crede-

465 5263 620 5316 mus!
654 5262 766 5317 Cur
795 5278 925 5331 ergo
959 5264 1013 5317 in
1049 5261 1361 5317 Ritualibus
1387 5264 1540 5318 libris
1571 5265 1717 5320 nulla
1778 5265 2028 5318 mentio?

461 5353 689 5426 Opinor,
721 5355 848 5426 quia
880 5369 1049 5410 sacra:
1076 5355 1258 5425 fasciae
1289 5355 1408 5410 festi
1438 5371 1610 5412 sacrae
1643 5372 1786 5410 zona:
1813 5365 2027 5412 tantum

463 5449 732 5518 appendix
768 5457 942 5503 erant.

533 5541 593 5596 Ρ.
625 5541 714 5596 82.
751 5541 1029 5596 Dominica
1063 5541 1405 5597 orthodoxiae
1431 5549 1516 5598 est
1544 5544 1716 5612 prima
1745 5539 2026 5594 Dominica

463 5633 929 5705 Quadragesimae,
957 5642 1014 5687 ut
1077 5632 1542 5688 manifestumest
1598 5649 1718 5692 cum
1780 5649 1845 5688 ex
1911 5633 2032 5687 aliis

463 5729 777 5785 Graecorum
815 5726 1106 5782 ritualibus
1146 5726 1318 5789 libris,
1399 5735 1515 5778 tum
1575 5741 1638 5778 ex
1699 5725 1905 5796 Typico
1967 5725 2025 5780 S.

467 5823 620 5877 Saba:
649 5839 694 5878 c.
730 5823 820 5888 62,
846 5821 1000 5890 cujus
1031 5819 1223 5875 titulus
1251 5831 1328 5874 est
1379 5819 1632 5885 Διάταξις
1665 5821 1763 5890 τῆς
1805 5819 2029 5890 πρώτης

465 5917 751 5986 ιὶυριακῆς
785 5915 890 5969 τῶν
911 5913 1081 5985 ἁγίων
1111 5913 1376 5984 νηστειῶν
1399 5913 1521 5984 ἦτοι
1543 5913 1662 5988 τῆς¹
1686 5913 2018 5983 ὀρθοδοξίας.

2129 4716 2212 4772 sio
2273 4729 2379 4769 non
2426 4713 2546 4768 sine
2591 4709 2850 4766 crucibus
2881 4717 2933 4765 ct
3001 4707 3360 4777 imaginibus.
3429 4703 3691 4776 Typicum

2131 4808 2308 4874 Saba),
2334 4823 2382 4861 c.
2413 4806 2480 4860 42
2510 4823 2525 4857 :
2562 4801 2930 4872 Λιτανεύομεν
2947 4800 3146 4863 κοινῶς
3181 4801 3319 4870 μετὰ
3353 4797 3467 4851 τῶν
3525 4797 3692 4864 ἁγίων

2128 4901 2221 4953 τοῦ
2255 4895 2490 4967 σταυροῦ
2517 4895 2687 4962 ξύλων
2716 4897 2810 4947 καὶ
2843 4894 2952 4946 τῶν
2983 4891 3199 4946 σεπτῶν
3231 4891 3481 4944 εἰκόνων.
3525 4889 3694 4957 [λθει-

2129 4993 2289 5047 batur
2317 4989 2506 5044 eodem
2537 4987 2624 5044 die
2655 4987 2932 5041 decretum
2962 4983 3182 5039 concilii
3207 4982 3434 5036 secundi
3495 4979 3692 5034 Νἱρᾶέιιὶ

2129 5085 2197 5142 de
2222 5083 2554 5152 imaginibus
2573 5077 2892 5150 reparandis
2906 5117 2920 5140 .
2941 5075 3242 5130 retinendis
3260 5083 3312 5128 ct
3336 5069 3690 5132 honorandis,

2141 5174 2540 5245 Ἀπερχόμεοα,
2575 5171 2754 5241 inquit
2777 5169 3063 5240 Typicum,
3145 5166 3204 5220 ὲν
3235 5167 3382 5236 τόπῳ
3406 5161 3692 5236 ὡρισμένῳ

2129 5270 2262 5322 ὅπου
2289 5271 2370 5322 δεῖ
2393 5263 2790 5333 ἀναγινώσκειν
2816 5263 2880 5314 τὸ
2915 5259 3216 5314 συνοδικόν.

2199 5363 2280 5417 Ex
2312 5361 2396 5414 bis
2425 5359 2643 5428 planum
2679 5369 2802 5410 esse
2831 5353 3070 5407 arbitror
3115 5364 3278 5418 quam
3305 5363 3434 5402 vere
3465 5346 3691 5414 scripse-

2129 5453 2200 5508 rit
2223 5453 2574 5507 Calrinianus
2599 5447 2927 5504 scholiastes
2954 5443 3312 5512 Curopalat:e,
3367 5439 3690 5494 υοιηίηἱί-τηη

2133 5543 2477 5599 Orthodoxia:
2509 5551 2597 5594 aut
2619 5539 2866 5606 junctam
2898 5545 2988 5589 aut
3015 5543 3151 5588 certe
3179 5533 3476 5602 proxima-1
3531 5529 3690 5596 fuisse

2133 5637 2482 5692 Pentecoste}.
2532 5631 2634 5699 Qui
2664 5631 2856 5702 juncta
2889 5629 2970 5682 vel
3001 5626 3267 5696 proxima,
3300 5623 3345 5680 si
3381 5623 3482 5677 fuit
3523 5623 3693 5690 prima

2133 5727 2415 5784 Dominica
2433 5721 2925 5793 Quadragesimm?
2951 5719 3014 5774 Et
3041 5730 3102 5775 ut
3133 5719 3367 5772 maxime
3397 5717 3582 5785 juncta
3607 5721 3698 5767 aut

2131 5820 2378 5890 proxima
2407 5816 2603 5872 fniSSet
2641 5817 3000 5878 Pentecoste,
3067 5827 3172 5866 non
3239 5809 3466 5864 debebat
3515 5815 3692 5859 tamen

2133 5909 2334 5980 conjici
2359 5911 2411 5963 iu
2444 5907 2505 5966 ειι
2541 5909 2684 5964 diem
2713 5905 2859 5972 Maii,
2891 5919 3002 5960 tum
3039 5905 3167 5975 quia
3205 5903 3351 5956 nulla
3415 5898 3684 5954 Dominica
