3852 6596
157 421 242 486 385
880 368 883 370 I
1184 412 1569 476 GRETSERI
1601 410 1698 470 ET
1752 409 1992 470 GOAItl
2044 406 2286 468 NOTAE.

3258 397 3363 462 386

141 541 378 597 stabilem
431 548 486 593 et
519 539 690 595 ﬁxum
730 540 908 594 locum
941 535 1111 590 habet
1143 539 1282 589 inter
1311 537 1424 590 dies
1465 533 1690 596 mensis,
1722 539 1770 594 Α
1807 528 1932 594 τὰς.
1961 527 2016 580 Si
2055 525 2113 581 S.
2158 523 2372 594 Sephiue
2413 523 2786 593 apostolorum
2820 521 3362 588 Blachcrnarumajm:

161 647 253 688 tum
288 633 406 702 quia
430 631 755 688 Pentecoste
785 640 869 686 est
903 631 1104 685 festum
1139 628 1341 682 mohiie
1371 628 1684 696 dependens

159 743 183 781 a
216 727 479 781 Paseliatc.
515 725 640 779 Non
668 739 802 792 ergo
839 736 1052 790 semper
1073 721 1270 775 cadere
1298 729 1476 788 potest
1499 718 1686 770 Domi-

162 821 257 872 nira
280 817 618 872 Orthodoxiae
648 817 701 870 in
727 816 789 868 21
845 815 989 868 diem
1023 813 1173 876 Maii,
1199 827 1324 866 cum
1389 811 1505 880 ipsa
1549 808 1688 862 Pen-

164 918 333 962 tecoste
360 907 504 961 hunc
529 907 677 962 diem
741 906 825 961 vel
883 905 1205 960 antecedere
1269 901 1353 956 vel
1423 899 1686 968 subsequi

165 1001 319 1069 possit.
351 997 558 1053 Caus.

216 1093 337 1146 Ibid.
363 1091 462 1164 [Ex
493 1091 703 1162 Typico
745 1090 905 1146 Saba:
954 1091 1174 1145 brevem
1209 1086 1304 1142 tibi
1341 1083 1686 1156 Ὀρθοδοξίας

163 1181 218 1232 ita
244 1181 385 1234 dicta:
411 1179 698 1234 historiam
725 1179 1022 1250 descripsit
1070 1177 1366 1233 Gretserus
1391 1194 1406 1231 :
1447 1175 1688 1230 ornatiu-

164 1288 252 1324 retu
276 1271 425 1324 aliam
450 1281 504 1326 et
557 1272 838 1342 cupiosatu
897 1271 1071 1342 magis
1131 1269 1230 1324 tibi
1288 1267 1514 1338 jamjatn
1567 1266 1691 1322 edet

165 1350 306 1434 nuper
331 1379 663 1422 memoratus
688 1366 964 1423 Combelis
1010 1381 1077 1420 ex
1098 1380 1216 1420 mss
1244 1363 1450 1434 Regiis,
1487 1364 1572 1416 cui
1631 1362 1692 1415 ti-

162 1457 277 1512 tulus
307 1460 560 1528 Διήγησις
609 1459 1052 1529 διαλαμϐάνουσα
1083 1457 1212 1527 περὶ
1239 1455 1347 1509 τῶν
1396 1454 1570 1522 ἁγίων
1595 1453 1693 1507 καὶ

165 1549 342 1602 σεπτῶν
378 1549 619 1615 εἰκόνων,
659 1552 754 1604 καὶ
785 1551 934 1614 ὅπως
965 1550 1060 1602 καὶ
1082 1549 1148 1601 δι’
1179 1547 1248 1618 ἢν
1279 1545 1460 1599 αιτίαν
1519 1547 1693 1614 παρέ-

163 1642 270 1694 λαὸε
295 1643 384 1711 τὴν
428 1642 769 1712 ὐρθοδοξὲαν
809 1641 1041 1713 tenete);
1071 1641 1246 1694 τελεῖν
1267 1642 1332 1709 τῇ
1359 1639 1555 1711 πρώτῃ
1578 1640 1694 1693 Κυ-

170 1738 306 1804 ριακῇ
333 1736 433 1788 τῶν
464 1735 636 1804 ἁγίων
661 1736 926 1804 νηστειῶν
956 1737 992 1804 ἠ
1022 1733 1164 1802 ἁγία
1190 1732 1330 1786 Θεοῦ
1372 1733 1688 1802 Ἐκκλησία.

169 1827 277 1880 Vide
304 1826 523 1882 Leonem
575 1827 1032 1889 Grammaticum,
1058 1826 1392 1889 Cedrenum,
1421 1822 1688 1879 Zonaram

165 1929 208 1973 et
227 1921 345 1974 alios
369 1922 415 1973 in
443 1919 704 1975 Michaele
721 1931 775 1975 et
805 1920 1110 1977 Theodora.

223 2013 337 2065 Ibid.
366 2010 455 2082 [Τὸ
486 2013 840 2067 συνοδικόν.
882 2013 1108 2070 Praelata
1143 2015 1479 2089 Ὀρθοδοξίας
1513 2013 1690 2068 Durni-

170 2103 267 2155 nica
288 2103 426 2156 elatis
458 2103 510 2156 in
541 2104 778 2159 sublime
807 2108 1064 2162 crucibus
1091 2117 1145 2163 et
1175 2109 1502 2164 venerandis
1549 2108 1688 2160 inra-

176 2192 346 2258 ginibus
377 2194 439 2247 ad
471 2205 746 2249 statutum
781 2197 959 2251 locum
985 2200 1391 2266 processionem
1433 2199 1692 2254 ecclesia-

169 2284 325 2337 sticam
349 2286 500 2341 habet
526 2286 823 2345 Orientalis
879 2288 1142 2346 Ecclesia.
1200 2293 1408 2348 Ibidem
1453 2291 1680 2346 Patrum

181 2379 470 2445 antiquorum
505 2379 745 2435 haereses
774 2381 938 2454 347
972 2383 1102 2438 οΙίιη
1132 2385 1390 2455 scriptis,
1415 2386 1687 2446 doctrina,

179 2482 303 2532 voce,
332 2471 612 2527 laboribus
641 2473 1034 2529 insectantium
1070 2476 1253 2530 habita
1293 2477 1529 2532 solemni
1581 2477 1689 2529 ritu

173 2566 410 2628 memoria,
441 2566 726 2622 recensitis
761 2565 925 2621 etiam
961 2567 1270 2624 barresibus
1299 2570 1431 2638 ipsis
1461 2585 1524 2623 ac
1569 2583 1692 2638 per-

173 2671 299 2709 verso
344 2659 606 2727 cujusque
659 2657 913 2729 dogmate
968 2659 1270 2729 publicato,
1330 2661 1544 2715 cunctis
1610 2651 1691 2715 tér

172 2747 711 2815 tivdbepaiuclamant,
739 2760 796 2805 et
827 2750 1217 2806 haereticorum
1280 2755 1531 2808 omnium
1585 2769 1688 2808 no-

172 2855 265 2893 men
281 2850 623 2896 exsecrantur
654 2859 669 2896 :
693 2843 766 2897 ita
796 2843 994 2898 dicitur
1017 2844 1077 2897 τὸ
1102 2845 1376 2900 συνοδικὸν
1401 2848 1501 2917 τῆς
1527 2847 1688 2916 ἁγίας

170 2933 238 2982 καὶ
280 2933 650 3004 οἱκουμενικῆς
668 2934 903 3006 ἑϐδόμης
938 2937 1158 2992 συνόδου
1191 2939 1690 3008 ἀναγινώσκεσθαι.

171 3021 430 3078 Videndum
451 3025 736 3081 Triodium
767 3043 876 3096 quo
900 3029 1170 3100 integrum
1220 3030 1512 3101 reperitur.

221 3117 678 3190 Ιὸξά.[”ισταται.
717 3121 848 3176 Vide
883 3120 1268 3194 imperatorem
1286 3123 1546 3181 Ecclesiae
1592 3125 1688 3181 de-

167 3218 285 3262 creta
315 3220 675 3266 venerantem.
706 3210 902 3285 Gustu]

224 3299 271 3355 P.
301 3303 380 3357 82.
407 3303 582 3358 Pridie
607 3303 916 3360 Pahnarum
947 3305 1128 3375 agitur
1148 3322 1176 3359 a
1205 3305 1410 3362 Graecis
1429 3306 1688 3364 anniver-

169 3391 281 3444 saria
315 3393 564 3447 memoria
593 3395 886 3447 νεικείειαεὶ
923 3392 1118 3446 Lazari
1150 3411 1166 3448 :
1195 3395 1313 3464 ejus
1335 3396 1390 3451 itt
1423 3397 1688 3453 honorem

171 3483 383 3551 templum
411 3485 682 3538 exstruxit
705 3483 811 3540 Leo
847 3483 1216 3557 Philosophus
1238 3488 1537 3558 imperator
1553 3499 1690 3546 teste

174 3570 363 3639 Zonara,
394 3584 448 3629 et
478 3575 625 3630 ineo
681 3590 901 3632 sacrum
961 3579 1086 3648 ejus
1139 3595 1343 3650 corpus
1393 3597 1457 3637 ex
1511 3583 1690 3654 Cypro

176 3666 446 3721 translatum
469 3669 732 3726 condidit.
764 3667 969 3726 Gns'rs.

229 3763 339 3816 Ibid.
372 3763 653 3836 [Δικαίου.
690 3765 880 3822 Beatos
914 3783 1106 3823 omnes
1142 3768 1197 3823 in
1249 3770 1428 3825 varias
1483 3773 1690 3828 classes

174 3853 467 3911 distribuunt
519 3857 713 3914 Graeci.
747 3857 974 3914 Eteerte
997 3861 1297 3923 nonnullis.
1326 3871 1384 3917 ut
1417 3861 1684 3928 Baruaha,

170 3943 306 4012 Luca,
337 3949 641 4020 Stephano,
672 3952 1044 4020 apostolorum
1076 3952 1306 4022 collegio
1326 3970 1691 4010 connumera-

167 4038 237 4103 tis,
255 4040 363 4094 aliis
387 4043 551 4095 etiam
585 4042 952 4095 ἱπποπόλων
979 4043 1198 4098 nomine
1224 4044 1528 4111 lt‘unoratis,
1560 4047 1689 4100 Stib-

160 4127 352 4197 jttngunt
374 4133 776 4202 ἱερομάρτυρας
799 4133 1084 4202 pontiﬁces
1112 4134 1276 4190 simul
1302 4143 1355 4189 et
1384 4145 1689 4208 martyres;

164 4237 256 4274 mox
289 4227 569 4294 μάρτυρας
601 4225 1064 4296 (ἰηιειιὶεολιτούς
1093 4228 1269 4285 nudos
1299 4244 1362 4284 ac
1385 4230 1688 4300 simplices)

162 4326 431 4386 martyres;
476 4316 818 4386 ὁμολογτ,τὰς
873 4320 1214 4376 confessores
1261 4323 1523 4378 nonnulla
1581 4331 1689 4376 tor-

161 4414 303 4457 menta
338 4407 422 4459 vel
462 4407 714 4462 exsilium
762 4425 860 4477 pro
924 4410 1127 4464 Christi
1181 4413 1402 4467 nomine
1464 4428 1687 4481 passas;

159 4495 523 4571 ὁςιομὰρτυρας
556 4500 854 4557 monachos
877 4503 1038 4557 simul
1073 4512 1128 4558 et
1159 4517 1428 4576 martyres
1451 4508 1684 4574 ;6oiou;.

157 4592 457 4657 monachos;
489 4592 732 4654 δικαίους
754 4595 957 4663 justus,
983 4611 1121 4665 quos
1149 4597 1497 4654 eontessores
1528 4600 1689 4668 vulgo

153 4680 389 4750 dicimus;
453 4685 764 4755 παρθένους
810 4687 1084 4756 virgines;
1155 4689 1685 4762 παρθενομάρτυρας

159 4774 357 4844 virgines
390 4780 553 4834 simul
579 4795 643 4834 ac
675 4790 838 4851 martg
858 4797 981 4849 res;
1030 4784 1550 4855 γυναικομάρτυρας
1605 4785 1686 4846 lc-

147 4881 300 4942 .ttuttas
334 4884 619 4941 martyres,
645 4884 751 4927 etc.

215 4958 331 5017 Ibid.
361 4964 523 5035 [Ἐπ’
551 4965 800 5034 ὀνόματι
823 4967 1010 5020 αὑτοῦ
1024 4969 1242 5036 μονήν.
1274 4967 1444 5036 Cujus
1493 4966 1688 5021 funda-

159 5061 294 5106 torem
327 5055 559 5109 Leonem
594 5057 904 5124 Sapientem
937 5058 1100 5113 relert
1130 5060 1270 5113 alius
1331 5059 1440 5112 Leo
1496 5059 1687 5113 Gram-

158 5147 353 5201 maticus
385 5151 435 5202 in
463 5149 584 5218 ejus
619 5147 739 5203 Vita
777 5167 790 5200 :
829 5149 1088 5203 Ἐκτισεν
1142 5154 1169 5204 ὁ
1222 5154 1372 5204 Λεων
1420 5154 1500 5212 εἰς
1559 5154 1686 5214 τοὺς

155 5234 442 5304 λεγομένους
470 5241 682 5300 Τόπους
717 5238 808 5290 τὸν
836 5238 990 5307 ἅγιον
1015 5241 1286 5309 Λάζαρον,
1340 5241 1686 5293 κατασκευά-

157 5343 232 5388 σεις
269 5333 428 5402 μονὴν
454 5331 706 5402 ἀνδρείαν
729 5331 1021 5400 εὐνούχων,
1051 5332 1176 5384 ἔνθα
1228 5333 1322 5384 καὶ
1381 5332 1473 5383 τοῦ
1523 5332 1686 5401 ἁγίου

156 5420 374 5490 Λαζάρου
395 5425 555 5494 σῶμα
585 5424 921 5492 καὶΜαρὶας
951 5425 1048 5492 τῆς
1085 5423 1452 5492 Μαγδαληνῆς
1489 5424 1687 5475 ἀνακο-

158 5513 292 5576 μίσας
313 5516 562 5580 ἀπέθετο,
599 5516 836 5585 ποιήσας
865 5519 934 5568 τὰ
961 5516 1218 5583 ἐγκαινια
1256 5518 1348 5567 καὶ
1375 5517 1474 5594 τῆς
1517 5515 1687 5583 αὐτῆς

159 5605 438 5677 ἐκγλησὶας.
506 5609 933 5678 ’Δσχολουμὲνου
1001 5610 1056 5661 δὲ
1107 5609 1199 5661 τοῦ
1265 5607 1453 5660 στόλου
1489 5609 1565 5667 εἰς
1623 5606 1688 5658 τὰ

158 5699 523 5766 κτίσματατῶν
572 5702 832 5754 τοιούτων
893 5700 1201 5766 ἐκκλησιῶν
1258 5698 1583 5770 παρελήφθη
1632 5699 1688 5748 ὲν

160 5785 342 5860 Σικελία
373 5793 432 5843 τὸ
459 5793 826 5858 Ταυρομένιον
855 5791 960 5843 ὑπὸ
989 5791 1097 5843 τὼ)
1134 5791 1377 5859 Ἀφρων.

215 5878 337 5933 Ibid.
373 5882 504 5955 ίτάς
534 5904 610 5954 γι)
633 5885 853 5954 operae
872 5886 940 5938 ἐν
961 5884 1083 5950 τοῖς
1101 5883 1531 5953 [tor-uorat»!th
1559 5881 1686 5949 ἐορ-

1787 621 2097 690 dempseris
2118 617 2407 680 ecclesias,
2429 618 2564 671 alias
2608 617 2694 672 hic
2736 615 3058 680 reccnsitas,
3103 615 3167 668 ad
3225 630 3362 683 quas

1788 731 1856 770 ex
1883 715 2170 770 devotione
2199 711 2420 768 statutis
2451 710 2648 765 diebus
2679 711 2853 780 pergit
2882 710 3202 779 imperator,
3249 723 3364 760 tuo-

1791 804 1984 860 nachis
2015 804 2341 873 assignatas
2389 816 2454 856 ac
2522 802 2910 870 imperatorum
2953 799 3358 868 magniﬁcentia

1790 903 2122 955 exstructas.
2153 893 2295 950 sicut
2335 901 2388 947 et
2415 908 2444 947 e
2501 890 2786 946 catholicis
2841 898 2946 945 tres
2987 899 3358 951 enumeratos,

1791 985 2127 1041 observabis.

1865 1077 2003 1132 Ibid.
2038 1076 2345 1148 [Πλὰγιον.
2371 1075 2604 1145 Regium
2632 1071 2884 1127 vexillum
2921 1071 3248 1142 imperatore
3269 1071 3363 1126 ab-

1791 1179 1944 1226 sente
1975 1170 2280 1239 obliquum.
2313 1178 2576 1238 praesente
2610 1176 2814 1222 rectum
2848 1172 3078 1221 tenetur.

1861 1263 2002 1318 Ibid.
2057 1260 2337 1335 [Ἄλτειν
2384 1259 2672 1329 λαμπάδα
2713 1258 2815 1312 ἐπὶ
2863 1256 2971 1312 τοῦ
3033 1254 3360 1310 dwell/av.

1793 1353 1936 1422 Quid
1969 1352 2100 1408 illud
2124 1353 2282 1417 ritus,
2320 1366 2543 1407 cereum
2585 1350 2669 1406 vel
2700 1347 3006 1419 lampadem
3050 1347 3106 1402 in
3169 1346 3364 1401 vexillo

1794 1446 2093 1502 accendere
2115 1446 2138 1500 ἲ
2161 1461 2288 1500 num
2313 1453 2461 1500 recte
2484 1442 2741 1508 harioler,
2771 1443 2946 1498 amice
2977 1441 3167 1506 lector,
3195 1439 3366 1509 judex

1793 1547 1930 1592 esto.
1977 1538 2032 1592 In
2067 1539 2236 1593 a-neis
2267 1537 2453 1606 ﬁguris
2485 1536 2614 1591 huic
2646 1533 2798 1604 operi
2835 1533 3071 1604 sparsim
3099 1531 3366 1601 appositis

1796 1630 2134 1701 (describunt
2162 1629 2267 1684 illa:
2299 1628 2618 1684 Grecorum
2656 1627 3038 1698 imperatorem
3096 1624 3362 1679 Joannem

1795 1724 2043 1778 ultimum
2070 1723 2138 1776 ad
2201 1721 2566 1777 Florentinam
2603 1720 2871 1793 synodum
2899 1721 2997 1776 iter
3052 1719 3364 1785 habentem)

1794 1813 1860 1868 ad
1896 1815 2036 1866 latus
2062 1814 2408 1882 imperatoris
2440 1814 2750 1868 sedentis-in
2809 1812 3018 1866 triremi
3083 1812 3364 1870 vexillum,

1796 1907 2047 1975 superius
2081 1922 2110 1960 a
2131 1921 2216 1960 me
2246 1906 2514 1959 statim.
2539 1906 2877 1960 nominatum
2909 1919 2962 1957 c.
2996 1903 3029 1957 5
3064 1915 3186 1957 nota
3221 1903 3282 1956 ad
3310 1919 3364 1970 p.

1793 1999 1882 2061 59.
1917 2000 2316 2065 animadverto,
2374 2016 2436 2054 ex
2471 2000 2626 2066 cujus
2677 1997 2853 2052 medio
2883 2006 3045 2052 conto
3097 1997 3364 2050 latcrnam

1792 2094 1906 2148 sive
1938 2093 2173 2162 phauale
2215 2109 2576 2162 prorumpens
2609 2107 2715 2146 non
2779 2089 2923 2144 aliud
2958 2105 3121 2160 quam
3183 2091 3361 2157 ignem

1791 2186 2216 2254 imperatoribus
2247 2185 2526 2249 praelatum
2564 2183 2844 2239 includere
2879 2183 3122 2237 mihimet
3141 2197 3368 2251 persua-

1791 2279 1913 2332 deo.
1949 2279 2089 2332 Num
2142 2277 2306 2330 modo
2365 2275 2560 2329 ἅπτειν
2585 2276 2684 2345 τὴν
2736 2275 2997 2343 λαμπάδα
3045 2275 3232 2327 ἐπάνω
3271 2273 3363 2326 τοῦ

1789 2370 2056 2425 διὸελλίου
2092 2385 2264 2423 meam
2325 2367 2579 2422 admittat
2631 2368 3028 2435 conjecturam,
3081 2366 3362 2435 approba;

1791 2464 1873 2518 vel
1907 2473 1960 2518 tu
1992 2463 2270 2532 quidpiam
2311 2461 2458 2516 aliud
2493 2462 2611 2516 loco
2637 2462 2808 2530 magis
2855 2473 3159 2529 congruum
3213 2457 3364 2512 edLs—

1791 2572 1930 2613 sere.
1955 2557 2101 2612 Cum
2130 2558 2149 2629 J

1879 2648 2022 2704 Ibid.
2060 2650 2369 2705 Ridiculum
2397 2660 2481 2704 est
2515 2646 2662 2718 quod
2698 2644 2894 2702 Junius
2926 2645 3258 2715 suspicatur,
3291 2645 3366 2698 ὠο

1793 2745 1951 2814 ραίας
1982 2743 2156 2807 πύλας
2175 2744 2349 2798 dictas
2373 2743 2527 2809 quasi
2556 2743 2820 2804 Itorrtrt'as,
2839 2742 2979 2810 quod
3002 2742 3055 2794 in
3077 2741 3246 2808 primo
3273 2742 3365 2794 illo

1794 2832 2105 2906 templorum
2133 2836 2285 2891 aditu
2317 2838 2388 2890 ait
2405 2835 2828 2890 commodissima
2867 2837 3153 2890 sciaterum
3187 2844 3238 2888 et
3263 2835 3360 2887 Iw-

1793 2930 2116 3000 rologt'orttm
2142 2931 2314 2984 sedes.
2348 2928 2598 2990 Credam,
2656 2928 2746 2983 ubi
2775 2926 2970 2983 Junius
3019 2928 3364 2983 demonstra-

1793 3019 1934 3073 verit
1996 3020 2162 3074 etiam
2210 3022 2265 3073 in
2307 3019 2512 3088 templo
2583 3017 3080 3090 Hierosolymitauo
3143 3031 3358 3088 portam

1793 3109 2110 3182 Speciosam
2133 3110 2338 3168 dictam
2362 3126 2484 3167 esse
2511 3111 2670 3179 quasi
2705 3111 3000 3175 horariam,
3032 3112 3180 3181 quod
3214 3111 3360 3169 scia-

1720 3229 1764 3292 ε
1796 3213 1976 3260 terum
2007 3214 2062 3259 et
2096 3202 2503 3273 horologiorum
2525 3203 2683 3260 sedes
2712 3213 2876 3260 esset.
2907 3203 3114 3260 Csars.

1869 3296 2009 3352 Ibid.
2057 3295 2423 3369 [Vestibulum
2502 3299 2930 3354 monasticarum
3004 3297 3360 3355 ecclesiarum

1795 3391 2156 3446 subeuntibus
2185 3398 2488 3446 occurrunt
2511 3389 2713 3460 ὡραῖαι
2737 3391 2928 3457 πύλαι,
2963 3407 3358 3463 nonnunquam

1795 3483 2068 3553 βασιλικαί
2127 3493 2468 3552 ηιιιιουναιεν.
2555 3482 2892 3540 Vestibulum
2937 3485 3067 3538 illud
3120 3487 3360 3557 πρόναος

1790 3575 1957 3647 348
1993 3576 2206 3631 auctori
2230 3575 2456 3641 dicitur,
2518 3578 2608 3644 qui
2668 3577 2829 3648 vulgo
2883 3577 3114 3647 νάρθηξ,
3163 3587 3360 3648 estque

1791 3669 2041 3724 ecclesiae
2074 3669 2250 3737 portis
2277 3669 2532 3738 adjuncta
2575 3669 2821 3738 porticus
2848 3669 3090 3723 exterior
3147 3685 3363 3740 semper

1793 3769 1977 3832 aperta
1995 3773 2048 3816 et
2064 3764 2115 3815 in
2140 3762 2422 3818 ecclesiam
2441 3763 2788 3818 advenientes
2808 3765 3039 3832 primum
3059 3765 3360 3834 excipiens,

1792 3854 2004 3924 qualem
2057 3853 2354 3908 observare
2407 3862 2458 3908 te
2501 3871 2694 3922 precor
2747 3855 2975 3910 Parisiis
3039 3858 3105 3912 ad
3175 3859 3361 3914 valvas

1795 3957 1880 3998 ten
1905 3945 2114 4014 piorum
2153 3945 2209 3998 S.
2250 3945 2507 4000 Germani
2543 3947 2764 4001 nomine
2817 3957 3168 4009 structorum,
3195 3953 3260 4004 ad
3296 3949 3358 4006 S.

1797 4033 2030 4090 Victoris
2059 4045 2109 4091 et
2141 4037 2206 4090 ad
2231 4036 2288 4090 S.
2328 4037 2640 4092 Gettovefte.
2670 4037 2910 4106 Πρόναον
2937 4039 3082 4094 hunc
3135 4051 3360 4109 praeter-

1792 4127 1991 4195 gressis
2022 4141 2318 4183 occurrunt
2347 4128 2508 4183 dictze
2532 4130 2769 4199 majores
2797 4133 3219 4203 portte,tbpatat,
3241 4150 3360 4203 spe-

1794 4221 1975 4283 ciosw,
2003 4220 2082 4273 vel
2109 4220 2179 4274 ob
2214 4219 2386 4289 pictas
2444 4223 2504 4275 ὲν
2565 4223 2790 4294 προνάῳ
2839 4239 3027 4280 sacras
3072 4226 3358 4296 imagtncs,

1794 4311 1874 4362 vel
1906 4310 2051 4379 quod
2081 4311 2368 4377 speciosam
2396 4309 2700 4374 Salomonii
2753 4315 2934 4383 templi
2962 4315 3224 4380 referant,
3276 4318 3360 4372 vel

1793 4403 2030 4472 denique
2059 4404 2238 4458 verius
2278 4413 2423 4472 quod
2443 4407 2509 4460 ad
2543 4421 2636 4462 eas
2660 4408 2908 4462 monachi
2939 4409 3177 4464 minores
3192 4410 3360 4465 horas

1797 4495 2052 4563 primam,
2099 4496 2340 4559 tertiam,
2382 4507 2613 4562 sextam,
2647 4514 2846 4554 nonam
2879 4510 2932 4554 et
2966 4502 3356 4556 matutinartun

1797 4596 1999 4656 partem
2033 4587 2158 4642 huic
2183 4591 2405 4644 modulo
2437 4593 2687 4659 praeviatn
2710 4592 2819 4662 Ἰῆς
2843 4595 3244 4666 εὐσπλαγχνίας
3263 4599 3360 4668 τὴν

1796 4682 1970 4755 πύλην
1992 4679 2202 4747 ἄνοιξον
2233 4683 2383 4752 ἡμῖν,
2404 4681 2778 4749 Θεοτόκε,ειε.
2811 4687 3126 4742 concinam.
3154 4687 3359 4763 Cum]

2396 4791 2625 4846 CAPUT
2659 4793 2748 4846 XI.

1792 4887 2192 4941 Observationes
2244 4894 2294 4940 et
2345 4884 2724 5023 emptis-agones
2769 4886 2823 4940 in
2879 4904 2926 4940 ιτ.
2964 4888 3050 4953 I6,
3101 4890 3241 4958 quod
3282 4901 3358 4946 est
3412 4937 3426 4952 .

2493 4971 2520 5008 e
2585 4966 2780 5008 ossato.

2493 4971 2520 5008 e
2563 4966 2780 5008 tossato.

1861 5049 1916 5102 Ρ,
1957 5049 2044 5103 85.
2084 5047 2282 5119 [Τὲντα
2313 5047 2503 5117 σκηνὴ.
2538 5047 2728 5117 κόρτη,
2761 5046 3016 5114 κατοῦνα,
3052 5050 3359 5108 tentorium.

1858 5140 1995 5196 Ibid.
2027 5137 2447 5213 [Ἐξαπλῶσαι
2481 5141 2554 5192 τὰ
2573 5138 2812 5192 ἑαυτοῦ.
2845 5137 3073 5210 Regium
3106 5141 3360 5197 domesti-

1788 5237 1948 5304 cique
1975 5232 2232 5286 vexillum
2271 5231 2324 5284 in
2352 5230 2521 5285 aciem
2557 5231 2726 5284 latum
2758 5239 2810 5285 et
2833 5245 2862 5285 e
2891 5230 3146 5287 conﬂictu
3173 5233 3239 5298 ad
3271 5250 3360 5289 ca-

1787 5341 1898 5381 srra
1926 5327 2152 5379 relatum
2182 5339 2242 5388 tt,
2272 5323 2326 5386 7,
2348 5332 2534 5376 narrat
2563 5323 3226 5398 Cautaeuzetuts..Goan.]

1861 5419 1919 5472 P.
1955 5419 2042 5472 85.
2079 5415 2262 5485 Inepte
2287 5412 2504 5479 Junius,
2564 5421 2776 5483 quando
2835 5415 3100 5484 fossatum
3154 5430 3360 5488 oportet

1787 5512 1966 5577 pedem
2003 5509 2185 5578 ﬁgere,
2219 5509 2326 5563 imo
2359 5507 2576 5576 quando
2605 5516 2821 5579 Oportet
2855 5507 3120 5564 fossatum
3162 5511 3361 5580 migra-

1791 5618 1846 5654 re
1874 5601 1958 5655 vel
1993 5601 2100 5653 alio
2139 5599 2434 5669 proﬁcisci.
2469 5597 2601 5651 Nam
2634 5650 2637 5654 ,
2666 5599 2914 5663 πεζεύειν
2973 5610 3056 5654 est
3122 5601 3206 5653 hic
3263 5605 3360 5653 iter

1791 5694 1986 5761 facere.
2017 5704 2071 5745 ut
2105 5692 2262 5760 paulo
2292 5702 2414 5760 pust
2447 5691 2788 5760 apertissime
2821 5702 3068 5760 apparet,
3123 5692 3212 5745 ubi
3276 5694 3360 5746 di-

1791 5789 1864 5838 cit
1887 5786 2126 5838 (lodiuus
2150 5784 2424 5837 nemiuem
2460 5784 2731 5848 πεζεύειν,
2767 5784 2868 5837 hoc
2922 5793 3004 5838 est
3035 5783 3140 5836 iter
3195 5785 3356 5850 inire,

1795 5877 2108 5946 ptiu~quam
2135 5891 2362 5945 magnus
2393 5875 2729 5930 dutttcstictts
2757 5874 3051 5944 unicuique
3098 5873 3355 5928 ﬂattttuu.
