3852 6602
466 414 571 475 3θ7

1536 410 1612 471 1N
1651 410 1949 471 unum:
2012 406 2113 484 ns
2153 406 2479 467 OFFlCltS
2514 408 2616 468 ιι).
3596 407 3679 471 333

468 530 522 583 io
551 546 711 583 suum
758 532 937 583 locum
972 526 1291 597 ass'guarit.
1336 523 1602 580 Eumdem
1632 541 1875 579 errorem
1900 534 2041 579 errat

2224 523 2282 576 Ρ.
2320 496 2417 575 ἓό.
2463 519 2604 591 Ποῦ
2660 518 2979 587 φοσσιίτου
3008 514 3561 589 ἀδνουμιαζομένου.
3591 519 3679 573 Lu-

468 616 665 675 Junius
698 637 841 674 mox.

541 714 680 767 Ibid.
704 714 1150 776 Κατουνοτᾶπιον,
1168 720 1369 777 castra,
1388 712 1531 763 locus
1550 709 1910 762 tentoriorum.
1935 708 2047 760 Κα-

467 804 655 858 τοῦναι
692 808 937 861 tentoria.
969 804 1335 859 Κατουνεύειν
1366 815 1541 856 castra
1575 819 1785 870 ponere.
1817 802 2043 854 tentoria

465 896 645 967 ﬁgere,
688 897 772 950 vel
808 899 971 951 etiam
1003 896 1261 950 absolute
1346 894 1815 964 στρατοπεδεύειν.
1853 890 2045 944 Junius

470 989 558 1043 hic
593 990 645 1042 in
671 989 902 1043 Arabem
931 1003 1123 1043 versus
1169 1000 1394 1042 catunas
1426 1004 1488 1040 ex
1541 985 1741 1039 Arabia
1792 984 2041 1049 advocat,

466 1090 731 1135 consueta
758 1081 859 1135 sibi
889 1080 946 1133 in
982 1080 1067 1135 his
1104 1081 1291 1146 rebus,
1352 1078 1461 1133 nisi
1516 1078 1693 1141 fallor,
1757 1078 2042 1133 ieiicitatc.

466 1171 505 1225 ί]
519 1188 667 1226 urrs.

545 1265 686 1319 Ibid.
722 1264 1182 1336 [Κατουνοτόπιον
1218 1264 1363 1334 quod
1404 1264 1682 1333 ἄπληκτον
1715 1274 1770 1317 ct
1829 1261 2044 1331 proprie

481 1360 771 1422 φοσσάτον.
815 1356 1130 1427 Ἀπληκτα,
1164 1357 1323 1426 quasi
1359 1357 1461 1424 τῆς
1484 1355 1702 1425 πληγῆς
1756 1354 1883 1419 ἔξω,
1914 1360 2042 1406 sunt

469 1458 647 1501 castra
681 1450 793 1503 sive
826 1458 1121 1502 castrorum
1160 1449 1494 1511 metationrs,
1532 1457 1587 1501 et
1613 1447 1755 1516 quoi
1814 1445 2041 1514 quidam

467 1540 846 1609 applicationes
882 1556 901 1595 :
923 1550 1100 1597 castra
1135 1542 1280 1595 enim
1336 1541 1608 1609 applicare
1640 1548 1692 1593 et
1725 1539 1889 1608 figere
1907 1535 2041 1590 dici~

465 1648 609 1688 mus.
636 1633 776 1699 Quia
814 1649 941 1687 vero
969 1633 1109 1687 vallo
1147 1632 1394 1702 fossaque
1425 1642 1609 1685 castra
1672 1629 2038 1694 circumdata,

376 1716 381 1729 ’
466 1727 594 1781 hinc
622 1743 763 1781 unus
787 1726 900 1780 τῶν
925 1726 1225 1796 ἁπλήκτων
1257 1727 1350 1779 καὶ
1387 1724 1483 1777 τοῦ
1508 1725 1780 1794 φοσσάτου
1818 1738 2035 1779 sensus.

467 1818 657 1873 Castra
720 1819 918 1874 deinde
980 1818 1128 1873 fossa
1177 1818 1390 1873 munita
1451 1817 1677 1886 σκηνὰς,
1748 1816 2035 1878 κατούνας.

466 1905 660 1969 τέντας
691 1908 926 1961 tentoria
984 1906 1293 1976 excipiunt,
1320 1922 1383 1960 ac
1427 1918 1711 1975 propterea
1774 1922 2039 1959 xarouvo~
2072 1899 2114 1955 Β

466 2001 681 2069 τὸπιον,
718 2003 783 2055 ad
812 2003 1051 2057 tentoria
1080 2002 1331 2073 ponenda
1363 2001 1609 2071 planities
1639 2010 1763 2071 apta
1794 2000 2042 2070 valloque

468 2096 702 2158 munita,
728 2094 868 2150 idem
903 2097 1047 2165 quod
1080 2095 1334 2165 ἄπληκτα
1376 2095 1457 2149 vel
1494 2094 1779 2161 φοσσάτον.
1824 2091 2044 2148 Nicctas

471 2185 661 2241 Isaacii
692 2188 903 2257 Auge-li,
939 2187 975 2241 l.
1006 2203 1023 2241 ι
1058 2204 1071 2241 :
1104 2186 1287 2241 Μέσον
1309 2184 1403 2239 τοῦ
1464 2186 1689 2257 κάμπου
1737 2186 1911 2239 ιποίει
1976 2184 2046 2237 τὰ

466 2279 628 2331 αὖτοῦ
662 2281 1079 2344 κατουνοτῦπια,
1118 2280 1257 2349 μήτε
1295 2278 1546 2347 φύλακας
1605 2278 1743 2347 ἔχων
1790 2277 2045 2347 ἀκριϐεῖς

470 2370 503 2439 ἢ
534 2370 743 2439 βίγλαςν
781 2373 918 2443 μήτε
946 2372 1054 2443 μὴν
1084 2370 1297 2441 βάλλων
1321 2371 1565 2442 χάρακα.
1588 2369 1730 2424 Infra
1755 2386 1770 2424 :
1792 2371 1888 2423 καὶ
1910 2371 2044 2440 πρὸς

466 2464 568 2530 τὴν
596 2464 689 2517 τοῦ
722 2465 1002 2535 Καίσαρος
1035 2464 1304 2518 κατσῦναν
1326 2459 1508 2536 ἦλθον.
1533 2463 1768 2519 inferius
1803 2465 2039 2518 iterum:

482 2555 846 2626 Ἠρπὰγησαν
864 2557 1015 2625 παρὰ
1034 2557 1141 2609 τῶν
1169 2555 1460 2626 βαρϐάρων
1485 2558 1540 2610 oi
1567 2556 1821 2610 κατοῦναι
1849 2557 2043 2610 πᾶσαι.

465 2645 621 2703 Unus
640 2648 838 2703 Leonis
854 2650 1006 2703 locus
1024 2665 1088 2702 ex
1110 2649 1197 2703 his
1220 2648 1399 2718 plura,
1424 2650 1534 2703 imo
1552 2647 1663 2703 fere
1680 2658 1899 2710 cuncta,
1914 2662 2013 2701 cun
2038 2675 2045 2680 -

466 2740 633 2793 nectit
655 2738 1030 2807 declaratque.
1057 2737 1408 2792 Tacticorum
1431 2746 1610 2793 const.
1639 2738 1726 2802 11,
1752 2754 1766 2792 ι
1800 2740 1919 2792 ιΔεί
1950 2733 2044 2791 οὖν

468 2830 540 2882 τὰ
560 2814 813 2900 ἄᾶιληκτα
834 2832 954 2901 ἦτοι
970 2830 1037 2882 τὰ
1056 2831 1297 2899 φοσσάτι
1321 2831 1544 2902 (κυρίως
1571 2832 1681 2902 γὰρ
1699 2832 1967 2900 φοσσάτον
1983 2832 2044 2885 τὸ

469 2922 743 2993 ἄπληκτον
765 2922 859 2975 τοῦ
876 2923 999 2977 ὅλου
1016 2924 1250 2995 στρατοῦ
1271 2925 1537 2994 καλεῖται)
1560 2924 1823 2995 ἀσφαλῶς
1842 2942 1902 2978 σε
1924 2943 2015 2977 πει
2030 2958 2045 2969 ο

470 3017 572 3079 εῖν,
591 3018 684 3070 καὶ
702 3018 750 3069 εἰ
772 3018 867 3087 μὲν
885 3018 1178 3086 ινδὲχεται,
1196 3017 1273 3081 είς
1290 3018 1643 3088 ἀραιοτέρους
1660 3019 1853 3081 τόπους
1874 3036 2040 3072 κατα-

470 3109 704 3177 σκηνοῦν
737 3110 806 3163 τὰ
847 3111 1239 3180 στρατιωτικὰ,
1286 3114 1334 3164 εί
1373 3112 1430 3163 δὲ
1458 3112 1517 3163 οὑ
1548 3116 1689 3165 κατᾶ
1724 3114 1923 3178 πάντα,
1966 3112 2041 3183 μὴ

466 3204 685 3270 ἀμελῶς
739 3203 874 3257 ἀλλὰ
924 3203 1206 3270 σφιτκτῶς
1264 3204 1358 3256 καὶ
1404 3203 1619 3274 ὀχυρῶς
1681 3205 2039 3275 ἁπληκεύειν.

467 3294 752 3357 Κατούνας
809 3310 970 3363 porro
1022 3296 1179 3365 quasi
1252 3296 1551 3359 καντούνας
1580 3298 1697 3352 sive
1748 3300 2040 3355 καντούνια

467 3389 610 3455 (qua:
631 3388 860 3456 γωνίας,
893 3388 1135 3457 angulos,
1164 3400 1276 3442 tum
1298 3389 1482 3443 Portio
1507 3399 1619 3444 tum
1654 3392 1865 3461 vulgari
1898 3393 2038 3462 plebi

465 3482 835 3550 souaut)puto
860 3481 1057 3546 dictas,
1120 3482 1264 3552 quod
1295 3483 1429 3551 ipsa
1490 3484 1864 3537 καντουνωταί
1921 3501 2041 3541 cas-

470 3584 660 3644 traque
694 3575 1076 3639 καντουνωτά,
1105 3578 1159 3629 in
1192 3577 1452 3645 quadrum
1489 3576 1749 3631 nimirum
1771 3588 1825 3632 et
1871 3595 2040 3649 angu-

469 3668 544 3721 los
574 3668 803 3737 cquales
829 3668 1125 3736 dispositae,
1160 3670 1238 3723 vel
1266 3670 1463 3724 iterum
1533 3669 1677 3740 quod
1714 3671 1915 3741 ubique
1985 3673 2038 3726 in

469 3763 665 3816 castris
688 3777 752 3815 ex
782 3762 1142 3817 tentoriorum
1169 3780 1197 3816 a
1232 3779 1289 3818 se
1318 3763 1552 3819 invicem
1589 3764 1910 3820 dissitorum
1953 3783 2043 3819 or-

469 3856 595 3910 dine
622 3868 948 3925 apparerent
978 3859 1182 3927 anguli.
1220 3858 1375 3914 Unde
1412 3857 1599 3914 forsan
1637 3859 1850 3913 viarum
1878 3860 2044 3932 35,9

467 3951 702 4018 compita
738 3949 909 4005 Gallis
937 3961 1178 4016 cantans,
1210 3952 1292 4005 vel
1320 3962 1466 4005 certe
1499 3952 1567 4006 ab
1601 3953 1688 4007 his
1715 3953 1871 4023 (quot
1895 3956 2040 4007 enim

464 4051 516 4095 ct
542 4053 744 4111 quanta
775 4043 935 4097 abiis
968 4045 1176 4099 ultimis
1204 4045 1416 4114 imperii
1445 4045 1663 4099 szeculis
1688 4047 1885 4100 mutati
1914 4054 2042 4100 sunt

464 4136 661 4203 Graeci)
705 4137 920 4190 illorum
940 4136 1215 4190 κεντοῦναι
1248 4156 1261 4191 :
1295 4149 1349 4192 et
1387 4153 1616 4192 rursum
1650 4155 1714 4191 ex
1747 4140 2041 4194 vernaculo

465 4238 778 4291 cantonner.
813 4227 960 4298 quod
993 4238 1079 4282 est
1109 4230 1385 4284 insessum
1408 4230 1589 4284 locum
1620 4241 1805 4285 tenere
1827 4240 1965 4285 eteo
1986 4247 2044 4286 se

468 4334 527 4376 ut
558 4322 855 4377 munitiore
889 4323 1050 4387 tueri,
1113 4322 1175 4375 τὸ
1225 4328 1641 4377 κατουνοποιεῖν
1665 4325 1717 4378 in
1776 4324 2040 4380 (ἔτῖεςίιιιιι

467 4415 779 4469 detulerunt
798 4402 1017 4469 Franci.
1037 4414 1270 4471 Consule
1292 4416 1527 4471 Leonem
1552 4418 1590 4472 Ι.
1609 4433 1657 4473 c.
1676 4434 1727 4471 ιι.
1758 4419 1844 4472 17.

540 4507 599 4561 Ρ.
624 4508 711 4561 84.
747 4510 951 4580 [Τόπον
991 4511 1188 4563 seriem
1223 4519 1278 4564 et
1311 4512 1559 4567 ordinem
1591 4512 1853 4579 ἰιιιυηῐεο,

2149 628 2318 669 strato
2374 615 2726 683 recensitoque
2768 614 3022 667 exercitu.
3053 611 3412 682 Theophanes
3450 613 3501 666 in
3544 610 3683 666 Justi-

2149 711 2319 764 niauo
2353 727 2365 763 :
2403 710 2544 772 Τοὺς
2586 708 2931 778 στρατιώτας
2965 711 2994 761 ὁ
3020 707 3299 777 Γερμανὸς
3348 706 3583 775 ἠρίθμει,
3610 708 3686 760 καί

2148 800 2258 853 τῶν
2291 800 2638 871 γραμμάτων
2676 800 2744 853 τὰ
2774 799 2977 869 βιϐλία,
3006 801 3067 853 ἐν
3096 794 3177 861 οἷς
3222 798 3333 853 τῶν
3368 800 3687 868 στρατιωτῶν

2146 896 2214 947 τὰ
2276 896 2518 964 ὀνόματα
2570 894 2966 961 ἐνεγέγραπτο,
3016 892 3443 960 ἀναλεξάμενος.
3502 888 3687 945 Niccta!

2146 984 2341 1041 lsaacii
2374 986 2562 1053 Angcli
2593 986 2630 1039 1.
2667 1001 2725 1040 ιιι
2762 1003 2775 1040 :
2810 985 3076 1053 Συλλογαι
3104 984 3199 1037 οὖν
3244 984 3339 1036 καί
3398 984 3689 1051 ἀπογραφαί

2146 1080 2255 1132 τῶν
2282 1080 2609 1149 Ῥωμαῖκῶν
2640 1080 2881 1147 ἐγίνοντο
2910 1078 3361 1146 στρατευμάτων,
3378 1075 3474 1127 οὐκ
3498 1077 3689 1145 ἁχρῖῖιν

2145 1171 2201 1222 δὲ
2240 1171 2333 1223 καὶ
2365 1172 2426 1223 τὸ
2463 1170 2857 1240 μισθοφορικὸν
2890 1170 3205 1237 συνελέγετο

2216 1262 2363 1317 Ibid.
2385 1260 2485 1334 ['0
2513 1262 2700 1332 μέγας
2726 1262 3082 1331 ὄομέστικος
3115 1262 3186 1314 ἐν
3216 1253 3265 1326 ᾧ
3285 1262 3443 1328 τόπῳ
3478 1263 3505 1316 ὁ
3534 1263 3690 1325 ,ϐασι-

2144 1353 2311 1419 λεύς.
2344 1351 2481 1407 iiiuc
2538 1353 2588 1406 ei
2634 1354 2767 1423 regii
2822 1368 2957 1420 penne
3004 1353 3246 1406 honores
3293 1354 3483 1407 delati.
3512 1351 3687 1406 Jusaui

2145 1448 2375 1503 Asucho
2424 1461 2626 1517 magno
2676 1447 2981 1502 domestico
3018 1446 3123 1501 sub
3166 1444 3380 1500 Joanne
3439 1446 3689 1501 C0tunt‘tt0

2143 1555 2274 1595 casu
2309 1541 2528 1595 obviam
2554 1541 2658 1595 sibi
2692 1540 2835 1595 facto
2861 1541 3045 1595 cuncti
3079 1555 3340 1610 proceres
3373 1549 3427 1592 et
3470 1554 3533 1592 et
3565 1540 3687 1609 regia

2144 1634 2316 1703 stirpe
2342 1635 2757 1689 honoratissimi
2783 1634 2888 1688 viri
2922 1650 3047 1689 eum
3075 1633 3401 1689 deferebant
3423 1634 3619 1687 cultum
3644 1644 3691 1687 ut

2142 1745 2210 1783 ex
2243 1730 2400 1799 equis
2430 1730 2827 1785 descenderent
2864 1741 2919 1784 et
2976 1729 3299 1784 exhiberem
3329 1730 3689 1786 reverentiam.

2142 1820 2395 1877 Nicetas:
2426 1825 2616 1876 Πᾶσαν
2647 1823 2963 1893 ὑπερανέϐη
2992 1821 3505 1893 παραδυνάστευσιν
3538 1824 3693 1890 μέγας

2141 1917 2397 1987 τιμηθεὶς
2415 1918 2760 1987 δομέστικος,
2795 1920 2872 1982 ὡς
2905 1917 3000 1971 καὶ
3044 1918 3273 1981 πολλοὺς
3306 1918 3417 1971 τῶν
3450 1919 3692 1987 ἐριτξμων

2142 2012 2286 2064 κατὰ
2328 2012 2489 2079 γένος
2533 2010 2809 2081 βασίλειον
2869 2010 3191 2066 ἀποόαίνειν
3245 2010 3342 2063 τοῦ
3392 2011 3561 2063 ίππου
3612 2013 3692 2064 καί

2143 2101 2319 2173 τούτῳ
2375 2103 2678 2174 ἀπονέμειν
2741 2102 3159 2174 προσκύνησιν,
3218 2104 3361 2157 κατὰ
3414 2103 3693 2172 συγκυρίαν

2144 2197 2602 2262 ὑπαντιάζοντας.
2643 2197 2719 2252 1111
2760 2197 2911 2252 velut
2944 2197 3264 2268 imperatori
3314 2197 3574 2253 satellites
3618 2212 3693 2251 as-

2145 2290 2366 2361 signati.
2401 2288 2664 2345 Manuelis
2699 2289 2735 2344 1.
2789 2306 2801 2344 I
2848 2309 2861 2344 :
2911 2289 2972 2342 Ὀ
3024 2289 3202 2359 μέγας
3232 2289 3553 2358 δομέστικος
3585 2289 3693 2351 τοὺς

2148 2383 2314 2445 ίδίους
2372 2382 2798 2452 μεταπέμπεται
2855 2378 3338 2453 δορυερόρους,οὓς
3396 2381 3486 2435 ἐπὶ
3535 2380 3695 2449 καιρῴ

2148 2475 2330 2544 μάχης
2358 2468 2473 2544 εἶχε
2510 2474 2824 2544 χρησίμους
2857 2475 3038 2545 ἑαυτῷ
3070 2474 3166 2527 καὶ
3200 2473 3454 2535 ὁπλίταις
3489 2474 3693 2539 ἀγαθοῖς

2145 2566 2433 2636 ἐκέχρητο.
2462 2565 2798 2621 Potestatem
2844 2566 3133 2620 domestici
3180 2580 3345 2635 quam
3392 2565 3621 2634 amplam
3650 2576 3695 2617 et

2148 2660 2514 2730 imperatoria:
2565 2660 2868 2730 proximam
2910 2660 3024 2729 ipse
3056 2659 3397 2713 domesticus
3446 2657 3696 2713 Cantacua

2145 2767 2335 2816 zenus,
2366 2754 2404 2808 1.
2442 2767 2479 2806 ιι
2508 2751 2627 2807 fuse
2660 2753 2947 2808 describit.
2973 2752 3173 2824 ϐοιιι.]

2219 2848 2360 2905 Ibid.
2411 2847 2486 2905 De
2541 2864 2708 2905 cursu
2762 2858 2817 2905 et
2873 2849 3069 2920 spoliis
3115 2848 3229 2919 jam
3289 2848 3417 2903 alibi
3480 2848 3692 2919 egimus.

2145 2943 2346 3000 (iners.

2216 3033 2357 3087 Ibid.
2380 3032 2591 3106 [Λόγῳ.
2615 3031 2864 3097 Nomine,
2887 3033 2941 3085 in
2966 3042 3190 3099 partem,
3211 3033 3322 3102 ejus
3342 3033 3560 3095 ratione,
3582 3041 3693 3093 etc.,

2145 3128 2436 3197 respondet
2472 3128 2767 3196 plurimutn
2818 3127 3045 3196 antiquo
3100 3126 3285 3178 ἕνεκα.
3316 3125 3535 3181 Phrasis
3563 3142 3589 3179 a
3621 3142 3693 3179 re-

2145 3219 2483 3275 centioribus
2511 3218 2821 3288 frequenter
2848 3221 3070 3278 usitata.
3106 3227 3317 3273 mutato
3350 3233 3449 3287 pro
3480 3218 3694 3273 locutio-

2144 3311 2232 3365 nis
2286 3310 2597 3380 corrupteia
2653 3329 2698 3381 ῳ
2749 3311 2800 3364 in
2834 3328 2919 3365 ου.
2950 3309 3043 3364 Sic
3071 3309 3159 3362 διὰ
3190 3310 3350 3378 λόγου
3387 3326 3487 3379 μου
3537 3325 3698 3364 cruore

2144 3403 2244 3456 mei
2271 3402 2350 3457 vel
2392 3404 2604 3456 nomine
2652 3406 2784 3468 tneo,
2832 3401 2920 3455 διὰ
2947 3403 3109 3470 λόγου
3141 3418 3236 3453 σου
3264 3412 3475 3469 propter
3506 3413 3572 3468 te,
3599 3411 3695 3454 etc.

2142 3494 2351 3549 dicunt.
2395 3493 2805 3564 Theophanes:
2841 3494 3019 3561 Λόγου
3070 3494 3172 3562 τῆς
3224 3495 3467 3562 μεγάλης
3513 3494 3697 3564 ἐκκλη-

2144 3590 2267 3651 σίας
2299 3590 2354 3642 in
2389 3604 2594 3658 magna
2624 3587 2858 3643 ecclesia:
2884 3599 3108 3656 partem.
3142 3587 3349 3659 Count

2216 3681 2355 3735 Ibid.
2398 3682 2721 3748 Κεφαλάδες
2784 3691 2838 3736 ct
2887 3682 3193 3750 κεφαλὰδαι
3235 3690 3364 3736 sunt
3392 3682 3459 3737 ad
3488 3682 3697 3738 verbum

2143 3774 2318 3828 nostri
2350 3774 2638 3840 capitanei.
2669 3773 2872 3829 Gas'rs.

2214 3859 2357 3916 Ibid.
2393 3856 2753 3932 [Κεφαλάδας
2788 3861 3038 3916 hodierni
3067 3873 3259 3917 vocant
3288 3865 3606 3932 capitanros;
3638 3877 3697 3918 de

2144 3967 2249 4022 qua
2302 3967 2437 4006 voce
2486 3953 2648 4009 docte
2703 3954 2971 4025 Rigaltius
3026 3969 3077 4010 v.
3132 3954 3365 4025 κεφαλή,
3401 3973 3521 4026 quae
3568 3958 3695 4010 idem

2145 4046 2287 4116 quod
2325 4046 2427 4097 alia
2460 4046 2775 4116 corruptior
2799 4046 3139 4114 κειραλάδας.

2216 4134 2360 4191 Ibid.
2401 4135 2825 4208 [Ῥογατόρων.
2870 4137 3191 4194 Habuerunt
3239 4140 3434 4204 Graeci.
3482 4156 3696 4210 quorum

2146 4242 2353 4283 morem
2400 4228 2688 4283 imitantur
2718 4229 2932 4295 Turcze,
2957 4232 3159 4287 milites
3206 4233 3343 4289 alios
3382 4234 3698 4303 τιμὰρηδας,
3764 4266 3777 4274 -

2146 4322 2284 4377 alios
2321 4323 2644 4393 ρογάτορας.
2685 4324 2883 4379 Primis
2919 4325 2972 4377 in
3022 4325 3357 4394 stipendium
3392 4336 3695 4397 perpetuum

2146 4416 2572 4484 assignabautur
2604 4416 2741 4486 agri,
2771 4418 2861 4486 qui
2898 4418 3056 4487 vulgo
3086 4419 3344 4489 τιμάρια,
3379 4419 3526 4473 velut
3558 4419 3697 4472 Iaho-

2148 4508 2225 4561 ris
2289 4508 2459 4576 τιμάς
2527 4511 3027 4576 compensationes.
3075 4510 3507 4575 Cantacuzenus,
3538 4528 3574 4573 t.
3603 4510 3699 4564 ὅδε

538 4598 681 4655 Ibid.
708 4598 853 4672 [Πρὸ
882 4601 988 4655 τοῦ
1012 4600 1295 4661 πεζεῦσαι
1329 4604 1396 4657 τὸ
1428 4605 1767 4674 φοσσιὶτον.
1798 4604 1913 4662 Hoc
1939 4605 2041 4661 fuit
2074 4599 2115 4653 D
2146 4596 2252 4651 Τοῦ
2305 4599 2491 4667 μέντοι
2524 4600 2923 4668 μισθοφορικοῦ
2955 4603 3055 4670 τῆς
3088 4605 3351 4672 στρατιᾶς
3390 4603 3482 4655 τὸν
3530 4603 3701 4671 μισθὸν

468 4691 668 4747 Leonis
699 4694 1021 4748 mandatum
1069 4697 1125 4750 in
1157 4696 1311 4754 Tact.
1364 4709 1541 4752 const.
1584 4700 1616 4753 9
1659 4714 1717 4753 n.
1752 4699 1815 4754 6i
1849 4711 1903 4755 et
1930 4702 2037 4756 σοι

464 4786 555 4856 Μή
598 4803 728 4839 ποτε
785 4787 1208 4858 ὲγκρύπτωνται
1237 4791 1318 4852 είς
1346 4789 1572 4861 ὄλεθρόν
1601 4809 1746 4845 τινα.
1771 4793 1837 4847 Ει
1864 4793 2038 4849 infra:

425 4929 437 4943 ,
468 4882 575 4935 Καὶ
602 4883 773 4937 ταῦτα
803 4884 1145 4955 1ιεροερευνᾷν
1175 4884 1257 4937 δεῖ
1285 4884 1375 4937 διά
1402 4900 1462 4939 τε
1491 4884 1667 4954 ψιλῶν
1692 4885 2042 4956 στρατιωτῶν

464 4977 560 5029 καὶ
582 4976 781 5044 ὀλίγων
808 4976 1218 5046 καῦαλλαρίων,
1239 4977 1357 5047 διμα
1391 4978 1446 5030 δὲ
1478 4980 1573 5032 καὶ
1601 4979 1891 5032 ἀποσοόεϊν
1915 4980 2041 5042 τοὺς

464 5070 885 5137 κεκρυμμένους
919 5069 1169 5138 ἐχυροὺς,
1200 5065 1303 5123 εἷθ’
1344 5070 1487 5124 οὕτω
1525 5071 1907 5143 παρέρχεσθαι
1942 5073 2041 5141 τὴν

468 5160 792 5228 παράταξιν.
827 5160 1024 5233 Cosa]

542 5252 600 5305 l‘.
628 5252 717 5308 8-5.
756 5254 936 5307 Codex
961 5254 1369 5309 Lautherianus
1400 5267 1453 5310 et
1486 5257 1623 5309 alter
1655 5256 1855 5310 Boit‘tts
1883 5273 1897 5310 :
1923 5258 2043 5307 Δει-

467 5345 709 5414 πνήσατε
746 5346 840 5397 καί
869 5348 1183 5415 τραγήσατε
1215 5348 1281 5401 τὰ
1323 5348 1517 5415 ἄλογα.
1554 5348 1758 5403 Gut-11's.

535 5436 678 5492 Ibid.
711 5436 898 5509 [Solos
928 5438 1228 5508 cquitesde
1264 5408 1420 5493 nocio
1453 5449 1753 5507 posuerunt
1784 5441 1835 5492 in
1868 5453 2041 5494 excu-

467 5532 572 5585 biis
597 5530 858 5600 postremi
892 5529 1089 5585 Graeci.
1125 5529 1233 5586 Leo
1259 5530 1417 5585 Tact.
1452 5540 1633 5586 const.
1667 5548 1720 5586 ιι.
1758 5531 1828 5586 55
1857 5548 1871 5585 :
1915 5532 2041 5585 Ἐπὶ

466 5626 563 5693 τῆς
614 5623 852 5692 πεζικῆς
883 5623 1195 5697 ὁδοιπορίας
1250 5625 1330 5686 είς
1369 5626 1469 5693 μὲν
1515 5623 1809 5687 ἐπιπέδους
1839 5626 2041 5687 τόπους

465 5717 584 5770 δέον
631 5734 689 5769 σε
726 5719 820 5771 καί.
848 5715 1073 5769 ὄπισθεν
1110 5717 1296 5770 αἰτῶν
1350 5717 1443 5767 καὶ
1491 5717 1806 5786 ἔμπροσθεν
1838 5716 2044 5769 x1501).-

467 5808 687 5877 ).:p£ou;
719 5809 987 5880 καθιστᾷν
1038 5812 1117 5871 εἰς
1151 5809 1359 5879 βίγλας,
1390 5810 1486 5862 καὶ
1524 5809 1776 5879 ἐξωτέρω
1826 5809 1925 5877 τῆς
1958 5810 2041 5877 βε-

466 5901 600 5968 γλας
636 5903 840 5972 μηδένα
872 5904 979 5957 τῶν
1014 5901 1195 5966 πεζῶν
1229 5900 1535 5970 φαίνεσθαι.
1572 5900 1771 5974 Cosa]

2144 4692 2387 4761 αὐξήσας
2413 4692 2690 4763 παρέσχον
2723 4695 2817 4748 καὶ
2845 4695 2949 4761 γῆς
2980 4694 3196 4765 ἑκάστῳ
3232 4696 3444 4765 πλέθρα
3473 4696 3700 4765 χρυσίων

2142 4786 2294 4839 δέκα.
2324 4785 2595 4842 Secundis
2650 4787 2812 4857 ρὀαι
2853 4788 3099 4858 pecunia:
3135 4800 3457 4853 numeratae.
3492 4790 3559 4844 de
3592 4789 3699 4857 qui-

2144 4877 2246 4931 bus
2280 4877 2431 4932 alibi.
2468 4878 2646 4947 Rogas
2675 4879 2841 4950 350
2873 4882 3044 4935 semel
3094 4881 3146 4935 in
3189 4896 3355 4947 anno,
3404 4899 3531 4937 vere
3561 4882 3703 4935 nimi-

2148 4985 2289 5034 rum,
2319 4970 2372 5025 in
2407 4986 2666 5038 proceres
2696 4983 2748 5025 et
2786 4974 2839 5027 in
2891 4974 3093 5029 milites
3123 4975 3329 5029 divisas
3360 4976 3553 5030 scribit
3598 4973 3703 5026 Bal-

2143 5076 2337 5115 samon
2364 5061 2622 5121 Meditato
2649 5063 2716 5119 de
2749 5065 3137 5127 incensis.ctc.
3158 5066 3440 5121 Coucinnc
3464 5066 3702 5121 describit

2144 5154 2519 5223 Luitprandus
2547 5156 2600 5209 in
2640 5156 2957 5225 Legatione,
2982 5166 3037 5212 et
3065 5159 3136 5211 ab
3166 5160 3391 5227 antiquo
3423 5159 3494 5213 ita
3527 5158 3701 5211 distri-

2144 5245 2305 5300 butas
2336 5247 2629 5301 conﬁrmat
2650 5247 2973 5312 Simocatta,
3003 5266 3085 5313 ιιι,
3116 5250 3151 5304 ι
3185 5267 3198 5302 :
3239 5250 3643 5320 Ἑπιγινομένου
3666 5246 3704 5300 δ’

2142 5333 2276 5407 ἦρος
2330 5340 2426 5391 καὶ
2472 5344 2722 5411 προσηνῆ
2753 5342 2848 5393 καὶ
2882 5343 3143 5412 ἐπίχαριν
3172 5341 3299 5411 ὄψιν
3335 5344 3702 5414 παρεχομένου

2142 5436 2210 5505 τῇ
2244 5437 2338 5505 γῇ.
2371 5436 2404 5507 ἡ
2443 5437 2586 5490 κατὰ
2633 5439 2694 5489 τὸ
2734 5437 2927 5500 εἰωθὸς
2966 5436 3061 5490 τοῦ
3106 5435 3313 5508 χρυσοῦ
3358 5438 3588 5507 διανομὴ
3636 5434 3701 5502 τῷ

2147 5528 2376 5597 μαχίμῳ
2402 5529 2509 5581 ὑπὸ
2535 5529 2629 5581 τοῦ
2676 5530 3089 5599 αὐτοκράτορος
3134 5529 3502 5598 ἐξεπέμπετο.
3537 5526 3706 5582 Hieme

2147 5631 2328 5676 tamen
2357 5622 2627 5692 stipendia
2658 5623 2864 5678 eisdem
2892 5625 3071 5679 soluta
3120 5633 3309 5679 mouet
3339 5625 3479 5679 idem
3510 5632 3703 5680 auctor.

2145 5715 2181 5768 Ι.
2213 5730 2251 5767 ιι
2286 5734 2299 5769 :
2337 5718 2621 5787 Χειμῶνος
2651 5719 2758 5786 γὰρ
2805 5719 2904 5788 1ᾔδη
2937 5737 3039 5771 που
3082 5717 3334 5787 ὲνεδήμει
3378 5718 3587 5785 καιρὸς,
3623 5714 3703 5767 καὶ

2144 5808 2177 5876 ἠ
2212 5809 2503 5874 ὲγκύκλιος
2533 5812 2642 5862 τῶν
2676 5811 2978 5882 χρημάτων
3014 5810 3255 5873 ἐπίδοσις
3304 5810 3381 5878 τῷ
3425 5806 3703 5876 Ῥωμαῖκῷ

2144 5901 2320 5968 ἐχεῖτο
2350 5904 2719 5972 συντάγματι.
2748 5902 2946 5973 ϐο.ιιι.]
