3852 6592
247 429 354 492 3δ9

1298 421 1684 484 GRETSERI
1736 419 1830 478 ET
1877 416 2115 477 GOARl
2167 415 2404 476 NOTAE.

3388 417 3493 479 390

319 541 372 593 P.
402 537 488 591 85.
514 535 730 601 Junius,
761 535 850 591 hic
884 545 941 590 ut
977 535 1106 591 alibi
1136 551 1374 604 semper,
1405 536 1628 603 ἅρματι
1663 538 1816 601 pulal
1846 535 1890 592 Α
1920 527 2124 598 primos
2189 529 2466 613 principrs
2537 529 2890 590 Christianos
2958 529 3010 584 in
3080 529 3312 585 ecclesia
3382 546 3491 583 non

246 645 366 685 esse
413 645 622 691 currus,
662 643 784 683 cum
839 627 951 682 sint
1009 642 1159 679 arma
1207 641 1238 681 a
1295 623 1493 680 Latino
1539 621 1812 678 vocabulo

245 723 555 868 deﬁgi)?
583 793 868 882 γενέσθαι.
892 811 1122 866 Videtur
1150 809 1460 866 addendum
1484 808 1584 863 δεῖ.
1610 805 1813 862 Gners.

834 926 1066 983 CAPUT
1111 925 1225 980 ΧΠ.

246 1021 648 1079 Observationes
683 1033 734 1076 et
763 1021 1140 1090 explicationes
1172 1020 1227 1072 in
1268 1035 1317 1072 ε.
1363 1017 1452 1085 l7,
1482 1020 1546 1072 de
1599 1033 1820 1071 corona-

769 1093 904 1146 tione
942 1090 1301 1159 imperatoris.

215 1171 226 1203 ‘
315 1185 375 1239 Ρ.
403 1185 493 1239 86.
519 1183 683 1257 [Περὶ
715 1184 1129 1258 στεφηφορίας
1151 1183 1481 1247 βασιλέως·
1524 1181 1820 1250 ῐωβθν³ί⁰’

252 1292 337 1334 res
393 1277 716 1340 renuntiati,
748 1277 842 1347 qui
884 1277 968 1331 vel
1013 1276 1362 1332 subditorum
1421 1274 1688 1328 electione
1734 1275 1820 1328 vel

248 1369 538 1431 sanguinis
575 1368 702 1440 jure
736 1368 819 1422 vel
859 1367 909 1421 vi
944 1367 1231 1438 tyrannide
1262 1377 1475 1437 arrepta
1526 1367 1592 1420 ad
1635 1381 1823 1436 regen-

249 1461 379 1515 dum
444 1461 740 1532 imperium
813 1460 1066 1530 promoti.
1105 1475 1121 1512 :
1163 1459 1415 1515 coronati
1468 1459 1688 1526 deinde,
1728 1458 1821 1528 qui

251 1554 562 1624 insignibus
592 1553 830 1622 imperii,
853 1567 1084 1616 corona.
1110 1562 1352 1621 sceptro.
1385 1551 1694 1620 chlamyde.
1731 1566 1822 1605 or-

255 1649 362 1703 nati
395 1658 452 1703 et
505 1648 766 1702 unctione
795 1647 1051 1702 delibuti.
1086 1647 1160 1702 De
1205 1645 1486 1700 tradendis
1515 1645 1824 1713 insignibus

255 1740 426 1803 hisce.
465 1739 631 1794 tacita
681 1739 926 1806 qualibet
975 1739 1081 1793 alia
1144 1737 1513 1808 promotione,
1548 1745 1694 1794 totus
1744 1747 1830 1792 est

252 1844 493 1898 praesens
523 1839 704 1898 typus.

1917 618 2230 690 suscepisse
2275 621 2416 690 apud
2437 635 2540 674 —me
2569 629 2654 675 cst
2679 622 2990 676 indubium.
3024 624 3091 678 At
3142 625 3394 692 quamvis
3423 626 3492 678 ιὶη

1919 711 2218 776 Marciano,
2250 711 2342 780 qui
2373 713 2610 765 Anatolii
2667 713 2991 780 patriarcbze
3045 729 3146 784 ope
3182 715 3493 769 declaratus

1918 809 2002 855 cst
2035 799 2332 870 imperator
2383 815 2414 856 a
2460 800 2772 862 Pulcheria,
2806 802 3064 855 nonnulla
3107 803 3179 857 sit
3226 803 3492 871 suspicio,

1922 909 2082 965 quem
2130 893 2492 970 Theophanes
2548 893 2670 964 θείᾳ
2722 893 2888 964 ψήφῳ
2934 895 3315 965 αὐτοκράτορα
3363 897 3494 948 dwa—

1921 985 2202 1057 δειχθέντα
2234 986 2446 1048 scribit,
2484 1001 2551 1040 en
2605 995 2785 1040 tamen
2821 995 2878 1039 ut
2917 985 3024 1041 Leo
3048 986 3232 1055 junior
3259 988 3496 1042 senioris

1925 1094 2091 1148 nepos
2138 1089 2346 1148 patrem
2393 1079 2668 1134 Zenonem
2725 1079 2944 1150 propria
2996 1095 3158 1134 manu
3187 1081 3498 1135 diademate

1924 1179 2103 1238 ornat,
2141 1173 2196 1224 ὲν
2228 1172 2304 1242 τῷ
2341 1171 2645 1242 καθίσματι
2674 1171 2769 1226 τοῦ
2807 1171 3216 1242 Ἱπποδρομίου,
3246 1174 3320 1226 ait
3353 1173 3494 1226 idem

1925 1261 2314 1332 TheOphancs.
2357 1264 2682 1320 Anastasius
2731 1264 2932 1318 ibidem
2974 1273 3292 1318 coronatus.
3329 1263 3499 1318 Insti-

1926 1369 2034 1408 nus
2089 1355 2142 1409 in
2213 1354 2448 1422 palatio,
2501 1354 2850 1408 Iustinianus
2920 1352 3146 1406 itidem.
3207 1350 3500 1406 Mauricius

1927 1460 2148 1516 quoque
2178 1455 2441 1514 przesentc
2458 1447 2674 1514 quidem
2708 1446 3018 1515 patriarcha
3061 1453 3366 1514 senatuque
3398 1444 3500 1497 im-

1934 1544 2154 1603 perator
2186 1535 2454 1590 salutatus
2479 1544 2582 1599 est,
2610 1551 2798 1590 verum
2835 1537 2887 1589 in
2916 1535 3101 1605 palatii
3131 1535 3412 1600 tribunali,
3435 1535 3500 1588 ad

1931 1627 2135 1682 Tiberii
2184 1627 2410 1696 jamjam
2455 1627 2697 1681 morituri
2745 1627 2971 1692 lectum,
3005 1629 3058 1681 in
3110 1643 3271 1697 quem
3320 1628 3498 1681 locum

1935 1721 2052 1790 ipse
2105 1720 2346 1790 φοράδην
2404 1719 2733 1790 ὲξεκομίσθη
2766 1719 2962 1774 scribit
3006 1719 3332 1778 Simocatta.
3363 1735 3404 1779 ι.
3447 1722 3497 1773 λι.

1935 1811 2318 1882 Cupronymus
2351 1811 2586 1880 denique
2609 1811 2663 1865 in
2705 1812 3083 1868 novcmdecim
3119 1812 3500 1868 accubitornm

323 1891 692 1994 Ibid.
763 1919 881 1988 τὴν
947 1919 1060 1987 πρὸ
1092 1919 1229 1988 ’τῆς
1294 1918 1520 1990 ἡμέρας
1587 1918 1827 1983 ἐκείνης

1939 1902 2193 1959 tribunali
2223 1903 2369 1972 regia
2405 1916 2607 1958 corona
2650 1901 2752 1956 fuit
2803 1904 2952 1958 redin
2978 1904 3108 1967 itus,
3133 1912 3190 1958 ut
3225 1920 3287 1958 cx
3320 1905 3501 1958 Theo-

252 2009 538 2077 ἑσπέραν.
577 2008 791 2079 Imperii
829 2021 1200 2091 Successores,
1234 2008 1319 2064 vel
1352 2009 1418 2062 ad
1454 2006 1584 2062 illud
1638 2008 1821 2076 populi

253 2104 556 2158 militumve
585 2102 854 2158 electione
879 2101 1238 2160 obtinendum
1273 2112 1528 2167 vocatos.
1560 2102 1823 2173 palatium

256 2208 343 2247 (λου
365 2186 650 2264 ριὀριῆαω
678 2193 863 2248 sedem
897 2193 1182 2263 possidere
1222 2203 1429 2248 certum
1468 2210 1483 2248 :
1517 2193 1722 2248 ascitos
1758 2194 1823 2245 ad

260 2289 544 2358 imperium
574 2302 603 2340 a
634 2284 879 2356 principe
909 2286 1127 2344 seniore
1184 2285 1318 2341 illud
1367 2287 1553 2343 statim
1586 2287 1828 2342 incolere

263 2381 461 2436 datum.
503 2377 746 2447 Vespere
778 2377 948 2447 igitur
975 2379 1317 2434 coronationi
1353 2379 1556 2449 praevio
1592 2380 1660 2434 ad
1691 2381 1827 2434 illud

256 2485 308 2526 se
333 2467 656 2530 conferunt.
692 2475 749 2521 ut
796 2466 1018 2532 comite,
1060 2467 1171 2522 imo
1209 2467 1348 2524 duce
1390 2471 1607 2523 seniore
1635 2470 1700 2525 ad
1735 2485 1828 2525 ec-

255 2561 472 2616 rlesiam
530 2569 750 2631 postera
824 2558 948 2614 luce
1002 2569 1252 2630 pergant.
1309 2559 1444 2614 Vide
1507 2560 1827 2617 Michaelcm

255 2651 542 2722 Theophili
575 2649 636 2705 F.
659 2649 800 2720 apud
831 2648 1066 2704 Leonem
1094 2649 1525 2708 Grammaticum
1547 2651 1827 2722 quidpiam

253 2744 573 2812 huiusmodi
598 2743 711 2814 jam
741 2757 841 2798 suo
872 2753 1117 2814 tempore
1142 2744 1528 2799 observantem
1566 2763 1579 2799 :
1618 2745 1748 2815 Ὀψὲ
1772 2745 1829 2800 δὲ

255 2835 541 2888 Σοδὸάτου
589 2836 689 2906 τῆς
750 2836 1139 2906 Πεντηκοστῆς
1211 2839 1450 2908 ἐμήνυσε
1502 2839 1696 2910 Φωτίῳ
1752 2840 1830 2912 τῷ

255 2931 576 3001 πατριάρχῃ
630 2931 660 2982 6
717 2929 973 2998 βασιλεὺς
1025 2929 1114 2982 διὰ
1175 2930 1490 2986 Ῥανδακίου
1546 2933 1830 3004 πρωτοσε-

254 3021 499 3092 στιαρίου
552 3021 654 3091 τὴν
695 3021 1063 3091 ἀναγόρευσιν
1117 3021 1219 3090 τῆς
1271 3021 1555 3092 βασιλείας
1601 3025 1830 3095 ποιῆσαι

255 3110 569 3165 Β;σιλείου.
599 3111 711 3164 Καὶ
735 3114 798 3181 τῇ
835 3113 1098 3181 ἐπαύριον
1130 3111 1353 3188 ἐξῆλθον
1395 3112 1490 3166 δύο
1523 3114 1728 3170 σελλία.
1764 3116 1829 3168 Οί

255 3201 307 3256 δὲ
337 3202 459 3256 λαοὶ
493 3201 885 3274 ἐταράχθησαν
935 3203 1051 3266 πῶς
1093 3205 1213 3268 ἑνὸς
1249 3201 1519 3275 βασιλέως
1555 3204 1708 3269 ὄντος
1737 3206 1830 3259 δύο

259 3296 437 3349 sauia
467 3295 720 3365 ἐξῆλθον.
749 3295 988 3352 Observa
1025 3312 1218 3353 rursus
1253 3297 1322 3351 ab
1375 3298 1749 3353 adulatoribus
1776 3309 1832 3354 et

259 3388 642 3458 perduellibus
673 3397 986 3458 promotum
1021 3389 1086 3442 ad
1120 3387 1424 3443 invadenda
1471 3400 1685 3457 sceptra
1717 3392 1832 3460 pri-

261 3496 402 3534 mum
435 3481 605 3549 hujus
646 3478 883 3534 nominis
914 3479 1287 3534 Andronicum
1335 3480 1513 3550 primo
1538 3480 1626 3550 pie
1676 3492 1832 3548 pote-

260 3574 413 3626 statis
446 3571 766 3642 insignibus
801 3572 1160 3626 tumnltuario
1178 3574 1412 3642 arreptis
1441 3573 1650 3638 ornari,
1676 3574 1754 3643 Τῇ
1788 3573 1832 3625 δ’

261 3664 527 3735 ὑστεραίᾳ
557 3664 652 3716 ἐπὶ
685 3663 784 3732 τῆς
827 3664 1068 3734 μεγάλης
1102 3663 1455 3735 Ἐκκλησέας,
1489 3679 1552 3719 ac
1576 3666 1833 3729 inferius,

263 3756 334 3809 Τὰ
361 3757 495 3827 ἱερὰ
523 3756 822 3823 ὲσαφίκετο
863 3755 1115 3827 μέλαθρα
1149 3757 1615 3826 στεφθησόμενος,
1646 3772 1708 3811 ac
1741 3773 1837 3826 po-

264 3859 467 3905 stremo
499 3849 568 3903 ad
597 3849 769 3920 ipsam
805 3850 1050 3921 Magnam
1093 3849 1390 3906 Ecclesiam
1425 3853 1540 3906 sive
1576 3853 1641 3905 ad
1679 3867 1836 3906 sacra

264 3942 566 4010 penetralia
600 3943 974 3999 coronandum
1027 3945 1269 4009 tendere,
1309 3946 1471 3998 ritum
1521 3945 1634 4015 jam
1686 3960 1834 4000 rece-

262 4043 408 4101 ptum
444 4035 529 4087 ita
561 4031 829 4092 referente
857 4034 1046 4089 Niceta
1089 4037 1139 4088 in
1176 4036 1364 4090 Alexio
1406 4035 1469 4090 ll.

329 4126 474 4181 Ibid.
519 4125 1054 4199 [Συναθροίζονται.
1116 4127 1232 4182 Non
1285 4127 1558 4184 curiosius
1603 4129 1842 4184 circurn-

261 4219 581 4285 spieicndre,
636 4221 765 4288 quin
825 4220 1006 4290 potius
1056 4220 1430 4278 coronationis
1478 4223 1842 4291 approbandae

264 4310 368 4364 line
396 4327 467 4364 ex
509 4311 730 4366 cunctis
772 4312 1060 4366 ordinibus
1117 4310 1374 4386 praecipui
1428 4313 1594 4366 simul
1641 4328 1843 4367 conve-

260 4403 443 4456 niunt.
477 4402 736 4458 Tiberius
786 4404 930 4474 apud
988 4401 1343 4461 Simocattain
1394 4404 1713 4460 Mauricium
1746 4404 1843 4459 de-

263 4495 619 4549 nuntiaturus
680 4495 1064 4562 imperatorem
1122 4513 1137 4549 :
1198 4497 1304 4549 Τὸν
1354 4495 1454 4566 τῆς
1516 4490 1844 4566 ίεραρχικῆς

1935 1995 2111 2064 phane
2142 1991 2372 2049 inferius
2406 1993 2730 2050 referemus.
2770 1991 2984 2050 Phocas
3011 1996 3256 2050 omnium
3293 1996 3502 2065 primus

1934 2086 2324 2157 περιϐάλλεται
2380 2086 2474 2142 τὸν
2534 2085 2809 2156 βασίλειον
2860 2087 3126 2155 στέφανον
3178 2088 3235 2140 ἐν
3281 2087 3357 2156 τῷ
3397 2087 3506 2157 νεῲ

1933 2180 2029 2233 τοῦ
2062 2181 2346 2252 προφήτου
2377 2180 2475 2234 καὶ
2510 2178 2823 2234 Βαπτιστοῦ
2868 2181 3138 2240 Ἰωάννου.
3171 2195 3282 2250 quo
3321 2179 3501 2235 forsan

1936 2271 2277 2343 tyrannidem
2324 2271 2525 2342 pietate
2554 2271 2828 2325 colorarct
2857 2281 2909 2324 et
2943 2270 3062 2324 loco
3093 2285 3249 2325 sacro
3277 2270 3502 2324 sacrile-

1935 2366 2082 2433 gium
2118 2373 2340 2432 tegeret.
2369 2359 2660 2418 lleraclius
2687 2362 2884 2419 deinde
2909 2365 2968 2417 ἐν
2997 2363 3075 2433 τῷ
3104 2361 3378 2431 εὐκτηρίῳ
3408 2361 3502 2413 eo;

1935 2460 2094 2529 ἁγίου
2119 2457 2394 2527 Στεφάνου
2431 2460 2487 2511 ἐν
2519 2457 2598 2530 τῷ
2633 2457 2880 2512 παλατίω
2910 2456 3168 2526 ἑστέφθη,
3188 2456 3241 2510 ἰιι
3272 2455 3503 2510 οσιΙυεὶτι

1935 2553 2155 2620 reliqui.
2196 2549 2412 2623 Gesn}
2437 2547 2468 2570 “

2007 2643 2152 2699 Ibid.
2201 2643 2331 2698 Nota
2367 2641 2768 2712 professionem
2822 2640 2972 2704 tidei,
3013 2649 3067 2694 et
3101 2639 3502 2710 juramentum,

1935 2751 2048 2808 quo
2079 2753 2136 2792 se
2163 2735 2442 2805 obligabat
2476 2745 2582 2788 tam
2621 2733 2916 2804 imperator
2942 2748 3108 2804 quam
3151 2729 3368 2786 futurus
3402 2731 3504 2784 im-

1936 2840 2180 2898 perator.
2203 2828 2406 2884 Gnlrs.
3269 2891 3275 2897 I

2005 2920 2144 2975 Ibid.
2174 2919 2547 2993 [Fidci,quam
2581 2927 2766 2974 mente
2796 2925 3021 2980 teneret,
3045 2915 3323 2986 publicum
3357 2915 3508 2968 testi-

1935 3014 2183 3069 monium
2248 3012 2301 3065 in
2335 3010 2592 3067 Ecclesiae
2622 3018 2896 3064 conventu
2934 3009 3144 3077 prinms
3167 3007 3306 3060 inter
3336 3005 3509 3075 impe-

1937 3115 2149 3160 ratores
2211 3103 2361 3157 dedit
2430 3102 2780 3157 Anastasius.
2838 3099 3134 3156 Historiam
3190 3097 3359 3154 refert
3407 3097 3508 3151 hoc

1937 3209 2093 3270 pacto
2134 3197 2498 3266 Theophanes
2529 3212 2544 3250 :
2573 3195 2909 3258 Βασιλεύσας
2961 3197 2988 3248 6
3025 3194 3375 3256 Ἀναστάσιος
3422 3193 3511 3259 ἐγ-

1936 3307 2146 3361 γραφον
2194 3287 2450 3362 ἀπῃτήθη
2506 3287 2801 3358 ὁμολογίαν
2863 3288 3002 3357 πρὸς
3058 3286 3342 3354 Εὐφημίου
3401 3301 3509 3338 πα·

1932 3383 2218 3454 τριάρχου,
2249 3381 2385 3451 πρὸς
2421 3381 2480 3434 τὸ
2521 3381 2596 3452 μὴ
2632 3380 2895 3434 σαλεῦσαί
2954 3398 3006 3434 τι
3041 3381 3139 3449 τῆς
3183 3379 3511 3449 Ἐκκλησίας

1933 3479 2028 3531 καὶ
2076 3478 2336 3538 πίστεως.
2389 3475 2731 3545 Βιαζομένης
2779 3475 2836 3528 δὲ
2881 3474 3044 3528 αὑτὸν
3097 3475 3195 3542 τῆς
3241 3474 3510 3544 βασιλίδος

1944 3571 2233 3640 Ἀριάδνης
2257 3571 2358 3623 καὶ
2382 3569 2480 3638 τῆς
2511 3569 2841 3639 συγκλήτου,
2868 3567 3061 3622 ἐλαϐεν
3088 3567 3255 3622 αὑτοῦ
3286 3569 3348 3621 τὸ
3384 3568 3512 3621 ίδιό·

1935 3682 2140 3734 χειρον,
2171 3664 2246 3727 ὡς
2279 3663 2602 3732 ἀποδέχεται
2629 3663 2707 3725 είς
2743 3662 2869 3732 ὅρον
2899 3662 3138 3724 πίστεως
3168 3662 3235 3717 τὰ
3265 3660 3510 3729 δᾶγματα

1937 3759 2038 3826 τῆς
2069 3759 2124 3810 ἐν
2165 3757 2470 3826 Χαλκηδόνι
2500 3755 2743 3808 συνόδου.
2777 3755 2884 3808 Καὶ
2932 3753 3076 3806 οὕτω
3119 3754 3373 3820 στεφθεὶς
3418 3752 3512 3806 ὑπ’

1939 3848 2104 3904 αὖτοῦ
2153 3848 2437 3919 ’Λριάδνην
2466 3848 2658 3916 ἄγεται
2695 3849 2772 3906 εἰς
2808 3847 3005 3915 γάμον.
3042 3846 3312 3915 Scriptam
3349 3860 3515 3914 spon-

1940 3943 2149 3996 sionem
2183 3940 2327 3994 illam
2366 3955 2530 4008 penes
2561 3955 2619 3994 se
2651 3938 2994 3993 custodiebat
3023 3937 3335 4006 patriarcha
3373 3954 3387 3991 :
3421 3936 3512 4007 Τῷ

1940 4034 2051 4103 γὰρ
2082 4033 2325 4103 δευτέρῳ
2370 4031 2482 4085 ἔτει
2529 4031 2720 4093 αὑτοῦ,
2750 4032 2825 4085 ait
2862 4031 3162 4098 Cedrenus,
3205 4030 3343 4099 μετᾶ
3388 4029 3513 4099 βίας

1939 4126 2040 4198 τὴν
2090 4123 2382 4195 ὁμολογίαν
2413 4123 2580 4176 αὑτοῦ
2612 4124 2763 4192 παρὰ
2798 4121 3074 4192 Εὑθυμίου
3101 4121 3281 4174 ἔλαϐε.
3319 4119 3510 4175 Parent

1944 4219 2069 4275 fidei
2091 4217 2485 4289 professionem
2507 4215 2696 4271 emisit
2724 4215 2950 4281 Phocas,
2966 4214 3154 4269 eodem
3178 4211 3513 4281 Theophane

1943 4321 2081 4368 teste
2131 4329 2147 4366 :
2197 4311 2425 4364 Πάντων
2460 4309 2519 4360 ἐν
2572 4307 2650 4377 τῷ
2694 4306 2938 4376 Ἑϐδόμῳ
2984 4306 3128 4376 (loco
3171 4305 3254 4361 CP
3304 4313 3511 4376 septem

1945 4405 2218 4476 lapidibus
2248 4402 2468 4472 dissito)
2491 4398 2846 4470 ἀφικομένων
2879 4397 3160 4468 Κυριακὺς
3186 4399 3214 4450 6
3245 4397 3517 4467 πατριάρ-

1946 4517 2048 4569 χης
2100 4497 2348 4569 ἀπῄτησε
2397 4495 2492 4549 τδν
2557 4495 2828 4564 τύραννον
2879 4490 3173 4560 ὁμολογίαν
3228 4488 3360 4558 περὶ
3413 4489 3515 4555 τῆς

261 4586 598 4652 προεστῶτα
645 4586 919 4656 καθέδρας
967 4587 1462 4657 συγκαλεσάμενος,
1497 4589 1589 4642 τόν
1631 4605 1692 4640 τε
1733 4589 1844 4640 τῶν
1876 4595 1920 4650 D
1949 4589 2232 4662 ὁρθοδόξου
2267 4591 2501 4651 πίστεως
2551 4587 2647 4641 καὶ
2683 4585 2776 4639 τοῦ
2823 4583 3102 4653 ἀτάραχον
3151 4581 3386 4651 φυλάξαι
3416 4583 3516 4649 τὴν

262 4677 431 4744 ἱερῶν
484 4677 817 4746 ἀξιωμάτων
863 4679 1365 4749 συναθροισάμενος
1398 4679 1681 4749 σύλλογον,
1714 4681 1842 4744 τούς

261 4788 319 4823 τε
354 4771 703 4840 δορυφόρους
737 4771 832 4824 καὶ
862 4771 1110 4840 φύλακας
1140 4773 1236 4824 καὶ
1267 4773 1477 4834 πάντας
1500 4773 1626 4838 τοὺς
1658 4775 1713 4835 ὲς
1743 4774 1844 4844 βα-

264 4863 463 4924 σιλέως
517 4862 686 4931 τιμὴν
744 4865 1234 4932 συντεταγμένους,
1270 4864 1360 4916 ναὶ
1411 4862 1519 4934 μὴν
1570 4865 1665 4917 καὶ
1715 4865 1844 4927 τοὺς

264 4953 714 5021 ἐπισημοτὲρους
743 4954 838 5005 τοῦ
872 4953 1070 5023 δήμου.
1108 4952 1349 5008 Joannes
1392 4955 1555 5007 etiam
1606 4955 1844 5009 nominis

260 5045 428 5099 istius
463 5045 741 5099 secundus
771 5045 912 5114 apud
939 5043 1186 5099 Nicetam
1229 5043 1584 5115 ἐκκλησιάζει
1621 5046 1682 5097 τὸ
1712 5064 1774 5097 συ
1789 5065 1845 5114 γ-

267 5137 428 5203 γενὲς
461 5136 562 5187 καὶ
609 5137 787 5203 φίλων
835 5138 928 5189 καὶ
955 5137 1152 5189 ὁπόσον
1187 5137 1245 5189 ἐν
1289 5137 1589 5208 ὑπεροχαῖς
1633 5155 1693 5190 τε
1751 5140 1846 5192 καὶ

265 5223 588 5299 ἀξιώμασιν
613 5224 703 5298 ἦν,
738 5239 797 5282 ut
829 5228 940 5283 filio
969 5228 1202 5283 Manueli
1232 5238 1359 5283 natu
1390 5231 1608 5294 minori,
1646 5231 1846 5303 rcjv-cto

266 5327 476 5394 priore,
509 5327 816 5380 moriturus
852 5325 1141 5392 imperium
1174 5325 1468 5394 relinquat.
1503 5323 1702 5396 Cous]

341 5417 488 5473 Ibid.
526 5418 849 5486 Ἀξιώματα
878 5418 1020 5488 ἔχειν
1053 5417 1136 5472 vel
1176 5419 1232 5470 ἐν
1272 5415 1544 5486 ἀξιώματι
1580 5413 1720 5472 εἶναι
1761 5421 1844 5472 vel

266 5523 394 5563 esse
434 5509 817 5577 ἀξιωματικόν
849 5509 981 5564 solis
1011 5509 1250 5565 desueta:
1281 5507 1481 5563 Caesari
1515 5517 1566 5562 et
1596 5509 1845 5564 sebasto-

267 5600 470 5653 cratori
505 5601 782 5668 coinpetit.

547 5689 690 5743 Ibid.
729 5691 800 5742 Τὸ
848 5691 1120 5759 φοσσάτον
1169 5706 1277 5746 non
1342 5707 1442 5760 pro
1491 5692 1705 5755 castris,
1750 5692 1841 5746 Sed

265 5797 368 5850 pro
399 5783 533 5851 ipsis
565 5784 817 5837 militibus
851 5785 1139 5853 accipitur.
1177 5784 1380 5839 Gnsrs.

345 5873 489 5940 Ibid.
534 5874 661 5948 [Εἰς
691 5878 802 5945 τὴν
829 5879 1007 5947 ἁγίαν
1036 5879 1282 5947 Σοφίαν.
1316 5879 1531 5948 Imperii
1578 5894 1837 5932 coronam

1957 4680 2312 4751 Ἐκκλησίαν.
2344 4678 2588 4733 Tertium
2645 4675 2958 4731 exhibuisse
2991 4673 3224 4726 Leonem
3269 4672 3515 4726 lsaurum

1947 4773 2158 4843 reperio
2189 4771 2332 4843 apud
2363 4769 2684 4839 scriptorem
2725 4766 3000 4821 eumdem.
3033 4763 3185 4815 Λέων
3219 4761 3309 4815 οὖν
3334 4764 3516 4828 εἰσῆλ-

1947 4865 2037 4918 Θεν
2070 4866 2148 4928 είς
2179 4865 2240 4917 τὸ
2292 4861 2576 4922 παλὰτιον.
2612 4859 2708 4912 καὶ
2739 4856 3073 4928 παραλαὸὼν
3121 4853 3324 4916 πάντα,
3359 4855 3517 4923 ποιή-

1948 4975 2045 5017 σας
2098 4955 2442 5026 προέλευσιν,
2501 4951 2753 5021 εἰσῆλθεν
2809 4951 2867 5002 ὲν
2923 4951 2988 5018 τῇ
3055 4945 3354 5017 ὲκκλητίᾳ,
3422 4948 3515 4999 καὶ

1945 5049 2184 5101 ἀνελθὼν
2235 5048 2316 5110 είς
2362 5046 2450 5098 τὸν
2509 5044 2740 5113 ἄμϐωνα
2787 5039 3024 5110 ἐστέφθη
3057 5038 3160 5091 ὑπὸ
3193 5038 3514 5108 Νικηφόρον

1946 5142 2040 5193 τοῦ
2071 5141 2368 5210 τηνικαῦτα
2404 5139 2741 5208 πατριάρχου
2774 5135 2951 5200 ὄντος,
2979 5134 3250 5203 πρότερον
3282 5133 3516 5203 ποιήσας

1951 5235 2236 5304 ἱδιὸχειρον
2293 5233 2431 5302 μετὰ
2474 5231 2582 5283 τῶν
2619 5231 2716 5282 σὺν
2751 5226 2898 5297 αὐτῷ
2942 5225 3215 5296 μηδέποτε
3249 5224 3391 5278 κατὰ
3419 5224 3516 5292 τῆς

1959 5327 2287 5399 Ἐκκλησίας
2325 5323 2640 5394 γενέσθαιιῆ
2694 5321 2952 5374 σαλεῦσαί
2983 5339 3033 5372 τι
3065 5317 3172 5370 τῶν
3218 5317 3402 5380 καλῶς
3437 5318 3516 5378 εἰς

1947 5418 2116 5488 αὐτὴν
2164 5415 2491 5486 ὁρισθέντων
2545 5415 2651 5473 ὑπὸ
2694 5413 2805 5467 τῶν
2837 5413 3010 5480 ἁγίων
3046 5410 3308 5476 Πατέρων
3351 5407 3515 5477 ἱερῶν

1945 5510 2253 5580 δογμάτων.
2288 5507 2404 5563 Hac
2434 5524 2492 5563 se
2525 5506 2756 5571 cautela,
2800 5507 2928 5562 dato
2972 5517 3164 5570 nempe
3201 5500 3514 5568 juramento

1949 5607 2182 5674 fideique
2233 5602 2584 5665 testimonio,
2634 5599 2898 5653 adversus
2944 5596 3300 5662 imperatores
3360 5589 3512 5658 prati

1947 5712 2143 5752 sensus
2209 5693 2524 5766 suspicione
2599 5700 2817 5747 notatos
2887 5686 3202 5744 munierunt
3260 5681 3513 5750 primitus

1947 5785 2289 5856 patriarcha,
2330 5785 2472 5840 unde
2499 5783 2698 5838 sensim
2742 5781 2969 5836 invalu't
2997 5789 3115 5829 mos
3142 5780 3199 5825 ut
3221 5771 3511 5826 orthodoxi

1947 5866 2164 5946 qrmqtm
2203 5878 2358 5930 (idem
2410 5890 2534 5944 erga
2573 5874 2740 5926 Deum
2788 5879 2839 5925 et
2874 5869 2927 5921 in
2979 5863 3238 5937 pupulum
3279 5862 3514 5917 demes.-
