3852 6592
146 461 237 527 393

1220 457 1271 518 ‘G
1287 458 1607 519 RETSERI
1640 457 1733 518 ET
1775 457 2012 517 GOARI
2051 455 2288 517 ΝΟΤιΕ.

3244 447 3351 512 τισι

149 571 322 644 jussis,
355 583 482 625 crux
518 569 726 639 appicta
762 568 864 624 fuit
899 569 1163 624 indicium
1220 579 1275 623 et
1309 569 1673 624 conﬁrmatio.
1702 570 1752 630 Α
1783 568 1869 620 hic
1925 568 2086 619 etiam
2155 567 2384 619 verbum
2461 567 2783 636 προτάσσων
2851 565 2988 619 male
3052 562 3351 618 redditum.

147 666 240 720 Leo
266 662 650 719 Grammaticus
681 662 734 716 in
766 660 1030 717 Micliaele
1063 661 1347 732 Tthpliili
1391 661 1431 715 F
1467 679 1479 715 :
1513 663 1672 716 Γενο-

153 756 290 828 μένης
333 754 385 808 δὲ
447 753 543 822 τῆς
603 755 982 825 προειεῦσεως
1033 756 1113 818 είς
1153 755 1222 807 τά
1267 754 1674 824 χαλκοπράτεια

150 849 221 901 τοῦ
268 846 677 915 εὖαγγελισμοῦ,
705 848 806 911 ,καὶ
845 849 944 915 τῆς
988 847 1194 900 εἰσόδου
1233 848 1554 916 γενομένης,
1582 846 1674 899 καὶ

155 940 225 997 τοῦ
253 940 569 1008 Εὑαγγελέου
594 940 964 1006 τελεσθέντος,
997 941 1226 1010 ἀνῆλθεν
1248 943 1276 993 6
1305 957 1365 993 τε
1399 939 1672 1010 πατριάρ-

152 1047 230 1097 χης
267 1029 454 1090 Φώτιος
501 1029 592 1081 καὶ
627 1030 655 1081 6
703 1029 960 1100 βασιλεὺς
1005 1031 1103 1084 σῦν
1156 1029 1236 1100 τῷ
1290 1029 1534 1100 Καίσαρι
1578 1028 1675 1083 καὶ

150 1121 375 1190 Βασιλείῳ
423 1121 904 1192 παρακοιμωμένῳ
966 1122 1023 1174 ἐν
1072 1124 1186 1186 τοῖς
1237 1123 1672 1192 κατηχουμὲνοις

151 1212 424 1281 (porticibus
453 1212 883 1281 circumquaque
911 1213 962 1267 in
994 1213 1284 1269 ecclesiam
1319 1222 1677 1281 prospectan-

153 1302 307 1372 tibus),
330 1303 420 1356 τοῦ
457 1306 796 1374 πατριάρχου
827 1307 920 1357 ἐπὶ
946 1309 1136 1374 χεῖρας
1161 1306 1377 1374 ἔχοντος
1406 1304 1466 1358 τὸ
1492 1305 1676 1373 τίμιον

154 1397 276 1465 σῶμα
306 1397 390 1448 καὶ
417 1393 554 1466 αἷμα
585 1395 681 1448 τοῦ
713 1397 922 1467 Κυρίου
966 1398 1123 1468 ἡμῶν
1167 1397 1344 1466 Ἰησοῦ
1398 1395 1638 1463 Χριστοῦ
1659 1412 1673 1427 ·

151 1488 223 1539 καὶ
247 1487 494 1556 βάψαντες
544 1489 573 1540 ὅ
629 1505 689 1541 τε
741 1487 996 1557 βασιλεὺς
1041 1489 1136 1542 καὶ
1166 1491 1193 1543 6
1224 1489 1508 1552 Βασίλειος
1551 1491 1675 1549 τοὺς

150 1578 324 1646 τιμίους
351 1578 668 1648 ὑπέγραψαν
703 1581 995 1650 σταυροὺς,
1026 1581 1174 1651 ὅρκῳ
1207 1581 1554 1650 βεϐαιοῦντες
1584 1581 1676 1632 τὸν

151 1670 360 1740 Καίσαρα
411 1671 625 1739 άφόὸως
685 1673 1024 1736 συνεξελθεῖν
1079 1673 1199 1742 μετ’
1251 1673 1437 1726 αὐτῶν
1487 1674 1549 1724 ὲν
1599 1670 1678 1740 τῷ

152 1759 344 1828 ταξιδίῳ.
369 1761 466 1828 Qui
489 1761 869 1831 juramentum
898 1779 1066 1819 cruce
1102 1763 1380 1819 ﬁrmatum
1413 1764 1673 1829 violabat,

156 1861 259 1905 tetra
298 1855 660 1923 σταυροπάτου
711 1856 1034 1910 inurehatur
1083 1865 1235 1921 nota,
1307 1856 1374 1910 de
1422 1871 1524 1924 qna
1577 1871 1679 1912 nos

155 1943 353 2010 quaedam
383 1946 433 1998 in
466 1944 796 2000 Cedrenum.
830 1945 886 2000 In
922 1947 1331 2017 σταυροπάτας,
1356 1947 1672 2016 hujusmodi

158 2035 370 2091 Italorum
397 2039 648 2093 videlicet
675 2048 730 2094 et
759 2039 1124 2109 jurisjurandi
1155 2039 1479 2109 interposita
1511 2055 1676 2095 cruce

161 2129 411 2192 violatores.
445 2130 692 2184 divinum
742 2131 958 2185 Numen
988 2139 1390 2202 provocaturos
1431 2147 1490 2187 se
1521 2143 1676 2202 puta-

163 2223 257 2276 bant
279 2224 509 2294 injuriam
539 2226 716 2295 passi,
751 2240 876 2280 cum
904 2225 1108 2281 tabulis
1153 2241 1318 2281 cruce
1355 2227 1585 2281 llrmatis
1617 2242 1680 2282 ac

172 2313 324 2368 irritam
349 2330 525 2385 pacem
560 2315 1035 2385 promittentibus,
1063 2315 1131 2369 de
1173 2323 1338 2370 conto
1368 2315 1677 2386 suspensis,

173 2405 212 2458 in
238 2406 506 2477 lmlilragos
553 2409 725 2464 ducto
754 2410 996 2464 exercitu
1029 2409 1420 2479 procedebant.
1465 2408 1682 2464 Andro-

169 2496 282 2552 nicus
315 2499 506 2568 junior,
555 2500 829 2569 scriptore
877 2499 1260 2557 Cantacuzeno
1311 2517 1368 2565 ιι,
1422 2501 1477 2564 5,
1509 2501 1680 2556 hocce

167 2588 374 2644 iacturum
403 2591 614 2659 perﬁdo
642 2591 936 2647 Massorum
968 2593 1201 2663 principi
1239 2593 1480 2647 minatur
1506 2611 1519 2647 :
1547 2593 1680 2646 Ἐὰν

165 2680 205 2732 δὲ
229 2681 286 2753 μὴ
311 2683 528 2754 ἀποδιδῷ
559 2685 626 2737 τὸ
658 2686 925 2755 πόλισμα,
961 2687 1052 2740 τὸν
1097 2686 1348 2757 σταυρὸν,
1384 2686 1444 2738 ὃν
1479 2687 1680 2756 πρότε-

166 2789 232 2839 ρον
256 2775 482 2843 πέπομφε
515 2775 661 2845 πρὸς
691 2777 878 2842 αὐτὸν,
913 2777 1008 2829 ἐπὶ
1043 2776 1144 2846 τῆς
1177 2778 1421 2846 σημαίας
1454 2777 1680 2840 ἀναθεὶς

163 2865 383 2921 ἐλεύσεται
410 2868 491 2921 ἐπ’
517 2868 710 2923 αὐτόν.
736 2867 804 2922 Et
832 2868 974 2922 infra
997 2886 1010 2922 :
1036 2869 1137 2922 Σοῦ
1165 2869 1222 2924 δὲ
1253 2869 1406 2922 οὐδὲν
1436 2871 1676 2934 ἐπιεικὲς

162 2957 551 3027 ἀποκρινομένου,
593 2961 661 3030 τῇ
693 2959 786 3013 τοῦ
823 2959 1061 3031 σταυροῦ
1093 2961 1323 3030 δυνάμει
1352 2961 1598 3032 θαρρῶν,
1619 2957 1706 3016 ὃν

163 3047 284 3113 αὐτὸς
312 3050 573 3124 ἑγγυητὴν
627 3053 751 3122 ἐμοὶ
803 3054 1083 3124 παρέσχου
1135 3053 1228 3107 τοῦ
1260 3055 1534 3125 μηδέποτε
1570 3073 1680 3108 πα-

163 3142 490 3211 ρασπονδῆσαι,
526 3144 836 3215 βαδιοῦμαι
864 3146 955 3197 ἐπὶ
987 3147 1067 3200 σέ.
1100 3143 1214 3201 Hoc
1243 3147 1384 3202 idem
1415 3147 1677 3204 Saraceni

125 3287 130 3290 .
163 3230 277 3298 prius
294 3243 494 3302 egerant
520 3236 841 3292 Iustiniano
867 3233 1218 3292 Rhinotmeto
1240 3237 1401 3293 (idem
1422 3239 1679 3295 violatam

161 3326 543 3392 exprobrantes:
585 3331 699 3384 Καὶ
755 3333 1197 3402 μαρτυροῦμενοι
1256 3330 1353 3384 καὶ
1399 3331 1491 3384 τὸν
1547 3332 1681 3386 Θεὸν

165 3415 391 3492 ἐκδικητὴν
419 3421 630 3476 τούτων
664 3422 1128 3492 προκαλούμενοι,
1167 3422 1259 3475 τὸν
1307 3421 1410 3490 τῆς
1455 3423 1681 3493 εἰρήνης

163 3508 380 3579 ἔγγραφον
405 3515 620 3585 χάρτην
667 3513 763 3566 ὲπὶ
805 3512 1143 3582 φλαμουλίου
1175 3513 1556 3584 κρεμάσαντες
1587 3515 1683 3569 καὶ

169 3602 436 3670 προάγοντας
467 3604 619 3658 κατὰ
665 3601 776 3658 τῶν
812 3604 1104 3674 Ῥωμαίων
1143 3602 1436 3674 ὥρμησαν.
1471 3604 1548 3658 Ita
1581 3604 1684 3659 Ce-

174 3690 338 3747 drenus.
671 3761 677 3768 ἡ

226 3782 331 3841 Ibid.
363 3789 556 3859 Οίκείᾳ
611 3787 761 3858 χειρὶ
818 3789 1142 3859 προέταξα.
1175 3789 1336 3844 Οῦτω
1371 3790 1471 3859 μὲν
1505 3793 1532 3843 6
1566 3806 1686 3843 στε-

169 3875 348 3945 ἢέμενος
391 3883 485 3950 (sic
535 3881 689 3935 enim
747 3879 907 3936 habet
953 3881 1091 3937 alter
1153 3881 1328 3936 codex
1385 3881 1584 3936 Boicus
1633 3890 1686 3936 et

168 3962 527 4040 Lautherianns)
583 3972 684 4041 τῆς
748 3969 945 4024 ἑαυτοῦ
1013 3971 1338 4042 προτάσσων
1393 3971 1686 4041 ὁμολογίας

166 4062 340 4130 γράφει.
372 4063 568 4120 Junius
617 4083 632 4121 ς
667 4063 892 4134 Propria
936 4082 1096 4120 manu
1150 4065 1430 4135 prmﬁnivi.
1462 4064 1553 4119 Sic
1599 4066 1686 4120 in-

164 4155 301 4209 scribit
339 4159 419 4226 qui
471 4168 760 4212 coronatus
805 4166 904 4224 est,
951 4158 1252 4227 prce/iniens
1307 4157 1688 4227 confessionem

167 4264 299 4304 suam.
325 4251 495 4322 Inepte
530 4269 546 4307 :
577 4251 710 4322 quid
741 4251 887 4306 enim
921 4251 1040 4305 vult
1069 4250 1174 4305 sibi
1203 4250 1308 4304 hoc
1335 4249 1599 4318 prteﬁnioi
1633 4258 1687 4303 et

165 4342 667 4408 pmﬁnienHVerte:
709 4343 836 4400 Iliec
883 4343 1098 4414 propria
1155 4358 1313 4396 manu
1361 4342 1689 4412 prescripsi,

166 4447 236 4488 seu
257 4439 554 4504 confessioni
579 4437 706 4507 ﬁdei
736 4453 862 4492 mete
890 4436 1149 4508 pra'misi.
1179 4434 1260 4489 Ad
1291 4435 1438 4490 hunc
1466 4434 1688 4489 modum

167 4525 201 4578 is
224 4531 299 4596 qui
333 4539 623 4587 coronatus
668 4529 774 4600 (vel
819 4529 1000 4599 potius
1048 4526 1401 4597 coronandus)
1430 4535 1534 4592 est,
1563 4541 1690 4596 pro-

1775 658 1966 712 Priora
2001 659 2081 712 sic
2118 659 2280 713 vertit
2313 658 2508 713 Junius
2555 677 2567 712 :
2612 659 2814 726 Quodsi
2846 657 2988 727 ﬁlius
3021 666 3095 710 est
3121 657 3244 725 ipsi,
3277 658 3350 710 si-

1774 753 1989 822 quidem
2036 751 2285 805 attribuit
2323 763 2493 820 pater.
2547 752 2862 822 Perperam.
2916 749 3230 818 Legendum
3281 763 3353 803 ex

1778 843 1908 898 cod.
1933 843 2062 896 Bav.
2097 853 2152 898 et
2206 843 2406 898 Lautli.
2437 844 2711 897 ἐνδίδωσιν
2737 859 2749 872 ·
2788 844 2836 896 si
2876 853 3025 911 pater
3075 841 3354 905 concedat,

1777 937 1824 989 si
1855 936 2149 1004 permittat.
2181 935 2385 990 Gaers.

1850 1026 1992 1081 Ibid.
2027 1026 2344 1098 [Gregoras,
2413 1044 2487 1092 tv,
2547 1027 2613 1081 15
2669 1043 2683 1080 :
2753 1025 3052 1094 Ἐπὲτρεψε
3105 1024 3150 1077 δ’
3205 1022 3356 1086 αὒτῷ

1746 1143 1749 1146 ·
1781 1119 2162 1188 (Ἂνδρονίκῳ)
2196 1123 2223 1172 6
2255 1119 2440 1190 πατὴρ
2481 1121 2573 1173 xal.
2605 1119 2676 1172 δι⁹
2727 1117 2978 1189 ὲρυθρῶν
3014 1117 3356 1187 ὑπογράφειν

1781 1213 2131 1282 γραμμάτων
2167 1215 2596 1282 προστάγματα,
2635 1213 2696 1266 οὐ
2736 1214 2919 1280 μέντοι
2977 1211 3121 1278 μῆνα
3151 1210 3246 1263 καὶ
3285 1208 3358 1261 ῐνο

1780 1305 1985 1367 δικτον,
2020 1305 2187 1369 ἀλλὰ,
2239 1304 2577 1375 Ἀνδρόνικος
2612 1302 2850 1374 Χριστοῦ
2877 1302 3061 1373 χάριτι
3108 1299 3359 1370 βασιλεὺς

1791 1394 2102 1463 Ῥωμαίων,
2132 1397 2330 1468 GOAB.]

1853 1487 1914 1542 P.
1961 1489 2053 1543 87.
2103 1489 2302 1545 Junius
2349 1491 2544 1545 inscite
2573 1491 2822 1561 promitto
2861 1506 2941 1543 me
2995 1488 3361 1543 abstenturum

1783 1581 1848 1633 ab
1890 1581 2110 1634 invidia.
2140 1581 2252 1634 Imo
2296 1599 2327 1634 a
2375 1581 2627 1644 cwdibus,
2657 1582 2784 1650 quia
2837 1581 3125 1650 legendum
3153 1580 3362 1648 φόνων,

1783 1686 1890 1726 non
1947 1671 2181 1738 φθόνων.
2233 1672 2426 1739 Qualis
2470 1674 2764 1742 promissio
2814 1676 2883 1728 ab
2929 1678 3281 1744 imperatore,
3315 1675 3364 1730 si

1785 1762 2067 1831 promittat
2093 1778 2152 1818 se
2175 1765 2312 1821 velle
2343 1765 2621 1820 abstinuere
2646 1770 2713 1818 ab
2748 1767 3110 1827 invidia.cnm
3140 1767 3226 1818 vix
3255 1765 3341 1818 ha-

1787 1853 1910 1908 beat
1942 1853 2029 1908 cui
2061 1855 2176 1924 ipse
2213 1855 2472 1919 invideat,
2517 1857 2632 1925 ipse
2677 1858 2954 1911 communi
2993 1859 3239 1912 omnium
3282 1858 3365 1910 in-

1788 1943 1947 1998 vidias
1986 1946 2308 2015 expositus?
2335 1948 2445 2002 Nec
2472 1958 2618 2002 recte
2643 1948 2805 2002 vertit
2837 1947 3364 2018 ἁκρωτηριασμούς,

1787 2037 2181 2094 concussiones
2229 2055 2243 2092 :
2300 2040 2674 2094 mutilationes
2719 2040 2980 2105 debebas,
3026 2039 3176 2096 Iuni.
3226 2042 3366 2108 Quia

1787 2129 1934 2182 enim
1966 2129 2137 2186 Graeci
2171 2132 2534 2202 imperatores
2583 2133 2648 2185 ad
2699 2134 2878 2187 caedes
2905 2144 2958 2187 et
2988 2135 3364 2190 mutilationes

1787 2221 1945 2275 valde
1975 2223 2209 2291 prompti
2252 2233 2429 2287 erant,
2465 2233 2525 2276 ut
2557 2239 2620 2276 ex
2651 2231 2760 2277 tota
2798 2223 3026 2277 historia
3063 2223 3364 2295 Byzantina

1788 2308 1981 2378 liquet,
2028 2310 2154 2378 jure
2205 2311 2274 2365 ab
2331 2312 2468 2378 illis,
2519 2327 2659 2381 quos
2710 2328 2916 2367 corona
2975 2313 3365 2382 exspectabat,

1787 2402 2109 2472 exigebatur
2149 2413 2207 2457 ut
2261 2405 2449 2458 hacin
2497 2420 2554 2458 re
2586 2404 2807 2459 modum
2857 2414 3107 2459 tenerent
3137 2416 3188 2460 ct
3231 2406 3367 2461 nihil

1789 2503 1983 2560 praeter
2013 2491 2096 2548 fas
2129 2502 2371 2561 agerent.

1859 2582 2004 2637 Ibid.
2043 2586 2148 2650 Εἰς
2175 2583 2282 2650 τὰς
2311 2586 2518 2652 τόσας.
2552 2586 2694 2652 Quid
2727 2589 2829 2644 hoc
2860 2589 2964 2644 sibi
3000 2589 3155 2655 velit,
3191 2587 3368 2643 fateor

1789 2690 1876 2729 me
1905 2690 2011 2729 non
2035 2677 2292 2746 assequi;
2328 2692 2453 2732 nam
2489 2679 2635 2748 quod
2679 2681 2878 2736 Junius
2905 2681 3092 2746 vertit,
3125 2682 3194 2734 ad
3241 2692 3368 2735 tan-

1790 2778 1869 2822 tas
1897 2765 1963 2833 N,
1995 2769 2047 2821 id
2082 2768 2218 2824 mihi
2253 2783 2363 2824 non
2396 2771 2685 2826 satisfacit.
2717 2772 2926 2830 Gnsrs.

1868 2856 2010 2913 Ibid.
2044 2857 2210 2930 [Quid
2244 2859 2348 2914 hoc
2371 2861 2474 2914 sibi
2507 2861 2657 2927 velit,
2689 2861 2863 2917 lateor
2889 2879 2975 2918 me
3002 2879 3107 2919 non
3127 2863 3366 2933 assequi,

1788 2953 1979 3008 scribit
1995 2950 2305 3008 Gretserus.
2325 2953 2407 3007 Nil
2430 2954 2628 3009 mirum
2650 2973 2664 3010 :
2685 2965 2979 3027 corruptus
3001 2958 3145 3012 enim
3170 2967 3224 3024 et
3251 2957 3370 3011 vul-

1789 3045 1936 3116 garis
1963 3053 2048 3100 est
2071 3046 2324 3115 loquendi
2350 3047 2564 3112 modus,
2594 3065 2704 3112 quo
2735 3061 2965 3120 quotum
2995 3051 3198 3105 mensis
3220 3049 3369 3103 diem

1789 3139 2054 3192 adnotant
2075 3136 2272 3193 Grasci.
2293 3138 2371 3193 Ex
2394 3140 2600 3209 vulgari
2625 3145 2982 3211 grammatica
3004 3141 3246 3212 percipio
3273 3156 3371 3197 eos

1788 3231 1907 3286 dies
1929 3231 2135 3287 mensis
2160 3241 2548 3289 numeraturos
2566 3249 2672 3288 non
2693 3235 2976 3304 adjectivis
2995 3235 3372 3292 numeralibus

1792 3322 1886 3378 sed
1923 3322 2288 3379 substantivis
2345 3325 2424 3378 uti
2470 3342 2484 3380 :
2527 3342 2634 3379 non
2684 3327 2826 3381 enim
2866 3327 3054 3383 dicunt
3101 3329 3371 3395 secundo,

1792 3413 2027 3479 decimo,
2053 3416 2314 3473 vicesimo
2334 3417 2442 3485 die,
2463 3434 2649 3473 verum
2686 3420 2752 3474 ad
2787 3421 2946 3486 duos,
2964 3421 3031 3476 ad
3064 3421 3276 3488 decem,
3302 3423 3373 3478 ad

1791 3507 1988 3578 viginti
2027 3509 2145 3564 dies
2182 3511 2408 3566 mensis.
2448 3510 2624 3566 Simul
2651 3514 2813 3568 etiam
2862 3515 3264 3584 praepositionis
3291 3517 3374 3580 είς

1794 3601 2108 3656 accusativo
2128 3602 2355 3673 junctae.
2388 3620 2552 3674 quam
2589 3607 2646 3656 ὲν
2670 3606 2876 3673 dativo,
2915 3607 3258 3678 frequentior
3287 3619 3373 3665 est

1700 3744 1701 3747 η
1791 3694 1937 3762 apud
1993 3707 2090 3750 eos
2143 3710 2297 3750 usus.
2348 3694 2505 3752 Vides
2542 3697 2725 3768 itaque
2770 3699 2852 3762 είς
2903 3699 2998 3762 τὰς
3051 3701 3216 3764 τόσας
3273 3701 3372 3754 τοῦ

1797 3784 1987 3854 μηνὸς,
2021 3785 2090 3840 ad
2131 3787 2356 3842 verbum
2403 3789 2476 3842 ad
2523 3797 2601 3843 tot
2646 3791 2839 3844 mensis
2883 3791 3018 3853 dies,
3057 3792 3220 3845 scribi
3255 3791 3374 3849 vice

1797 3876 1894 3930 tati
1936 3879 2021 3930 die
2065 3880 2279 3932 mensis.
2313 3878 2679 3950 Subjungitur
2717 3882 2776 3934 ἐν
2823 3883 3042 3954 ἡμέρᾳθ
3079 3892 3135 3938 ιιι
3179 3888 3375 3954 supple

1793 3969 1894 4038 τῆς
1927 3969 2219 4038 ἑϐδομάδος
2251 3969 2463 4042 πρώτῃ,
2492 3973 2739 4043 δευτέρα,
2777 3975 2960 4045 τρίτῃ.

1864 4060 2009 4116 Ibid.
2052 4062 2320 4128 Συνόδῳ.
2377 4061 2520 4117 Νοιι.
2558 4065 2723 4118 unius
2772 4065 3063 4135 provincia:
3111 4067 3375 4125 collectos

1797 4151 2084 4222 episcopos
2122 4166 2339 4219 omnes,
2387 4153 2473 4208 vel
2518 4168 2584 4209 ex
2621 4156 2921 4225 provinciis
2970 4158 3229 4214 omnibus
3276 4175 3376 4228 pa-

1800 4244 2056 4299 triarcha:
2099 4245 2365 4315 subjectis
2413 4247 2676 4316 praesules
2738 4249 2967 4318 aliqum,
3016 4251 3084 4306 de
3126 4253 3376 4308 moribus

1798 4338 1881 4390 vel
1914 4336 2189 4408 Ecclesiae]
2215 4338 2320 4394 llde
2350 4339 2760 4408 disquisitnros,
2795 4343 3015 4396 σύνοῗον
3056 4344 3142 4399 hic
3182 4337 3377 4399 vocari

1797 4429 2101 4495 existimes,
2135 4433 2230 4486 sed
2279 4433 2362 4486 vel
2409 4435 2615 4488 clerum
2667 4433 2796 4501 CP.,
2833 4436 2914 4489 vel
2951 4452 3075 4490 cum
3127 4454 3194 4491 co
3239 4454 3380 4508 prte-

1799 4521 1951 4577 sules
2002 4525 2096 4594 qui
2151 4523 2293 4580 forte
2349 4524 2456 4580 (ΣΡ.
2515 4538 2825 4582 versantur.
2879 4527 3012 4584 Vide
3062 4527 3208 4584 Jnris
3258 4529 3376 4586 GR.

166 4621 300 4687 priatn
341 4639 488 4680 suam
538 4621 943 4680 confessionem
996 4620 1409 4693 praescriptione
1455 4628 1512 4674 et
1556 4635 1685 4689 prae-

1802 4613 1838 4668 I.
1875 4631 1932 4669 ttt
1961 4625 2016 4671 et
2047 4633 2100 4670 tv
2141 4618 2427 4673 continere
2451 4619 2733 4683 συνοδικὰς
2763 4621 3088 4690 ἀποφάσεις,
3123 4622 3224 4676 Itoc
3267 4632 3376 4688 est,

169 4713 396 4770 notatione
438 4715 681 4772 nominis
730 4724 783 4770 et
827 4713 1110 4782 dignitatis
1141 4729 1254 4768 suae
1285 4712 1532 4782 insignit.
1566 4710 1685 4766 Haec

1802 4708 2197 4778 ἀρχιερατικὰς
2252 4709 2554 4775 διατάξεις,
2607 4712 2905 4780 pontiﬁcias
2975 4716 3380 4770 constitutiones

168 4805 278 4858 enim
319 4809 740 4877 praescribebant
785 4823 799 4859 :
843 4805 907 4862 Ὀ
939 4806 1088 4858 δεῖνα
1118 4807 1178 4859 ὲν
1208 4804 1432 4876 Χριστῷ
1461 4802 1539 4874 τῷ
1575 4803 1685 4874 Θεῷ

1804 4800 2058 4869 privatim
2106 4818 2134 4855 a
2177 4804 2507 4872 patriarchis
2549 4806 2748 4870 editas,
2784 4805 2873 4858 cui
2924 4806 3119 4874 privati
3165 4815 3378 4860 tantum

172 4900 318 4961 πιστὸς
349 4901 594 4970 βασιλεὺς
625 4903 726 4955 καὶ
753 4899 1116 4969 αὐτοκράτωρ
1145 4897 1326 4968 οἰκείᾳ
1355 4899 1499 4968 χειρὶ
1533 4897 1696 4968 atpos-

173 4987 288 5052 τιξα.
322 4991 378 5046 Et
408 4995 532 5048 huic
562 4994 814 5064 προταγῇ
847 4995 1145 5060 respondet
1172 4988 1447 5059 ὑποταγή,
1467 4989 1700 5043 subscri-

173 5081 271 5144 ptio,
296 5083 357 5138 de
401 5099 506 5153 qua
557 5083 844 5152 Curopal.,
893 5097 948 5151 p.
996 5081 1116 5135 87:
1165 5080 1224 5134 '0
1273 5078 1331 5132 δὲ
1370 5081 1697 5150 προτάσεων

173 5173 296 5227 τοῦτο
320 5177 444 5229 αὐτὸ
475 5177 638 5229 πάλιν
665 5176 759 5229 καὶ
790 5180 930 5245 μετὰ
951 5175 1050 5242 τὴν
1076 5173 1176 5243 τῆς
1211 5175 1448 5237 πίστεως
1479 5172 1700 5226 ἔκθεσιν

174 5263 448 5322 ὑποτάσσων
501 5266 666 5340 354
695 5268 918 5336 γράφει.
946 5263 1117 5336 ἤγουν
1149 5265 1211 5317 τὸ
1243 5266 1272 5318 6
1297 5265 1446 5317 δεῖνα
1473 5267 1530 5318 ἐν
1570 5265 1704 5334 Χρι-

178 5352 264 5423 στῷ
283 5356 350 5426 τῷ
373 5357 487 5424 Θεῷ
519 5359 709 5419 πιστὸς
740 5357 994 5428 βασιλεὺς
1029 5355 1123 5409 καὶ
1153 5355 1520 5426 αὐτοκράτωρ
1566 5355 1702 5408 Ῥω-

180 5446 410 5517 μαίων,ἢ
462 5449 716 5518 βασιλεὺς
777 5447 1088 5518 Ῥωμαίων,
1141 5447 1319 5516 οίκείᾳ
1369 5446 1514 5516 χειρὶ
1570 5447 1706 5498 ὑπο-

180 5537 330 5601 τάξας.
366 5541 500 5611 Ergo
528 5554 584 5597 et
612 5543 967 5611 ,προτάσσειν
1004 5549 1059 5594 et
1093 5540 1423 5593 ὑποτάσσειν
1453 5549 1536 5592 est
1564 5555 1704 5607 pra:-

179 5632 364 5686 scribere
391 5645 444 5689 et
487 5635 846 5699 subscribere;
880 5637 935 5686 in
963 5647 1200 5704 quorum
1258 5631 1480 5686 n0tione
1523 5631 1705 5700 pervi-

182 5722 322 5779 denda
350 5738 398 5781 et
423 5730 742 5799 explicanda
770 5727 928 5798 plane
960 5724 1234 5780 cmcutivit
1258 5722 1472 5777 Junius.
1498 5724 1704 5781 Csars.

235 5813 288 5869 Ρ.
313 5817 395 5872 86.
425 5823 521 5872 Ἂν
567 5822 619 5873 δὲ
659 5821 774 5882 υίὸς
830 5817 978 5886 αὐτῷ
1014 5812 1071 5890 ᾖ.
1101 5816 1149 5868 εί
1213 5816 1311 5885 μὲν
1357 5817 1645 5869 ἐκδίδωσιν
1684 5821 1712 5870 6

186 5911 359 5983 πατὴρ,
377 5915 570 5983 γράφει
597 5916 694 5968 καὶ
723 5913 907 5975 αὐτὸς,
933 5914 1256 5978 προτάσσων
1286 5908 1480 5973 οῦτως.
1508 5911 1710 5967 Omitto

436 6017 702 6083 Ps'rnon.
745 6017 862 6074 Gn.
889 6009 1118 6074 CLVII.

1805 4894 2079 4964 paucique
2120 4897 2366 4966 episc0pi
2403 4897 2694 4951 consilium
2729 4897 2945 4951 dedisse
2983 4906 3377 4952 memorantur.

1807 4985 1946 5039 Hinc
1968 4985 2282 5056 ἑνδημοῦσα
2312 4990 2355 5041 te
2367 4987 2436 5057 ρὰ
2467 4988 2706 5052 σύνοδος,
2745 4990 3083 5058 peregrinone
3105 4999 3152 5042 et
3178 4991 3382 5046 incerta

1807 5077 2060 5146 synodus,
2089 5086 2143 5132 et
2195 5077 2296 5148 τῆς
2347 5079 2688 5150 ἐνδημούσης
2729 5079 3036 5150 τηνικαῦτα
3093 5080 3384 5153 συναθροι-

1811 5171 2029 5240 σθείσης
2061 5171 2281 5224 συνόδου
2320 5173 2616 5242 συνέδριον,
2651 5173 2976 5226 occurrentis
3025 5183 3074 5227 et
3109 5180 3176 5227 ad
3200 5175 3385 5228 urbem

1811 5266 1973 5336 (forte
2017 5266 2264 5336 fortuito)
2308 5268 2497 5338 synodi
2555 5270 2870 5334 concilium,
2909 5269 3152 5340 ejusdem
3200 5272 3384 5342 operis

1813 5372 1867 5424 p.
1897 5356 2023 5410 271.
2048 5355 2250 5428 Gosn.]

1885 5451 1948 5506 Ρ.
1991 5451 2078 5505 88.
2129 5449 2450 5506 Thomaites.
2485 5453 2736 5524 Magnum
2787 5455 2928 5509 sacri
2979 5453 3167 5526 palatii
3215 5453 3390 5508 tricli-

1816 5548 1990 5611 nium,
2025 5557 2084 5602 ut
2121 5563 2150 5601 a
2199 5547 2414 5603 Zonara
2455 5549 2511 5602 in
2553 5549 2782 5618 imperio
2815 5547 3000 5604 Irencs
3047 5549 3386 5610 nominatur,

1816 5641 1960 5710 quod
1993 5641 2097 5694 sub
2127 5640 2314 5694 eadem
2351 5640 2706 5708 imperatrice
2734 5639 3130 5715 conflagravit;
3167 5651 3390 5705 unaque

1818 5741 2057 5786 cremata
2080 5745 2202 5784 esse
2227 5729 2477 5785 feruntur
2505 5747 2570 5785 eo
2595 5732 2648 5785 in
2671 5731 2792 5785 loco
2817 5729 3208 5786 commentaria
3225 5727 3388 5797 355

1819 5821 2067 5890 quaedam
2097 5821 2148 5872 in
2182 5835 2370 5876 sacras
2409 5821 2619 5876 litteras
2645 5821 2701 5878 S.
2729 5819 2956 5876 Joannis
2986 5818 3368 5890 ειη-γεοειοωὶ

1823 5921 1879 5970 ιιι
1908 5913 2100 5969 scribit
2131 5910 2398 5969 Zonaras.
2434 5912 2636 5968 Gnars.

2947 6010 3020 6068 13
