3852 6666
331 403 460 467 ’395

1442 384 1524 446 1N
1560 381 1861 446 LIBRUM
1904 381 2002 442 DE
2042 378 2374 441 OFFIClIS
2399 374 2512 439 ΟΡ.

3515 365 3653 430 Φῦὖ

3516 409 3554 429 ιι

3516 409 3554 429 ιι

411 504 916 583 1bid.[Augustior
953 509 1008 557 et
1039 498 1273 570 amplior
1309 496 1632 568 patriarcltii
1664 496 1790 551 aula
1831 496 1942 548 Θω-
1973 497 2014 554 Α
2047 489 2249 583 iepist.
2290 505 2356 546 ex
2421 490 2486 544 iis
2512 503 2660 583 quasi
2695 503 2869 559 nuper
2898 486 2982 583 ‘in
3032 487 3212 583 lucent
3271 484 3663 583 prodicr‘unt.

354 605 559 676 μαῒτης
582 609 690 657 est.
709 599 993 656 Ccdrenus
1024 593 1078 648 in
1103 593 1288 648 lrene:
1319 591 1381 644 Ὃ
1402 590 1679 662 τρίκλινος
1706 587 1801 643 τοῦ
1827 603 1936 640 παι

346 692 665 767 τριαρχείου
699 693 727 744 δ
760 688 1057 758 λεγόμενος
1075 684 1406 754 -Θωμαῒτης.
1441 682 1696 754 Magnum
1735 680 1795 736 S.
1828 681 1934 734 So-

348 787 491 856 phim
523 784 724 839 atrium
775 780 1024 850 respicit.
1093 776 1364 832 Memorat
1416 774 1550 829 illud
1597 771 1937 842 Augusteoni

350 877 678 946 adiunctum
710 873 933 927 Nicetas
975 871 1030 922 in
1061 869 1256 921 Alexio
1286 866 1553 921 Manuelis
1573 864 1635 919 F.
1667 862 1860 935 6mm]

438 968 581 1022 Ibid.
646 968 1055 1034 Augusteonem.
1123 959 1178 1013 In
1238 958 1560 1028 Originibus
1612 957 1712 1026 Cp.
1777 967 1832 1011 et
1884 955 1937 1009 in

354 1059 527 1114 Suitla
593 1070 647 1108 ν.
688 1056 956 1122 Augusteo
993 1052 1106 1105 haec
1136 1051 1202 1104 de
1245 1051 1599 1118 Augustcone
1639 1049 1936 1118 leguntur:

353 1151 555 1216 Quinta
579 1149 664 1200 die
717 1146 909 1198 mensis
960 1141 1202 1197 Octobris
1225 1141 1467 1210 prmiecti
1493 1141 1766 1210 regionum
1792 1139 1939 1193 urbis
1968 1159 1973 1163 '

353 1243 406 1293 in
433 1240 788 1308 Augusteone,
843 1233 1083 1288 videlicet
1129 1232 1246 1300 foro
1269 1229 1558 1293 dulciario,
1594 1230 1808 1282 choreas
1839 1229 1940 1281 du-

353 1333 537 1387 cebant
568 1333 622 1384 in
672 1330 925 1382 honorem
950 1327 1034 1380 sui
1066 1323 1427 1395 imperatoris.
1462 1321 1639 1376 Istum
1671 1323 1835 1392 igitur
1856 1320 1941 1374 lo-

283 1405 286 1409 ’
354 1443 475 1480 cum
512 1425 698 1492 vulgus
757 1423 1146 1491 Augusteonem
1199 1418 1460 1482 nominat,
1517 1416 1572 1468 in
1625 1430 1728 1484 quo
1781 1416 1940 1468 etiam

356 1517 532 1585 magni
578 1513 918 1570 Constantini
970 1519 1020 1564 et
1065 1511 1251 1563 matris
1296 1508 1412 1577 ejus
1460 1505 1944 1574 columncpositte

358 1619 499 1663 sunt.
537 1606 665 1662 Ideo
694 1616 741 1660 et
774 1605 947 1658 locum
981 1603 1368 1673 Augusteonem
1393 1600 1704 1663 nominavit,
1727 1598 1816 1668 qui
1848 1613 1945 1651 an-

361 1709 444 1754 tea
475 1700 744 1762 Gustium,
765 1699 861 1751 hoc
885 1706 962 1750 est
983 1696 1158 1764 forum
1189 1691 1612 1762 cnpedinarium,
1644 1691 1942 1745 dicebatur.

363 1793 436 1846 De
458 1793 810 1860 Augusteone
861 1787 1033 1841 multa
1075 1785 1294 1840 Nicetas
1329 1783 1630 1838 Choniates
1662 1784 1716 1836 in
1746 1782 1944 1838 Alexio

359 1883 630 1938 hlanuelis
659 1881 929 1937 Comneni
969 1879 1103 1933 lilio.
1143 1877 1351 1933 Gntt'rs.

441 1977 582 2030 Ibid.
647 1972 861 2045 [Suidae
890 1972 1182 2040 interpres,
1240 1984 1350 2023 non
1407 1967 1499 2022 ille
1549 1967 1804 2037 vulgatus
1849 1965 1945 2020 sed

353 2068 608 2137 ignotus,
630 2079 658 2118 a
681 2063 940 2119 Gretsero
962 2061 1201 2124 relatus,
1235 2074 1380 2115 caece
1413 2059 1634 2130 penitus
1667 2066 1722 2114 et
1757 2058 1949 2128 ignare

363 2159 455 2212 τὸν
499 2157 902 2225 Αύγουστεῶνα
929 2162 984 2210 et
1012 2155 1075 2208 τὸ
1131 2153 1498 2222 Αὐγούστεῖον
1532 2151 1840 2206 confundit.
1873 2148 1949 2204 De

366 2250 610 2304 secundo
659 2248 881 2317 scripsit
927 2247 1150 2312 Suidas,
1192 2247 1258 2301 de
1303 2246 1484 2316 primo
1510 2254 1700 2298 noster
1731 2250 1946 2297 auctor.

368 2343 732 2408 Λύγουστείον
779 2341 892 2395 ludi
935 2342 1142 2395 suntin
1198 2340 1461 2394 honorem
1501 2335 1734 2406 Augusti
1762 2335 1952 2388 Roma:

366 2434 652 2500 celebrati,
703 2433 914 2488 Latinis
943 2431 1308 2502 Augustalia;
1353 2432 1429 2486 ita
1461 2430 1664 2486 scribit
1696 2430 1952 2499 vulgatus

368 2528 670 2596 interpres;
731 2528 987 2597 idemque
1024 2527 1194 2581 refert
1236 2525 1592 2594 Dempsterus
1614 2526 1664 2578 in
1689 2523 1952 2578 Romanis

365 2618 829 2687 Antiquitatibus.
899 2616 1262 2686 Αὑγουστεὼν
1295 2617 1446 2673 locus
1474 2625 1559 2672 est
1601 2617 1733 2680 CP.,
1771 2617 1831 2672 S.
1868 2617 1954 2671 ιιί-

370 2710 570 2763 mirum
603 2708 822 2778 Sopbiaa
849 2709 1050 2763 atrium
1087 2710 1189 2764 sub
1213 2709 1524 2764 Thomaite.
1552 2709 1649 2762 ’En
1679 2710 1790 2772 τοῖς
1816 2725 1954 2779 προ-

371 2801 578 2863 αυλίοις
597 2800 691 2853 τοῦ
721 2799 819 2869 τῆς
847 2800 1093 2870 μεγάλης
1121 2800 1420 2870 ἐκκλησίας
1445 2800 1598 2866 ναοῦ,
1633 2801 1801 2871 ἤγουν
1836 2803 1892 2854 ἑν
1912 2793 1957 2868 ᾧ

370 2889 587 2958 εἴρηται
605 2889 1011 2957 Αὑγουστεὼνι,
1034 2888 1262 2957 jamjam
1287 2889 1582 2959 explicabit
1599 2900 1790 2945 auctor
1817 2891 1954 2959 ipse.

377 2977 527 3032 Unde
542 2978 702 3049 θιτὴν
718 2978 812 3032 τοῦ
828 2979 1244 3047 Αὑγουστεῶνος
1254 2979 1483 3035 αὐλαίαν
1498 2990 1657 3034 vocat
1672 2979 1888 3036 Nicetas
1905 2981 1958 3034 in

371 3069 561 3124 Alexio
579 3070 846 3125 secundo.
867 3069 1103 3124 Adverte
1121 3078 1396 3139 repertum
1413 3084 1633 3140 quoque
1647 3068 1732 3124 ΟΡ
1747 3071 1960 3139 Αὐγου-

377 3163 600 3229 στίωνα,
632 3163 945 3217 columnam
977 3163 1251 3217 nimirum
1279 3177 1501 3227 aaream,
1542 3164 1632 3217 cui
1659 3161 1956 3219 Iustiniani

375 3266 612 3310 statuam
638 3257 1038 3325 superpositam
1062 3266 1252 3310 narrat
1272 3255 1556 3312 Cedrenus
1575 3256 1628 3310 in
1653 3257 1774 3326 ejus
1800 3257 1917 3311 Vita
1940 3276 1955 3314 :

373 3347 702 3419 Ἐπληρὼθη
732 3348 789 3400 δὲ
843 3349 985 3402 καὶὸ
1035 3348 1272 3420 χαλκοῦς
1322 3349 1459 3403 κίων
1489 3351 1518 3402 ὁ
1555 3350 1753 3420 μέγας,
1795 3352 1824 3404 ὁ
1849 3351 1957 3403 Αὑ-

374 3442 667 3509 γουστίων.
691 3438 760 3494 Ει
793 3440 1026 3495 inferius
1052 3457 1068 3497 :
1104 3441 1270 3506 Οὗτος
1291 3441 1350 3495 δέ
1379 3443 1526 3495 ἐστιν
1544 3445 1573 3495 ὁ
1602 3443 1737 3496 κίων
1758 3445 1785 3494 ὁ
1807 3442 1958 3510 λεγόα

380 3549 541 3602 μενος
589 3534 959 3602 Αύγουστίων.
1021 3534 1153 3600 Quae
1228 3534 1294 3587 de
1326 3533 1680 3604 Augusteone
1707 3543 1870 3604 gustu
1901 3543 1955 3590 et

377 3625 498 3680 foro
528 3626 881 3697 cupedinario
913 3626 965 3679 in
989 3625 1179 3681 Graeco
1202 3624 1384 3682 Suida:
1405 3635 1554 3682 textu
1592 3642 1701 3682 non
1735 3636 1958 3682 exstan-

379 3720 526 3774 tibus
580 3718 746 3773 refert
802 3720 1007 3772 citatus
1058 3717 1336 3787 interpres
1397 3718 1543 3788 apud
1611 3717 1957 3786 Gretserum,

379 3810 780 3866 somniantium
823 3810 931 3865 cibi
963 3819 1116 3875 sunt,
1149 3809 1371 3876 insulsi,
1401 3809 1649 3881 insipidi,
1679 3811 1830 3865 vani.
1862 3811 1962 3867 Est

379 3902 757 3956 ettriclinium
809 3900 906 3954 τοῦ
938 3900 1323 3969 Αὑγουστέως,
1358 3901 1427 3957 de
1459 3915 1572 3971 quo
1592 3899 1960 3972 Theophanes

383 3995 438 4047 in
492 3995 875 4064 Critprouymo:
907 3992 1184 4065 Ἐστὲφθη
1225 3995 1284 4048 ὲν
1317 3993 1399 4066 τῷ
1442 3994 1704 4066 τρικλίνῳ
1733 3994 1828 4048 τοῦ
1853 3995 1962 4048 Αύ-

381 4087 653 4154 γουστέως
688 4088 721 4155 ἡ
762 4085 1055 4156 βασίλισσα
1102 4087 1334 4158 Εἰρήνη.
1395 4086 1652 4158 Idemque
1698 4095 1784 4143 est
1813 4087 1960 4158 quod

383 4182 586 4235 dicitur
619 4177 860 4251 χρυσοῦν
888 4177 1221 4248 τρικλίνιον,
1267 4193 1298 4232 a
1328 4177 1639 4234 Justiniano
1667 4178 1710 4233 ll
1745 4189 1964 4235 exstru-

383 4280 563 4335 ctum;
594 4271 660 4323 de
693 4283 803 4337 quo
827 4267 975 4321 alibi.
1016 4265 1218 4338 Ceam]

454 4359 598 4415 Ibid.
645 4358 974 4427 Epicombia.
1032 4357 1232 4414 Junius
1284 4359 1360 4413 ait
1419 4358 1727 4430 ἑπικόμόια
1782 4358 1960 4418 fuisse

382 4455 630 4517 missilia,
687 4454 766 4507 sic
814 4453 960 4506 dicta
991 4451 1139 4521 quod
1175 4461 1358 4506 essent
1417 4452 1613 4522 κὸμὸοι
1638 4453 1828 4508 trtde
1857 4455 1962 4508 αύ-

383 4545 514 4608 τῶν,
541 4544 680 4613 quod
709 4543 831 4596 nodi
865 4559 1028 4611 supra
1053 4560 1114 4598 ea
1149 4553 1342 4610 essent,
1371 4545 1560 4614 quibus
1583 4555 1736 4600 erant
1757 4529 1960 4600 nummi

383 4645 660 4703 propterea
721 4634 1060 4698 circumdati,
1109 4649 1171 4688 ne
1210 4634 1367 4702 jactu
1411 4638 1686 4704 populum,
1725 4638 1780 4691 in
1811 4653 1965 4708 quem

389 4727 753 4790 mittebantur,
773 4725 1116 4794 offenderent.
1147 4725 1254 4780 Sed
1277 4724 1394 4779 sine
1413 4726 1575 4780 dubio
1596 4727 1791 4782 melius
1809 4729 1968 4783 scivit

389 4820 719 4888 Curopalata
785 4818 915 4888 quid
967 4829 1152 4874 essent
1206 4817 1532 4888 ἐπικὸμᾶια,
1555 4833 1716 4888 quam
1747 4818 1965 4875 Junius.

389 4913 466 4966 lla
493 4926 622 4982 ergo
647 4911 736 4965 ille
763 4931 778 4965 ;
814 4911 1098 4980 Τμήματα
1127 4912 1192 4965 ὲκ
1217 4909 1420 4963 πανίων
1453 4912 1767 4978 κόπτοντες,
1795 4913 1968 4981 parti-

389 5003 536 5055 culas
562 5018 625 5055 ex
680 5003 870 5069 parmis
938 5011 1254 5066 resecantes,
1287 5010 1336 5054 et
1365 5001 1418 5054 in
1441 5001 1670 5070 qualibet
1697 5001 1965 5070 particula

390 5094 552 5160 panni
583 5094 687 5144 tria
737 5108 901 5146 aurea
957 5092 1279 5146 numismata
1305 5100 1354 5146 et
1390 5091 1606 5145 totidem
1648 5102 1895 5162 argentea
1918 5103 1967 5146 et

395 5195 497 5236 tres
539 5184 716 5237 obolos
781 5184 1120 5255 colligantes,
1151 5184 1436 5253 projiciunt
1465 5187 1518 5238 in
1553 5186 1968 5241 multitudinem.

404 5276 688 5328 'l't‘moust
729 5275 786 5327 δὲ
826 5273 1104 5338 τοιούτους
1140 5275 1504 5346 ἀποδέσμους’
1541 5277 1824 5346 projiciuut
1853 5295 1969 5331 vero

399 5367 698 5438 hujusmedi
751 5367 1033 5435 fasciculos
1067 5379 1148 5433 et,
1212 5377 1270 5422 ut
1305 5372 1385 5424 sic
1422 5369 1623 5436 dicant,
1676 5371 1970 5441 ligaturas;

398 5459 591 5516 Latine
635 5459 864 5516 missilia
902 5459 1278 5530 dicipossunt.
1310 5458 1377 5515 Et
1409 5461 1464 5515 bi
1489 5461 1738 5530 fasciculi
1767 5477 1970 5518 vocan-

399 5561 488 5606 tur
534 5549 836 5620 ὲπικόμϐια
866 5550 1065 5604 anodo
1126 5565 1237 5621 quo
1281 5551 1634 5621 colligantur.
1685 5568 1782 5608 seu
1823 5559 1970 5624 quod

399 5642 652 5712 κόμσοτς,
692 5643 794 5697 boc
841 5642 1120 5709 estnodis,
1153 5643 1624 5711 constringantur.
1656 5643 1732 5700 De
1772 5646 1967 5702 iisdem

397 5736 768 5806 ιπικομῦίοις,
830 5752 884 5808 p.
925 5735 1026 5803 97,
1090 5737 1158 5792 de
1199 5737 1364 5791 verbo
1447 5737 1783 5805 ἑπικομόὁω,
1841 5757 1969 5796 num

396 5828 646 5886 Granium
680 5831 750 5885 sit
807 5846 876 5886 au
920 5828 1238 5898 barbarum,
1281 5831 1525 5902 disputat
1585 5831 1816 5888 Phutius
1851 5836 1904 5890 in
1936 5836 1970 5888 2

2043 581 2118 637 De
2148 581 2342 637 iisdem
2395 581 2745 651 ὲπικομδίοις
2811 579 3003 636 eadem
3037 581 3150 635 fere
3184 577 3426 635 Joannes
3485 578 3669 632 Can-

2043 686 2367 740 tacuzenus,
2407 675 2447 728 l.
2487 689 2503 728 ι
2570 674 2643 729 De
2685 674 2842 730 bellis
2898 676 3040 729 inter
3078 673 3421 728 Andronicos
3465 686 3668 724 autin

2041 779 2096 824 et
2150 776 2440 838 nepotem;
2499 765 2608 822 nisi
2661 767 2807 836 quod
2866 781 2928 820 ea
2995 765 3179 836 spargi
3242 766 3404 829 dicit,
3472 773 3668 832 post-

2043 875 2206 930 quam
2277 863 2576 930 imperator
2641 860 2756 926 jam
2825 858 3086 913 inunetus
3145 866 3201 912 et
3267 857 3671 928 inauguratus

2044 967 2111 1008 ex
2143 953 2348 1022 templo
2380 951 2682 1022 egreditur.
2743 950 2960 1006 Rursus
2982 950 3050 1004 de
3085 950 3278 1004 iisdem
3301 948 3473 1018 356
3518 950 3667 998 ἐπι-

2046 1043 2298 1114 κομὸίοις
2319 1045 2515 1099 eodem
2548 1043 2929 1098 'coronationis
2956 1042 3046 1096 die
3076 1041 3259 1111 spargi
3299 1041 3484 1094 solitis
3526 1040 3666 1092 haec
3731 1074 3734 1076 η

2043 1138 2235 1192 eodem
2293 1139 2433 1192 libro
2498 1137 2958 1193 Cautacuzenus:
3025 1135 3168 1188 Ὑπὸ
3214 1134 3272 1187 δὲ
3322 1135 3424 1204 τὴν
3459 1133 3664 1202 αὐτὴν

2046 1230 2260 1300 ἡμέραν
2287 1229 2346 1281 ὲν
2381 1231 2492 1292 τοῖς
2521 1227 2820 1298 βασιλείοις
2841 1225 2936 1282 τοῦ
2957 1228 3131 1297 δήμου
3161 1227 3665 1297 συνηθροισμένου

2047 1318 2249 1381 παντὸς
2279 1319 2431 1390 παρὰ
2473 1320 2571 1372 τοῦ
2601 1319 2767 1373 αὐτοῦ
2803 1317 3178 1390 συγκλητικοῦ
3203 1319 3312 1372 τῶν
3341 1319 3666 1390 προτέρων

2047 1409 2151 1463 ίσοι
2187 1410 2219 1480 ἢ
2251 1412 2345 1464 καὶ
2405 1411 2653 1474 πλείονες
2688 1412 2972 1485 ῥίπτονται
3002 1412 3326 1482 ἀπόδεσμοι.
3377 1414 3665 1482 (Ζυι-οραο

2046 1503 2156 1556 lata
2192 1518 2244 1570 p.
2275 1503 2365 1568 98,
2400 1505 2453 1556 in
2485 1513 2773 1573 posterum
2812 1504 2958 1559 diem
2983 1505 3044 1559 'id
3069 1505 3288 1574 rejicit;
3320 1522 3430 1577 quo
3459 1507 3561 1560 die
3593 1505 3655 1561 id

2046 1596 2212 1650 etiam
2241 1597 2357 1651 ﬁeri
2388 1597 2611 1652 solitum
2646 1596 3069 1653 Cantacuzenus
3087 1599 3281 1654 scribit
3306 1597 3345 1652 Ι.
3379 1613 3420 1663 ι,
3453 1612 3511 1655 c.
3553 1598 3664 1652 41.

2047 1687 2259 1744 Similia
2287 1689 2400 1743 fere
2429 1688 2762 1758 Curopalata
2796 1699 3004 1754 noster,
3036 1705 3087 1745 c.
3122 1692 3210 1745 l7.
3237 1689 3310 1747 De
3340 1691 3447 1746 hoc
3484 1705 3664 1746 more

2049 1780 2404 1850 accipiendas
2459 1795 2682 1851 quoque
2739 1789 2826 1837 est
2890 1781 3256 1854 Pacbymeres
3319 1786 3358 1840 l.
3420 1801 3483 1839 ix
3531 1801 3668 1840 suae

1977 1872 2024 1931 B
2055 1870 2344 1935 Historia,
2406 1871 2498 1926 ubi
2542 1872 2788 1927 scribens
2833 1873 2900 1927 de
2947 1875 3299 1927 coronatione
3351 1874 3666 1930 Michaelis

2052 1962 2341 2032 Palmologi
2361 1961 2455 2016 lilii
2477 1962 2778 2018 Andronici
2797 1963 3054 2030 senioris,
3076 1963 3418 2034 ριπτοῦνται,
3437 1965 3670 2034 inquit,

2051 2057 2104 2112 σί
2133 2055 2386 2126 συνήθεις
2417 2055 2740 2126 ἀπόδεσμοι.
2773 2056 2839 2110 Ει
2869 2054 3076 2112 frustra
3103 2065 3186 2112 est
3214 2056 3354 2112 bene
3381 2059 3450 2112 de
3484 2057 3666 2112 Grat-

2053 2148 2134 2202 cis
2161 2147 2386 2201 meritus
2418 2146 2711 2216 interpres,
2736 2146 2832 2214 qui
2863 2146 3147 2215 fasciculos
3169 2147 3526 2203 odoratorum
3549 2150 3667 2217 (lo-

2054 2255 2172 2293 rum
2203 2239 2382 2308 spargi
2411 2238 2598 2292 solitos
2625 2239 2870 2309 coniicit.
2903 2239 3103 2295 Gners.

2107 2331 2190 2389 Ib.
2211 2330 2361 2404 [Haec
2381 2331 2697 2401 ὲπικόμϐια,
2720 2332 2866 2403 regia
2886 2334 3112 2387 donaria
3133 2348 3346 2390 corona:
3367 2345 3666 2406 suscepta

2056 2424 2229 2495 gratia
2273 2439 2486 2494 sparsa,
2545 2426 2789 2496 reperies
2837 2427 2982 2497 apud
3049 2427 3307 2499 antiquos
3363 2431 3664 2494 ὑπατείας

2057 2531 2189 2571 voce
2221 2517 2553 2588 significata.
2593 2517 2750 2574 Dicto
2772 2519 3411 2591 suggeritargumentum
3440 2523 3665 2579 Cedro-

2059 2625 2163 2665 nus
2217 2609 2272 2664 in
2307 2608 2658 2666 Justiniano:
2694 2610 2982 2663 Βασιλεύει
3039 2611 3174 2664 ὲτῶν
3217 2610 3319 2682 με’,
3354 2615 3452 2666 καὶ
3485 2633 3664 2685 μονο·

2057 2701 2348 2772 κρατήσας
2395 2700 2628 2756 δέδωκεν
2679 2702 2943 2755 ὑπατείαν
2995 2704 3128 2773 ὅσην
3161 2704 3340 2768 οὐδεὶς
3373 2705 3662 2775 βασιλέων

2057 2794 2281 2849 δέδωκε.
2325 2793 2687 2863 Theophanes
2720 2792 2775 2847 in
2830 2793 3072 2862 Tiberio,
3111 2795 3332 2868 ἔρριψεν
3375 2798 3662 2852 ὑπατείαν

2053 2887 2296 2959 πολλήν.
2328 2888 2390 2943 ιιι
2418 2887 2805 2959 Copronymo:
2848 2887 3130 2958 Προῆλθον
3161 2889 3399 2960 βασιλεῖς
3424 2891 3662 2960 ῥίπτον-

2061 2997 2151 3044 τες
2176 2981 2446 3034 ὑπατείαν
2476 2981 2758 3051 τριμίσεια
2789 2980 2886 3036 καὶΙ
2917 2982 3164 3052 σιμίσεια
3198 2983 3292 3036 καὶ
3331 2986 3663 3054 νομίσματα

2063 3071 2390 3143 καινούργια
2421 3073 2524 3136 ἕως
2557 3072 2658 3142 τῆς
2696 3072 2943 3143 μεγάλης
2969 3074 3288 3144 ἐκκλησίας.
3314 3075 3491 3130 Simo.
3513 3087 3656 3139 alta.

2065 3181 2181 3232 γιιι,
2208 3166 2294 3230 l0,
2324 3167 2390 3220 de
2408 3166 2588 3221 Phoca
2611 3166 2667 3220 in
2693 3164 2975 3221 Hebdomo
3002 3153 3202 3224 recens
3220 3178 3493 3224 coronato
3519 3189 3534 3225 :
3573 3171 3659 3240 Τῇ
3713 3158 3718 3162 ’

2066 3260 2112 3314 δ’
2135 3258 2401 3330 ὑστεραίᾳ
2427 3259 2764 3330 ἐπιϐατήρια
2788 3261 2900 3313 τῶν
2921 3261 3222 3330 σκήπτρων
3239 3263 3347 3324 τοῖς
3379 3264 3658 3332 στρατεύ-

2071 3368 2206 3422 μασι
2246 3351 2395 3422 δῶρα
2429 3350 2750 3422 παρείχετο.
2802 3350 2914 3407 Leo
2947 3350 3349 3409 Grammaticus
3385 3355 3474 3410 vel
3510 3357 3661 3410 alius

2066 3443 2244 3514 quivis
2278 3444 2333 3497 in
2367 3443 2626 3499 Armenio
2679 3444 2865 3501 Leone
2895 3463 2909 3499 :
2966 3445 3189 3517 Μιχαὴλ
3218 3448 3246 3498 ὁ
3267 3446 3539 3516 βασιλεὺς
3577 3448 3658 3518 τῷ

2069 3535 2275 3606 πρώτῳ
2335 3535 2444 3588 ἔτει
2475 3535 2571 3606 τῆς
2605 3535 2886 3605 βασιλείας
2938 3536 3106 3590 αὐτοῦ
3139 3536 3366 3607 ἔστεψεν
3417 3539 3516 3592 τὸν
3540 3541 3659 3592 υἱὸν

2067 3627 2236 3682 αὑτοῦ
2262 3628 2662 3699 Θεοφύλακτον,
2718 3630 2799 3690 είς
2819 3628 2920 3693 τάς
2953 3646 3012 3682 τε
3037 3630 3235 3700 ἑορτὰς
3273 3631 3658 3702 προελθούσης

2067 3719 2162 3771 καὶ
2187 3717 2287 3787 τῆς
2325 3718 2588 3787 γυναικὸς
2623 3719 2789 3772 αὑτοῦ
2820 3720 3134 3790 Προκοπίας
3161 3720 3302 3792 μετὰ
3333 3721 3499 3792 δόξης
3522 3723 3660 3776 πολ-

2069 3808 2186 3880 λῆς,
2210 3811 2305 3862 καὶ
2327 3808 2767 3882 παρασταθείσης
2783 3810 3096 3882 ἔμπροσθεν
3115 3811 3208 3866 τοῦ
3234 3812 3656 3885 θυσιαστηρίου,

2069 3900 2164 3954 καὶ
2193 3899 2408 3970 ἰδούσης
2443 3901 2709 3972 στέψιμον
2752 3903 2846 3956 τοῦ
2883 3903 3001 3958 υίοῦ
3036 3905 3231 3978 αὐτῆς,
3289 3908 3384 3960 καὶ
3413 3910 3659 3986 ποιησά-

2072 4009 2172 4062 σης
2229 3993 2404 4063 χαρὰν
2463 3992 2736 4063 μεγάλην,
2801 3997 2895 4048 καὶ
2939 3995 3310 4065 διανειμάσης
3375 4001 3656 4072 χρήματα

2072 4084 2244 4138 πολλά
2279 4101 2295 4116 θ
2327 4085 2466 4156 αὕτη
2496 4085 2606 4155 γὰρ
2639 4081 2708 4156 ἦν
2761 4086 3085 4143 διατιθοῦσα
3115 4090 3299 4144 πάντα
3324 4091 3393 4145 τὰ
3425 4096 3530 4162 τῆς
3562 4093 3656 4166 βα-

2074 4176 2304 4240 σιλείας.
2363 4177 2407 4230 Δ
2439 4178 2829 4235 consularibus
2863 4181 3164 4252 congiariis
3188 4185 3523 4241 muneribus
3559 4189 3656 4241 do-

2071 4270 2268 4326 nativis
2295 4272 2407 4327 haec
2435 4271 2825 4341 imperatorum
2853 4274 3119 4340 ὑπατείας
3137 4291 3335 4333 nomen
3356 4278 3660 4335 retinuisse

2071 4362 2358 4417 indubium
2393 4374 2498 4420 est.
2532 4364 2749 4432 Quanto
2781 4365 2946 4433 fastu,
2982 4368 3499 4436 acclamationibus,
3535 4387 3658 4426 mu-

2071 4455 2367 4522 niﬁcentia,
2399 4459 2670 4515 donativis
2701 4460 2959 4515 κοινωνὸν
2992 4460 3102 4514 τῶν
3135 4462 3331 4516 ἑαυτοῦ
3364 4464 3656 4532 θεσαυρῶν

2070 4549 2132 4601 τὸ
2155 4549 2397 4621 ὑπήκοον
2425 4552 2662 4624 ποιήσας
2694 4552 2994 4611 Mauricius
3035 4555 3244 4622 inierit,
3274 4557 3462 4614 verbis
3496 4574 3655 4630 pom~

2072 4656 2194 4711 pam
2226 4643 2571 4714 aequantibus
2601 4655 2848 4703 recenset
2901 4646 3223 4714 Simocatta,
3259 4665 3296 4714 ι,
3339 4649 3429 4705 12.

2139 4732 2283 4789 Ibid.
2315 4733 2470 4806 [Ἐπί
2503 4737 2870 4805 σκουτιιρίου
2904 4739 3242 4804 καθεσθείς.
3275 4738 3548 4798 Sedentes
3598 4741 3652 4796 in

2069 4827 2262 4896 clypeo
2288 4843 2384 4897 per
2423 4839 2604 4884 castra
2635 4829 2994 4885 circumferre
3051 4847 3242 4888 recens
3274 4834 3650 4902 proclamatos

2069 4919 2433 4990 imperatores
2474 4932 2886 4978 consueverunt
2917 4925 3130 4996 antiqui
3158 4925 3417 4980 Romani.
3465 4925 3651 4982 Zona-

2075 5027 2162 5066 ras
2207 5013 2259 5066 in
2310 5012 2662 5071 Justiniano:
2727 5015 2993 5071 ’Υπὰτιον
3045 5019 3139 5071 ἐπὶ
3177 5018 3406 5082 ἀσπίδες
3445 5019 3649 5090 μετάρ-

2073 5121 2188 5158 σιον
2217 5105 2452 5176 ἄραντες
2486 5109 2884 5179 ἀναγορεύουσι
2915 5111 3165 5181 βασιλέα.
3199 5109 3568 5180 Tlteopbanes
3591 5111 3647 5165 in

2073 5195 2372 5252 Mauricio:
2408 5199 2512 5252 Τὸν
2559 5201 2840 5271 Γερμανδν
2879 5201 3084 5256 ἄκοντα
3115 5201 3422 5274 στρατηγὸν
3447 5202 3647 5273 ἀνηγό-

2075 5305 2277 5359 ρευσαν
2303 5291 2396 5343 ἐπὶ
2427 5291 2661 5356 ἀσπίδος
2694 5292 3035 5363 ὑψὼσαντες.
3069 5293 3270 5349 [bidem
3299 5312 3315 5352 :
3347 5295 3430 5347 Τὰ
3464 5293 3647 5365 πλήθη

2076 5381 2541 5452 συναθροισθέντα
2596 5384 2995 5454 προϐάλλονται
3037 5384 3271 5455 ἔξαρχον
3307 5385 3504 5438 Φωκᾱν
3559 5385 3644 5437 τὸν

2073 5474 2398 5544 κένταρχον,
2427 5476 2522 5530 καὶ
2557 5476 2650 5528 ἐπὶ
2676 5477 2881 5531 ἀσπίδα
2913 5477 3102 5532 τοῦτον
3124 5476 3442 5548 ὑψώσαντες
3477 5477 3644 5547 εὐφή-

2078 5583 2260 5636 μησαν
2326 5567 2579 5638 ἔξαρχον.
2640 5569 2843 5626 Eadem
2877 5586 3017 5641 pene
3047 5571 3211 5626 verba
3239 5572 3433 5626 scribit
3464 5571 3645 5626 Simo-

2075 5669 2242 5723 tzatta,
2263 5674 2382 5726 vut,
2407 5661 2461 5716 7.
2504 5661 2935 5734 Ἑκατόνταρχον
2956 5672 3137 5719 tamen
3169 5665 3470 5720 correctius
3493 5671 3649 5720 vocat

2077 5767 2236 5820 quem
2298 5753 2657 5824 TlteOphanes
2717 5757 3039 5827 κένταρχον.
3091 5756 3359 5828 Gregoras
3420 5773 3514 5821 ιιι,
3570 5757 3647 5810 l:

2089 5840 2478 5909 Ἀνηγορεύετο
2514 5842 2562 5895 δ’
2594 5843 2819 5912 ὕστερον
2852 5845 3238 5916 παρ’ἑκόντων
3265 5847 3370 5901 τῶν
3393 5847 3649 5919 ὑπηκόων
