3852 6598
169 431 259 496 307

1227 417 1610 480 GRETSERI
1652 419 1744 480 ET
1780 414 2014 480 GOARI
2068 419 2300 479 NOTE.

3256 416 3364 478 398

163 554 420 612 ἁπάντων,
448 544 721 606 καθεσθεὶς
757 543 845 596 ἐπ’
893 541 1120 604 ἀσπίδος
1149 543 1289 595 κατά
1312 542 1372 594 τὸ
1395 544 1452 594 ὲν
1477 542 1688 606 τούτοις
1717 544 1767 602 Α
1795 542 2037 610 τρίγγιον
2072 541 2320 609 γενέσθαι
2360 538 2707 608 προσέταξεν,
2747 536 2873 590 ἔνθα
2901 535 3150 606 ἀλλήλοις
3209 537 3367 604 ἔμελ-

166 635 473 706 ἐπικρατοῦν
517 634 654 696 ἔθος.
699 633 817 686 Lib.
850 646 993 694 iv,s.
1022 633 1093 686 l:
1153 633 1278 684 Ἐπὶ
1323 632 1420 699 τῆς
1467 631 1694 693 ἀσπίδος

164 730 372 788 ἐνταῦθα
426 727 552 796 περὶ
603 724 706 794 τὴν
744 723 1076 792 Μαγνησίαν
1112 722 1442 785 καθίσαντες
1472 721 1695 793 Μιχαὴλ

164 823 238 877 τὸν
259 819 606 886 Παλαιολόγον
657 811 1056 881 ἀναγορεύουσι
1110 809 1338 880 βασιλέα
1357 810 1406 863 oi
1444 810 1572 880 δόξῃ
1603 810 1696 863 και

168 917 290 985 τίνει
318 913 664 983 προῦχοντες.
701 908 994 977 Corippnm
1052 904 1119 959 de
1152 903 1370 958 Iustino
1399 903 1608 958 Minore
1633 918 1694 966 ll,

171 1011 249 1063 157
270 1007 475 1061 confert
511 1003 821 1058 Gretserus.
858 997 1059 1070 Ceam]

223 1099 370 1153 Porro
431 1097 542 1150 haec
602 1110 724 1163 quae
782 1094 837 1146 in
870 1107 1024 1162 seqq.
1070 1090 1444 1154 continentur,
1482 1091 1698 1144 videtur

165 1193 372 1248 Codinus
440 1205 505 1243 ex
565 1189 953 1240 Cantacuzeno
1035 1183 1447 1259 descripsisse:
1507 1184 1696 1238 eadem

165 1284 281 1338 enim
337 1296 501 1350 prope
525 1279 788 1332 verbatim
842 1276 1036 1331 scribit
1066 1275 1503 1338 Cantaeuzenus,
1532 1291 1572 1338 ι,
1605 1275 1695 1329 ΑΗ.

165 1375 404 1427 Posterior
435 1381 613 1424 autem
679 1370 1071 1422 Cantacuzeuo
1134 1364 1376 1420 Codinus
1407 1365 1536 1429 fuit,
1572 1380 1693 1418 cum

164 1466 492 1523 CallluClllclll
548 1463 841 1532 aliquoties
893 1463 1224 1515 mentionem
1264 1459 1452 1522 faciat,
1505 1465 1698 1510 nonut

166 1560 414 1620 eoa-lanci,
456 1558 548 1610 sed
579 1565 639 1609 ut
690 1565 937 1623 tempore
969 1552 1210 1622 prioris;
1261 1560 1520 1617 nutatque
1555 1545 1697 1600 Pon-

167 1664 301 1704 tanus
333 1659 513 1704 noster
541 1648 594 1701 in
635 1645 779 1702 notis
812 1646 879 1699 ad
906 1661 956 1699 c.
985 1645 1074 1707 «ll,
1115 1643 1195 1696 Ι.ι
1229 1641 1484 1696 Historiae
1504 1639 1697 1693 Canla-

167 1743 326 1798 cuzeni
382 1740 652 1795 Codinum
718 1739 920 1792 vixisse
959 1737 1063 1790 sub
1120 1734 1366 1788 Manuele
1391 1732 1691 1784 Andronici

167 1835 364 1902 junioris
419 1841 634 1900 nepote,
667 1831 759 1896 qui
797 1825 1260 1894 antepenultimns
1309 1823 1604 1893 imperator
1630 1835 1698 1878 ex

173 1927 430 1996 Cpolitanis
455 1924 579 1987 fuit,
607 1921 805 1976 Turcis
821 1919 979 1990 357
1013 1927 1197 1987 postea
1233 1916 1520 1985 imperium
1547 1916 1701 1968 inva-

178 2020 388 2074 dentibus
422 2025 588 2086 atque
612 2011 1025 2082 occupantibus.
1058 2008 1332 2078 Quidquid
1360 2008 1454 2073 sit,
1493 2008 1700 2060 clarum

179 2122 258 2177 est,
314 2110 574 2164 Codinum
631 2121 742 2161 non
790 2105 884 2160 diu
933 2113 1058 2159 ante
1085 2101 1434 2172 Cpolitanum
1471 2099 1700 2155 exitium

183 2205 356 2257 risisse.
387 2201 590 2255 Csars.

243 2293 371 2366 Ibid]
410 2296 470 2347 Οἱ
499 2293 573 2346 ἐν
591 2291 927 2361 ἀξιώμασιν
956 2289 1373 2360 ὑπερέχοντες.
1406 2287 1708 2342 Conﬁrma-

191 2387 245 2440 vit
267 2387 416 2455 idjam
449 2386 658 2440 relatus
683 2385 971 2454 Gregoras.
1007 2383 1170 2436 Addit
1217 2381 1436 2435 Simeon
1471 2380 1709 2435 Thessa-

185 2480 455 2534 lonicensis:
486 2477 812 2547 Ἀνυψοῦσιν
835 2476 999 2530 αὑτὸν
1038 2476 1131 2530 ἐπὶ
1178 2475 1572 2545 στρατιωτικῆς
1614 2476 1711 2526 ἀσ-

179 2566 296 2628 πίδος
313 2568 535 2619 ἐνώπιον
561 2567 658 2618 τοῦ
688 2565 817 2618 λαοῦ
851 2582 865 2596 ·
897 2564 926 2618 δ
949 2569 1042 2618 καὶ
1071 2563 1404 2635 στρατηγίαν
1437 2562 1585 2629 δηλοί
1619 2562 1712 2614 καὶ

181 2655 426 2724 βασιλείαν.
454 2657 567 2710 Καὶ
607 2657 713 2709 ὑπὸ
761 2655 1146 2725 ἀξιωματικῶν
1204 2653 1415 2724 αἴρεται
1465 2653 1538 2716 ὼς
1572 2652 1715 2722 ἀρχὴ

179 2747 320 2800 αὐτῶν
347 2748 434 2800 καὶ
466 2748 707 2819 κορυφὴ,
730 2750 824 2801 καὶ
853 2746 956 2799 ὕπὸ
989 2744 1336 2815 στρατιωτῶν
1368 2744 1463 2798 καὶ
1500 2743 1592 2796 τοῦ
1620 2745 1713 2813 δή-

182 2853 261 2906 μου
284 2841 654 2908 προσκυνεῖται
677 2840 749 2901 ὡς
769 2838 1030 2906 δεσπότης
1051 2837 1230 2890 αὐτῶν
1257 2835 1515 2904 γεγονώς.
1540 2834 1714 2890 Gosu.

239 2925 286 2979 Ρ.
321 2926 401 2981 89.
431 2928 1004 2995 Ἐπευφημίσαντος
1033 2925 1101 2978 δὲ
1125 2924 1232 2979 τοῦ
1259 2925 1414 2978 λαοῦ
1442 2925 1537 2978 καὶ
1566 2939 1718 2994 φασ-

181 3015 353 3070 σάτου.
413 3015 632 3072 Faustis
665 3015 1148 3071 acclamationibus
1182 3014 1538 3083 felicibusque
1577 3014 1719 3072 votis

1799 631 1889 684 λον
1911 632 2139 695 ὁμιλεῖν.
2172 630 2315 684 Infra
2350 645 2363 683 :
2399 629 2616 699 Πρῶτος
2653 623 2746 681 οὖν
2791 631 2819 681 ὀ
2849 627 3098 699 βασιλεὺς
3159 627 3370 697 Ῥωμα-

1800 722 1888 785 νδς
1916 723 2014 790 τὴν
2054 722 2353 792 εἰρημένην
2396 721 2711 789 ἀποϐάθραν
2753 719 3075 773 καταλαϐὼν
3128 720 3221 772 τδν
3272 721 3373 772 Συ-

1802 815 1947 886 μεὼν
1981 807 2277 885 ἐξεδέχετο.
2309 813 2522 868 Rursus
2553 829 2569 867 ε
2607 811 2811 883 Τρίτην
2849 812 2904 863 δὲ
2953 813 3090 881 μετά
3144 812 3233 864 τ’δν
3275 813 3372 878 γά-

1805 923 1901 975 μον
1929 907 2171 959 ἑστίασιν
2210 908 2265 958 ὲν
2291 908 2356 976 τῇ
2387 903 2495 956 τῶν
2551 903 2750 972 Πηγῶν
2775 902 3063 973 ἀποϐάθρᾳ
3086 904 3314 973 ποιήσας
3343 905 3372 952 ὁ

1801 997 2076 1066 βασιλεὺς,
2129 999 2260 1068 παρ’
2323 999 2457 1067 αὐτῇ
2517 998 2582 1065 τῇ
2632 993 2918 1064 ἀποϐάθρᾳ
2945 993 3039 1046 τοῦ
3094 994 3372 1064 βασιλικοῦ

1801 1090 2076 1160 δρόμωνο;
2133 1091 2444 1158 ἱσταμένου,
2477 1086 2800 1154 συνεστιάθη
2841 1084 2917 1154 τῷ
2947 1085 3158 1154 Πέτρῳ.
3213 1086 3268 1138 In
3302 1087 3374 1138 si-

1803 1181 1915 1235 mili
1951 1181 2193 1235 tabulato
2222 1180 2432 1234 Manuel
2465 1179 2627 1248 hujus
2667 1176 2906 1232 nominis
2955 1175 3181 1229 ultimus
3235 1173 3374 1227 Tur-

1801 1289 1989 1326 carum
2019 1273 2322 1341 principem
2380 1271 2630 1326 convivio
2679 1269 2890 1338 excepit
2923 1267 3066 1337 apud
3112 1266 3375 1320 Pbranzm

1804 1363 2150 1432 interpretem
2180 1363 2510 1418 Pontanum.
2541 1364 2741 1436 Germ]

1875 1476 2013 1530 Ibid.
2045 1477 2171 1530 Ἐπὶ
2206 1477 2297 1528 τὸν
2325 1476 2574 1544 ἄμϐωνα,
2605 1478 2657 1528 in
2692 1487 3012 1546 suggestum.
3049 1475 3276 1544 Ἀμϐων
3304 1473 3376 1528 ab
3417 1520 3420 1524 .

1805 1566 2098 1628 ἀναϐαίνω,
2130 1569 2269 1635 quod
2302 1567 2662 1630 estascendo,
2694 1582 2890 1621 nomen
2942 1567 3170 1620 traxisse
3218 1577 3374 1634 puta-

1804 1668 1911 1721 tur,
1969 1661 2184 1714 tametsi
2243 1659 2574 1714 Walafridus
2629 1660 2824 1713 Strabo
2880 1661 2947 1712 de
2999 1659 3159 1712 rebus
3204 1658 3375 1713 eccle-

1803 1749 1956 1802 siast.
1989 1766 2039 1804 c.
2073 1749 2126 1814 6,
2163 1751 2445 1804 ambonem
2483 1750 2550 1803 ab
2599 1750 2878 1803 ambiendo
2932 1749 3159 1812 derivat,
3227 1748 3374 1817 quod

1811 1841 2098 1895 intrantem
2121 1841 2386 1896 ambiatet
2413 1842 2612 1909 cingat.
2641 1843 2940 1895 Ambonem
2971 1855 3133 1910 porro
3167 1853 3376 1908 magna:

1806 1935 2059 1990 Ecclesiae
2090 1950 2342 2005 magnqu
2378 1933 2545 1988 fuisse
2573 1940 2808 2002 oportet,
2839 1933 3038 2002 quippe
3057 1930 3171 2001 qui,
3205 1939 3263 1984 ut
3289 1931 3376 1984 bie

1795 2027 2050 2093 refertur,
2105 2045 2211 2083 uno
2266 2035 2319 2082 et
2373 2029 2562 2082 eodem
2625 2037 2864 2097 tempore
2902 2027 3263 2096 patriarcbam
3321 2038 3377 2080 ct

1797 2120 2073 2174 ministros
2101 2120 2559 2189 imperatoresque
2594 2120 2818 2188 ceperit,
2861 2128 2916 2173 et
2969 2119 3024 2174 in
3081 2133 3191 2187 quo
3238 2119 3376 2172 ritus

1799 2211 2227 2281 inaugurationis
2302 2212 2784 2281 coronatlonisque
2858 2211 3040 2280 peragi
3119 2213 3374 2279 potuerit.

1801 2305 2087 2373 Propterea
2148 2305 2328 2358 nullus
2359 2304 2542 2359 animo
2593 2305 2796 2371 aliquid
2851 2302 3051 2356 nostris
3110 2303 3378 2371 suggestis

1801 2393 1977 2448 simile
2003 2393 2276 2462 concipiat
2308 2410 2322 2445 :
2354 2394 2534 2462 potius
2583 2392 2850 2460 concipiat
2903 2408 3064 2462 quam
3115 2391 3375 2446 Germani

1804 2493 2003 2542 vocant
2026 2484 2112 2538 die
2135 2484 2474 2549 Porlrirchen,
2512 2485 2562 2538 id
2592 2494 2674 2539 est
2723 2484 2902 2552 templi
2957 2493 3136 2553 partes
3185 2485 3375 2549 editas,

1805 2579 1993 2649 quales
2016 2578 2281 2632 columnis
2316 2577 2548 2633 suffulta:
2581 2585 2675 2630 aut
2696 2576 2995 2646 parietibus
3015 2575 3184 2630 amrin
3213 2578 3292 2632 vel
3323 2579 3377 2631 in

1807 2671 2089 2740 adytorum
2118 2669 2392 2724 vestibulo
2429 2669 2480 2722 in
2513 2669 2680 2722 altum
2723 2676 3018 2722 exstructa:
3069 2668 3382 2722 hominibus

1808 2761 2140 2832 recipiendis
2183 2761 2235 2815 in
2267 2760 2479 2829 templis
2514 2760 2787 2814 visuntur.
2819 2758 2986 2829 358
3011 2758 3253 2814 Habebat
3277 2773 3383 2813 au-

1809 2862 1914 2908 tem
1942 2852 2141 2908 ambon
2173 2852 2308 2906 duos
2357 2865 2638 2915 ascensus,
2687 2859 2745 2904 ut
2798 2866 2849 2920 p.
2915 2849 3004 2915 9l,
3055 2865 3121 2906 ex
3176 2849 3383 2905 Codiuo

1809 2947 2095 3002 discimus.
2123 2943 2234 2999 Nec
2262 2943 2576 3012 Onuphrius
2619 2944 2672 2997 in
2733 2943 2912 2997 libello
2967 2957 3073 3010 quo
3125 2943 3383 2998 obseuras

1812 3037 2072 3104 quasdam
2133 3049 2292 3090 voces
2341 3034 2736 3089 ecclesiasticas
2783 3034 3034 3103 explicat,
3092 3051 3144 3088 ν.
3192 3037 3380 3098 Ambo,

179 3117 334 3162 recens
376 3119 683 3178 promotum
717 3106 1014 3178 principem
1050 3116 1366 3177 prosecutos
1415 3108 1616 3162 milites
1668 3117 1708 3160 el

1815 3129 2015 3184 oblitus
2041 3136 2125 3182 est
2157 3141 2378 3180 monere
2407 3125 2472 3180 de
2503 3124 2703 3194 duplici
2732 3139 2963 3178 ascensu
2996 3125 3048 3178 in
3067 3126 3378 3180 ambonem.

179 3202 391 3269 pupulum
424 3202 612 3255 nullus
642 3201 896 3270 ignorat:
923 3207 1221 3254 occurrunt
1251 3209 1426 3253 tamen
1453 3199 1566 3253 haec
1587 3199 1701 3252 loca
1735 3227 1781 3288 α
1814 3220 1871 3274 ιη
1909 3219 2234 3290 quibusdam
2260 3217 2506 3272 ecclesiis
2544 3216 2652 3271 duo
2695 3215 2956 3286 graduum
3004 3214 3222 3270 ordines
3265 3230 3384 3270 ρει.-

179 3294 284 3344 adeo
309 3292 649 3360 frequentatae
670 3291 1047 3346 censuetudiui
1080 3290 1418 3345 manifestius
1450 3299 1706 3346 attestan-

181 3385 255 3438 tia.
280 3382 458 3441 Leonis
489 3383 846 3438 Grammatici
872 3383 938 3438 de
962 3383 1142 3438 Leone
1163 3384 1418 3438 Armenio
1444 3399 1459 3438 :
1496 3384 1712 3452 Ἐποίη-

184 3492 256 3530 σεν
279 3478 451 3540 αὖτοὺς
507 3477 826 3546 εὐφημῆσαι
879 3476 1085 3528 Λέοντα
1133 3477 1230 3529 καὶ
1281 3476 1708 3540 Κωνσταντῖνον,

184 3567 450 3637 βουλόμενος
473 3569 645 3638 ζῆσαι
671 3569 767 3636 ἐτη
805 3569 992 3623 πολλά.
1032 3567 1287 3637 Ejusdem
1342 3567 1396 3620 iu
1454 3565 1712 3620 Micllaele

183 3657 416 3730 Theophili
451 3661 518 3716 θ’.
553 3682 567 3718 :
623 3662 776 3716 Θέλω
821 3659 1099 3715 Βασίλειον
1148 3659 1254 3712 ὑπὸ
1295 3658 1511 3712 πάντων
1541 3657 1712 3727 εὐφη-

191 3755 358 3818 μεῖσθαι
386 3757 456 3821 ὡς
487 3756 736 3826 βασιλέα.
771 3757 937 3810 Annae
966 3754 1257 3810 Camoenae
1305 3755 1372 3809 de
1407 3763 1558 3824 patre
1613 3755 1714 3806 im-

183 3858 384 3912 peratore
421 3851 735 3907 renuntiato
764 3850 1040 3919 loquentis
1069 3865 1082 3902 :
1114 3846 1228 3900 Νῦν
1271 3845 1523 3917 βασιλεὺς
1578 3844 1710 3898 ἀνα-

181 3941 420 4010 γορεύεται
452 3960 467 3974 ο
520 3942 650 4004 τοὺς
700 3939 1032 4009 ὁπλοφόρους
1069 3938 1255 4008 δρᾶτε,
1303 3935 1401 4006 τῆς
1436 3935 1713 4006 εὐφημίας

178 4037 383 4092 ἀκούετε.
435 4035 501 4090 Et
559 4035 702 4089 infra
741 4049 754 4086 :
803 4033 917 4100 Τὴν
961 4029 1234 4102 εὐφημίαν
1267 4028 1525 4100 λαμπρὰν
1549 4027 1714 4082 ἀκού-

177 4140 319 4190 οντας,
341 4136 391 4180 et
412 4127 514 4180 alia
549 4141 673 4194 quae
697 4123 898 4178 subdit.
927 4120 1153 4176 Zonarze
1190 4121 1257 4176 de
1301 4118 1509 4175 Joanne
1537 4119 1712 4174 Alexii

177 4214 301 4269 lilio:
330 4217 542 4270 Στέλλει
567 4215 702 4286 πρὸς
750 4213 850 4284 τὴν
879 4212 1176 4282 ἐκκλησίαν
1231 4213 1484 4266 τεθνάναι
1541 4212 1714 4277 λέγων

176 4312 246 4360 τὸν
270 4303 634 4380 αὐτοκράτορα
664 4307 758 4359 καὶ
781 4305 963 4374 ζητῶν
1001 4303 1162 4367 αὐτὸς
1208 4304 1609 4374 εὐφημισθῆναι
1639 4304 1715 4368 ὡς

175 4399 513 4470 αὐτοκράτωρ.
551 4395 753 4450 Niceta:
799 4395 866 4449 de
902 4392 1145 4447 Manuele
1193 4392 1420 4448 Joannis
1458 4392 1521 4448 F.
1579 4393 1714 4448 serio

176 4491 322 4545 beatis
349 4509 363 4544 :
390 4492 663 4552 Ἕκαστος
693 4487 802 4541 τῶν
835 4487 1174 4557 μεγιστάνων
1218 4486 1358 4556 μετὰ
1381 4488 1480 4556 τῆς
1509 4487 1716 4552 οἰκείας

173 4583 345 4649 τάξεως
393 4583 668 4654 διακριδὸν
733 4580 1086 4650 ἐφιστάμενος
1131 4580 1224 4632 καὶ⁵
1273 4577 1573 4650 διατρανῶν
1612 4581 1710 4651 τὴν
1739 4562 1790 4623 D

143 4641 414 4744 ιξεύςξημίαν
443 4641 534 4744 τῷ.
547 4674 652 4742 νέῳ
675 4641 888 4727 ἄνακτι.
912 4641 1169 4740 Ejusdem
1194 4641 1426 4739 denique
1455 4671 1509 4724 in
1533 4641 1716 4725 Alexio

150 4726 406 4840 illa'uiielis
443 4726 509 4821 F:
536 4726 568 4820 εν
589 4726 812 4834 ’Ᾰμέλει
843 4726 936 4816 καὶ
953 4726 1068 4832 ’τῆς
1094 4726 1367 4833 εὐφημίας
1409 4762 1716 4830 κατάρχον-

140 4873 261 4923 irai,
285 4862 370 4914 καὶ
391 4859 592 4914 οὑτωσὶ
615 4856 918 4910 διατιθέασι
947 4855 1045 4924 τὴν
1094 4854 1418 4924 ἀνάρρησιν,
1475 4853 1714 4918 ’Δλεξίου

173 4952 248 5005 καὶ
271 4951 602 5022 Ἀνδρονίκου
654 4947 908 5017 μεγάλων
970 4945 1233 5014 βασιλέων
1265 4944 1359 4997 καὶ
1384 4942 1717 5012 αὐτοκρατό-

174 5057 261 5109 ρων
295 5042 578 5113 Ῥωμαίων
604 5039 714 5092 τῶν
758 5036 1057 5106 Κομνηνῶν
1106 5035 1278 5089 πολλὰ
1305 5037 1373 5088 τὰ
1424 5035 1540 5104 ἔτη.
1571 5037 1713 5088 Πλα-

172 5134 266 5190 τέσι
312 5135 402 5189 καί
453 5131 754 5203 ἀνεῳγόσιν
798 5129 1014 5199 ᾅδοντες
1067 5128 1320 5198 στόμασι,
1366 5127 1456 5178 καὶ
1518 5125 1714 5195 μικροῦ

172 5225 592 5296 διαρῥηγνύμενοι
625 5224 744 5285 ταῖς
778 5222 1002 5289 φωναῖς.

233 5314 360 5371 Ibid.
384 5299 668 5388 [Σὰκκον.
690 5311 953 5380 Superius
963 5308 1336 5380 exposuimus,
1352 5323 1400 5363 c.
1422 5309 1456 5363 '5
1475 5308 1541 5363 ad
1557 5309 1714 5377 p.15.

235 5405 361 5465 Ibid.
402 5403 772 5479 [ᾎγαὸάθρα.
804 5401 1127 5456 Tabulatum
1151 5399 1417 5468 ejusmodi
1446 5399 1716 5454 excelsius

177 5497 460 5568 ἀποϐάθραν
484 5498 784 5569 appellasse
803 5494 1107 5549 Cedrenum
1131 5494 1318 5545 miror.
1347 5491 1489 5546 Loca
1516 5501 1644 5546 sunt
1661 5495 1715 5544 in

178 5587 391 5647 Romano
415 5591 722 5660 Lecapeno.
739 5588 799 5641 '0
840 5584 1117 5654 Ῥωμανδς
1148 5581 1548 5637 κατεσκεύασεν
1570 5585 1625 5635 ὲν
1647 5585 1712 5653 τῇ

179 5681 392 5756 θαλάσσῃ
415 5682 768 5755 ὀχυρωτάτην
803 5678 1091 5738 ἀπόϐασιν,
1119 5675 1258 5728 ὥστε
1305 5677 1404 5745 τὴν
1432 5674 1714 5745 βασιλικὴν

177 5775 345 5844 τριήρη
366 5775 758 5828 διεκπλέουσαν
788 5772 846 5825 ὲν
875 5770 1011 5839 αὐτῇ
1046 5766 1530 5838 προσορμίζεσθαι.
1564 5783 1716 5836 περι·

180 5867 360 5934 φράξας
409 5868 575 5938 αὐτὴν
631 5863 896 5921 πάντοθεν
951 5858 1372 5930 διατειχίσμασι.
1429 5857 1610 5911 Μέσον
1656 5858 1714 5910 δὲ

1814 3321 2039 3374 nuntur,
2093 3326 2226 3364 unus
2267 3326 2299 3362 a
2344 3308 2598 3371 sinistris,
2653 3323 2754 3376 quo
2799 3307 2858 3374 ﬁt
2905 3322 3148 3360 ascensus
3204 3323 3382 3360 versus

1813 3407 2098 3467 orientem,
2136 3403 2270 3455 alter
2300 3418 2332 3454 (ι
2367 3401 2565 3454 dextris
2606 3399 2923 3452 occidentem
2959 3408 3224 3468 spectans,
3281 3416 3382 3470 quo

1813 3497 1872 3566 ﬁt
1897 3498 2194 3551 descensus.
2228 3493 2430 3548 (iners.

1883 3609 2024 3664 Ibid.
2063 3609 2164 3682 [De
2192 3608 2422 3663 amboue
2450 3607 2696 3677 quaedam
2721 3607 2777 3660 in
2814 3604 3213 3673 Euchologicis,
3232 3605 3384 3674 plura

1814 3681 2164 3757 doctissimus
2208 3699 2440 3753 Allatius
2480 3681 2548 3753 de
2614 3697 2923 3753 Graecorum
2975 3697 3209 3766 templis.
3265 3697 3384 3763 Qun

1815 3799 1953 3853 mole
1983 3797 2065 3852 vel
2090 3795 2258 3864 ﬁgura
2288 3792 2450 3848 fuerit
2477 3799 2785 3847 exstructus
2846 3789 2903 3844 S.
2951 3789 3186 3860 Sopbiae,
3247 3806 3384 3844 ano-

1814 3904 1973 3961 nyma
1999 3888 2291 3955 descriptio
2317 3887 2370 3940 in
2397 3885 2576 3952 Regiis
2600 3899 2735 3938 mss.
2766 3883 3046 3948 edisserit;
3073 3899 3234 3952 quam
3259 3899 3386 3951 pre-

1816 3981 1950 4036 tiosa
1979 3980 2198 4034 materia
2242 3987 2296 4032 et
2333 3977 2582 4046 qualibus
2619 3977 2872 4045 expensis
2913 3974 3205 4042 perfectus,
3263 3973 3420 4028 0ri-‘

1815 4075 1966 4144 gines
1988 4071 2096 4126 (ΣΡ.
2119 4072 2305 4142 paucis
2339 4068 2804 4140 comprehendunt
2836 4086 2851 4122 :
2880 4068 3169 4137 Ἐποίησεν
3199 4069 3224 4120 ὁ
3254 4066 3386 4120 ’1ου-

1815 4168 2082 4230 στινιανὸς
2115 4165 2204 4218 τὸν
2231 4163 2459 4233 άμϐωνα
2488 4163 2583 4216 καὶ⁴
2615 4162 2706 4214 τον
2741 4160 2946 4213 σωλέαν
2996 4160 3194 4229 χρυσᾶ,
3252 4175 3387 4224 σαρσε

1814 4264 2039 4332 δόνυχας
2079 4260 2174 4314 καὶ
2205 4256 2541 4326 σαπφείρους
2593 4254 2771 4317 λίθους
2811 4254 2899 4306 διὰ
2945 4252 3240 4322 μαργάρων
3289 4255 3387 4306 καὶ

1815 4354 2040 4426 χρυσίου
2069 4350 2361 4422 χυμευτοῢ.
2396 4347 2464 4402 Ει
2491 4346 2717 4402 inferius
2751 4362 2763 4397 :
2795 4346 2887 4409 Εἰς
2911 4344 3000 4397 τὸν
3033 4344 3260 4414 ἄμϐωνα
3292 4346 3387 4396 καὶ

1815 4449 1904 4501 τὸν
1935 4446 2138 4500 σωλὲαν
2164 4445 2379 4512 ἐγένετο
2436 4440 2616 4507 ἔξοδος
2663 4439 2855 4510 χρόνου
2901 4437 3106 4490 πάκτου
3155 4435 3254 4504 τῆς
3295 4436 3386 4487 Αἱ-

1819 4538 2023 4607 γύπτου
2050 4538 2374 4605 κεντηνάρια
2392 4532 2677 4602 τριακόσια
2703 4531 2964 4598 ἑξήκοντα
2986 4530 3164 4592 πέντε,
3205 4525 3387 4588 καθὼς

1820 4628 2174 4698 ἐτυπώθησαν
2217 4627 2366 4697 παρὰ
2399 4625 2492 4678 τοῦ
2547 4624 2780 4694 μεγάλου
2834 4620 3260 4674 Κωνσταντίνου.
3319 4617 3386 4672 Ut

1817 4739 1920 4776 vox
1973 4721 2176 4773 πάκτον
2223 4734 2329 4772 non
2387 4727 2599 4786 pactum
2635 4714 2812 4777 modo,
2846 4715 2938 4767 sed
2969 4722 3022 4765 et
3043 4711 3298 4764 tributum
3323 4726 3386 4763 ex

1817 4823 1972 4883 pacto
2001 4811 2314 4866 solvendum
2338 4820 2500 4879 atque
2530 4825 2744 4877 pensum
2775 4819 2937 4860 omne
2959 4802 3264 4870 ’signiiicet,
3292 4816 3385 4854 no-

1821 4907 1888 4959 tis
1954 4907 2007 4959 in
2055 4904 2358 4958 Cedrenum
2419 4897 2812 4970 posterioribus
2867 4893 3384 4950 demonstravimus.

1892 5017 1948 5072 Ρ.
1975 5017 2064 5072 90.
2091 5016 2230 5088 [Τὰς
2256 5014 2353 5067 ἐπὶ
2380 5017 2611 5080 κρίσεις
2659 5009 2974 5074 ,ϐασιλέων
3001 5008 3383 5075 συντεθειμέ-

1817 5129 1929 5177 νας
1981 5111 2188 5178 εὐχάς.
2227 5106 2512 5162 Orationes
2558 5106 2676 5158 illas
2709 5118 2774 5156 ex
2819 5117 2956 5158 mss.
3004 5100 3385 5170 patriarcbicis

1817 5200 2165 5272 Eucliologiis
2196 5198 2536 5253 Bessarionis
2593 5205 2648 5251 et
2704 5194 2930 5249 alterius
2975 5192 3150 5246 Patris
3189 5193 3384 5255 Graeci,

1816 5293 2030 5348 concilii
2062 5290 2358 5346 Florentini
2395 5288 2711 5352 assessoris,
2740 5295 2926 5340 erutas
2976 5285 3042 5340 ad
3093 5300 3384 5339 commune

1817 5383 2204 5453 Euchologium
2235 5381 2553 5451 adjecimns,
2586 5389 2640 5434 et
2669 5379 2771 5433 hoc
2801 5392 2941 5452 anno
2991 5378 3206 5447 publico
3236 5377 3382 5431 dedi.

1817 5495 1961 5532 mus.

1887 5590 2028 5644 Ibid.
2059 5589 2263 5661 [Χρίει.
2295 5587 2597 5642 Coronatos
2630 5585 2844 5654 saepius,
2883 5593 3072 5638 unctos
3107 5596 3384 5649 nunquam

1817 5681 2046 5750 legimus
2079 5681 2333 5749 antiquos
2366 5679 2673 5733 Graecorum
2699 5676 3074 5742 imperatores.
3131 5670 3382 5724 Cir-tolum

1819 5773 2037 5826 nomine
2063 5771 2341 5841 gestisque
2367 5781 2623 5838 magnum
2656 5781 2685 5818 a
2728 5764 2908 5818 Leone
2937 5762 3178 5824 Romano
3211 5764 3380 5828 ponti-

1819 5862 1918 5919 lice
1942 5863 2176 5933 primum
2199 5861 2362 5917 refert
2382 5868 2605 5915 unctum
2635 5855 2934 5923 Cedrenus,
2980 5867 3008 5906 e
3039 5852 3151 5906 suis
3183 5849 3381 5909 Grmis
