3852 6646
426 314 534 427 θοι,

1497 362 1579 422 ΙΝ
1623 359 1924 422 LIBRUM
1974 363 2071 422 DE
2139 361 2469 424 OFFICIIS
2508 364 2621 425 (ΖΡ.

3589 363 3699 430 UO

423 482 658 540 nullum.
712 477 770 533 Ὀ
797 477 948 533 Λέων
999 475 1092 529 τὸν
1143 472 1419 540 Κάρουλον
1456 474 1816 545 ἀμειϐόμενος
1862 473 1970 527 ἔστε

2076 527 2082 544 ,
2113 473 2358 544 δρομίου,
2385 476 2505 531 loco
2529 476 2597 532 ab
2629 475 2861 533 ecclesia
2897 475 2978 532 vel
3008 475 3317 548 patriarcha
3347 476 3503 548 longe
3564 479 3696 535 alie-

419 575 521 646 ψεν
571 571 734 626 αὐτὸν
789 571 870 630 είς
899 567 1123 639 βασιλέα
1193 566 1477 637 Ῥωμαίων
1506 569 1563 620 ὲν
1609 567 1684 637 τῷ
1739 565 1849 635 ναῷ
1906 566 1998 618 τοῦ

419 665 576 736 ἁγίου
607 662 904 718 ἀποστόλου
942 661 1172 730 Πέτρου,
1212 659 1408 730 χρίσας
1436 658 1602 728 ἐλαίῳ
1637 658 1742 710 ἀπὸ
1773 657 1875 721 τῆς
1910 675 2000 710 κε-

417 757 595 828 φαλῆς
617 755 723 819 ἕως
751 752 948 817 ποδῶν,
969 752 1062 806 καὶ⁵
1089 750 1402 822 περιϐαλὼν
1474 749 1755 822 βασιλικὴν
1796 749 1998 819 ἐσθῆτα

414 849 512 902 καὶ
569 845 781 915 στέφος.
824 843 930 900 Sed
982 857 1082 899 nec
1130 843 1244 914 ipse
1293 842 1605 913 Euchalogii
1641 851 1844 903 textus,
1877 843 1997 896 aliis

413 938 664 993 minutim
696 936 1006 1000 recensitis,
1039 935 1352 990 unctionem
1411 933 1671 1003 praecipit,
1726 933 1857 988 solis
1915 934 1998 988 his

412 1033 598 1088 verbis
653 1039 793 1086 erat.
836 1029 890 1095 1,
953 1031 1137 1100 χρῖσαι
1169 1027 1508 1092 καταξίωσον
1548 1026 1626 1096 τῷ
1682 1025 1848 1096 ἐλαίῳ
1899 1027 1996 1096 τῆς

411 1125 810 1194 ἀγαλλιάσεως,
857 1138 977 1178 eam
1020 1130 1316 1177 connotare
1382 1128 1720 1174 contentum.
1785 1117 1993 1172 Forsan

411 1222 539 1290 quia
573 1220 718 1274 ritus
754 1234 782 1270 a
819 1215 1030 1271 Latinis
1063 1221 1343 1268 mutuatus
1360 1221 1418 1267 ct
1450 1213 1519 1266 ob
1545 1213 1800 1283 pietatem
1836 1227 1995 1265 usur-

408 1323 588 1380 pzitus,
625 1309 841 1368 silentio
905 1319 1085 1364 tamen
1117 1306 1225 1362 fuit
1268 1305 1321 1360 in
1353 1305 1735 1374 Eochologicis
1799 1313 1990 1358 tectus.

407 1407 571 1461 Solus
604 1405 693 1458 hic
717 1413 904 1459 noster
936 1408 1149 1464 auctor,
1178 1414 1242 1455 ac
1272 1408 1396 1453 ante
1417 1395 1616 1452 saecula
1650 1407 1884 1465 quatuor
1909 1394 1994 1449 Si-

406 1513 564 1552 meon
602 1492 1132 1556 Thessalonicensis,
1165 1492 1409 1562 apertius
1431 1491 1744 1546 unctionem
1780 1503 1988 1542 memo-

405 1603 612 1644 ravere.
653 1587 826 1656 Hujus
849 1593 980 1640 sunt
1015 1585 1179 1640 verba
1215 1625 1229 1639 .
1271 1583 1364 1654 Τῷ
1422 1582 1521 1653 μὲν
1568 1581 1725 1651 μύρῳ
1755 1581 1990 1651 σφραγί-

399 1680 507 1744 ζων
531 1679 695 1733 αὑτὸν
725 1681 793 1749 τῇ
824 1675 1123 1748 σημειώσει
1152 1677 1246 1729 καὶ
1267 1674 1448 1746 χρίσει
1496 1672 1588 1726 τοῦ
1649 1673 1802 1736 ὄντος
1854 1691 1987 1725 παν-

396 1774 664 1837 τάνακτος
691 1772 785 1828 καὶ
841 1770 980 1825 κατά
1006 1769 1240 1842 μίμησιν
1264 1767 1432 1822 αὑτοῦ
1465 1766 1625 1820 αὐτὸν
1664 1766 1988 1836 καθίστησιν

398 1866 493 1920 ἐπὶ
521 1865 649 1935 γῆς.

470 1956 614 2013 Ibid.
638 1953 1092 2030 [Σταυροειδῶς.
1111 1952 1618 2010 Thessalonicensis
1662 1971 1684 2008 ε
1709 1953 1864 2007 Μετὰ
1892 1951 1991 2022 τὴν

405 2050 634 2122 πρώτην
667 2049 834 2120 εὐχὴν
866 2051 934 2120 τῇ
958 2048 1170 2118 κεφαλῇ
1199 2045 1362 2099 αὐτοῦ
1401 2044 1762 2117 σταυροειδῶς
1809 2044 1988 2115 ικχέει

397 2145 457 2198 τὸ
487 2144 679 2216 μύρον,
704 2142 918 2205 δεικνὺς
953 2141 1029 2205 ὡς
1060 2143 1088 2194 ὁ
1113 2141 1351 2210 Χριστὸς
1373 2139 1538 2193 αὐτὸν
1560 2139 1772 2209 ἔχρισε.

470 2242 611 2296 Ibid.
641 2239 884 2312 [Ἄγιος.
924 2237 1066 2291 ldcm
1101 2235 1207 2291 ιΤὸ
1248 2234 1401 2302 ἅγιος
1427 2233 1746 2304 άνακράζει,
1774 2230 1986 2295 δεικνὺς

394 2338 476 2389 ὃτι
508 2336 573 2388 ὲκ
623 2333 718 2386 τοῦ
775 2331 931 2398 ἁγίου
981 2328 1400 2398 καθαγιάζεεαι,
1456 2327 1552 2380 καὶ
1597 2322 1983 2392 καθιεροῦσθαι

393 2426 652 2498 βασιλεὺς
691 2426 801 2476 τῶν
830 2421 1184 2494 ήγιασμένων
1217 2421 1363 2473 ἐστὶν
1402 2419 1512 2473 ἀπὸ
1543 2417 1806 2482 Χριστοῦ.

468 2518 616 2573 Ibid.
654 2518 741 2589 [Ei
765 2518 867 2570 καί
896 2533 1056 2581 τινες
1077 2514 1352 2584 λέγουσι.
1373 2515 1566 2572 Merito
1584 2521 1857 2578 asserunt,
1881 2511 1982 2567 Co-

391 2612 537 2668 dine.
561 2610 696 2666 Nam
728 2619 782 2666 ct
811 2609 1163 2680 imperialem
1209 2624 1491 2676 coronam,
1540 2617 1601 2664 ut
1658 2607 1979 2675 patriarcha:

390 2707 531 2759 vatis
559 2701 879 2759 coronando
907 2701 1228 2755 redderetur
1267 2699 1506 2766 felicior,
1549 2701 1602 2754 in
1628 2701 1786 2755 altari
1818 2699 1977 2753 video

387 2795 689 2865 repositam
719 2791 863 2862 apud
895 2791 1135 2846 Leonem
1163 2791 1589 2847 Grammaticum
1624 2791 1676 2845 in
1711 2791 1974 2845 Michaele

388 2885 701 2956 Theophili,
742 2884 897 2954 cujus
938 2893 1142 2938 textum
1183 2883 1351 2939 reddo
1386 2884 1474 2938 hic
1522 2884 1822 2956 puriorem.
1862 2884 1974 2936 Καὶ

385 2977 633 3045 δεδωκὼς
669 2979 696 3032 δ
723 2976 976 3049 βασιλεὺς
1005 2976 1196 3048 Φωτίῳ
1246 2978 1570 3050 πατριάρχη
1609 2977 1669 3031 τὸ
1727 2977 1968 3047 στέμμα,

383 3073 524 3144 ἄρας
573 3074 638 3127 ἑκ
682 3071 780 3143 τῆς
828 3070 993 3125 αὐτοῦ
1033 3071 1294 3141 κεφαλῆς,
1357 3070 1433 3134 ὡς
1477 3073 1792 3140 εἰσαγαγεῖν
1824 3074 1880 3124 ὲν
1903 3074 1968 3144 τῇ

382 3168 516 3238 ἀγίᾳ
540 3165 810 3237 τραπέζῃ,
853 3165 928 3227 ὡς
983 3163 1240 3232 ιποίησεν
1281 3163 1446 3233 εὐχὴν
1501 3163 1590 3215 ἐπ’
1643 3163 1811 3232 αὐτῷ,
1873 3163 1968 3217 καὶ

384 3262 436 3314 οἱ
467 3261 816 3332 πραιπόσιτοι
842 3259 1165 3326 ἐνέγκαντες
1188 3256 1248 3308 τὸ
1303 3255 1586 3310 διϐιτίσιον
1611 3257 1704 3311 καὶ
1727 3259 1966 3326 τζαγγία

382 3354 637 3406 ἐνέδυσαν
665 3350 964 3414 Βασίλειον,
995 3349 1142 3412 ὅστις
1166 3348 1343 3419 βαλὼν
1377 3349 1476 3419 τὴν
1498 3349 1745 3419 χλαμύδα
1774 3349 1965 3402 ἔπεσεν

378 3449 458 3508 εἰς
482 3447 606 3507 τοὺς
630 3443 797 3506 πόδας
827 3443 922 3496 τοῦ
959 3441 1244 3512 βασιλέως,
1281 3443 1388 3494 Kal.
1435 3442 1664 3512 ἐξῆλθεν
1705 3445 1732 3496 ὁ
1770 3459 1965 3513 πατρι-

379 3539 580 3607 άρχης,
616 3535 711 3590 καὶ
732 3531 868 3606 ἦρεν
906 3533 1015 3587 ἀπὸ
1035 3533 1134 3602 τῆς
1164 3533 1408 3602 κεφαλῆς
1431 3532 1526 3586 τοῦ
1557 3532 1842 3602 βασιλέως,
1869 3535 1964 3586 καὶ

379 3630 650 3681 ἐπέδωκεν
678 3625 812 3680 αὐτὸ
840 3624 918 3694 τῷ
945 3623 1180 3695 βασιλεῖ.
1212 3622 1324 3677 Καὶ
1367 3621 1477 3676 τῶν
1517 3622 1817 3692 σκήπτρων
1867 3639 1962 3674 πε-

379 3723 602 3785 σόντων,
635 3718 710 3783 ὡς
739 3719 880 3784 ἔθος,
919 3716 1147 3786 ἔστεψεν
1174 3718 1202 3769 ὁ
1235 3713 1458 3786 Μιχαὴλ
1512 3714 1606 3768 τὸν
1636 3715 1919 3768 Βασίλειον
1945 3731 1959 3746 ·

379 3817 475 3868 καὶ
515 3813 841 3882 εὐφήμησαν
894 3810 1098 3872 πάντες
1125 3826 1142 3844 ο
1205 3826 1224 3860 ι
1271 3807 1491 3880 Μιχαὴλ
1555 3807 1652 3861 καὶ
1695 3807 1961 3877 Βασιλείῳ

395 3905 567 3959 πολλὰ
603 3907 668 3960 τά
691 3904 807 3974 ἐτη.
846 3920 867 3955 ι

442 3997 608 4068 359
631 3995 776 4052 Ibid.
825 3994 1033 4068 [Αὐτός
1063 4011 1129 4048 τε
1179 3991 1280 4050 καί
1309 3994 1344 4047 ὁ
1373 3991 1768 4062 πατριάρχης.
1805 3991 1962 4046 Nunc

373 4107 477 4161 ape
507 4090 574 4145 ab
615 4099 842 4158 utroque
865 4087 1085 4151 collata,
1118 4099 1513 4156 nonnunquam
1537 4099 1569 4139 a
1610 4084 1829 4142 seniore
1858 4085 1962 4138 im-

375 4195 629 4252 peratore
685 4181 948 4250 collegam
995 4178 1330 4244 asciscente,
1388 4190 1420 4231 a
1473 4175 1594 4234 solo
1648 4175 1957 4247 patriarcha

373 4286 766 4346 nonnunquam
797 4273 1007 4342 regium
1035 4281 1267 4327 stemma
1311 4268 1555 4326 coronati
1587 4268 1752 4339 capiti
1783 4269 1958 4337 impo-

371 4371 624 4426 nebatur.
679 4365 1054 4420 Patriarcham
1113 4377 1278 4434 porro
1338 4363 1420 4417 vel
1483 4365 1773 4433 episcopos
1821 4362 1957 4418 alios

371 4460 754 4534 promovendis
786 4457 1208 4527 imperatoribus
1243 4457 1328 4511 vel
1368 4471 1591 4511 manum
1633 4440 1954 4512 adhibuisse

2107 580 2197 618 uo.
2234 566 2584 623 Anastasium
2637 583 3012 624 successorem
3059 578 3288 626 coronat
3348 567 3693 640 Euphemius

2103 668 2326 728 accepta
2358 659 2477 715 ﬁdei
2510 662 2851 732 syngrapha:
2906 661 3101 732 Στέφει
3137 662 3320 726 αὑτὸν,
3371 663 3550 734 inquit
3592 663 3694 717 Za-

2103 765 2288 806 naras.
2322 751 2592 823 Ἐστέφθη
2618 753 2697 816 δὲ,
2735 753 2971 822 explicat
3017 753 3399 824 Theophanes,
3452 755 3691 830 πέμπτῃ

2100 844 2163 912 τῇ
2197 844 2406 912 μεγάλῃ
2439 843 2534 897 τοῦ
2579 845 2771 914 Πάσχα
2815 846 2872 898 ὲν
2902 844 2981 914 τῷ
3020 845 3322 918 καθίσματι
3364 846 3461 900 τοῦ
3500 846 3691 901 Ἰππο-

2097 933 2346 1006 δρομίου.
2373 934 2610 998 Justino,
2635 945 2829 991 exacto
2855 923 2990 1008 pene
3022 938 3276 1006 imperia,
3300 935 3543 994 Joannes
3562 955 3694 1009 pou-

2101 1027 2232 1082 til‘ex
2265 1028 2545 1085 Romanus
2576 1029 2786 1098 Cpolim
2817 1029 3100 1100 profectus
3127 1045 3386 1086 coronam
3430 1033 3691 1101 imponit.

2098 1136 2163 1175 ex
2193 1123 2508 1178 Anastasio.
2555 1121 2813 1179 Justinus
2863 1123 3032 1186 idem,
3084 1138 3152 1178 ex
3224 1123 3462 1190 Zonara,
3524 1141 3693 1194 μετα.

2098 1212 2377 1282 πέμπεται
2410 1214 2536 1276 τοὺς
2569 1216 2626 1266 έν
2654 1215 2801 1267 τέλει
2834 1216 2932 1269 καὶ
2967 1213 3199 1284 βασιλέα
3233 1215 3325 1266 τὸν
3363 1214 3688 1283 ἀδελφιδοῦν

2107 1304 2493 1360 ⁹1ουστινιανδν
2517 1308 2925 1370 ἀναδείκνυσιν.
2955 1309 3118 1373 αὐτὸς
3143 1311 3210 1380 τῇ
3261 1309 3475 1379 κεφαλῇ
3515 1308 3684 1362 αὐτοῦ

2096 1400 2344 1470 περιθεὶς
2378 1400 2439 1452 τὸ
2467 1401 2727 1472 διάδημα.
2764 1402 2942 1472 Hujus
2973 1403 3136 1456 etiam
3194 1417 3364 1472 nepos
3402 1403 3542 1458 alter
3589 1401 3688 1456 Juv

2101 1494 2288 1548 stinus
2319 1493 2445 1546 ἐστέ
2462 1494 2560 1563 ρθη
2585 1493 2692 1548 ὑπὸ
2713 1493 2960 1549 Ἰωάννου
2986 1496 3350 1566 πατριάρχου,
3378 1495 3455 1550 ait
3477 1495 3686 1552 Cedre-

2092 1604 2233 1643 nus:
2256 1588 2346 1642 cui
2382 1603 2546 1656 gener
2577 1587 2858 1652 Tiberius,
2884 1586 3222 1656 Theophane
3256 1599 3416 1654 tcste,
3441 1590 3680 1660 ὲστέφθη

2093 1682 2197 1734 ὑπὸ
2225 1681 2318 1734 τοῦ
2343 1681 2610 1751 Εὑτυχίου
2651 1682 3022 1752 πατριάρχου.
3058 1683 3160 1746 Qui
3197 1682 3448 1751 sequitur
3472 1681 3684 1737 Tiberii

2091 1788 2260 1844 gener
2295 1773 2594 1829 Mauricius
2621 1789 2806 1828 coram
2842 1775 3156 1844 patriarcha
3189 1776 3678 1847 senatuquejussu

2021 1859 2063 1918 Β
2094 1867 2272 1922 soceri
2307 1867 2631 1938 designatus
2661 1868 2960 1935 imperator
2986 1869 3084 1938 τῆς
3123 1867 3231 1922 τῶν
3253 1870 3476 1935 κοινῶν,
3517 1870 3683 1925 verba

2095 1968 2224 2013 sunt
2254 1950 2504 2025 Zonaraa,
2551 1959 2875 2030 διοικήσεως
2941 1962 3122 2032 εἴχετο
3157 1963 3408 2032 στεφθεὶς
3443 1965 3556 2017 ὑπὸ
3586 1964 3678 2018 τοῦ

2093 2052 2438 2123 πατριάρχου
2462 2050 2736 2106 Ἰωάννου.
2773 2050 3011 2118 Pliocas,
3069 2055 3121 2107 in
3184 2054 3242 2109 S.
3277 2053 3510 2113 Joannis
3565 2057 3682 2112 atde

2091 2144 2142 2198 in
2175 2143 2454 2198 Hebdomo
2485 2155 2804 2214 coronatus,
2833 2147 3050 2201 nonnisi
3093 2163 3120 2200 a
3150 2148 3382 2220 Cyriaco
3435 2151 3681 2222 patriar-

2088 2234 2194 2290 cha
2226 2235 2355 2291 illuc
2387 2246 2715 2292 occurrente
2739 2252 2802 2293 ac
2830 2238 2952 2296 fidei
3011 2239 3417 2310 professionem
3473 2244 3677 2314 exqui-

2091 2336 2250 2384 rente
2313 2330 2468 2400 regni
2501 2345 2762 2386 coronam
2809 2332 3023 2387 videtur
3053 2335 3306 2404 adeptus.
3376 2335 3674 2395 I‘leraelius

2086 2420 2308 2474 sublata
2339 2430 2575 2493 tyranno
2602 2423 2785 2478 Phoca
2809 2425 2889 2487 είς
2923 2425 2990 2478 τὰ
3013 2424 3264 2495 βασίλεια
3291 2429 3534 2502 ὲστέφθη
3567 2434 3672 2485 ὑπὸ

2084 2513 2313 2582 Σεργίου
2369 2515 2732 2585 πατριάρχου,
2801 2517 2862 2569 έν
2893 2516 2970 2586 τῷ
3029 2519 3306 2592 εὐκτηρίῳ
3334 2523 3432 2574 τοῦ
3477 2523 3670 2591 Ἀγίου

2082 2605 2382 2673 Στεφάνου,
2404 2607 2460 2658 έν
2493 2606 2572 2676 τῷ
2606 2605 2875 2678 παλατίῳ,
2906 2610 3102 2665 scribit
3138 2611 3529 2682 Theophanes.
3561 2615 3669 2672 He-

2083 2697 2284 2752 raclius
2300 2698 2438 2753 ﬁlios
2453 2699 2482 2753 d
2495 2713 2615 2763 uos,
2632 2699 2944 2756 lleraclium
2964 2711 3019 2757 et
3032 2702 3476 2773 Constantinum,
3495 2707 3664 2779 ἄμφω

2077 2788 2155 2840 τὼ
2185 2789 2342 2844 παῖδε
2395 2790 2474 2861 τῷ
2509 2785 2778 2861 βασιλικῷ
2802 2792 3092 2864 διαδήματι
3119 2799 3460 2862 τεταινίωκε,
3496 2807 3560 2854 ut
3591 2800 3668 2855 ait

2077 2879 2367 2937 Zonaras:
2458 2883 2613 2938 solus
2683 2897 2817 2939 vero
2877 2884 3279 2944 Constantinus
3353 2893 3654 2948 successit.

2075 2972 2365 3038 Constans,
2395 2989 2498 3030 avo
2521 2985 2675 3044 patre
2711 2983 2766 3031 et
2789 2989 2987 3047 patruo
3018 2981 3272 3048 mortuis,
3309 2981 3362 3036 in
3423 2998 3656 3056 regnum

2073 3075 2410 3136 assumptus,
2439 3067 2506 3122 de
2550 3083 2664 3138 quo
2696 3076 2883 3125 tacent
2907 3070 3179 3138 historici,
3216 3076 3440 3132 nonnisi
3495 3093 3527 3131 a
3564 3093 3677 3150 pa:

2075 3159 2316 3228 triarcha
2351 3159 2528 3229 potuit
2561 3161 2708 3232 regia
2733 3161 2927 3218 donari
2953 3166 3136 3219 uenia.
3170 3164 3339 3224 Filius
3384 3169 3658 3230 Constan-

2077 3253 2222 3306 tinus
2267 3263 2635 3324 cognomento
2677 3253 2997 3328 Poganatus
3017 3257 3096 3326 τῷ
3129 3259 3229 3329 τῆς
3261 3260 3543 3329 βασιλείας
3570 3285 3658 3320 xz-

2071 3343 2317 3415 κόσμητο
2335 3345 2633 3415 διαδήματι
2665 3348 2921 3416 στεφθεὶς
2953 3349 3106 3421 παρά
3161 3353 3256 3405 τοῦ
3283 3356 3514 3427 πατρός.
3583 3359 3657 3417 De

2066 3433 2362 3492 Justiniani
2403 3438 2747 3496 Rhinotmeti
2773 3443 3136 3499 coronatiane
3160 3447 3346 3504 nullus
3378 3452 3526 3520 apud
3571 3453 3654 3508 hi-

2069 3530 2308 3588 storicos
2335 3545 2522 3588 sermo
2551 3548 2566 3586 :
2611 3533 2729 3603 ipse
2759 3542 2965 3602 tamen,
2992 3537 3184 3594 scribit
3208 3540 3353 3598 idem
3384 3543 3651 3614 Zonaras,

2067 3621 2353 3694 Θεοδώραν
2380 3626 2475 3679 καὶ
2498 3625 2560 3679 τὸ
2586 3626 2798 3684 παιδίον
2830 3628 2908 3699 τῷ
2937 3629 3036 3700 τῆς
3079 3631 3362 3702 βασιλείας
3411 3638 3651 3704 ἀξιώσας

2065 3715 2292 3784 ὀνόματι
2347 3718 2515 3789 ἄμφω
2575 3716 2789 3788 ἔστεφε.
2841 3719 2970 3794 Qui,
3003 3724 3224 3780 sublato
3255 3725 3653 3788 Justiuianoet

2066 3808 2393 3890 Philippica,
2429 3814 2772 3882 tyrannidem
2815 3817 3077 3888 arripuit,
3113 3821 3394 3880 Artemius
3416 3821 3651 3886 Anasta-

2064 3903 2180 3960 sius
2215 3907 2279 3975 τῇ
2300 3909 2537 3975 κυριακῇ
2578 3908 2680 3977 τῆς
2708 3907 3114 3980 Πεντηκοστῆς,
3145 3915 3506 3984 συναχθέντος
3553 3917 3647 3973 τοῦ

2063 3996 2194 4052 λαοῦ
2225 3997 2283 4052 έν
2311 3999 2376 4070 τῇ
2412 3998 2628 4072 μεγάλῃ
2655 4001 2942 4073 ἐκκλησίᾳ,
2962 4003 3199 4075 ὲστέφθη
3231 4007 3336 4060 ὑπὸ
3390 4010 3643 4072 Ἰωάννου

2061 4089 2429 4166 πατριάρχου,
2469 4099 2529 4147 ut
2559 4097 2797 4146 testatur
2840 4093 3144 4150 Cedrenus.
3179 4094 3493 4158 Theodosio
3519 4115 3648 4158 suc-

2061 4196 2304 4248 cessore,
2332 4182 2401 4238 de
2436 4183 2596 4253 cujus
2633 4185 3053 4250 consecratione
3079 4187 3228 4244 nulla
3255 4192 3551 4260 memoria,
3578 4193 3644 4250 ad

2060 4274 2371 4330 clericalem
2405 4275 2570 4330 vitam
2595 4275 2856 4346 relegata,
2881 4275 2993 4333 Leo
3018 4275 3246 4337 Isauros
3289 4283 3516 4342 nonnisi
3550 4300 3643 4355 pa-

2062 4367 2315 4423 triarchae
2349 4381 2519 4424 manu
2550 4369 2801 4430 diadema
2853 4373 3034 4441 potuit
3082 4372 3351 4443 accipere.
3404 4374 3483 4432 De
3533 4378 3642 4434 ﬁlia

2057 4457 2402 4532 Capranymo
2435 4461 2555 4516 haec
2605 4463 3017 4528 Theophanes:
3063 4465 3144 4536 Τῇ
3183 4465 3371 4538 ἡμέρᾳ
3399 4470 3495 4524 τοῦ
3527 4471 3640 4526 Πά-

370 4556 454 4610 vel
482 4569 577 4610 ora
610 4554 664 4607 in
702 4565 890 4622 preces
940 4564 1222 4608 reserasse
1273 4558 1397 4604 ante
1450 4548 1786 4604 Marcianum
1843 4563 1951 4602 non

2076 4568 2163 4623 ῐχα
2196 4553 2432 4622 ἑστέφθη
2477 4555 2886 4618 Κωνσταντῖνος
2916 4554 3024 4609 ὑπὸ
3047 4555 3276 4620 Λέοντος
3303 4557 3400 4611 τοῦ
3433 4561 3640 4631 πατρὸς

369 4649 627 4719 legimus.
689 4644 854 4701 Casta
902 4643 1052 4700 illius
1099 4657 1241 4698 uxor
1301 4641 1593 4697 Pulcheria
1653 4641 1952 4710 μεταστέλ-

367 4742 516 4794 λεται
555 4738 822 4812 (omnium
855 4735 1053 4806 prima)
1089 4735 1180 4789 τὸν
1215 4737 1560 4806 πατριάρχην
1583 4735 1677 4788 καὶ
1698 4733 1799 4804 τὴν
1823 4733 1953 4804 σύγ-

367 4837 587 4904 κλητον,
624 4832 716 4885 καὶ
742 4829 1063 4900 ἀναγορεύει
1089 4827 1410 4899 Μαρκιανδν
1445 4826 1694 4897 βασιλέα.
1726 4825 1807 4880 Ex
1845 4841 1954 4896 quo

366 4927 680 4982 Marcianos
712 4923 816 4980 iste
853 4923 1064 4994 primus
1099 4922 1348 4977 omnium
1379 4919 1626 4976 ecclesiae
1686 4918 1950 4989 suil‘ragio

368 5029 674 5090 promotos,
708 5018 832 5091 θείᾳ
865 5017 1035 5089 ψήφῳ
1057 5016 1414 5087 αὐτοκράτωρ
1439 5012 1804 5085 ἀναδειχθεὶς,
1855 5028 1950 5068 as-

367 5109 997 5179 serilura'l‘heOphane.
1039 5107 1198 5172 Exin,
1230 5109 1307 5162 ait
1335 5108 1503 5170 idem,
1560 5105 1712 5162 Λέων
1767 5106 1950 5160 ἐϐασί-

367 5204 561 5257 λευσεν
593 5201 742 5273 Θρᾲξ
764 5202 842 5272 τῷ
863 5203 1038 5270 γένει,
1103 5201 1390 5270 τριϐοὐνος
1439 5200 1538 5270 τὴν
1589 5201 1773 5266 ἀξίαν,
1828 5217 1948 5253 στε-

373 5297 530 5369 φθεὶς
574 5295 681 5349 ὑπὸ
715 5293 1022 5347 ’Λνατολίου
1050 5293 1142 5347 τοῦ
1177 5295 1539 5364 πατριάρχου.
1576 5292 1756 5348 Infra:
1798 5293 1951 5348 Λέων

367 5391 458 5444 τὸν
511 5389 718 5444 Λέοντα
767 5389 860 5442 τὸν
911 5389 1160 5458 Ζήνωνος
1230 5387 1345 5442 υίδν
1399 5388 1495 5440 καὶ
1527 5386 1818 5458 Ἀριάδνης
1849 5387 1951 5458 τῆς

370 5484 503 5546 ίδίας
537 5481 824 5551 θυγατρὸς.
853 5479 945 5533 τὸν
984 5479 1178 5533 ἑαυτοῦ
1213 5478 1437 5547 ἔγγονα,
1473 5479 1672 5548 στέψας
1726 5478 1950 5548 βασιλέα

365 5579 758 5650 ἀνηγόρευσεν.
801 5577 1006 5631 Λέοντα
1037 5573 1127 5628 τὸν
1160 5575 1409 5645 Ζήνωνος
1438 5572 1554 5630 uias
1592 5573 1688 5630 καὶ
1736 5571 1951 5642 Ἀριάδ-

369 5690 492 5743 νης,
518 5671 716 5741 νήπιον
781 5667 860 5721 ἔτι
914 5667 1063 5734 ὂντα,
1119 5665 1343 5737 βασιλέα
1373 5666 1876 5736 προχειροτονήσας
1922 5665 1950 5719 ὁ

363 5765 518 5818 Λέων
549 5763 682 5836 μηνὶ
709 5761 1050 5832 Ἰανουαρίῳ,
1090 5760 1186 5814 καὶ
1206 5759 1558 5830 Φεϐρουαρίῳ
1596 5759 1726 5829 μηνὶ
1757 5757 1948 5828 ἔστεψα

362 5855 588 5923 Ζήνωνα
620 5853 710 5914 τὸν
743 5853 873 5910 ίδιον
905 5855 1116 5925 πατέρα
1149 5854 1208 5909 ὲν
1243 5851 1322 5922 τῷ
1348 5851 1646 5924 καθίσματι
1669 5853 1759 5908 τοῦ
1788 5852 1947 5907 ίππο-

2059 4646 2118 4698 ἐν
2166 4645 2244 4717 τῷ
2289 4645 2650 4716 τριϐουναλίῳ
2691 4646 2800 4701 τῶν
2835 4647 3132 4708 δεκαεννέα
3167 4649 3498 4716 ἀκουϐίτων,
3545 4651 3637 4707 τοῦ

2061 4737 2334 4808 μακαρίου
2359 4737 2644 4809 Γερμανοῦ
2682 4737 2778 4792 τοῦ
2813 4739 3154 4811 πατριάρχου
3185 4741 3286 4804 τὰς
3332 4745 3476 4814 ,πρὸς
3510 4763 3633 4802 συν·

2055 4830 2246 4900 ήθειαν
2269 4829 2434 4900 εὐχὰς
2468 4828 2778 4894 ποιοῦντος.
2809 4831 3193 4902 Capronymus
3226 4834 3432 4903 pariter
3463 4839 3632 4895 tilium

2055 4921 2319 4991 Leonem,
2344 4923 2538 4979 eodem
2573 4923 2905 4994 Theophane
2930 4925 3222 4994 scriptore,
3255 4941 3354 4985 ceu
3400 4929 3634 5000 impera-

2055 5023 2231 5070 torem
2287 5016 2595 5078 diademale
2639 5015 2882 5079 ornavit,
2937 5032 3126 5072 verum
3181 5019 3462 5076 Anastasii
3511 5023 3633 5079 falsi

2056 5108 2384 5178 patriarchae
2415 5118 2469 5163 et
2498 5109 2744 5180 ejusdem
2773 5110 3052 5166 haereseos
3103 5111 3380 5170 consortis
3428 5127 3628 5184 opera:

2059 5200 2322 5270 Ἕστεψεν
2352 5201 2759 5264 Κωνσταντῖνος
2787 5203 2815 5254 ὁ
2842 5200 3108 5272 δυσσεϐὴς
3143 5202 3352 5259 Λέοντα
3386 5206 3482 5258 τὸν
3511 5207 3629 5261 ἑαυ-

2053 5293 2150 5346 τοῦ
2179 5294 2294 5346 υἱὸν
2316 5295 2395 5356 είς
2443 5291 2672 5363 βασιλέα
2703 5293 2774 5347 δι’
2797 5291 3156 5349 ’Δναστασίου
3213 5293 3307 5348 τοῦ
3352 5296 3626 5366 ψευδωνύ-

2058 5402 2159 5457 μου
2206 5385 2546 5455 πατριάρχου
2583 5386 2676 5441 καὶ
2709 5383 3019 5455 σύμφρονος
3059 5385 3250 5450 αὐτοῦ.
3280 5384 3387 5453 Qui
3437 5388 3630 5446 deinde

2055 5489 2331 5549 sceptrum
2365 5477 2566 5535 invasit
2597 5477 2958 5548 Nicephorus.
3016 5478 3287 5549 προῆλθεν
3334 5481 3400 5533 ἐν.
3425 5483 3490 5552 τῇ
3533 5483 3624 5534 ex.

2056 5571 2280 5642 κλησίᾳ.
2319 5573 2397 5627 ait
2423 5570 2726 5635 Cedrenus,
2753 5571 2845 5624 ἐπὶ
2897 5572 2960 5624 τὸ
2981 5571 3303 5642 στεφθῆναι,
3355 5572 3630 5642 Ταρασὶου

2058 5664 2138 5718 ἔτι
2163 5665 2254 5718 τὸν
2286 5665 2474 5734 θρόνον
2496 5663 2839 5733 κατέχοντος,
2878 5665 2972 5735 qui
2995 5665 3068 5720 ob
3106 5679 3366 5721 coronam
3402 5674 3632 5736 tyranno

2059 5759 2377 5828 impositam
2424 5756 2562 5812 diris
2621 5757 3118 5825 exsecrationibus,
3167 5767 3225 5813 ut
3265 5758 3629 5829 TheOphaues

2061 5861 2314 5920 testatur,
2363 5865 2392 5904 a
2443 5849 2647 5920 popula
2702 5847 2804 5908 fuit
2850 5851 3157 5921 impetitus.
3215 5850 3380 5923 360
3441 5849 3632 5912 Narrat
