3852 6600
512 540 619 604 403

1628 539 1710 602 IN
1753 540 2055 602 LIBRUM
2099 542 2194 602 DE
2235 543 2554 606 OFFlClIS
2588 547 2699 605 GP.
3593 567 3598 572 ·
3633 541 3714 604 illi

515 651 666 707 omni
701 665 768 704 ex
797 659 952 720 parte
977 648 1208 720 aequale,
1235 654 1329 708 sed
1377 653 1534 708 nodis
1567 654 1854 724 globisque
1879 654 2084 724 produ-
2115 670 2159 721 Α
2189 655 2471 712 Michaelis
2523 673 2687 712 manu
2737 655 2961 726 jamjam
3006 654 3222 724 imperii
3273 668 3534 711 coronam
3567 669 3722 710 susce-

515 744 786 800 ctioribus
843 744 1277 809 interstinctum,
1337 747 1668 812 rotundum,
1717 747 1872 816 quasi
1933 756 2088 801 torno

513 836 741 903 factum,
779 838 832 892 io
885 839 1042 908 cuius
1079 855 1335 909 suprema
1366 849 1522 910 parte
1557 840 1732 895 nodus
1778 849 1862 895 est
1914 839 2088 908 major

513 929 630 983 sive
664 929 925 984 ﬂosculus
955 933 1186 1000 gemmis
1232 932 1664 1002 circumquaque
1707 947 1802 1002 per
1834 931 1920 984 (ila
1964 947 2089 1002 ger-

516 1021 856 1076 minantibus
891 1024 1159 1079 emicans.
1206 1023 1526 1078 Rotundum
1558 1039 1703 1088 esse,
1739 1039 1845 1078 non
1877 1023 1942 1078 ad
1977 1025 2090 1092 pal-

509 1111 692 1167 'inaris
721 1114 856 1167 rami
909 1115 1130 1170 modum
1159 1117 1352 1181 latum,
1391 1118 1726 1172 demonstrat
1757 1132 1857 1170 vox
1899 1115 2094 1168 κυκλό-

520 1202 612 1254 θεν
670 1199 757 1259 liic
803 1205 1002 1275 posita,
1054 1223 1160 1278 qua
1212 1224 1454 1278 gemmas
1515 1224 1611 1278 per
1657 1225 1850 1279 gyrum
1905 1207 2092 1264 aliian

523 1304 801 1350 ostentare
858 1299 1191 1353 declaratur.
1254 1299 1505 1371 Reliqua,
1569 1301 1625 1354 ni
1687 1301 1882 1356 fuerim
1943 1304 2094 1371 prior

523 1385 805 1453 deceptus,
842 1387 896 1440 in
934 1387 1109 1458 eiﬁgie
1142 1388 1374 1446 Ilelenes
1416 1391 1682 1447 Manuelis
1735 1393 2005 1462 conjugis,
2039 1393 2091 1446 in

522 1470 879 1541 imperatorio
909 1478 1080 1546 prius,
1116 1496 1257 1535 nunc
1296 1482 1446 1550 regio
1498 1482 1557 1538 S.
1591 1482 1835 1553 Dionysii
1865 1497 2090 1552 operum

524 1578 626 1616 ms.
656 1564 708 1618 in
743 1567 890 1636 regia
920 1568 1165 1638 ejusdem
1219 1573 1461 1628 nominis
1492 1572 1711 1628 abbatia
1745 1574 2089 1643 reperiendo,

523 1655 674 1711 visus
708 1661 1106 1730 comprobabit.
1611 1665 1621 1673 ’

594 1747 741 1802 Ibid.
776 1749 797 1822 [
817 1751 966 1808 ’Υπδ
1001 1757 1334 1825 εὐνούχων.
1365 1757 1406 1812 Α
1442 1758 1734 1827 praeposito
1762 1757 1902 1827 ipso,
1935 1758 1986 1812 id
2011 1765 2094 1812 est

523 1838 592 1892 ab
629 1840 1012 1896 cunuchorum
1033 1847 1306 1914 principe,
1333 1845 1706 1900 deducendam
1737 1845 1891 1915 jubet
1937 1854 2094 1915 typus

523 1929 928 2004 Euchologicus
961 1977 976 1990 .
1017 1937 1312 2006 Είσάγεται
1374 1941 1406 2010 ή
1467 1937 1757 2009 βασίλισσα
1806 1937 1958 2007 παρὰ
1995 1936 2090 1990 τοῦ

523 2025 912 2092 πραιποσίτου.
947 2027 1262 2095 Simocatta,
1297 2046 1371 2095 Iv,
1399 2031 1474 2085 .15
1507 2049 1522 2086 :
1560 2030 1824 2100 Εὐνοῦχος
1864 2031 1943 2093 εἰς
1992 2029 2091 2098 τὴν

524 2111 810 2186 βασιλικὴν
883 2118 1214 2192 δορυφορίαν
1277 2123 1718 2192 συντεταγμένος
1797 2122 2091 2193 κορυφαιὸ-

521 2220 705 2272 ἀτος.
754 2207 814 2262 ὃν
875 2213 1248 2281 πραιπόσιτον
1278 2212 1483 2267 εἴθιστο
1521 2210 1827 2281 Ῥωμαίους
1879 2212 2090 2264 ἀποκα-

523 2297 659 2352 λεῐν.
838 2347 846 2352 .
1523 2293 1527 2297 ’

591 2389 656 2447 Ρ.
687 2391 777 2448 92.
834 2393 1074 2467 [Σωλέαν
1107 2399 1284 2468 prius,
1346 2385 1572 2455 σωλείον
1605 2401 1693 2456 hic
1722 2401 1912 2456 scribit
1947 2393 2089 2455 z'alii

520 2485 762 2549 συλείαν,
791 2489 1006 2555 σολέαν,
1039 2502 1145 2548 etc.

590 2577 738 2634 Ibid.
768 2579 1141 2652 [Ἐπιτίθησι
1169 2585 1242 2655 τῇ
1269 2587 1529 2658 κεφαλῇ.
1570 2586 1724 2644 Haud
1755 2590 2087 2658 patriarcha,

519 2690 711 2729 verum
758 2676 1082 2746 imperator,
1113 2681 1513 2750 imperatricem
1549 2690 1800 2737 coronat.
1835 2679 2087 2736 Justinus

521 2767 561 2830 l,
593 2768 896 2823 Λουπικίαν
927 2770 1153 2839 ἔστεψεν
1191 2773 1529 2840 Δὺγοῦσταν.
1575 2771 1825 2827 Justinus
1871 2772 1915 2826 ll
1961 2767 2078 2841 εἶχε

520 2863 755 2926 ’γυναῖκα
776 2863 976 2931 Σοφίαν
1007 2864 1255 2933 ὀνόματι,
1281 2866 1468 2936 ἥντινα
1495 2865 1719 2930 ἔστεψεν
1749 2863 2086 2932 Αὑγοῦσταν.

523 2948 777 3006 Tiberius
807 2951 1035 3022 ἔστεψεν
1065 2953 1440 3008 Ἀναστασῐαν.
1463 2955 1673 3010 Phocas
1697 2954 1953 3008 Λεοντίαν
1986 2952 2083 3024 τὴν

519 3039 718 3092 ἑαυτοῦ
753 3044 987 3109 γυναῖκα
1032 3043 1261 3114 ἔστεψεν
1289 3045 1628 3113 Αὑγοῦσταν.
1691 3047 1766 3100 Ita
1803 3045 2085 3114 Theopha-

519 3147 641 3186 nes.
673 3131 790 3186 Non
814 3133 1032 3189 inﬂclor
1064 3135 1513 3206 imperatricibus
1538 3137 1880 3207 patriarchas
1907 3138 2086 3206 impo-

520 3226 703 3281 suisse
738 3243 1020 3295 coronam,
1052 3230 1126 3284 ita
1162 3231 1400 3286 monitus
1425 3246 1453 3284 a
1478 3231 1812 3301 TheOphane
1845 3248 1860 3284 ί
1903 3229 2087 3282 Ἐστέ-

2196 759 2389 817 pturus
2442 750 2619 819 βαλὼν
2668 751 2766 820 τὴν
2791 748 3042 819 χλαμύδα
3080 749 3278 801 ἔπεσεν
3321 749 3404 810 είς
3437 748 3560 807 τοὺς
3585 748 3720 808 πόδας

2192 839 2284 894 τοῦ
2319 839 2602 908 βασιλέως,
2633 848 2691 893 ut
2720 838 2888 893 refert
2918 837 3024 894 Leo
3053 837 3476 894 Grammaticus.
3506 834 3679 906 Com]

2269 931 2414 986 Ibid.
2461 933 2527 984 Et
2557 932 2626 985 δὲ
2663 928 2890 1001 συμϐῇ.
2937 929 2995 985 Si
3041 929 3337 1000 contigerit
3374 929 3722 997 imperatorem

2195 1033 2355 1080 antea
2417 1039 2540 1079 esse
2603 1031 2948 1085 coronatum,
2999 1030 3300 1075 coronatur
3346 1020 3656 1088 imperatrix
3701 1035 3722 1072 a

2196 1119 2422 1188 proprio
2457 1116 2657 1170 marito
2705 1123 2759 1170 et
2804 1114 3170 1183 imperatore;
3204 1109 3396 1166 eodem
3437 1108 3598 1162 modo
3623 1119 3724 1166 tunc

2196 1209 2420 1278 quando
2450 1209 2541 1264 illa
2574 1209 2626 1262 in
2661 1220 2885 1261 uxorem
2935 1205 3094 1258 ducta
3136 1204 3450 1274 nuptiarum
3493 1201 3722 1258 solemnia

2196 1303 2456 1358 celebrat.
2512 1302 2583 1354 At
2644 1301 2796 1354 sieo
2849 1313 2961 1368 quo
3012 1295 3254 1352 diximus
3304 1305 3461 1365 pacto
3519 1296 3721 1359 eveniat,

2199 1404 2328 1449 tunc
2350 1433 2365 1457 ,
2396 1401 2684 1462 postquam
2741 1391 3041 1461 imperator
3076 1403 3250 1444 novus
3282 1403 3438 1443 suam
3474 1389 3722 1457 conjugcin

2197 1496 2252 1541 et
2310 1485 2711 1554 imperatrieem
2747 1482 3054 1549 coronavit,
3111 1481 3204 1536 illa
3255 1495 3406 1543 vero,
3451 1489 3510 1533 ut
3555 1479 3725 1533 dictum

2196 1588 2299 1645 est,
2352 1579 2618 1633 honorem
2681 1586 2736 1630 et
2776 1576 3142 1631 reverentiam
3195 1572 3405 1635 habuit,
3460 1569 3728 1624 ascendunt

2198 1670 2364 1727 simul
2422 1671 2475 1724 in
2530 1668 2891 1722 anabatliram
2941 1680 3036 1720 seu
3072 1663 3402 1720 tabulatum.
3461 1673 3728 1727 rursusque

2198 1761 2485 1818 consident
2515 1760 2569 1813 in
2601 1774 2702 1814 suo
2733 1759 2950 1812 throno.
2986 1755 3052 1808 Et
3083 1758 3197 1809 IIIBC
3221 1749 3594 1821 interpretatio
3621 1763 3729 1802 con-

2199 1855 2450 1909 firmatur
2481 1868 2546 1905 ex
2589 1851 2626 1905 l.
2664 1866 2679 1904 ι
2711 1848 2938 1904 Joannis
2967 1846 3366 1907 Cantacuzeni,
3403 1844 3457 1898 in
3490 1857 3596 1910 quo
3617 1842 3730 1893 hanc

2199 1939 2550 2011 imperatoris
2573 1936 2937 2008 inaugurandi
2960 1945 3014 1990 et
3040 1933 3408 2004 imperatricis
3440 1931 3734 1986 coronauita:

2201 2031 2586 2086 cmremoniam
2631 2029 2820 2084 iisdem
2856 2028 3031 2082 ferme
3059 2026 3240 2081 verbis
3273 2025 3470 2095 quibus
3519 2022 3730 2090 Curopa-

2198 2124 2306 2179 lata
2338 2123 2632 2188 describit;
2682 2123 2760 2175 ait
2796 2121 2987 2174 enim:
3025 2117 3086 2172 Et
3128 2118 3186 2171 δὲ
3225 2116 3412 2186 συμΰῇ
3457 2131 3731 2186 προεστεμ-

2203 2217 2362 2288 μένον
2394 2212 2535 2269 εἶναι
2561 2215 2653 2267 τὸν
2677 2212 2901 2278 βασιλέα
2923 2212 3013 2264 ἐπὶ
3040 2211 3139 2281 τῆς
3157 2209 3266 2262 τῶν
3297 2209 3490 2277 γάμων
3513 2206 3728 2272 τελετῆς.

2199 2312 2224 2362 ὁ
2251 2306 2505 2378 βασιλεὺς
2527 2306 2626 2374 τὴν
2651 2305 2787 2358 ἰδίαν
2809 2303 3074 2365 ὡσαύτως
3107 2303 3294 2371 στέφει
3322 2301 3573 2369 γυναῖκα,
3600 2293 3732 2359 αὖθις

2199 2400 2255 2452 δὲ
2291 2400 2593 2469 ἀμφότεροι
2641 2398 2737 2449 ἐπὶ
2775 2396 2874 2467 τὴν
2903 2393 3244 2466 ἀναϐάθραν,
3297 2403 3407 2448 etc.
3461 2389 3566 2445 Nec
3623 2390 3732 2444 illud

2199 2475 2588 2553 omittendum,
2646 2490 2739 2544 tibi
2784 2488 3116 2558 Curopolata
3179 2487 3346 2542 habet
3398 2481 3620 2546 σάκκον,
3674 2483 3731 2536 ibi

2199 2586 2342 2656 apud
2400 2583 2842 2639 Cantacuzenum
2895 2581 3004 2649 legi
3058 2579 3384 2651 πορφύραν,
3451 2588 3506 2631 ut
3558 2592 3609 2630 c.
3659 2575 3731 2640 17,

2197 2679 2444 2732 ἐνδύεται
2479 2676 2671 2728 ἐπάνω
2699 2673 2794 2727 τοῦ
2823 2673 3056 2737 σάκκου,
3094 2671 3512 2726 Cantacuzenus
3548 2685 3561 2722 :
3593 2669 3735 2738 Περιο

2200 2771 2460 2824 ϐάλλεται
2508 2767 2750 2839 μανδύαν
2783 2763 3023 2838 χρυσοῦν
3055 2763 3149 2816 ἐπὶ
3179 2763 3238 2816 τὸ
3263 2761 3503 2830 διάδημα
3535 2761 3626 2812 καὶ
3655 2759 3733 2827 τὴν

2195 2862 2506 2934 πορφύραν.
2540 2859 2738 2915 Gns'rs.

2266 2954 2328 3008 P.
2363 2955 2451 3009 95.
2473 2950 2594 3024 [Ψὰ
2611 2954 2860 3004 ﬂavour
2893 2945 3134 3016 ᾆσματά
3167 2962 3322 2999 τινα.
3349 2939 3732 3013 Theopbylacto

2196 3047 2480 3104 Michaelis
2503 3043 2856 3113 Curopalatis
2877 3041 2987 3095 (ilio
3011 3049 3273 3094 coronato
3297 3050 3482 3091 coram
3514 3033 3727 3104 parenti-

2195 3141 2303 3198 bus
2355 3141 2405 3192 ol
2437 3139 2623 3208 δῆμοι,
2657 3134 2850 3190 scribit
2895 3131 3006 3186 Leo
3043 3146 3214 3199 nuper
3246 3128 3452 3184 relatus
3481 3125 3558 3180 vel
3613 3124 3734 3178 alios

2193 3231 2394 3302 quivis,
2427 3226 2728 3296 Ἐμέλισαν
2757 3225 3045 3294 ποιήματα
3064 3221 3186 3274 καθ’
3206 3221 3440 3273 ἕκαστον
3466 3213 3592 3288 ἦχον
3611 3215 3730 3280 πρὸς

521 3318 628 3389 φθη
664 3321 697 3388 ἠ
737 3321 1063 3390 Ἐπιφάνεια
1085 3323 1246 3394 362
1275 3325 1308 3394 ἡ
1334 3323 1581 3393 Θυγάτηρ
1627 3323 1952 3395 Ἡρακλείου
1983 3321 2088 3374 imo
2115 3337 2160 3399 ρ
2196 3321 2475 3392 εὐφημίαν
2521 3317 2725 3382 αὐτῶν,
2782 3319 2966 3370 πᾶσαν
3004 3314 3197 3386 ἡδονὴν
3243 3311 3532 3373 κολακείας
3581 3305 3734 3376 παρέ·

523 3411 750 3480 Σεργίου
820 3414 1558 3489 πατριάρχουΙΑὑγοῦστα.
1624 3416 1684 3468 '0
1767 3414 2093 3486 Ἡράκλειος

523 3503 731 3572 ἔγημεν
760 3505 1039 3575 Μαρτῖναν
1058 3508 1151 3560 καὶ
1171 3508 1541 3576 ἀνηγόρευσεν
1563 3507 1732 3577 αὐτὴν
1751 3507 2090 3574 Αὐγοῦσταν,

2200 3432 2388 3486 χοντα.
2439 3410 2634 3482 Ceam]
3089 3459 3096 3464 .

2270 3507 2413 3562 Ibid.
2451 3505 2689 3559 Metaxa.
2738 3500 2937 3556 Suidas
2972 3518 2986 3554 :
3019 3498 3233 3569 Σηρική
3279 3497 3313 3566 ἡ
3353 3493 3560 3564 μέταξά
3588 3492 3734 3552 ἔστιν,

2199 3600 2258 3664 ἐξ
2288 3593 2355 3670 ἧς
2396 3595 2684 3650 εἰώθεισαν
2720 3594 2821 3665 τὴν
2854 3591 3056 3662 ἐσθῆτα
3087 3589 3448 3661 ἐργάζεσθαι.
3475 3586 3540 3655 ἣν
3586 3583 3736 3635 πάλαι

2203 3691 2302 3761 μὲν
2333 3685 2600 3759 Ἕλληνες
2642 3684 2904 3755 Μηδικὴν
2938 3683 3192 3746 ἐκάλουν,
3222 3681 3280 3733 τὸ
3313 3681 3370 3733 δὲ
3405 3679 3501 3732 νῦν
3527 3677 3738 3745 σηρικὴν

2199 3783 2568 3853 ὀνομάζουσι.
2608 3780 2743 3835 lliuc
2785 3777 3139 3834 metaxaricus
3165 3774 3478 3844 negotiator
3514 3777 3737 3823 metam.

2201 3877 2408 3932 Scribit
2471 3875 2834 3945 Nicephorus,
2888 3888 3019 3933 xvn,
3072 3869 3164 3931 52,
3224 3874 3491 3921 metaxam
3543 3864 3737 3916 demum

2199 3969 2302 4025 sub
2356 3967 2666 4023 Justlniano
2724 3965 3051 4032 imperatore
3087 3959 3296 4028 Cpolim
3351 3956 3564 4010 allatam
3612 3965 3738 4004 esse.

2199 4062 2315 4116 lluc
2371 4059 2508 4114 adde
2563 4057 2821 4126 δξάμιτον
2866 4055 2943 4109 vel
2999 4052 3252 4122 ξὰμιτον,
3295 4059 3539 4104 sammet.
3578 4044 3735 4098 Etiam

2196 4153 2371 4208 Latini
2413 4151 2764 4220 usurparunt.
2825 4147 2884 4202 In
2948 4145 3220 4202 Chronico
3249 4142 3562 4198 Sclavorum
3594 4134 3736 4207 363

2199 4264 2250 4303 c.
2284 4247 2317 4300 5
2344 4263 2357 4300 :
2389 4245 2584 4314 Regina
2613 4243 2828 4295 donavit
2860 4241 2982 4293 duci
3011 4238 3256 4292 samittos
3285 4235 3560 4302 plurimos,
3593 4233 3661 4284 ita
3691 4236 3738 4280 ut

2197 4354 2374 4392 omnes
2409 4337 2601 4388 milites
2632 4350 2753 4387 suos
2802 4333 3011 4386 vestiret
3046 4329 3300 4384 suminis.
3357 4325 3491 4379 Vide
3545 4325 3740 4378 Glossa-

527 3597 852 3665 στεφθεῖσαν
881 3598 984 3651 ὑπὸ
1006 3599 1234 3666 Σεργίου
1259 3599 1622 3670 πατριάρχου.
1646 3599 1901 3668 Augusta:
1935 3612 2094 3665 porro

529 3702 634 3741 non
673 3704 1067 3759 usquequaque
1096 3706 1353 3746 coronam
1386 3693 1440 3745 in
1466 3689 1694 3746 ecclesia
1719 3689 2096 3758 suscipiebant

527 3779 817 3848 conjugum
852 3781 932 3834 vel
966 3783 1398 3850 patriarcharum
1434 3797 1622 3852 opera,
1661 3781 1899 3850 ἐστέφϐη
1925 3779 2096 3848 siqui-

528 3870 650 3924 dem
676 3873 956 3940 Προκοπῐα
979 3875 1262 3942 Αὑγοῦστα
1299 3877 1358 3928 ἐν
1385 3874 1459 3944 τῷ
1482 3875 1741 3945 τρικλίνῳ
1763 3874 1852 3925 τοῦ
1881 3873 2094 3941 Αὐγου-

528 3965 720 4026 στέως.
770 3965 975 4018 Ibidem
1015 3966 1182 4020 Maria
1239 3967 1438 4020 Leonis
1484 3967 1658 4021 Isauri
1719 3967 1920 4034 coniux
1974 3965 2092 4034 pari

528 4057 742 4110 honore
811 4058 1142 4126 insignitur,
1191 4072 1257 4112 ex
1311 4056 1664 4127 Theophane,
1729 4073 1758 4111 a
1812 4069 1922 4126 quo
1980 4055 2094 4109 biec

523 4157 744 4202 cuncta.
772 4147 1034 4202 Caeterum
1061 4149 1299 4202 Zenobia
1323 4149 1565 4202 Βηδὶιὶεοί
1601 4163 1739 4202 uxor
1768 4147 1937 4214 prima
1973 4163 2094 4199 στε-

525 4240 724 4304 φθεῖσα
797 4239 1083 4305 Αὐγοῦστα
1144 4241 1285 4306 apud
1351 4239 1661 4293 Cedrcnum
1727 4239 1966 4292 occurrit
2036 4237 2091 4290 in

525 4329 767 4382 Zenone.
821 4330 1076 4398 Angusue
1132 4331 1358 4384 nomine
1403 4330 1706 4402 ‘conjugem
1772 4329 2095 4383 honestassc

525 4422 898 4473 Domitianum
933 4422 1255 4490 principem,
1278 4431 1528 4476 senatum
1547 4421 1800 4475 eumdem
1827 4421 2090 4475 honorem

523 4513 752 4566 Adriani
783 4513 1000 4583 coniugi
1036 4513 1322 4579 detulisse,
1360 4516 1500 4584 apud
1538 4513 1835 4584 Georgium
1862 4513 2091 4584 Syncel-

521 4611 634 4660 lum
670 4606 812 4674 lego.

591 4697 732 4750 Ibid.
773 4697 924 4768 [Οὐχ
979 4699 1189 4766 ὅμοιον
1262 4697 1340 4764 τῷ
1396 4700 1501 4754 τοῦ
1571 4697 1902 4764 βασιλέως.
1975 4697 2089 4750 Iino
2124 4704 2164 4756 Ι)

520 4790 748 4845 adversa
782 4807 917 4860 pene
959 4791 1133 4846 forma
1158 4780 1526 4862 compactum.
1559 4793 1677 4846 Noli
1711 4791 1854 4844 enim
1906 4790 2091 4858 globo-

521 4899 640 4937 sum
688 4898 740 4938 et
771 4894 994 4947 tectum,
1029 4886 1124 4939 sed
1161 4885 1380 4954 planum
1433 4895 1487 4942 ct
1525 4894 1800 4954 apertum,
1830 4899 1891 4936 ac
1927 4883 2092 4935 latius

522 4975 1028 5044 nonnthsuperne
1055 4976 1416 5044 imperatricis
1445 4984 1677 5029 stemma
1728 4975 1780 5027 in
1811 4971 1958 5043 regio
1987 4988 2089 5026 ms.

525 5063 943 5134 Samlionysiaci
999 5067 1271 5134 depictum
1345 5077 1447 5129 est,
1522 5083 1696 5136 eoque
1783 5074 2090 5120 memorata

522 5154 748 5216 llelcnc.
807 5157 1086 5212 coloribus
1133 5160 1438 5224 delineata,
1475 5160 1623 5213 velut
1659 5159 1859 5229 Cybele
1896 5158 2091 5210 turrita

521 5259 723 5297 corona
751 5247 1062 5300 redimitur.
1090 5248 1434 5316 Τυμπάνιον,
1465 5265 1615 5311 reor,
1653 5265 1681 5301 a
1710 5249 1885 5300 forma
1922 5264 2088 5316 quam

524 5333 719 5398 refert,
753 5345 915 5388 vocat
943 5336 1158 5391 Nicetas
1189 5339 1364 5392 Alexii
1399 5340 1544 5392 tertii
1577 5341 1614 5391 l.
1647 5357 1662 5394 ι
1696 5357 1707 5392 :
1738 5341 2092 5409 Προεκάθητο

522 5425 789 5496 λαμπρῶς
826 5427 1282 5496 διεσκευασμένη,
1331 5431 1498 5493 λίθοις
1547 5449 1605 5483 τε
1643 5433 1740 5483 καὶ
1779 5433 2089 5500 μαργάροις

523 5519 814 5586 διαφανέσι
846 5518 908 5571 τὸ
935 5522 1244 5590 τυμπάνιον
1273 5521 1591 5587 άναδέουσα,
1630 5525 1724 5576 καὶ
1756 5523 1850 5574 τὸν
1880 5525 2088 5593 τράχη·

522 5612 614 5665 λον
642 5613 928 5682 ὁρμίσκοις
960 5614 1277 5684 πολυτίμοις
1299 5615 1767 5681 διαλαμϐάνοντα.

593 5704 653 5758 Ρ.
692 5705 781 5758 92.
816 5703 1268 5776 [Ὀμολογοῦσα
1299 5704 1395 5758 διὰ
1434 5704 1542 5772 τῆς
1585 5707 2088 5774 προσκυνήσεως.

521 5798 596 5851 Ita
625 5797 926 5852 Mauricius
962 5813 989 5850 a
1015 5796 1234 5852 Tiberio
1267 5814 1449 5852 coram
1480 5801 1792 5867 patriarcha
1819 5811 1869 5854 ct
1893 5814 2084 5857 senatu

522 5900 819 5944 caonatus
857 5891 1148 5944 confestim
1183 5890 1250 5944 ad
1291 5892 1455 5958 pedes
1487 5891 1604 5960 eius
1637 5895 1871 5959 procidit
1913 5905 1962 5948 et
1994 5913 2086 5949 eos

523 5986 895 6047 exosculatur,
957 5985 1100 6054 apud
1157 5987 1534 6041 Simocaltam.
1593 5984 1824 6040 Basilius
1873 6003 2086 6058 quoque

2199 4432 2337 4486 rium
2373 4426 2912 4484 Graec-Barbarum.
2943 4422 3158 4493 Tyrius,
3195 4435 3316 4486 xm,
3347 4418 3418 4471 27
3454 4435 3467 4471 :
3505 4415 3737 4469 Examcto

2197 4527 2494 4587 coopertum
2517 4517 2798 4570 altissimo.
2833 4514 3040 4569 (Iners.

2270 4611 2328 4664 Ρ.
2357 4610 2444 4664 93.
2466 4608 2567 4680 [Ὀ
2597 4609 2782 4677 λόγος
2806 4605 3082 4673 ζητεῖται.
3113 4603 3334 4658 Audebo
3355 4601 3570 4662 dubius,
3593 4598 3632 4653 si
3650 4609 3743 4649 non

2196 4698 2698 4768 certushrationem
2734 4695 2995 4766 proferre.
3036 4694 3196 4747 Forte
3232 4704 3287 4746 ut
3314 4691 3583 4762 quondam
3609 4689 3742 4756 priu~

2193 4792 2404 4861 cipibus
2437 4791 2770 4858 triumphum
2799 4787 3084 4860 agentibus
3108 4785 3274 4855 (quod
3306 4801 3432 4853 erga
3459 4780 3743 4835 lleraclium

2195 4886 2492 4940 factitatum
2523 4892 2708 4937 narrat
2761 4879 3144 4951 Theophanes)
3201 4879 3430 4947 pepulus
3483 4873 3745 4946 βαστάζων

2193 4979 2417 5040 κλάδους
2447 4977 2642 5029 ὲλαιῶν
2661 4976 2752 5028 καὶ
2778 4975 3089 5044 λαμπάδας,
3124 4969 3384 5041 εὐφημῶν
3410 4970 3654 5038 ἐξήρχετο
3674 4965 3744 5024 εἰς

2195 5069 2513 5137 ὑπάντησιν,
2544 5067 2613 5120 ita
2644 5067 2860 5119 demum
2904 5065 3095 5118 sericis
3116 5064 3222 5117 illis
3269 5061 3570 5131 panniculis
3603 5057 3745 5110 elatis

2195 5163 2246 5215 in
2267 5160 2715 5214 sublimcmorem
2752 5159 3034 5228 antiquum
3057 5157 3347 5210 novusiste
3389 5155 3581 5208 referre
3609 5151 3740 5203 vide-

2195 5262 2366 5306 retur.
2407 5250 2517 5304 Nec
2546 5251 2643 5302 abs
2704 5264 2760 5300 re
2790 5248 2896 5302 dici
2949 5257 3125 5315 potest
3182 5255 3462 5300 cantorum
3505 5241 3745 5297 domesti-

2195 5359 2382 5399 eorum
2415 5351 2469 5394 ct
2498 5341 2756 5395 lectorum
2797 5339 2993 5394 choros
3061 5339 3191 5392 visis
3233 5339 3284 5391 in
3318 5339 3456 5392 atrio
3498 5337 3744 5390 militibus

2195 5449 2290 5504 per
2319 5434 2572 5487 cohortes
2622 5431 2810 5486 divisis
2854 5448 2949 5485 sua
2981 5433 3134 5501 signa
3168 5430 3575 5500 praeferentibus
3608 5427 3747 5491 (ἐκα-

2197 5544 2315 5588 στος
2344 5527 2449 5595 γὰρ
2484 5526 2588 5578 τῶν
2614 5525 2956 5594 μεγιστάνων
2991 5524 3126 5592 μετὰ
3157 5523 3253 5591 τῆς
3302 5523 3507 5584 οἰκείας
3556 5519 3742 5582 τάξεως

2192 5620 2462 5688 διακριδὸν
2497 5620 2879 5687 ἐφιστάμενος,
2917 5629 2973 5668 ut
2998 5616 3120 5668 alibi
3152 5632 3214 5669 ex
3240 5613 3425 5668 Niceta
3454 5618 3503 5668 in
3551 5614 3743 5668 Joanne

2194 5712 2528 5778 retulimus),
2580 5711 2726 5777 ipsos
2775 5725 2990 5778 quoque
3036 5717 3145 5762 tres
3197 5719 3518 5762 memoratas
3553 5711 3740 5766 hastas,

2193 5819 2290 5873 pro
2316 5809 2483 5858 ternis
2503 5801 2956 5873 protOps‘altarum
2981 5800 3406 5854 domesticorum
3427 5812 3479 5854 et
3503 5804 3740 5854 lectorum

2193 5896 2403 5960 turmis,
2440 5911 2501 5948 ex
2531 5905 2758 5963 utraque
2778 5893 2884 5946 τῶν
2902 5891 3153 5961 κρακτῶν
3173 5892 3306 5956 acie,
3343 5903 3398 5972 ut
3430 5895 3493 5945 ad
3522 5890 3740 5960 singulas

2193 5991 2338 6046 velut
2363 5992 2425 6045 ad
2458 5991 2731 6060 proprium
2756 5991 2966 6057 signum
2993 6002 3052 6042 se
3071 5985 3266 6058 singuli
3299 5988 3616 6058 κεῖναι-ιιι,
3668 5979 3738 6033 νει
