3852 6616
164 525 249 589 εο5
1202 525 1588 591 GRETSERI
1627 527 1686 586 E7

1799 525 1986 588 OARI
2018 527 2257 589 ΝΟΤίΕ.

3254 534 3382 600 ωδε

163 653 278 697 certe
293 639 350 695 ad
385 639 546 695 solam
601 640 1053 711 ostentationem,
1117 655 1369 712 promere
1427 641 1692 696 voluisse.
1735 648 1774 704 Α
1810 639 2019 696 Sensus
2034 650 2118 696 est
2151 655 2164 689 :
2205 641 2504 709 imperator
2530 648 2677 696 tenet
2713 651 2840 698 tunc
2869 644 3155 715 (nimirum
3185 650 3240 704 in
3275 653 3376 706 illa

165 729 416 785 Candidum
439 743 568 784 vero
598 729 937 799 rubrumque
967 729 1179 785 colores
1201 727 1502 783 Ecclesium
1534 728 1681 780 velut

163 823 211 876 ad
236 837 285 877 se
307 830 596 890 spectantes
629 821 730 876 sibi
755 821 1059 876 vindicasse
1113 821 1354 876 diximus
1406 821 1462 874 in
1518 834 1680 890 supe-

164 912 371 966 tioribus.
397 910 588 982 Coae]

211 1004 329 1059 Ibid.
349 1003 519 1058 Codex
560 1003 756 1060 Lautli.
825 1020 923 1075 pro
973 1007 1172 1075 σεμνοῦ
1225 1003 1418 1074 ὕμνου.
1471 1003 1680 1058 Recte:

160 1097 258 1151 Cum
278 1100 477 1166 hymnus
499 1099 804 1162 inchoatur,
837 1097 1089 1153 videlicet
1117 1114 1146 1151 a
1195 1098 1533 1158 cantoribus,
1589 1097 1682 1165 qui

158 1195 384 1249 decantari
421 1195 561 1250 solet
586 1197 639 1249 in
670 1211 867 1264 magno
895 1196 1169 1264 ingressu,
1216 1195 1316 1248 hoc
1351 1203 1434 1247 est
1460 1193 1513 1246 in
1548 1207 1684 1261 sup.

158 1287 398 1355 plicatione
429 1302 521 1340 seu
557 1287 789 1342 solemni
833 1286 1208 1354 processione,
1238 1285 1293 1338 in
1359 1299 1487 1354 qua,
1549 1283 1684 1337 lecto

153 1380 236 1443 jam
267 1377 560 1446 Evangelia,
593 1379 979 1432 circumfertur
1008 1392 1107 1446 per
1134 1375 1392 1443 templum
1459 1374 1684 1427 materia

157 1471 286 1528 tuiui‘i
315 1469 580 1534 sacriﬁcii,
609 1471 773 1524 ducto
808 1469 968 1524 initio
996 1485 1023 1521 a
1067 1468 1340 1538 prothesi,
1381 1467 1446 1520 ad
1512 1466 1686 1520 altare

154 1569 194 1620 in
219 1583 308 1635 quo
336 1562 654 1620 saciilicium
681 1563 1084 1616 immolabatur.
1112 1561 1184 1614 De
1201 1576 1306 1630 qua
1334 1559 1688 1628 processione

155 1657 320 1724 legatur
340 1655 587 1710 Cabasila
621 1655 674 1707 in
701 1653 946 1722 Exposit.
971 1651 1167 1712 Missae.
1200 1667 1250 1705 c.
1285 1651 1375 1704 34.
1407 1649 1613 1704 Gncrs.

206 1745 326 1802 Ibid.
352 1745 586 1818 [Duplex
617 1743 819 1806 εἴσοδυς
852 1745 1097 1797 introitus
1124 1743 1177 1797 in
1215 1743 1455 1812 liturgia,
1486 1758 1687 1812 parvus

156 1849 428 1908 etmagnus.
461 1836 678 1891 Primus
712 1835 1020 1890 inducendo
1047 1836 1114 1890 ad
1155 1835 1326 1889 altare
1358 1835 1688 1904 Evangelio-

157 1945 266 1993 rum,
291 1939 403 1983 ante
424 1927 718 1982 lectionem
747 1941 965 1992 eorum,
989 1926 1152 1992 libro,
1186 1928 1464 1982 secundus
1489 1927 1690 1994 depor-

158 2024 294 2077 tanilis
322 2022 379 2075 ad
419 2021 565 2075 idem
598 2021 772 2075 altare
794 2021 967 2091 sacris
1001 2020 1184 2086 donis,
1229 2034 1370 2090 pane
1423 2019 1686 2073 nimirum

157 2120 196 2165 et
219 2111 676 2177 vino,,déstinatus
698 2119 783 2165 est
809 2127 830 2175 ;Δ
861 2110 1030 2181 ﬁtque
1059 2125 1123 2164 ea
1167 2110 1350 2164 missae
1370 2118 1545 2179 parte,
1565 2124 1686 2179 qua:

160 2203 278 2257 nobis
298 2203 580 2272 Evangelia
607 2202 748 2258 lecto
783 2201 988 2257 dicitur
1029 2203 1380 2271 o/fertorium.

218 2292 318 2348 Ibid.
349 2293 370 2368 [
401 2298 624 2365 ηινου.
646 2296 889 2365 Hymnus
918 2296 1008 2351 ille
1034 2296 1372 2351 Clierubicus
1399 2304 1506 2361 est,
1537 2295 1689 2364 θιγεῖ-

171 2386 304 2440 torium
330 2403 519 2443 rursus
550 2387 763 2443 Latinis
791 2387 1121 2452 vocandum,
1157 2389 1301 2458 quod
1324 2387 1453 2442 dum
1483 2388 1682 2442 oblatae

165 2475 418 2534 deferuntur
439 2482 509 2535 ad
539 2481 734 2546 altare,
765 2489 1038 2545 cantetur,
1074 2479 1141 2534 de
1167 2495 1276 2549 quo
1302 2479 1557 2542 Allatius,
1586 2480 1690 2533 Ar-

158 2574 320 2635 cudius,
349 2573 964 2647 liturgiaChrysostomi
998 2585 1052 2629 et
1085 2573 1502 2644 Euchologium.

207 2665 318 2719 Ibid.
351 2665 694 2739 [Πρόθεσιν.
741 2668 932 2722 Altare
981 2667 1296 2723 Graecorum
1325 2667 1480 2738 ἅγιον
1534 2669 1686 2740 βῆμα

154 2760 274 2828 rulgo
299 2760 518 2825 dictum,
554 2775 581 2812 a
616 2759 826 2828 reliquo
853 2759 1056 2828 templo
1088 2769 1346 2828 separant
1381 2760 1680 2828 κιγκλίδες,

154 2851 347 2916 cancelli,
366 2852 442 2904 vel
463 2853 637 2906 etiam
660 2850 830 2905 solida
862 2852 1124 2914 tabulata,
1160 2860 1323 2922 prout
1355 2853 1406 2906 in
1435 2853 1686 2908 ecclesiis

153 2942 311 2995 nostris
335 2944 430 2996 alia
466 2953 628 3013 septa
659 2959 946 2998 sacrorum
981 2943 1221 2998 virorum
1251 2943 1480 2998 chorum
1519 2961 1549 2999 a
1583 2961 1681 3012 po-

153 3034 248 3102 pulo
269 3037 506 3091 dividunt
547 3038 866 3107 augustiora
903 3046 1077 3105 septa.
1115 3038 1171 3091 lu
1225 3046 1542 3094 transverso
1593 3039 1686 3094 illo

150 3128 343 3183 tabulato
373 3141 477 3183 ires
518 3142 690 3199 porta:
712 3139 860 3193 sunt,
889 3131 1063 3184 media
1100 3131 1297 3200 major,
1327 3132 1446 3186 alia:
1479 3146 1509 3186 a
1551 3132 1684 3186 late-

152 3221 270 3275 ribus
295 3223 543 3277 minores.
587 3221 815 3277 Mediam
861 3224 990 3290 ἅγια
1037 3221 1197 3291 οὐρια
1253 3224 1442 3277 dicunt
1487 3222 1682 3288 Graeci,

1786 730 2160 803 processione)
2201 731 2382 786 locum
2407 732 2672 799 deputati.
2706 731 3034 789 Numeratur
3069 747 3250 795 autem
3283 743 3366 794 οΐσ

1785 821 1968 877 ﬁcium
2027 823 2264 893 deputati
2297 838 2326 877 a
2384 821 2711 891 Curopalata
2776 826 3106 883 lnteroilicia
3163 847 3372 902 magna:

1786 914 2041 969 Ecclesia:
2093 916 2146 970 in
2205 915 2455 986 catalogo
2511 915 2842 972 oﬂicialiuar
2882 918 3128 988 ejusdem
3199 927 3370 992 aulae,

1785 1020 1836 1060 c.
1869 1007 1923 1060 i.
1951 1007 2160 1062 Gnurs.

1861 1099 2010 1156 Ibid.
2045 1099 2242 1172 [Simul
2277 1111 2444 1171 atque
2469 1119 2739 1159 summum
2769 1107 3059 1178 imperium
3082 1111 3260 1181 quivis
3275 1115 3370 1167 dc-

1787 1188 2021 1256 cipiebat
2055 1191 2374 1258 imperator,
2406 1193 2480 1245 ait
2517 1193 2798 1262 Zosimus,
2825 1197 3064 1254 amictus
3089 1199 3140 1253 ei
3187 1216 3371 1255 sacer—

1788 1280 1984 1336 doralis
2033 1297 2064 1336 a
2125 1285 2479 1352 pontiﬁcibus
2575 1286 2936 1354 olferebatur,
2991 1297 3057 1344 et
3114 1292 3370 1348 continue

1788 1374 2063 1441 pontiﬁcis
2105 1376 2328 1430 rnasimi
2353 1377 2574 1432 titulum
2604 1382 2939 1449 usurpabat;
2967 1392 3223 1454 tantaque
3259 1394 3377 1440 erat

1789 1462 1929 1518 inter
1968 1465 2376 1536 imperatoriam
2399 1479 2458 1524 et
2479 1471 2815 1539 pontiﬁcium
2858 1473 3182 1542 dignitatem
3243 1492 3376 1532 con-

1789 1557 1974 1622 nexio,
1995 1565 2056 1611 ut
2076 1559 2198 1614 sine
2217 1559 2319 1615 hac
2343 1560 2433 1615 illa
2456 1562 2764 1617 consistere
2790 1564 3058 1631 nequiret,
3088 1581 3151 1620 ac
3173 1568 3225 1620 in
3251 1583 3376 1622 eum

1789 1650 1995 1705 subditi
2029 1653 2348 1721 conspirare
2405 1653 2818 1724 impellerentur
2868 1658 3156 1724 audacius,
3210 1678 3374 1730 quem

1787 1739 1965 1808 patria
1991 1741 2251 1810 religione
2278 1753 2662 1799 consecratum
2694 1761 2802 1801 non
2829 1750 3372 1818 contemplarentur;

1791 1847 1951 1902 quem
1985 1849 2118 1888 vero
2146 1835 2236 1889 illa
2278 1837 2553 1892 sublatum
2587 1839 2954 1909 suspicerent,
3017 1850 3163 1896 tanta
3211 1842 3379 1898 simul

1792 1927 2118 1982 auctoritate
2145 1929 2441 1998 pollentem
2495 1933 2922 2000 venerabantur,
2957 1942 3017 1988 ut
3062 1949 3127 1988 eo
3153 1936 3378 2004 (IUOSVlS

1793 2021 2150 2104 magistratus
2175 2031 2492 2078 assererem
2528 2023 2838 2090 inferiores,
2893 2034 2950 2081 et
2973 2042 3040 2080 ex
3073 2027 3192 2096 ejus
3245 2038 3379 2083 nutu

1790 2110 2181 2180 voluntathue
2210 2127 2296 2166 res
2325 2113 2581 2182 publicze,
2618 2115 2870 2185 privatae,
2891 2117 3044 2183 belli,
3082 2117 3252 2188 pacis,
3289 2135 3382 2174 ex-

1791 2208 1982 2265 ternae,
2019 2202 2361 2269 domesticae,
2396 2214 2610 2260 cunctae
2645 2205 2992 2275 penderent;
3028 2222 3149 2276 quae
3213 2223 3380 2264 causa

1789 2291 1896 2348 fuit
1925 2303 1984 2348 ut
2009 2294 2154 2349 inter
2177 2294 2531 2351 Christianos
2564 2296 2927 2366 imperatores
2984 2299 3172 2368 primi,
3225 2299 3398 2353 Co”-

1789 2386 2084 2454 stantinus,
2103 2387 2482 2457 Constantius,
2506 2387 2950 2456 Valentinianus,
2969 2388 3171 2447 Valens
3197 2401 3249 2448 et
3283 2393 3406 2447 aliis?

1789 2479 1857 2532 ad
1890 2476 2215 2532 Gratianum
2253 2494 2448 2548 usque,
2522 2479 2801 2548 pontiﬁcis
2855 2481 3082 2535 maximi
3151 2485 3370 2540 titulum

1789 2571 2094 2641 stolamque
2126 2586 2233 2626 non
2258 2571 2456 2626 fuerint
2488 2572 2906 2628 aversati.Hine
2941 2575 3070 2630 illud
3103 2576 3400 2631 Ambrosii

1789 2665 1856 2719 de
1875 2664 2204 2720 Christianis
2228 2665 2572 2734 principibus
2621 2667 2784 2754 etiam
2846 2667 3007 2722 intra-
3056 2668 3379 2723 Christianae

1789 2755 2068 2826 religionis
2100 2755 2364 2809 terminos
2389 2755 2689 2809 ambitione
2719 2756 2885 2810 motis
2912 2757 3120 2812 dictum
3151 2777 3165 2812 :
3211 2757 3376 2828 Vulgo

1787 2848 1893 2900 dici
1926 2847 2064 2917 quod
2089 2851 2430 2916 imperatores
2458 2848 2820 2901 sacerdotium
2850 2840 3046 2921 magis
3083 2854 3382 2920 optaverint

1787 2957 1946 3010 quant
1977 2941 2257 3009 imperium
2293 2939 2617 2993 sacerdotes.
2663 2937 2766 2994 Ubi
2820 2950 3000 2994 tamen
3031 2952 3191 2996 aucta
3253 2945 3384 2996 reli-

1787 3033 1877 3103 gio
1915 3032 2238 3086 umbratiles
2261 3034 2426 3086 etiam
2449 3033 2868 3102 superstitionis
2907 3033 3100 3088 titulos
3129 3035 3386 3088 elimina-

1786 3126 1863 3180 vit
1893 3142 1922 3179 e
1949 3126 2170 3195 palatio,
2209 3140 2273 3180 ac
2305 3126 2520 3180 sincera
2552 3127 2752 3181 mentis
2783 3126 3020 3194 dejectio
3083 3127 3250 3183 falsas
3285 3139 3383 3184 aut

1786 3234 1956 3272 vanas
1984 3217 2292 3287 repudiavit
2315 3218 2731 3287 appellationes,
2752 3219 2894 3274 inter
2921 3218 3150 3275 ultimos
3185 3219 3381 3275 Eccle-

152 3313 274 3380 ἁγίας
294 3315 473 3381 πύλας,
500 3315 665 3383 ἁγίας
691 3313 880 3384 Θύρας,
905 3323 1009 3369 etc.
1030 3313 1072 3366 E
1092 3315 1354 3369 lateribus
1379 3314 1686 3379 dexteram,

1798 3311 1889 3364 sia:
1946 3309 2234 3366 ministros
2288 3310 2470 3364 locum
2514 3310 2758 3380 reperire
2811 3326 2877 3365 ac
2935 3325 3125 3366 eorum
3181 3328 3383 3369 munus

155 3406 226 3458 ubi
259 3406 548 3460 διακονικόν
583 3416 691 3468 est,
716 3407 888 3458 νότιον
926 3407 1111 3477 μέρος.
1143 3406 1421 3461 sinistram
1465 3407 1678 3478 βόρειον

154 3497 296 3565 μέρος,
324 3513 412 3552 nec
442 3513 556 3551 non
614 3497 872 3568 πρόθεσιν
919 3503 1133 3550 coeant.
1172 3497 1436 3566 Πρόθεσις
1465 3498 1684 3552 demum

153 3602 304 3642 mensa
333 3601 408 3646 est
443 3591 536 3644 ubi
586 3604 748 3645 sacra
777 3588 921 3643 dona
958 3590 1009 3642 in
1068 3590 1237 3644 missa
1308 3589 1685 3644 consecranda

155 3683 460 3750 προτίθενται,
492 3685 672 3752 primo
721 3691 1108 3751 proponuntur,
1167 3693 1224 3737 et
1309 3692 1436 3736 ante
1504 3682 1688 3757 missae

158 3774 425 3843 principium
465 3791 497 3830 a
530 3776 824 3830 sacerdote
878 3784 933 3829 et
991 3777 1224 3829 diacono
1276 3785 1577 3844 prmparata
1618 3776 1684 3829 ad

151 3866 438 3924 oll'ertorium
471 3883 654 3938 usque
689 3875 1048 3937 reponuntur.
1076 3866 1214 3922 lliuc
1237 3868 1284 3922 ci
1307 3882 1530 3938 quoque
1555 3885 1689 3938 προ-

149 3960 304 4024 θέσεως
339 3978 562 4017 nomen.

201 4047 318 4106 Ibid.
353 4050 453 4123 [Τὰ
475 4052 644 4122 ἅγια.
684 4049 933 4119 lntellige
961 4049 1134 4121 δῶρα,
1160 4065 1358 4120 panem
1393 4059 1448 4104 et
1473 4049 1686 4106 vinum.

196 4135 320 4196 Ibid.
367 4139 649 4212 [Μανδὺας
703 4141 903 4209 regium
955 4140 1185 4209 pallium
1217 4151 1326 4202 est.
1367 4151 1418 4196 et
1445 4143 1493 4197 si
1517 4143 1690 4197 mavis

141 4230 374 4302 cltlumys,‘
427 4233 534 4288 uisi
592 4234 739 4302 quod
794 4232 1040 4302 chlamys
1088 4232 1324 4297 brevior,
1374 4241 1430 4286 et
1462 4233 1694 4287 humero

141 4324 298 4378 dextro
329 4327 486 4382 ﬁbula
519 4326 610 4382 vel
635 4325 780 4380 nodo
807 4337 1137 4394 necteretur,
1167 4329 1430 4398 mandyas
1454 4328 1689 4395 longior,

140 4416 190 4468 ad
212 4419 646 4489 pectusjcollique
675 4417 910 4472 radicem
937 4419 1292 4474 anteriorem.
1321 4419 1494 4474 Totus
1518 4417 1692 4490 Pliry-

140 4506 291 4571 gionis
313 4524 475 4578 opera
502 4509 678 4580 ramis
725 4510 1058 4578 circulisque
1111 4512 1315 4577 aureis,
1377 4514 1430 4565 in
1491 4513 1694 4581 quibus

141 4598 303 4664 aquila:
332 4601 587 4671 bicipites
614 4602 806 4656 eodem
837 4617 971 4655 auro
997 4601 1408 4664 extuberantes.
1436 4602 1692 4672 depictus

138 4700 218 4743 εει.

189 4783 313 4843 Ibid.
345 4787 490 4860 [Τὸν
509 4791 805 4858 σταυρόν.
833 4787 1050 4858 Virgam
1076 4788 1330 4842 nimirum
1361 4803 1607 4856 auream,
1643 4791 1699 4846 in

140 4878 261 4944 utilis
276 4884 596 4936 summitate
613 4896 748 4935 crux
767 4895 934 4934 aurea
956 4880 1186 4950 gemmis
1210 4889 1422 4942 ornata,
1440 4883 1601 4952 vulgo
1617 4883 1699 4936 δικ

139 4971 344 5026 κανίκιον
379 4992 396 5039 ;
425 4976 495 5028 de
527 4989 642 5044 quo
670 4973 945 5041 superius.

195 5063 317 5116 Ibid.
346 5064 685 5138 [Νάρθηκα,
709 5065 957 5135 ferulam,
980 5066 1189 5137 virgam
1223 5065 1500 5131 leviorem,
1530 5081 1692 5135 quam

140 5169 365 5213 mctnorat
398 5160 631 5214 Simeon
663 5157 1176 5214 Thessalonicensrs
1197 5159 1306 5214 c.6.
1332 5169 1462 5213 nota
1508 5159 1576 5212 44
1599 5174 1692 5212 re-

136 5245 268 5302 latus.
290 5249 495 5321 Onam}

189 5338 336 5413 364
354 5346 412 5397 Ρ.
434 5343 530 5397 95.
553 5340 598 5395 Τ
602 5341 680 5405 άξ
684 5358 743 5394 ιν
761 5341 1306 5410 ἐκκλησιαστικὴν,
1327 5341 1408 5410 ἦν
1433 5343 1694 5396 καλοῦσι

135 5430 216 5480 τοῦ
236 5434 295 5486 δέ
331 5451 503 5488 ποτε.
544 5433 801 5500 Ordinem
838 5436 1273 5500 ecclesiasticum,
1328 5453 1478 5506 quem
1526 5438 1694 5505 ipsius

135 5535 308 5578 rurant.
346 5525 673 5596 Pcrperam,
707 5525 801 5580 sed
833 5528 1071 5581 correxit
1120 5527 1321 5582 Junius
1353 5541 1596 5583 errorem
1622 5544 1687 5582 ex

136 5616 224 5666 alio
247 5619 446 5672 codice.
483 5618 800 5687 Legendum
836 5620 981 5673 enim
1009 5619 1104 5672 τοῦ
1160 5620 1475 5687 δεποτάτου,
1513 5631 1572 5675 ut
1595 5622 1691 5674 ha.

137 5705 205 5760 let
231 5708 465 5768 Ioannes
502 5711 928 5767 Cantacuzenus
963 5713 1017 5767 in
1048 5729 1147 5768 sua
1182 5713 1448 5777 Historia,
1477 5714 1512 5768 Ι.
1546 5731 1561 5769 ι
1627 5715 1696 5770 de

139 5797 264 5857 bellis
296 5805 435 5858 inter
490 5804 870 5858 Andronicum
917 5819 1080 5860 avum
1127 5815 1182 5860 et
1240 5818 1491 5876 nepotem
1523 5849 1538 5872 ,
1597 5807 1692 5861 ubi

135 5895 657 5965 rituminzittgtll‘andi
690 5894 1040 5964 imperatoris
1065 5895 1355 5955 describit.
1411 5900 1548 5953 Cod.
1594 5898 1694 5951 Ba-

139 5999 231 6036 var.
275 5986 632 6051 ὃεσποτάτου,
667 5997 829 6054 recte,
891 5989 936 6043 si
976 5989 1196 6046 unicum
1261 5991 1431 6060 sigma
1483 5990 1693 6047 demas.

1787 3404 2084 3473 quodpiam
2115 3404 2170 3459 in
2197 3403 2444 3460 Ecclesia
2473 3405 2628 3460 obire
2647 3405 2875 3460 fuitillis
2903 3405 2956 3459 in
2991 3406 3204 3476 pretio;
3235 3411 3381 3462 unde

1787 3507 1968 3552 ortum
1999 3505 2130 3568 puto
2161 3506 2224 3551 ut
2259 3497 2516 3567 antiquas
2544 3496 2862 3567 chlamydes
2891 3498 3228 3567 posteriores
3269 3501 3373 3553 im—

1788 3591 1923 3659 perii
1956 3604 2305 3645 successores
2336 3590 2388 3643 in
2409 3589 2694 3660 mandyas,
2730 3589 3000 3643 lectorum
3035 3589 3224 3659 pallia,
3247 3606 3379 3646 cou-

1789 3692 2080 3747 verterent;
2105 3683 2487 3751 deputatorum
2515 3682 2568 3736 in
2591 3681 2834 3738 Ecclesia
2854 3691 3104 3753 gererent
3123 3683 3382 3739 ofﬁcium»

1789 3783 1842 3828 et
1869 3775 2009 3827 viam
2050 3775 2104 3827 in
2139 3775 2374 3829 solemni
2421 3789 2710 3831 sacrorum
2748 3775 3022 3830 donorum
3087 3777 3155 3830 ad
3209 3778 3383 3832 altare

1789 3866 2171 3936 deportatione
2202 3866 2422 3921 clericis
2473 3875 2528 3920 et
2579 3867 2965 3922 sacerdotibus
3015 3878 3380 3934 sternerent;

1791 3976 1855 4015 ac
1879 3961 2101 4014 demum
2132 3959 2713 4030 Ecclesia-religiosam
2737 3959 3054 4029 hujusmodi
3089 3961 3381 4015 demissio-

1789 4068 1914 4107 nem
1970 4061 2414 4122 compensatura,
2492 4055 2620 4106 thus
2689 4067 3082 4121 nonnunquam
3136 4053 3190 4108 in
3246 4054 3385 4108 alta-

1792 4145 1944 4200 ribus
1969 4140 2322 4210 accendendi,
2343 4145 2570 4201 trisulco
2587 4147 3212 4228 cereobenedictione‘m
3238 4149 3376 4202 sub-

1793 4238 1921 4292 ditis
1965 4238 2314 4307 impertiendi
2367 4252 2680 4307 sacrosque
2709 4253 2992 4294 sermones
3020 4239 3086 4292 ad
3117 4252 3379 4309 proceres

1796 4341 1852 4385 et
1891 4330 2150 4400 populum
2206 4330 2444 4386 habendi
2503 4330 2801 4386 contulerit
2852 4346 2975 4387 eam
3033 4340 3383 4401 potestatem,

1794 4436 1959 4491 quam
1981 4420 2048 4474 ab
2081 4420 2298 4488 iniustae
2325 4423 2408 4476 vel
2434 4422 2718 4492 sacrilegae
2739 4423 3120 4493 usurpationis
3152 4423 3385 4477 crimine

1796 4528 1921 4567 reor
1953 4514 2284 4568 vindieatam
2314 4523 2448 4569 nota
2504 4514 2557 4570 in
2612 4516 2842 4585 hujusce
2907 4515 3154 4570 auctoris
3203 4518 3376 4570 nostri

1797 4615 1959 4674 caput
1991 4606 2079 4670 Μ,
2109 4607 2175 4661 ad
2228 4622 2284 4677 p.
2329 4607 2417 4662 76.
2456 4605 2632 4673 Quam
2667 4607 2712 4662 si
2744 4607 2868 4677 quis
2909 4607 3381 4663 condemnandam

1726 4676 1768 4732 θ
1805 4699 2143 4766 pervicacius
2172 4707 2408 4768 expetat,
2436 4714 2559 4753 reos
2617 4698 2780 4753 simul
2836 4707 2962 4768 agat
3017 4712 3246 4752 necesse
3297 4709 3383 4751 est

1807 4790 2304 4844 Christianissimos
2355 4804 2509 4858 reges
2567 4789 2620 4842 in
2670 4789 2940 4858 primores
3003 4788 3303 4844 canonicos
3353 4802 3384 4840 a

1811 4882 2063 4950 pluribus
2092 4878 2484 4934 ecclesiasticis
2509 4879 2754 4947 collegiis
2788 4879 3035 4945 allectos,
3055 4878 3385 4946 eosdemque

1808 4989 1872 5027 ac
1901 4988 2182 5041 supremos
2206 4973 2340 5026 alios
2385 4971 2569 5025 sreculi
2628 4970 2922 5040 principes,
2978 4974 3072 5040 qui
3134 4969 3419 5023 muniunt»

1806 5064 2013 5134 aliquid
2043 5064 2544 5120 ecclesiasticorum
2590 5071 2930 5132 prmsumant
2960 5077 3025 5117 ac
3061 5062 3114 5117 in
3155 5062 3386 5132 privile-

1805 5160 2018 5229 giorum
2046 5169 2250 5225 partem
2279 5173 2388 5210 rem
2417 5155 2702 5224 deputent.
2745 5154 2948 5228 Coum]
3341 5227 3343 5229 ι

1876 5249 1936 5303 Ρ.
1966 5250 2054 5304 9i.
2076 5251 2426 5318 ιιροηγεῖται
2454 5248 2564 5316 τῆς
2593 5247 2838 5302 εἰσόδου
2863 5247 3091 5317 πάσης.
3125 5249 3389 5304 Ρνωτεάἱε

1808 5361 1900 5412 per
1930 5348 2219 5413 ingressum
2258 5352 2448 5396 totum.
2477 5342 2700 5398 Inscite.
2726 5342 2915 5397 Potius
2936 5343 3184 5410 prazcedit
3214 5351 3385 5398 totam

1805 5437 2259 5506 supplicationem,
2285 5435 2486 5504 prim-us
2525 5449 2601 5488 est
2637 5435 2689 5488 iu
2718 5436 3075 5505 processione.
3109 5434 3384 5489 (iantacu—

1813 5544 1980 5583 zeuus
2012 5529 2252 5597 ἡγεῖται.

1883 5622 2027 5677 Ibid.
2092 5622 2300 5677 Forsan
2362 5635 2464 5691 pro
2490 5621 2622 5675 ἄλλα.
2678 5619 2965 5690 legendum
3018 5618 3244 5672 ἔπιπλα.
3297 5616 3428 5670 Sic-

1808 5715 1952 5769 enim
1984 5715 2398 5769 Cantacuzenus
2433 5711 2636 5767 ἔπιπλά
2665 5728 2722 5764 τε
2754 5713 2847 5764 καὶ
2889 5710 3054 5781 σκεύη
3081 5709 3191 5760 τῶν
3225 5708 3386 5780 ἱερῶν
3419 5739 3424 5744 -

1809 5810 1901 5861 xui.
1929 5806 2066 5860 αὐτὰ
2097 5805 2374 5874 ἁγιώτατα
2441 5801 2849 5873 ἐπιφερόμενοι.
2885 5799 3070 5854 (iners

1855 5899 1994 5953 Ibid.
2034 5896 2248 5968 [Σκεύη
2271 5895 2414 5950 δέτε
2439 5895 2618 5949 ἄλλα.
2645 5893 2702 5946 In
2737 5891 2961 5959 Iiturgia:
2997 5893 3241 5964 ingressu
3269 5903 3390 5942 na-

1803 5991 1946 6060 jore,
1966 6004 2122 6044 sacro
2145 5987 2475 6059 procedendi
2498 5985 2625 6052 ritu,
2646 5981 2894 6048 lectores,
2915 5981 3258 6050 subdiacbni,
3275 5981 3403 6037 dia.-
