3852 6664
404 434 501 494 ξεττ

1485 443 1572 504 IN
1605 445 1910 508 LIBRUM
1943 448 2044 507 DE'
2070 449 2394 538 QFFICIIS
2434 453 2543 514 CP'.

3533 454 3640 517 ωδ

401 551 528 609 enni
567 561 621 608 et
657 552 974 608 sacerdotes
994 541 1184 608 ordine
1211 556 1640 626 progrediuntur
1683 577 1697 614 :
1728 561 1966 630 pontifex
2000 569 2038 620 Α
2071 567 2554 624 sanctificatiouem
2595 567 2828 640 accepit,
2861 568 3004 638 quod
3038 583 3102 624 ex
3141 567 3258 637 ejus
3289 569 3428 622 mole
3452 570 3633 626 Oblata

405 648 442 702 si
471 645 726 710 celebret,
749 659 1042 714 nusquam.
1083 645 1184 702 Sed
1213 648 1504 704 redeuntes
1529 651 1581 704 in
1603 653 1772 708 sacris
1797 653 1974 708 valvis

403 734 617 804 excipit.
643 731 896 790 Lectores
927 747 980 790 et
1003 737 1107 794 illis
1142 740 1392 807 permisti
1438 741 1680 812 deputati
1721 753 1776 796 et
1834 745 1969 798 sub-

403 826 610 880 diaconi
672 841 862 882 cereos
917 843 1182 887 accensos
1235 831 1535 900 praeferunt
1591 833 1674 888 vel
1734 834 1966 900 ﬂabella,

401 919 610 972 diaconi
637 919 939 984 thurihula,
972 923 1310 990 penultimus
1335 933 1518 980 tamen
1551 927 1826 996 pontificis
1851 928 1968 997 pal-

401 1010 526 1064 lium
559 1011 718 1082 365
751 1013 1004 1068 decenter
1034 1018 1442 1085 complicatum,
1492 1029 1818 1088 postremus.
1853 1021 1959 1090 ‘qui

401 1105 550 1176 prior
583 1105 868 1174 dignitate,
899 1122 1096 1166 narrem
1121 1123 1341 1164 sacrum
1371 1110 1527 1166 disco
1561 1115 1964 1180 superpositum

400 1213 460 1250 ac
489 1199 724 1252 velatum
747 1201 908 1268 capiti
939 1203 1443 1270 superimpositum,
1475 1212 1708 1271 gestant.
1745 1203 1966 1258 Primus

401 1291 742 1344 sacerdotum
775 1292 1000 1346 calicem
1035 1294 1164 1352 vino
1191 1295 1434 1359 mistum,
1471 1295 1565 1348 alii
1595 1309 1816 1350 sacram
1849 1295 1968 1350 lan—

400 1396 810 1444 ceam,sacram
860 1387 1166 1454 spongiam,
1222 1387 1456 1449 stellam,
1515 1387 1714 1444 calices
1765 1403 1967 1442 vacuos

399 1475 482 1528 vel
514 1489 612 1542 pro
639 1474 821 1544 populi
845 1477 1015 1532 sacris
1049 1477 1422 1546 participautis
1477 1479 1808 1532 necessitate
1849 1481 1965 1548 ple-

399 1583 500 1622 nos
533 1569 802 1622 deferunt.
841 1567 1075 1637 Hacque
1095 1578 1224 1624 sunt
1279 1583 1439 1625 sacra.
1489 1584 1646 1635 vasa,
1699 1585 1822 1639 qua
1881 1571 1969 1625 hic

400 1671 584 1714 tenere
617 1661 888 1730 leguntur.
934 1661 1156 1720 Tractat
1184 1663 1400 1718 abunde
1432 1663 1499 1717 de
1531 1663 1651 1718 istis
1684 1663 1970 1717 Ειιοιιοιο-

398 1751 544 1820 gium
574 1767 636 1808 ac
652 1754 924 1810 Simeonis
943 1753 1456 1812 Thessalonicencis
1477 1769 1638 1825 opere
1667 1755 1735 1811 de
1765 1756 1968 1826 templo

398 1853 453 1898 et
483 1845 649 1900 missa
681 1859 854 1914 nuper
885 1861 914 1900 a
959 1846 1116 1900 nobis
1162 1847 1332 1902 edito.

477 1933 618 1990 Ibid.
663 1901 1105 2004 Περιελθόντες.
1142 1937 1211 2010 [Α
1237 1939 1497 2008 prothesi,
1547 1939 1614 1994 de
1645 1901 1752 2010 qua
1787 1953 1968 2008 supra,
2001 1925 2044 1978 Β

401 2027 466 2080 ad
492 2027 735 2082 ecclesia:
772 2037 980 2096 portam
1005 2029 1356 2092 exteriorem,
1389 2041 1445 2084 et
1477 2030 1546 2084 ab
1575 2045 1637 2085 ea
1669 2031 1736 2084 ad
1768 2030 1971 2084 medias

402 2135 699 2188 sacrasque
725 2121 913 2176 altaris
953 2121 1100 2175 fores
1131 2121 1453 2190 procedunt.

471 2213 613 2268 Ibid.
650 2214 792 2286 [Τὸν
825 2216 1202 2286 πατριάρχην
1243 2218 1600 2287 ἱστάμενον.
1641 2218 1786 2272 Dona
1814 2233 1968 2272 sacra

397 2308 733 2376 missamque
761 2323 948 2362 secum
987 2309 1346 2373 celebrantes,
1380 2309 1688 2365 sacerdotes
1723 2309 1971 2364 videlicet

397 2409 448 2452 et
480 2399 784 2464 ministros,
815 2409 1190 2467 excepturmn.

469 2491 608 2546 Ibid.
642 2489 826 2563 [Οὐδὲ
867 2493 1334 2562 agmen-ditur.
1399 2493 1736 2551 Recensetur
1790 2505 1970 2550 tamen

397 2586 539 2640 inter
563 2577 963 2640 ecclesiasticos
996 2587 1250 2643 officiales
1271 2603 1322 2643 c.
1351 2589 1407 2643 1.

467 2677 530 2733 P.
584 2677 671 2736 96.
733 2677 1124 2775 [Ὢσπερνὸιι
1158 2683 1212 2734 οἱ
1251 2681 1444 2748 ἱερεῖς.
1481 2681 1593 2737 Hoc
1637 2691 1742 2749 est,
1783 2682 1971 2740 ambas

397 2770 607 2840 species
637 2771 790 2839 panis
819 2779 872 2824 et
907 2773 1014 2824 vini
1039 2770 1338 2840 separatim
1377 2775 1595 2843 accipit,
1627 2776 1968 2829 sacerdotum

399 2879 570 2929 more,
606 2864 791 2918 relicta
813 2865 970 2932 plebe
1003 2879 1192 2932 panem
1223 2866 1350 2918 vino
1375 2865 1686 2932 iutinctum,
1721 2869 1971 2922 sacerdo-

399 2957 469 3008 tis
502 2969 698 3021 manu,
719 2955 770 3010 in
801 2955 1069 3010 cochleari
1095 2954 1264 3019 λαϐύς
1291 2965 1503 3023 vocato,
1539 2957 1593 3012 in
1627 2959 1970 3014 communio-

396 3060 520 3100 nem
551 3045 1028 3117 sumcute.Goaa.]

473 3137 614 3193 Ibid.
665 3139 738 3193 De
799 3139 1053 3192 antidoro
1101 3139 1213 3208 jam
1271 3155 1432 3209 supra
1463 3141 1556 3196 'ad
1607 3156 1664 3209 p.
1709 3139 1798 3195 48.
1849 3141 1974 3194 Ele-

2073 657 2235 712 furrit
2263 669 2539 728 excerpta,
2569 661 2714 726 quod
2754 675 2938 715 sacras
2977 675 3062 716 res
3083 659 3330 728 attigerit
3369 675 3434 714 ac
3465 663 3636 731 preci-

2071 756 2172 811 bus
2206 757 2470 826 liturgicis
2523 771 2740 826 semper
2772 753 3006 810 adfuerit
3041 767 3302 822 praesens.
3338 750 3499 806 Ritus
3533 767 3640 822 quo

2069 849 2414 904 distribuitur
2435 849 2718 904 exhibetur
2735 848 2788 902 in
2824 844 3222 912 Euehologicis.
3245 839 3448 913 Gen.)

2141 942 2278 998 Ibid.
2315 941 2746 1011 [Colca/iumenti.
2807 937 3076 994 Scribitur
3098 937 3260 991 etiam
3294 951 3639 1004 κατηχουμε-

2070 1037 2205 1101 νεῖα,
2233 1035 2385 1088 locus
2413 1034 2465 1087 in
2507 1047 2614 1103 quo
2647 1030 3018 1089 catechumeni
3074 1028 3150 1082 rei
3183 1027 3380 1082 divinm
3403 1042 3636 1096 operam

2069 1127 2292 1182 dabant.
2370 1125 2622 1194 Ampium
2683 1139 2748 1180 ac
2795 1123 3102 1194 spatiosum.
3155 1119 3328 1174 fuisse
3395 1129 3632 1188 oportet.

2072 1218 2266 1272 Csars.

2142 1310 2204 1364 Ib
2231 1311 2284 1364 ά.
2311 1309 2614 1382 [Nusquam
2651 1321 2750 1378 pro
2777 1287 3296 1362 ca—techum-eriorum
3335 1299 3636 1355 mansioni-

2071 1407 2172 1460 bus
2209 1405 2296 1458 hic
2354 1401 2635 1466 sumenda,
2665 1400 2758 1455 sed
2785 1414 2881 1468 pro
2905 1397 3039 1453 locis
3079 1396 3246 1450 verbo
3279 1393 3382 1447 Dei}
3415 1391 3635 1446 ofﬁciis-

2071 1513 2177 1569 que
2201 1495 2587 1553 ecclesiasticis
2648 1491 2934 1548 audiendis
2981 1489 3046 1543 ad
3089 1487 3414 1554 templorum
3459 1500 3640 1538 muros

2073 1589 2388 1644 exstructis.
2420 1586 2580 1640 Tales
2620 1583 2780 1637 hodie
2813 1582 3060 1636 videmus
3099 1579 3187 1634 vel-
3217 1580 3282 1632 ad
3307 1575 3635 1644 templorum

2073 1697 2258 1743 naves,
2313 1687 2370 1732 ut
2401 1684 2622 1737 vocant,
2667 1688 2898 1746 superne
2919 1687 2987 1726 .ac
3015 1673 3335 1734 introrsum,
3370 1667 3456 1720 vel
3514 1666 3642 1719 foris

2071 1771 2438 1843 praiuincntes
2468 1768 2731 1838 porticus,
2771 1765 2824 1820 in
2861 1763 3090 1818 sublime
3120 1771 3351 1823 erectas,
3387 1759 3554 1832 366
3577 1773 3641 1814 ex

2073 1865 2270 1933 quibus
2319 1859 2372 1915 in
2405 1874 2566 1913 onme
2605 1857 2790 1926 templi
2813 1853 3118 1924 subjectum
3159 1852 3394 1923 spatium
3425 1864 3642 1920 prospe-

2075 1965 2195 2010 ctus
2243 1955 2489 2008 habetur.
2523 1950 2650 2005 lude
2681 1951 2827 2003 viros
2864 1947 3123 2002 uxoribus
3147 1945 3527 2000 cohabitantes
3556 1940 3642 1996 de-

2074 2047 2196 2118 pelli
2252 2045 2407 2114 jubet
2466 2059 2641 2098 canon
2676 2043 2746 2098 93
2771 2041 3061 2095 Trullanus
3095 2057 3111 2092 :
3164 2039 3262 2092 Ἐκ
3299 2035 3414 2088 τῶν
3451 2035 3510 2087 ἐν
3537 2035 3643 2095 τοῖς

2077 2137 2396 2204 σεϐασμεοις
2441 2133 2612 2196 οἴκοις
2659 2131 3084 2206 κατηχουμένων
3129 2127 3456 2193 ἐξωθεῖσθαι
3483 2141 3644 2194 προσ-

2075 2228 2378 2294 τάσσομεν.
2426 2223 2500 2278 Ne
2527 2238 2656 2278 vero
2691 2237 2812 2276 cum
2859 2223 3152 2288 interprete
3191 2217 3388 2273 Latino
3415 2216 3500 2271 vel
3529 2215 3640 2269 aliis

2074 2322 2190 2375 loca
2227 2315 2632 2374 catechumenis
2659 2315 2870 2370 addicta
2895 2313 3187 2382 intelligas,
3231 2310 3458 2366 abunde
3490 2308 3640 2362 docet

2075 2416 2126 2467 in
2184 2411 2430 2466 eumdem
2468 2425 2730 2466 canoncm
2792 2407 3096 2461 Scholiasta
3152 2403 3571 2457 Balsamon.Ac
3599 2399 3642 2453 si

2075 2519 2268 2559 sensus
2295 2503 2438 2557 allati
2473 2501 2700 2556 validius
2734 2508 2956 2567 expetas
2994 2503 3405 2568 argumentum,
3441 2494 3640 2562 accipe.

2074 2595 2494 2651 Catechumenis
2563 2592 2736 2648 sacris
2805 2589 3075 2658 mysteriis
3135 2597 3317 2642 astare
3371 2585 3637 2656 quondam

2075 2692 2226 2745 nefas
2251 2703 2349 2742 :en
2373 2695 2554 2740 autem
2585 2693 2640 2737 ut
2663 2687 2727 2736 ὲκ
2744 2682 2849 2736 τῶν
2871 2681 3300 2752 κατηχουμένων
3317 2693 3384 2732 ex
3413 2677 3498 2732 his
3523 2677 3638 2730 sub-

2075 2782 2381 2838 limioribus
2431 2781 2489 2832 in-
2529 2775 2814 2832 ecclesiam
2875 2771 3354 2843 prospectantibus
3399 2769 3644 2823 ambula-

2075 2875 2184 2930 cris
2219 2873 2298 2927 vel
2337 2870 2541 2925 aedibus
2571 2867 2818 2938 qutedam
2855 2881 2975 2919 cum
3008 2865 3129 2918 aliis
3157 2862 3380 2926 mulier,
3417 2859 3584 2916 sacris
3612 2875 3644 2911 ει

2074 2965 2276 3022 Basilio
2317 2964 2496 3020 factis.
2543 2973 2602 3016 ut
2629 2959 3040 3029 Amphilochius
3071 2958 3124 3011 in
3151 2957 3269 3026 ejus
3295 2953 3420 3008 Vita
3461 2959 3641 3009 auctor

2076 3071 2179 3121 est,
2219 3057 2426 3118 aderat,
2462 3063 2516 3108 et
2555 3053 2843 3106 diaconum
2875 3048 3076 3103 Basilio
3105 3047 3510 3102 ministrantem
3535 3059 3644 3098 mu-

2078 3149 2187 3202 tuis
2251 3145 2537 3200 oculorum
2587 3141 2806 3196 nutibus
2856 3139 2922 3194 ad
2969 3139 3246 3193 lasciviam
3291 3135 3640 3206 provocabat.

403 3240 592 3296 gauter
624 3229 950 3284 describitur
971 3246 1000 3284 a
1027 3229 1283 3285 Simeone
1305 3231 1781 3286 Thessalonicensi
1815 3232 1868 3284 in
1902 3231 1968 3282 li-
1996 3253 2041 3316 ρ
2075 3237 2526 3305 Νοιιοι-εηίωαιιε
2543 3232 2952 3288 catechumenis
2969 3231 3062 3287 sed
3102 3229 3376 3306 tidelibns,
3416 3225 3642 3282 maxime

401 3322 547 3376 bello
602 3321 668 3376 de
707 3322 926 3392 templo.
964 3319 1200 3378 Post/tato
1235 3323 1405 3376 sacris
1432 3339 1462 3374 a
1489 3323 1722 3391 prothesi
1751 3322 1969 3386 ablatis,

400 3415 636 3474 diacono,
659 3415 865 3482 quidem
905 3415 1050 3466 disco
1074 3431 1234 3483 super
1283 3425 1460 3483 caput,
1492 3417 1854 3469 sacerdotibus
1879 3433 1976 3469 au-

404 3518 502 3562 tem
535 3508 776 3560 manibus
807 3508 993 3560 calices
1045 3508 1370 3572 tenentibus,
1395 3509 1508 3577 ipse
1535 3511 1726 3578 gratiis
1761 3511 1894 3562 actis
1925 3519 1972 3563 et

402 3599 644 3654 manibus
689 3599 808 3652 lotis
857 3597 1146 3668 egreditur,
1199 3603 1442 3668 quodque
1491 3611 1713 3654 vocatur
1747 3603 1973 3656 ἀντίδωι

399 3710 496 3760 ρον
527 3693 581 3743 in
596 3695 849 3760 populum
904 3691 1197 3744 distribuit.
1231 3691 1496 3757 Quoniam
1527 3695 1667 3748 enim
1699 3696 1974 3764 episcopus

404 3783 697 3842 Christum,
731 3794 787 3836 ut
824 3783 1123 3848 docuimus,
1160 3785 1434 3849 exprimit,
1473 3787 1644 3854 ipsum
1683 3797 1732 3838 et
1763 3788 1976 3854 sacriﬁ-

403 3876 540 3928 cavit
571 3885 619 3927 et
649 3876 985 3944 participarit
1017 3885 1065 3928 et
1103 3877 1331 3930 sacratis
1356 3878 1479 3930 viris
1508 3878 1806 3944 impertivit.
1840 3877 1978 3931 San-

403 3969 777 4036 ctiﬁcationem
829 3979 1006 4022 autem
1064 3971 1392 4038 participare
1423 3987 1550 4040 opus
1586 3981 1662 4025 est
1701 3971 1974 4039 populum,

402 4075 604 4130 quanta
669 4065 874 4126 quidem
925 4081 954 4128 ᾳ
985 4063 1226 4130 precibus
1277 4073 1322 4116 et
1381 4065 1652 4116 tremendo
1702 4063 1976 4131 sacriﬁcio

405 4157 752 4210 intellec'nah'
805 4158 960 4210 modo
1005 4156 1248 4224 ﬁdelibus
1309 4157 1698 4208 cornmunirata
1750 4167 1846 4208 est.
1914 4155 1980 4208 Iit

404 4250 650 4312 quatiam
677 4265 768 4316 per
788 4259 949 4302 restes
985 4249 1268 4314 quasdam,
1297 4258 1352 4300 ut
1379 4265 1496 4316 qua:
1525 4265 1714 4316 carpas
1735 4260 1980 4302 contexeo

407 4341 534 4402 rint,
567 4339 1044 4406 sanctiﬁcatiouem
1091 4341 1330 4409 accipere
1378 4349 1606 4408 oportet,
1641 4356 1732 4408 per
1759 4343 1980 4394 ἀντίδω-

411 4445 500 4496 ρον
535 4428 589 4480 id
626 4429 704 4494 lit.
740 4427 836 4480 Est
869 4440 1044 4482 autem
1082 4429 1443 4496 sancti/italus
1473 4431 1624 4500 panis
1657 4433 1710 4485 in
1749 4433 1980 4498 prothesi

407 4520 689 4582 repositus,
739 4535 803 4572 ea:
839 4536 940 4588 quo
979 4522 1208 4574 ritedium
1250 4533 1515 4576 exsectum
1547 4524 1615 4575 ad
1659 4525 1980 4592 sacriﬁcium

2077 3329 2418 3394 mulieribus,
2478 3327 2789 3395 assignatus
2839 3326 2892 3378 in
2927 3323 3156 3378 ecclesia
3202 3321 3381 3382 locus,
3417 3334 3548 3390 quo,
3585 3323 3640 3369 ut

2077 3422 2129 3477 in
2161 3401 2450 3474 mulierum
2518 3415 2789 3486 capitibus
2835 3423 3058 3484 prepter
3109 3413 3330 3482 angelos
3359 3409 3482 3463 vela
3528 3405 3646 3478 poni

2070 3515 2224 3584 jubet
2262 3512 2578 3582 Apostolus,
2627 3510 2701 3562 ita
2739 3515 2963 3578 prepter
3008 3507 3224 3562 eastern
3261 3503 3392 3558 inde
3429 3515 3643 3572 prospe-

2078 3616 2289 3662 ctantes
2327 3605 2445 3658 vela
2474 3604 2729 3670 deinceps
2759 3599 3015 3668 suspendi
3083 3596 3334 3668 praecepit
3369 3595 3640 3650 Basilius:

2079 3699 2230 3770 Βῆλά
2267 3715 2324 3752 τε
2363 3695 2704 3767 παραχρῆμα
2740 3693 2996 3745 ἐκέλευσε
3031 3688 3415 3760 κρεμασθῆναι
3467 3687 3522 3738 ἐν
3543 3685 3645 3744 τοῖς

2080 3790 2540 3860 κατηχουμὲνοις.
2592 3787 2674 3840 An
2707 3785 2812 3839 alia
2847 3783 3052 3838 fuerint
3080 3781 3540 3849 κατηχαυμενεῖα,
3565 3789 3648 3830 ca-

2080 3881 2532 3936 techumenorum
2580 3877 2648 3928 ab
2695 3873 2782 3928 bis
2837 3871 2904 3927 de
2955 3872 3156 3942 quibus
3211 3883 3394 3923 sermo
3423 3867 3644 3938 propria:

2081 3971 2416 4036 diversaque
2472 3955 2646 4029 sedes,
2690 3962 2910 4032 quidam
2969 3961 3271 4031 inquirunt.
3301 3957 3422 4012 Non
3451 3959 3640 4012 abnuo.

2082 4063 2205 4116 llaec
2256 4075 2376 4130 qua-
2415 4057 2594 4112 adhuc
2644 4057 2698 4109 in
2735 4055 2935 4123 templo
2969 4051 3026 4107 S.
3073 4051 3292 4119 Sophia:
3333 4055 3642 4120 supersunt,

2085 4153 2352 4220 fidelibus,
2408 4167 2533 4205 cum
2569 4148 2744 4204 sacris
2793 4148 3159 4210 interessent,
3194 4143 3365 4198 fuisse
3402 4156 3642 4199 commu-

2083 4249 2171 4302 nia
2225 4245 2528 4310 contendo;
2589 4241 2896 4310 similiaque
2959 4239 3236 4293 nonnullis
3285 4239 3338 4291 in
3411 4235 3644 4292 ccclesiis

2083 4334 2405 4394 mulieribus
2429 4336 2591 4390 etiam
2647 4332 2806 4390 hodie
2843 4345 3038 4402 preces
3063 4331 3118 4385 iu
3157 4329 3389 4388 ecclesia
3423 4327 3638 4385 factoris

2086 4429 2294 4484 Graecia
2329 4427 2603 4482 concedit.

2155 4520 2216 4576 P.
2249 4521 2336 4576 97.
2368 4519 2753 4592 [Δεσποίνης.
2784 4517 3176 4588 lmperatormn
3215 4525 3267 4570 et
3299 4515 3644 4584 despotarum

409 4611 652 4677 offertur.
687 4609 788 4662 IIic
825 4621 1006 4680 postea
1046 4622 1101 4664 ut
1148 4612 1384 4666 lanceola
1422 4615 1682 4682 signatus,
1713 4625 1760 4668 et
1789 4617 1975 4670 divinis
2007 4604 2058 4664 1)
2083 4614 2376 4684 coniugum
2412 4611 2700 4682 appellatio
2738 4620 2822 4667 est
2856 4611 3137 4664 δέσποινα.
3193 4608 3264 4662 De
3303 4601 3640 4662 Monomacbi

409 4702 578 4778 verbis
615 4719 770 4770 super
796 4720 849 4758 se
897 4703 1078 4770 factis,
1123 4705 1236 4759 loco
1274 4707 1532 4760 donorum
1567 4707 1980 4774 trcmeudorum,

409 4793 650 4848 videlicet
707 4797 770 4848 iis
800 4796 892 4865 qui
936 4813 1037 4850 non
1092 4799 1572 4862 communicarunt,
1642 4799 1979 4869 dispertitur.

413 4885 566 4950 Quod
591 4887 858 4954 episcopus
891 4887 980 4942 ubi
1012 4890 1137 4958 fecit
1167 4899 1217 4946 et
1250 4890 1440 4959 populo
1473 4894 1598 4944 bene
1629 4903 1875 4961 precatus
1908 4901 1986 4946 est

411 4979 566 5045 finem
596 4980 767 5032 missa
805 4983 1042 5050 impon‘t.
1077 4983 1280 5038 Gut-2T5.

487 5069 622 5122 Ibid.
651 5067 980 5142 [Ἀτὶδωρον
1005 5076 1156 5140 panis
1187 5075 1510 5143 bettedictus,
1535 5078 1655 5132 ἀντὶ
1683 5079 1792 5129 τῶν
1813 5077 1984 5143 ἀγὲων

416 5162 608 5233 δώρων
646 5166 1048 5220 communionis
1081 5167 1198 5220 vice
1241 5168 1294 5220 in
1330 5168 1562 5222 ecclesia
1621 5181 1890 5236 sumptus,
1920 5169 1985 5220 de

416 5271 526 5323 quo
553 5255 837 5310 Balsamon
880 5257 932 5310 iu
979 5273 1102 5310 ean.
1130 5259 1166 5310 2
1191 5259 1624 5315 Antiochenum:
1656 5259 1982 5328 Ἐπενοήθη.

414 5349 489 5411 ὡς
545 5347 802 5419 ἐοικεν,,ή
835 5349 928 5401 τοῦ
973 5351 1268 5418 ἀιτιδώρου
1329 5351 1568 5416 διάδοσις
1625 5353 1764 5406 ὥστε
1800 5355 1985 5406 πᾶσαν

416 5441 663 5511 ἀνάγκην
683 5439 830 5510 ἔχειν
861 5440 953 5493 καὶ
975 5442 1168 5502 αὐτοὺς
1198 5441 1321 5501 τοὺς
1349 5442 1422 5512 μὴ
1451 5443 1786 5510 δυναμένθυς
1817 5457 1986 5510 μετα-

414 5533 600 5586 λαόεῖν
657 5533 766 5584 τῶν
798 5531 969 5598 ἁγὲων
1001 5533 1093 5584 καὶ
1129 5533 1412 5596 ζωοποιῶν
1469 5534 1786 5606 μυστηρίων
1814 5551 1985 5602 προσ.

418 5625 713 5696 καρτερεῖν
749 5626 914 5692 μέχρι
947 5623 1134 5688 τέλους
1165 5626 1257 5692 τῆς
1295 5625 1444 5687 θείας
1475 5626 1865 5694 ἱερατεὶεατὶας
1893 5629 1986 5678 καὶ

417 5717 482 5770 ἐκ
512 5718 694 5788 χειρὸς
742 5715 1031 5786 ἱερατικῆς
1063 5715 1359 5786 λαμϐάνειν
1394 5717 1526 5770 αὐτὸ
1576 5719 1656 5780 εἰς
1685 5719 1981 5788 ἁγιασμόν.

421 5811 504 5866 En
546 5825 644 5866 cur
699 5811 949 5881 ἀγίασμα
991 5820 1145 5866 vocet
1176 5820 1389 5878 auctOr,
1422 5812 1564 5882 quod
1595 5812 1851 5867 nimirum
1888 5829 1982 5867 su-

421 5903 696 5960 mcutibus
765 5901 1250 5958 sanctiticatinncm
1319 5914 1604 5969 oneretur,
1649 5905 1770 5969 quia
1833 5905 1984 5971 prius

2087 4708 2278 4778 pellice
2323 4706 2389 4760 ad
2449 4719 2728 4758 summum
2783 4703 3012 4758 honoris
3070 4699 3298 4771 gradum
3333 4697 3404 4752 ab
3439 4703 3642 4752 amante

2089 4807 2342 4869 provecta
2389 4796 2577 4851 scribit
2641 4794 2921 4849 Zonaras:
2975 4793 3298 4861 Ἐτετίμητο
3347 4790 3406 4843 δὲ
3450 4785 3636 4860 ἠγυνὴ

2089 4889 2349 4956 σεϐαστὴ,
2402 4888 2540 4958 αὐτῇ
2577 4885 2770 4957 πρώτῃ
2799 4885 2902 4954 τῆς
2940 4882 3135 4953 πρώην
3175 4881 3492 4952 βασιλίσσης
3519 4881 3640 4930 ἀπο-

2085 4979 2416 5050 νεμηθείσης
2437 4979 2530 5030 καὶ
2571 4975 2726 5040 ἀξίας
2761 4975 2857 5028 καὶ
2887 4975 3164 5052 κλήσεως,
3194 4975 3288 5027 καὶ
3333 4972 3636 5042 ὠνομάζετο

2085 5072 2366 5125 δέσποινα.
2406 5069 2710 5138 Δεσποίνης
2737 5068 2930 5120 iterum
2959 5065 3194 5134 insignia
3227 5081 3254 5118 a
3278 5063 3504 5118 Joannis
3533 5059 3636 5131 pcl-

2089 5166 2209 5228 lice,
2231 5178 2378 5218 more
2399 5163 2752 5225 reclamante,
2787 5169 3045 5228 usurpata
3067 5156 3596 5228 suggillatlogotbeta
3621 5169 3634 5205 :

2099 5255 2348 5325 Ἐρώτων
2409 5255 2466 5306 δὲ
2501 5253 2708 5322 Οήλεων
2769 5251 2990 5320 ἡττᾶτο,
3051 5247 3286 5316 μάλιστα
3331 5247 3387 5300 δὲ
3447 5245 3542 5313 τῆς
3583 5240 3638 5305 ἐξ

2099 5349 2327 5410 Ἰταλίας
2386 5345 2752 5418 Μαρκεσινης,
2811 5343 2885 5405 ὡς
2915 5343 3010 5395 καὶ
3068 5341 3260 5394 πέδιλα
3293 5335 3636 5405 ὑποδεδέχῦαι

2087 5440 2406 5508 κοκκοόαφῆ
2443 5441 2536 5491 καὶ
2567 5435 2896 5506 ὲφεστρίδας
2939 5433 3034 5487 καὶ
3066 5433 3286 5503 χαλινὰ,
3317 5427 3545 5485 ἕπεσθαί
3579 5441 3632 5477 τε

2087 5534 2342 5595 πλείονας
2373 5533 2406 5603 ἦ
2439 5529 2508 5603 τῇ
2539 5529 2818 5600 δεσποίνῃ.
2851 5527 3092 5582 Consule
3125 5525 3367 5580 Nicetam
3387 5519 3640 5578 Mauuelis

2086 5625 2376 5686 Commtti,
2414 5625 2449 5678 l.
2483 5641 2520 5677 ι.

2159 5719 2298 5772 Ibid.
2351 5717 2767 5790 [Ἃπέρχονται
2794 5717 2880 5781 εἷς
2911 5713 2976 5768 τὸ
3003 5712 3320 5767 παλᾰτιον.
3365 5709 3535 5764 Ducto
3561 5703 3638 5758 ni-

2091 5811 2291 5864 mirum
2355 5811 2656 5877 triumpho,
2701 5809 3016 5876 nulliusque
3049 5821 3260 5876 pompa:
3291 5799 3636 5874 praetermisso

2089 5913 2368 5968 apparatu,
2401 5905 2614 5968 qualem
2659 5901 2918 5959 describit
2941 5901 3137 5958 citatus
3165 5897 3494 5960 Simocatta,
3521 5904 3636 5956 rm,
