3852 6664
38 5313 50 5340 .'~

45 5343 50 5358 .'

40 5379 50 5391 ,ο

45 5401 50 5412 ν

42 5425 48 5438 ε

43 5441 54 5452 ο

361 454 463 519 ιιι
1387 518 1392 522 ,
1473 453 1557 514 ΙΝ
1597 452 1891 514 LIBRUM

2069 450 2398 512 OFFICIIS
2431 451 2535 512 (ΖΡ.
3509 438 3630 502 4ῗῖ

359 570 555 631 induit,
587 567 772 622 deinde
801 568 850 621 iu
894 575 1168 632 conspectu
1202 566 1435 620 omnium
1491 583 1645 634 peaes
1705 569 1929 634 crepidis
1957 582 2007 638 Α
2031 565 2172 615 diem
2190 579 2302 616 suae
2329 561 2617 616 vocationis
2661 567 2914 630 tanquam
2943 554 3210 626 speculum
3239 552 3349 606 suis
3406 549 3621 605 obtuti-

356 663 632 733 purpureis
663 668 922 725 exornat;
954 677 1180 728 quarum
1239 660 1509 713 dexteram
1571 661 1618 712 ei
1669 658 1926 724 sanguine

357 753 605 820 proximi,
639 750 904 805 sinistram
938 766 1002 805 ex
1035 752 1376 806 conductitiis
1423 750 1628 805 Latinis
1661 751 1926 804 nobilitate

355 853 404 895 et
435 842 707 911 splendore
726 843 928 911 generis
975 843 1132 911 primi
1165 843 1442 896 inducunt.
1468 841 1798 910 Imperialem
1831 857 1930 894 au-

358 941 458 986 tem
489 933 684 985 tiaram
721 945 842 986 ante
867 934 1227 987 immaculatw
1301 932 1529 1002 Virginis
1585 931 1680 986 Dei
1735 931 1927 985 Matris

353 1024 634 1089 imaginem
658 1024 800 1076 humi
830 1026 1056 1092 positam
1083 1042 1240 1078 manu
1273 1042 1371 1078 sua
1409 1024 1599 1098 tollens
1633 1025 1742 1092 ipse
1767 1023 1930 1088 capiti

354 1120 450 1162 suo
474 1111 713 1178 imponit.
739 1112 1032 1168 Cantacuz.
1070 1131 1154 1178 ιιι,
1177 1116 1270 1168 ‘27.
1309 1114 1410 1168 Ubi
1438 1114 1667 1169 observa
1719 1127 1926 1167 morem

355 1205 1078 1270 portendihumicorouam,
1137 1218 1194 1260 ut
1250 1209 1568 1260 insinuetur
1621 1205 1926 1267 humilitas,

356 1303 407 1345 ct
442 1304 567 1346 ante
598 1295 890 1364 imaginem
915 1295 973 1350 Β.
1006 1295 1269 1364 Virginis,
1321 1309 1378 1351 ut
1402 1297 1728 1352 ostendatur
1760 1296 1932 1364 impe-

361 1381 559 1434 ratoris
587 1382 641 1434 in
672 1393 889 1438 sanctos
930 1387 1122 1453 pietas.

430 1469 628 1526 Iterum
649 1485 942 1531 coronatus
967 1487 1050 1531 est
1075 1478 1214 1533 idem
1269 1478 1689 1534 Cantacuzenus
1731 1477 1930 1531 Adria-

358 1565 566 1630 nopoli,
597 1577 756 1634 prout
790 1568 1018 1637 ipsemet
1044 1570 1130 1625 bis
1187 1572 1368 1626 verbis
1405 1573 1758 1640 exponimur,
1811 1570 1880 1625 92
1912 1589 1926 1625 :

354 1650 476 1704 Jam
501 1670 617 1708 vero
641 1657 843 1725 placuit
876 1661 1040 1713 etiam
1074 1662 1448 1730 imperatorum
1482 1678 1624 1715 more
1655 1661 1926 1728 coronari,
1959 1681 1967 1687 -

355 1745 781 1814 quandoquidem
859 1759 908 1801 et
966 1750 1275 1818 patriarcha
1359 1750 1842 1821 Hierosolymorum
1880 1759 1927 1804 et

355 1835 583 1904 episcopi
606 1840 902 1907 complures
937 1856 1115 1893 coram
1141 1842 1402 1897 adessent.
1422 1843 1654 1913 Cumque
1680 1845 1932 1923 mandas-

2032 653 2124 707 bus
2161 663 2473 722 anteponat,
2499 652 2801 705 districtum
2836 649 3039 702 ultima:
3075 645 3416 699 discussionis
3462 641 3625 710 judi-

2031 747 2172 800 cium
2203 748 2598 808 contremiscat,
2635 753 2919 814 quatenus,
2977 740 3104 792 dum
3157 753 3294 791 nunc
3339 733 3624 789 Creatoris

2029 839 2112 893 sui
2141 838 2338 908 legibus
2373 839 2642 900 subditur,
2674 836 2767 906 qui
2788 835 2925 888 inter
2951 840 3246 894 creaturas,
3272 842 3388 890 aute
3445 836 3625 878 terre-

2031 945 2114 984 na:
2146 939 2288 992 sunt,
2316 930 2521 982 videtur
2551 927 2803 999 insignis,
2853 925 2911 978 in
2947 921 3146 976 caelesti
3185 934 3384 990 quoque
3440 916 3627 985 gloria

2031 1024 2278 1077 veraciter
2295 1025 2363 1076 sit
2389 1021 2650 1076 sublimis.
2684 1021 2749 1074 Et
2775 1019 2881 1073 huc
2912 1015 3167 1071 tendebat
3225 1024 3448 1082 quoque
3487 1025 3620 1062 aca-

2031 1117 2135 1180 cia,
2177 1131 2339 1185 quam
2366 1115 2666 1185 imperator
2687 1113 2858 1167 altera
2893 1125 3055 1164 manu
3082 1107 3225 1162 ferre
3244 1103 3488 1165 solebat,
3554 1101 3624 1154 de

2031 1221 2138 1276 qua
2169 1206 2280 1276 jam
2305 1209 2505 1276 saepius
2532 1205 2765 1261 dictum.
2789 1203 2888 1259 Est
2911 1211 3090 1256 autem
3151 1197 3339 1253 akacia
3365 1195 3432 1248 ad
3500 1209 3626 1246 ver-

2031 1298 2158 1352 bum
2185 1299 2508 1362 innocentia,
2540 1307 2595 1352 et
2620 1297 2851 1352 Aeacius
2877 1294 3244 1355 Innocentius,
3275 1297 3338 1344 ut
3366 1302 3474 1344 suo
3495 1287 3625 1341 loco

2031 1390 2364 1445 notavimus.
2395 1389 2602 1475 (ἷκε-ξε.

2594 1480 2823 1537 CAPUT
2883 1479 3028 1534 XIII.

2035 1593 2438 1650 Observationes
2484 1605 2533 1649 et
2582 1596 2962 1663 explicationes
3014 1595 3069 1647 in
3129 1609 3179 1648 c.
3228 1591 3383 1663 I8_et
3429 1592 3521 1657 I9,
3554 1591 3620 1646 de

2101 1667 2439 1720 coronatione
2465 1661 2716 1735 despotic,
2746 1665 3181 1719 sebastocratoris
3207 1675 3254 1718 et
3283 1661 3546 1718 Ctesaris.

2103 1757 2164 1813 P.
2197 1759 2319 1812 I00.
2355 1757 2466 1829 [Τὰ
2491 1757 2698 1815 οἰκεῖα.
2727 1758 3128 1829 Dignoscuntur
3147 1770 3196 1812 c.
3223 1755 3257 1809 4
3287 1753 3456 1824 hujus
3479 1769 3617 1824 Ope-

2031 1849 2131 1904 ris.
2156 1849 2355 1922 ϐολὴ]

355 1934 434 1978 set
467 1927 765 1996 artiﬁcibus
787 1941 844 1984 ut
877 1946 1126 1984 coronam
1157 1942 1207 1984 et
1229 1932 1353 1986 aliis
1383 1943 1438 1986 ut
1465 1934 1578 1987 alia
1612 1935 1682 1988 ad
1705 1915 1820 1988 eain
1849 1951 1932 1988 ce-
1963 1915 2006 1972 Β
2102 1939 2246 1996 Ibid.
2289 1915 2538 1994 Ai6oléa
2588 1939 2827 2005 πέδιλα,
2873 1939 3104 2008 duplicis
3149 1939 3344 1993 coloris
3396 1941 3616 1992 calcea-

355 2018 656 2074 lebritatem
677 2023 1147 2094 cteremoniamque
1180 2027 1574 2080 accommodata
1593 2027 1927 2095 conﬁcerent,

356 2110 559 2174 parntis
592 2111 832 2165 erunibus
873 2111 1130 2167 aLazaro
1181 2116 1490 2183 patriarcha
1548 2115 1930 2186 Hierosolymi-

355 2210 501 2265 tano,
535 2219 708 2256 mense
761 2202 929 2270 Maio,
987 2207 1199 2276 quando
1252 2207 1587 2262 Constantini
1641 2207 1826 2278 Magni
1877 2219 1930 2264 et

357 2291 572 2347 IIeleme
597 2295 784 2350 matris
807 2297 942 2365 ejus,
975 2299 1233 2366 apostolis
1262 2303 1768 2363 comparandorum,
1820 2319 1928 2356 nte-

360 2384 528 2436 moria
552 2385 766 2454 colitur,
809 2403 1002 2442 corona
1034 2391 1296 2446 induitur.
1367 2390 1600 2448 Coronat
1656 2403 1835 2448 autem
1880 2405 1926 2449 et

357 2477 488 2544 ipse,
514 2486 570 2530 ut
599 2495 710 2532 mos
741 2481 971 2545 tenebat,
991 2481 1180 2537 Ireneu
1205 2484 1478 2554 conjugem
1500 2502 1652 2540 suam
1682 2503 1702 2551 ;
1725 2487 1930 2540 omnia—

358 2588 458 2637 que
482 2573 654 2627 solitis
673 2576 881 2640 ritibus,
907 2594 1064 2646 quam
1096 2581 1325 2633 maxime
1352 2581 1471 2650 ﬁeri
1496 2583 1688 2650 potuit,
1708 2593 1924 2651 peracta

357 2673 500 2717 sunt.
537 2663 681 2717 Nam
700 2676 750 2719 et
780 2678 1024 2736 argentea
1052 2678 1207 2738 atque
1236 2685 1394 2723 aurea
1416 2672 1739 2725 numismata
1775 2689 1928 2740 spar—

357 2751 633 2819 gebunlur,
689 2757 925 2809 convivia
991 2757 1400 2827 poculorumque
1453 2760 1794 2815 incitationes
1856 2763 1926 2815 ad

355 2845 466 2897 dies
489 2845 747 2913 plurimos
775 2847 1266 2922 frequentabantur.
1325 2848 1506 2903 Tertio
1525 2850 1743 2905 demum
1766 2867 1928 2907 coro-

357 2945 522 2991 natus
551 2948 634 2992 est
664 2939 813 3009 Cpoli
838 2940 890 2994 iu
914 2939 1232 2995 Blacbernis
1253 2939 1498 3012 Deiparae
1533 2943 1758 3013 virginis
1789 2956 1926 2999 tem-

359 3027 472 3096 plo,
494 3038 657 3097 prout
682 3029 797 3097 ipse
830 3030 951 3086 fuse
984 3031 1210 3100 exponit
1243 3047 1318 3098 tv,
1351 3032 1406 3086 4.

429 3117 509 3170 Ad
542 3117 702 3172 finem
727 3119 890 3190 hujus
917 3122 1114 3190 capitis
1139 3121 1206 3177 de
1230 3124 1589 3179 coronatione
1627 3124 1926 3206 imperato-

2030 2041 2229 2086 menta.
2254 2031 2351 2088 Vel
2374 2033 2500 2090 hinc
2523 2042 2748 2102 apparet
2765 2032 3090 2088 vocabulum
3117 2031 3330 2085 δισολέα
3356 2039 3617 2100 spectare

2029 2124 2095 2178 ad
2119 2124 2392 2194 duplicem
2451 2125 2708 2178 colorem.
2752 2123 2900 2195 (llam
2922 2139 2971 2179 c.
3023 2123 3076 2177 '5.
3117 2121 3312 2189 Gesn.)
3372 2122 3449 2176 Ex
3485 2136 3617 2178 voce

2035 2216 2229 2269 πέδιλα
2281 2229 2466 2272 natum
2523 2227 2606 2273 est
2657 2215 2959 2281 πεδούλιον,
3021 2225 3078 2270 et
3128 2214 3336 2270 Latinis
3390 2228 3617 2283 quoque

2027 2307 2256 2376 pedulis.
2316 2309 2584 2378 lnterpres
2605 2306 2884 2362 Iuvenalis
2913 2307 3031 2361 Sat.
3069 2322 3087 2361 1
3120 2323 3134 2360 :
3168 2303 3396 2360 Pedules
3449 2320 3613 2358 novos

2028 2399 2084 2451 in
2109 2397 2333 2462 braccis,
2369 2415 2496 2469 quos
2529 2397 2783 2466 pedornes
2811 2397 3017 2451 dicunt.
3048 2396 3248 2454 Gaure.

2096 2488 2236 2542 Ibid.
2267 2487 2680 2560 [Ὑπόψηςοον.
2717 2489 2938 2560 Proprie
2959 2488 3051 2558 qhi
3072 2489 3138 2544 ad
3165 2486 3385 2557 aliquod
3411 2501 3614 2540 munus

2027 2581 2221 2636 electus
2255 2591 2338 2638 est
2368 2591 2421 2638 et
2449 2585 2755 2654 deputatus,
2793 2583 3036 2638 nondum
3068 2591 3251 2636 tamen
3288 2582 3612 2651 impositum

2030 2675 2199 2732 habet
2241 2675 2324 2728 vel
2359 2691 2389 2730 a
2424 2677 2708 2744 superiore
2756 2675 3140 2731 commissum.
3167 2671 3261 2728 Sic
3297 2673 3514 2728 electus
3542 2672 3611 2726 ad

2029 2766 2433 2836 episcopatum,
2484 2767 2727 2821 nondum
2750 2776 2928 2821 tamen
2963 2767 3268 2829 ordinatus,
3301 2764 3614 2835 ὑπόψηφος

2026 2867 2130 2914 est.
2199 2860 2603 2931 Eucbologium
2653 2878 2668 2917 :
2703 2861 3089 2932 Προσφέρεται
3122 2861 3150 2912 ὁ
3179 2859 3494 2928 beati/ﬂcio;
3518 2857 3610 2929 (ita

2029 2951 2178 3021 legit)
2215 2951 2323 3004 ὑπὸ
2354 2952 2461 3005 τῶν
2490 2953 2769 3022 κληρικῶν
2796 2952 2984 3012 αὑτοῦ.
3024 2962 3083 3006 ut
3111 2961 3495 3007 consecretur.

2086 3042 2218 3100 Ibid.
2242 3042 2625 3116 [Ἀσπάζεται
2640 3045 2816 3099 πόδα.
2835 3045 2964 3111 Vide
2981 3045 3125 3100 dicta
3147 3045 3200 3099 in
3214 3053 3343 3099 nota
3361 3043 3430 3098 ad
3450 3059 3505 3114 p.
3519 3043 3606 3098 92.

2081 3135 2220 3192 Ibid.
2251 3134 2554 3208 [Καμάρας
2575 3137 2795 3207 μικρὰς
2823 3136 3148 3206 τέσσαρας.
3179 3137 3430 3206 Despotaa
3453 3150 3609 3191 coro-

354 3209 433 3264 ris
469 3212 653 3309 accipe
674 3227 736 3266 ex
768 3211 925 3309 Petro
962 3212 1224 3309 Damiano
1258 3216 1294 3271 Ι.
1333 3233 1372 3284 t,
1400 3232 1486 3288 ep.
1516 3219 1602 3284 17,
1629 3219 1775 3276 hunc
1820 3237 1928 3276 mo-
1957 3252 1998 3309 ε
2031 3242 2098 3280 na
2137 3227 2286 3282 solus
2325 3229 2562 3284 circulus
2595 3237 2679 3284 est
2713 3228 2946 3284 frontem
2995 3228 3276 3294 ambiens,
3310 3243 3474 3298 quem
3516 3241 3609 3295 ge-

355 3318 469 3356 rem
502 3304 555 3358 in
588 3305 948 3361 coronatione
987 3305 1268 3362 observari
1305 3319 1652 3378 consuetum,
1677 3325 1839 3381 quem
1896 3327 1926 3366 a

353 3396 565 3451 (Iodino
593 3399 857 3453 omissum
893 3398 1143 3462 mirarer,
1179 3400 1283 3455 nisi
1331 3402 1533 3457 scirem
1564 3404 1613 3458 ei
1649 3419 1755 3459 non
1791 3403 1929 3459 fuis-

355 3506 416 3544 se
449 3492 788 3560 propositum
821 3491 1002 3544 omnia
1023 3491 1075 3544 in
1120 3491 1333 3549 litteras
1385 3494 1614 3550 referre.
1657 3494 1734 3550 Ita
1795 3512 1928 3568 ergo

359 3584 654 3639 Ilatn'iauus
695 3602 708 3639 :
734 3584 889 3653 Apud
906 3582 1116 3639 Graecos
1137 3586 1247 3640 haec
1279 3591 1442 3642 teneri
1462 3588 1784 3642 consuetudo
1807 3606 1930 3659 per-

355 3679 582 3741 hibetur,
612 3689 665 3731 ut
689 3694 805 3731 cum
839 3679 1128 3747 imperator
1157 3676 1276 3750 quis
1314 3681 1370 3734 in
1391 3681 1655 3752 dignitate
1694 3694 1928 3752 creatur,

355 3787 480 3827 mox
506 3782 561 3825 ut
598 3771 966 3842 imperialibus
991 3772 1154 3842 fuerit
1182 3774 1369 3843 infulis
1396 3776 1692 3841 redimitus,
1724 3793 1932 3834 corona:

356 3866 515 3919 simul
541 3881 604 3918 ac
633 3866 824 3933 sceptri
859 3865 1033 3935 gloria
1063 3863 1360 3933 decoratus,
1395 3882 1511 3920 cum
1541 3868 1765 3938 denique
1809 3887 1932 3938 pro.

359 3975 535 4012 rerum
566 3959 797 4012 uallatur
814 3957 1094 4028 obsequiis,
1129 3976 1248 4013 cum
1279 3961 1542 4030 excipitur
1606 3964 1932 4018 modulanti-

359 4053 452 4107 bus
473 4053 810 4123 psallentium
835 4053 1030 4117 choris,
1051 4053 1266 4122 quidam
1285 4053 1384 4106 sibi
1418 4066 1614 4124 praesto
1647 4056 1708 4124 ﬁt
1731 4056 1930 4126 obvius,

357 4147 448 4216 qui
482 4145 718 4201 videlicet
758 4162 861 4199 una
881 4161 1039 4199 manu
1073 4145 1336 4199 vasculum
1365 4146 1575 4214 plenum
1606 4159 1934 4204 mortuorum

359 4240 524 4310 369
547 4241 750 4294 ossibus
771 4255 832 4292 ac
860 4241 1160 4307 pulveribus
1183 4239 1398 4307 offerat,
1427 4242 1480 4293 in
1501 4241 1613 4295 alia
1643 4258 1759 4296 vero
1794 4229 1937 4311 stup;

360 4347 483 4397 pam
507 4331 605 4383 lini
632 4329 896 4383 subtiliter
917 4346 1106 4397 pexam
1137 4347 1199 4383 ac
1228 4331 1352 4400 pilis
1382 4332 1671 4399 pensilibus
1705 4334 1938 4389 molliter

361 4423 688 4486 demolitam,
727 4424 812 4475 cui
837 4422 1086 4490 protinus
1116 4423 1253 4491 ignis
1290 4423 1590 4490 adhibetur,
1623 4434 1672 4479 et
1731 4437 1940 4495 repente

363 4517 419 4570 in
446 4519 554 4568 ictu
585 4514 725 4567 oculi
761 4513 985 4580 flamma
1019 4515 1192 4566 subito
1229 4524 1448 4569 rorante
1489 4519 1841 4583 consumitur,
1881 4528 1936 4572 ut

2033 3319 2169 3372 mini
2229 3319 2516 3390 hemicycli
2564 3335 2799 3390 superne
2825 3321 2878 3374 in
2908 3333 3130 3376 crucem
3189 3319 3294 3374 acti
3317 3328 3607 3375 exornant.

2032 3408 2209 3466 Radix
2263 3397 2536 3468 unius'in
2593 3412 2774 3469 fronte
2827 3420 2913 3468 est
2957 3413 3086 3469 etin
3128 3412 3382 3482 occipito,
3439 3425 3606 3488 supra

2032 3510 2323 3573 utramque
2393 3517 2581 3558 aurem
2635 3501 2915 3558 alterius:
2954 3501 3028 3557 ita
3092 3513 3332 3572 quatuor
3363 3500 3601 3555 fornices

2029 3599 2368 3662 exsurgunt:
2396 3591 2622 3662 καμάρα
2647 3591 2790 3646 enim
2816 3589 3111 3661 hemicycli
3139 3605 3264 3660 pars
3291 3598 3374 3646 est
3410 3590 3603 3644 media.

2034 3683 2249 3755 Imperii
2302 3683 2648 3740 Francorum
2690 3672 2981 3740 successor
3028 3683 3324 3754 delphinus
3349 3695 3604 3738 coronam

2033 3785 2206 3848 gestat
2261 3777 2471 3832 duobus
2515 3776 2823 3833 istiusmodi
2881 3775 3208 3847 ltemicyclis
3277 3774 3333 3829 in
3386 3787 3603 3829 crucem

2035 3869 2364 3926 transversis
2403 3869 2671 3941 insignem
2729 3878 2783 3924 et
2803 3867 3063 3937 καμάρας
3098 3865 3307 3938 μικρὰς
3336 3867 3605 3934 τέσσαρας

2035 3963 2285 4035 ἔχουσαν.
2341 3960 2584 4018 Consule
2643 3959 2882 4016 Marcum
2921 3957 3244 4015 Vulsonium
3277 3960 3332 4013 in
3367 3955 3604 4012 Seicntia

2035 4055 2276 4112 heroica.

2106 4148 2269 4219 37o
2298 4147 2434 4201 Ibid.
2455 4145 2859 4220 [Ἕμπροσθεν
2884 4145 3090 4212 μόνον.
3111 4143 3402 4216 lietnicycli
3437 4143 3607 4198 nitui-

2038 4256 2160 4295 rum
2198 4249 2403 4309 partem
2450 4239 2684 4294 mediam
2718 4238 2923 4294 circulo
2995 4239 3048 4292 in
3086 4239 3267 4293 fronte
3295 4238 3606 4308 prominen-

2041 4344 2176 4389 tem.
2213 4331 2412 4404 Coum]

2114 4421 2254 4475 Ibid.
2311 4420 2854 4493 Stemmatogyrium,
2897 4435 2928 4476 a
2965 4429 3253 4477 stemmate
3301 4420 3509 4476 scilicet
3555 4426 3607 4471 et

2043 4511 2219 4582 gyris,
2273 4512 2475 4581 quibus
2499 4513 2815 4568 constabat.
2851 4510 3050 4568 Junius
3084 4521 3330 4583 ggratam
3363 4527 3602 4566 coronam

363 4610 419 4662 in
462 4609 629 4662 altero
675 4607 857 4660 debeat
908 4604 1244 4661 considerare
1287 4608 1425 4678 quod
1479 4618 1578 4673 est,
1652 4609 1706 4662 in
1772 4611 1938 4664 altero
1974 4587 2016 4642 θ
2042 4612 2212 4658 vocat.
2249 4603 2455 4660 (ἷκε-ιε.

363 4701 535 4755 valeat
629 4700 803 4754 cidere
889 4700 1030 4770 quod
1081 4700 1257 4765 liabet,
1327 4699 1381 4753 in
1442 4701 1703 4755 cineribus
1761 4704 1932 4772 siqui-

363 4794 482 4848 dem
539 4809 593 4848 se
641 4793 864 4846 cinerem
919 4792 1274 4861 recognoscit;
1327 4793 1590 4861 instuppa
1648 4793 1762 4862 jam
1823 4797 1937 4849 col-

365 4886 478 4954 ligit
503 4885 554 4939 iu
585 4885 672 4939 die
689 4884 884 4953 judicii
906 4900 1065 4954 quam
1085 4885 1255 4938 subito
1278 4885 1506 4938 mundus
1526 4887 1771 4951 ardebit;
1805 4904 1938 4959 qua-

369 4983 679 5043 tenus,dum
699 4997 751 5034 se
771 4977 932 5034 simul
962 4995 1024 5033 ac
1052 4995 1150 5032 sua
1188 4991 1296 5032 tam
1327 4996 1485 5045 vana,
1514 4990 1622 5034 tam
1651 4983 1939 5051 floccipen-

332 5072 538 5125 .denda
565 5072 884 5136 considerat,
937 5071 999 5124 de
1063 5071 1356 5138 imperialis
1409 5073 1655 5128 culminis
1721 5092 1939 5129 ascenso

367 5162 581 5232 fastigio
616 5162 918 5216 nullatenus
980 5161 1316 5228 insolescat;
1386 5173 1437 5216 et
1491 5164 1614 5217 dum
1671 5183 1941 5235 possessor

367 5256 519 5320 atque
553 5252 810 5320 possessio
857 5252 1124 5321 subjacere
1170 5255 1437 5308 communi
1486 5257 1727 5309 omnium
1793 5261 1942 5313 casui

369 5361 472 5398 non
523 5343 830 5412 ambigitur,
876 5344 993 5412 jam
1044 5345 1199 5413 quasi
1236 5344 1300 5398 de
1351 5346 1611 5416 singulari
1662 5349 1940 5418 dignitatis

369 5439 534 5506 apice,
566 5437 654 5506 qui
705 5436 774 5489 ad
823 5451 1030 5489 summa
1074 5448 1348 5504 provectus
1374 5446 1470 5500 est,
1532 5456 1636 5492 non
1707 5442 1939 5510 inflemr.

377 5530 662 5584 Pulchrum
688 5545 810 5599 ergo
846 5529 1130 5583 mundana:
1153 5530 1477 5583 conditionis
1525 5532 1762 5585 ordinem
1788 5531 1942 5585 homo

373 5627 685 5686 consideret,
719 5635 767 5678 et
790 5625 912 5677 dum
945 5623 1056 5677 suis
1089 5623 1267 5676 usibus
1301 5624 1478 5676 omnia
1505 5626 1670 5677 cernit
1694 5627 1942 5690 attribui,

376 5734 479 5772 non
517 5718 615 5770 sibi
642 5717 733 5771 sed
757 5731 850 5769 suo
881 5715 1072 5784 referat
1120 5717 1325 5784 gratias
1381 5716 1689 5781 conditori;
1746 5719 1946 5772 lenori-

376 5820 588 5865 nantem
613 5810 794 5866 mundi
816 5808 1040 5879 gloriam
1097 5809 1191 5862 sub
1216 5807 1413 5876 judicii
1441 5809 1523 5860 sui
1549 5808 1785 5862 calcibus
1855 5813 1944 5865 de-

371 5899 591 5971 primat,
619 5901 840 5956 cirorem
869 5899 1046 5957 carnis
1076 5897 1283 5954 aridum
1305 5895 1422 5967 jam
1451 5897 1710 5966 pulverem
1739 5900 1941 5969 credat,

2113 4694 2250 4750 Ibid.
2289 4693 2623 4766 [Coronarite
2657 4696 2900 4766 cujusvis
2935 4695 3201 4752 machinae
3229 4696 3466 4752 circulus
3496 4695 3606 4766 pla-

2037 4802 2141 4842 nus
2169 4789 2308 4843 solet
2347 4804 2468 4844 esse
2497 4790 2668 4856 basis,
2697 4805 2818 4860 quae
2847 4790 3049 4856 κύκλος
3076 4791 3160 4845 vel
3191 4791 3361 4861 γῦρος
3400 4804 3607 4845 nuncu-

2037 4885 2236 4951 panda.
2264 4883 2518 4938 Circulos
2545 4885 2637 4939 ille
2670 4887 2860 4940 eodem
2897 4901 3060 4955 opere
3097 4885 3601 4956 conﬂatus,parque

2039 4975 2434 5042 conspiciendo
2469 4975 2524 5029 in
2553 4975 2898 5045 imperatoris
2931 4977 3264 5047 praecl‘ariori
3303 4987 3600 5036 stemmate,

2041 5065 2521 5136 στεμματογύριον
2555 5075 2658 5133 est,
2685 5066 2843 5136 quasi
2870 5067 3076 5130 nudus,
3114 5067 3234 5122 solo
3268 5064 3604 5121 semifornice

2041 5154 2323 5224 adjuncto,
2377 5159 2680 5212 stemmatis
2711 5157 2953 5212 circulus
2987 5178 3001 5214 :
3031 5159 3251 5228 στέμμα
3274 5173 3399 5212 vero
3426 5156 3602 5228 prteri-

2041 5263 2206 5317 puum
2232 5259 2316 5301 est
2344 5249 2692 5319 imperatoris
2719 5250 2952 5318 insigne.
2987 5248 3162 5304 Infera
3187 5249 3305 5319 ejus
3329 5263 3421 5301 ora
3455 5261 3604 5312 στεμ-

2045 5342 2363 5411 ματογυριῳ
2395 5343 2646 5396 vallatur.
2681 5342 2844 5397 Parte
2909 5342 3070 5396 fronti
3116 5343 3455 5411 superposita
3489 5353 3602 5410 ger-

2043 5431 2256 5485 minant
2313 5433 2643 5488 semicirculi
2681 5434 2810 5495 duo,
2855 5435 2907 5487 in
2965 5433 3070 5487 ima
3123 5449 3286 5502 quam
3317 5434 3368 5487 in
3418 5443 3600 5497 supera

2046 5533 2217 5592 parte,
2247 5538 2351 5592 qua
2384 5524 2661 5578 declinant
2692 5526 2759 5580 ad
2792 5524 2955 5590 latus,
2984 5525 3412 5594 coniunctiores.
3436 5525 3600 5590 Στεμο

2048 5617 2387 5688 ματογύριον
2442 5633 2597 5689 mque
2655 5633 2720 5672 ac
2768 5619 3141 5688 prominentes
3196 5617 3518 5673 semicirculi
3541 5627 3599 5665 cs

2045 5709 2264 5763 metallo
2293 5711 2584 5780 fabrilique
2616 5727 2785 5782 opere
2816 5712 3074 5768 videntur
3100 5711 3373 5779 confecti;
3405 5715 3602 5765 velant-

2045 5819 2152 5872 que
2199 5803 2424 5871 pilcum,
2469 5815 2524 5858 at
2573 5821 2682 5859 non
2725 5820 2893 5876 supra
2951 5820 3137 5869 aures,
3194 5805 3279 5859 vel
3302 5805 3473 5876 spatio
3501 5810 3599 5869 quo

2047 5900 2319 5957 dissident
2371 5901 2440 5958 ab
2469 5901 2725 5972 invicem,
2759 5903 2850 5960 ubi
2888 5902 3084 5974 pilcus,
3114 5902 3253 5976 sicut
3278 5910 3332 5960 et
3361 5899 3458 5972 ipsi
3485 5906 3600 5956 cum
