3852 6742
290 465 402 529 όί5
1388 469 1472 532 ΙΝ
1514 467 1810 532 LIBRUM
1853 465 1881 527 Ι

1997 468 2318 532 DFFICIIS
2351 469 2438 531 ΟΡ

293 583 730 653 κεχειροτόνητο.
761 580 862 639 Ubi
895 583 1036 640 male
1064 585 1336 652 interpres
1367 583 1639 641 Wolﬁus:
1671 585 1710 640 Α
1747 582 1862 638 ϐω·
1895 585 1934 642 Δ

292 671 522 725 sariensi
537 671 778 740 episcopo
793 672 1006 726 electus.
1029 671 1145 727 Non
1175 671 1389 740 electus,
1413 675 1508 730 sed
1529 683 1864 728 consecratus

293 773 407 826 est;
430 763 544 831 jam
564 773 722 818 antea
750 765 894 818 enim
923 765 1338 830 fuerateleetus,
1359 766 1454 820 καὶ
1479 764 1864 837 προεχειρίσθη

295 857 642 927 πατριάρχης
687 858 1026 923 Πολύευκτος
1061 862 1312 930 μοναχός.
1347 859 1483 915 Male
1517 861 1680 912 etiam
1729 858 1870 913 Cru-

293 949 410 1003 sius
445 948 498 1001 in
543 950 768 1004 historia
819 952 1184 1020 patriarrhica
1232 950 1450 1018 Malaxi,
1501 951 1539 1006 Ι.
1580 968 1617 1006 ιι
1657 950 1870 1004 Turca-

296 1039 538 1104 Graecite,
565 1055 619 1110 p.
643 1042 734 1095 151
763 1058 778 1095 :
815 1042 1260 1113 Ἐχειροτόνησεν
1283 1043 1448 1096 αὑτὸν
1473 1045 1500 1096 6
1534 1040 1866 1111 Ἡρακλείας

295 1132 663 1203 πατριάρχην.
702 1132 1006 1188 Declaravit
1036 1136 1208 1204 ipsum
1241 1134 1606 1189 Heracleensis
1630 1135 1866 1203 patriar-

297 1224 473 1289 cham;
501 1226 611 1278 into
647 1227 996 1290 consecrarit,
1023 1226 1312 1288 ordinavit,
1337 1227 1594 1280 initiavit.
1636 1224 1868 1279 Pulchre

297 1313 538 1369 Zonaras
563 1317 627 1368 ad
652 1332 774 1370 can.
811 1318 834 1369 1
866 1316 1055 1386 Apost.
1107 1333 1121 1370 :
1154 1317 1266 1370 Νῦν
1296 1317 1393 1387 μὲν
1424 1317 1729 1387 χειροτονία
1765 1333 1867 1369 κα-

296 1409 470 1462 λεῖται
512 1410 674 1478 ήτῆς
735 1409 1119 1480 καθιερώσεως
1149 1409 1242 1462 τοῦ
1308 1411 1560 1478 ἱερᾶσθαι
1611 1408 1866 1476 λαχόντος

296 1501 678 1570 τελεσιουργξα
707 1501 815 1554 τῶν
865 1502 1043 1571 εὐχῶν
1078 1503 1175 1556 καὶ
1207 1502 1300 1555 τοῦ
1338 1503 1498 1569 ἁγίου
1547 1500 1868 1569 [ῐνεύματος

297 1590 588 1662 ἐπίκλησις
613 1592 721 1644 ἀπὸ
749 1590 841 1646 τοῦ
875 1596 967 1645 τὸν
996 1593 1258 1665 ἀρχιερέα
1305 1594 1501 1646 τείνειν
1554 1591 1653 1663 τὴν
1708 1594 1866 1662 χεῖρα

297 1683 626 1750 εὐλογοῦντα
645 1686 744 1738 τὸν
779 1686 1278 1757 χειροτονούμενονο
1319 1686 1488 1740 πάλαι
1518 1686 1575 1739 δὲ
1601 1688 1696 1740 καὶ
1729 1685 1881 1758 αὑτὴ·

299 1774 333 1842 ἢ
354 1772 532 1843 ψῆφος
554 1776 861 1844 χειροτονία
900 1775 1206 1847 ὠνόμαστο.
1233 1836 1254 1844 Α

368 1863 529 1918 Errat
561 1867 756 1920 iterum
782 1866 977 1922 Junius
1001 1884 1123 1922 cum
1155 1869 1313 1923 verba
1347 1871 1470 1935 ista,
1501 1871 1558 1923 ἐν
1581 1869 1638 1924 δὲ
1669 1869 1746 1940 τῷ
1769 1870 1866 1939 τῆς
1900 1915 1942 1968 Β

297 1955 465 2009 αὐτοῦ
493 1957 828 2027 χειρπονὲας
850 1961 1027 2030 καιρῷ
1053 1961 1270 2030 ἔρχεται
1305 1961 1404 2031 μὲν
1433 1963 1461 2013 6
1496 1961 1755 2032 βασιλεὺς
1789 1964 1869 2027 είς

295 2048 398 2117 τὴν
420 2048 584 2115 ἁγίαν
604 2050 826 2118 Σοφίαν,
857 2067 1008 2106 more
1025 2052 1346 2108 Calviniauo
1376 2055 1665 2124 detorquet
1693 2055 1750 2109 in
1776 2069 1868 2109 so-

298 2138 405 2192 lam
431 2139 620 2209 (Veluti
677 2143 916 2198 ministri
971 2145 1224 2214 alicujus)
1281 2147 1738 2216 designationem,
1795 2147 1867 2200 ita

297 2243 547 2290 vertens:
586 2237 704 2300 Quo
730 2248 904 2290 autem
932 2238 1200 2307 eligendus
1240 2249 1317 2293 est
1351 2251 1598 2310 tempore.
1649 2239 1871 2294 Minime

297 2341 452 2390 vero,
487 2328 579 2381 sed
609 2343 718 2397 quo
743 2339 988 2402 tempore
1043 2330 1371 2384 ordinandus
1397 2341 1447 2385 et
1484 2333 1870 2386 consecrandus

301 2425 385 2470 est
415 2419 723 2485 patriarcha
749 2437 764 2484 ;
789 2403 888 2476 seu
948 2431 1200 2490 tempore
1227 2422 1582 2476 ordinationis
1612 2433 1662 2477 et
1693 2440 1873 2477 conse-

301 2509 553 2564 crationis
584 2523 874 2580 appetente,
911 2517 1046 2568 venit
1076 2517 1364 2585 imperator
1395 2517 1465 2570 ad
1489 2514 1740 2572 Sanctam
1773 2516 1871 2572 So-

299 2601 500 2668 phiam.
525 2601 724 2658 Csars.

374 2691 435 2747 P.
470 2695 594 2749 102.
628 2696 1065 2764 Cantacuzenus,
1094 2716 1168 2766 tv,
1196 2700 1285 2754 '57.
1324 2699 1514 2754 Divina
1545 2699 1603 2756 S.
1637 2699 1876 2772 Spiritus

301 2787 479 2854 gratia
499 2791 775 2853 invocata,
808 2801 911 2844 tres
935 2793 992 2844 in
1021 2793 1390 2859 patriar-cltum
1439 2793 1659 2864 eligunt,
1693 2795 1878 2848 Philo-

301 2877 475 2930 tlteum
500 2879 796 2943 Heraclea,
827 2879 1127 2935 Macarium
1161 2875 1548 2952 Philadelphia?
1584 2885 1874 2953 episcOpos,

301 2977 352 3019 et
383 2970 651 3034 privatum
676 2972 848 3026 adhuc
876 2972 1154 3027 Nicolaum
1191 2973 1530 3041 Cabasilam;
1560 2975 1874 3028 electarum-

300 3076 402 3128 que
435 3063 650 3116 nomina
679 3064 986 3132 imperatori
1007 3067 1227 3136 scripta
1276 3068 1513 3133 mittunt,
1572 3068 1664 3136 qui
1701 3066 1879 3121 Philo-

303 3154 481 3206 theum
514 3156 740 3220 maluit;
767 3157 881 3210 etis
903 3174 1006 3212 non
1035 3157 1128 3210 diu
1179 3169 1316 3225 post,
1351 3159 1608 3227 legitimis
1633 3158 1894 3212 omnibus

301 3245 542 3305 servatis,
568 3247 878 3311 patriarcha
902 3256 1232 3302 consecratus
1256 3243 1528 3302 ecclesiam
1559 3248 1872 3320 aliquandiu
1901 3244 1946 3308 C

303 3333 718 3389 administravit.
745 3333 886 3390 Olim
907 3336 1215 3404 imperator
1251 3339 1511 3392 arbitratu
1546 3352 1666 3402 suo,
1701 3338 1875 3401 solus,

302 3428 420 3482 sine
444 3428 828 3498 episcoporum
875 3428 1170 3498 sutiragiis,
1228 3431 1595 3498 patriarcham
1626 3430 1878 3500 designa-

303 3519 424 3586 bat;
455 3520 596 3588 quod
639 3529 830 3574 contra
862 3521 1336 3577 cauonesfactum
1358 3523 1706 3577 esse'l'alctur
1734 3522 1880 3579 Can-

306 3621 626 3676 taenzenus.
655 3627 728 3676 tv,
765 3611 856 3677 37,
883 3613 974 3667 ubi
1007 3613 1280 3684 episcopis
1317 3618 1643 3683 potestatem
1671 3614 1798 3668 facit
1824 3623 1881 3668 ut

304 3720 456 3758 more
482 3704 648 3758 veteri
669 3712 784 3760 tres
803 3705 1106 3770 nominent,
1168 3721 1234 3759 ex
1294 3706 1494 3775 quibus
1528 3707 1644 3776 ipse
1694 3717 1879 3776 postea

304 3808 429 3848 enm
451 3795 544 3864 qui
573 3795 1022 3867 magisarriserit
1052 3797 1264 3852 ceteris
1291 3799 1621 3866 praeferant

379 3885 666 3956 Postquam
699 3887 869 3943 Grasci
905 3903 935 3944 a
975 3890 1359 3944 communione
1391 3890 1534 3946 sedis
1563 3892 1882 3962 apostolicae

303 3979 549 4048 sejuncti‘
580 3994 797 4035 omnem
835 3990 1183 4050 potestatem,
1221 3983 1387 4037 etiam
1427 3984 1878 4048 ecclesiasticam,

305 4070 360 4122 in
391 4086 522 4126 suos
558 4072 947 4140 imperatores-
975 4075 1397 4136 transtulerunt,
1435 4089 1541 4129 non
1591 4074 1885 4130 defuerunt

303 4172 452 4216 certe
480 4164 838 4231 imperatores
860 4167 1110 4235 partibus
1138 4167 1242 4222 sibi
1269 4166 1488 4232 delatis,
1529 4167 1622 4221 sed
1652 4183 1760 4236 qua
1785 4182 1886 4236 po-

265 4275 268 4278 ~
307 4260 502 4306 testate
524 4256 864 4322 patriarchas
893 4258 1400 4325 ponebant,cadem
1432 4258 1653 4312 eosdem
1685 4259 1883 4313 iterum

302 4344 673 4412 ιιιιροιιοιιειιιι.
698 4355 760 4401 et
817 4349 862 4402 si
918 4349 1135 4412 liberet,
1196 4349 1477 4418 depositos
1519 4351 1883 4418 reponebam.

304 4439 500 4492 Omnia
530 4439 918 4494 historicorum
951 4442 1230 4495 volumina
1260 4442 1416 4510 plena
1438 4451 1568 4495 sunt
1598 4443 1884 4511 exemplis,

3455 463 3580 528 Κἲῆ

1971 586 2194 655 accepit,
2219 597 2266 640 et
2291 584 2706 657 patriarclticam
2737 579 3003 638 ibi‘sedem
3026 581 3333 646 collocavit,
3384 590 3462 634 ut
3495 589 3594 635 est

1969 678 2024 732 in
2057 679 2284 736 histOria
2317 677 2594 746 political.
2632 692 2649 732 ι
2683 674 3068 732 Τιιιδοοιϐιαιθ.
3107 691 3161 746 p.
3190 675 3273 730 l5.
3346 674 3593 730 Verum

1971 771 2083 825 haec
2106 765 2483 832 benevolentia
2516 774 2859 824 sultanorum
2885 769 2936 821 in
2957 766 3294 836 patriarchas
3317 780 3456 820 non
3482 763 3592 818 diu

1968 863 2203 918 duravit.
2235 861 2368 916 Nam
2400 862 2503 916 sub
2525 861 2632 916 isto
2685 861 2804 929 ipso
2854 857 3163 912 Mahomete
3212 855 3596 926 patriarcha:

1969 969 2164 1010 navent
2191 955 2544 1018 exstiterunt,
2563 961 2617 1005 et
2636 957 2832 1021 prieter
2854 949 3222 1014 Gennadium,
3258 949 3362 1018 qui
3393 959 3596 1015 spon-

1969 1059 2019 1102 te
2045 1048 2230 1111 ccssit,
2266 1047 2357 1102 vix
2381 1046 2524 1100 ullus
2555 1044 2658 1098 fuit
2681 1058 2844 1113 quem
2886 1041 3444 1113 calumniatores_'de
3481 1052 3591 1093 so-

1970 1133 2042 1188 lio
2068 1136 2172 1188 non
2199 1109 2497 1204 dejecerint
2525 1132 2610 1186 vel
2642 1109 3009 1201 dejiciendum
3057 1145 3152 1200 per
3175 1109 3392 1185 Bassus
3423 1129 3590 1182 Tur-

1969 1227 2116 1281 cieos
2162 1227 2428 1290 curarint,
2480 1225 2794 1280 introducto
2836 1224 2998 1278 etiam
3027 1224 3262 1278 duorum
3301 1221 3589 1276 millium

1968 1316 2301 1374 ﬂoreuorum
2355 1318 2602 1380 bescesio,
2660 1317 2806 1387 quod
2854 1315 3162 1384 patriarcha
3202 1328 3416 1369 recens
3465 1312 3589 1366 ele-

1970 1420 2092 1465 ctus
2127 1410 2418 1480 pendebat,
2459 1418 2514 1464 et
2539 1424 2721 1464 annuo
2767 1407 2975 1463 tributo
3016 1407 3238 1462 totidem
3281 1405 3588 1469 millium,

1970 1504 2055 1556 cui
2079 1504 2325 1556 charazio
2349 1517 2544 1556 nomen
2571 1511 2709 1556 erat.

2043 1595 2236 1650 Postea
2268 1595 2430 1649 etiam
2488 1608 2662 1662 usque
2687 1593 2753 1646 ad
2800 1592 2916 1647 hazc
2947 1599 3135 1646 nostra
3171 1600 3438 1661 tempora
3473 1588 3582 1642 vix

1973 1705 2212 1760 unquam
2237 1704 2343 1758 pax
2383 1687 2752 1744 schismaticis
2773 1701 2899 1741 cum
2931 1685 3281 1742 schismatico
3306 1682 3584 1753 patriar-

1971 1783 2075 1836 cha
2103 1781 2224 1836 fuit.
2259 1779 2485 1850 Semper
2509 1778 2957 1848 suppullularunt
2978 1776 3368 1832 aemulationes
3421 1771 3584 1828 invi-

1972 1874 2075 1928 dia:
2104 1882 2155 1926 et
2179 1873 2408 1930 occulta:
2439 1871 2707 1925 machinae
2723 1870 2789 1926 ad
2816 1870 2981 1938 hujus
3009 1869 3094 1923 vel
3121 1869 3266 1924 illius
3286 1865 3583 1929 exitium;

1973 1975 2033 2020 ut
2065 1963 2200 2018 mihi
2227 1962 2478 2017 videatur
2509 1977 2620 2017 non
2641 1962 2760 2018 sine
2785 1962 3018 2017 consilio
3037 1961 3225 2016 divino
3255 1960 3412 2014 edita
3442 1973 3586 2013 esse

1973 2055 2027 2108 in
2056 2051 2488 2107 Turco-Grmcia
2525 2051 2757 2106 historia
2788 2050 3014 2122 politica
3069 2058 3126 2104 et
3176 2048 3588 2104 ecclesiastica

1972 2162 2067 2201 seu
2103 2145 2463 2217 patriarcbica
2495 2159 2686 2200 rerum
2711 2143 3145 2214 Cpolitanarum,
3190 2156 3256 2197 ex
3287 2157 3405 2212 qua
3443 2155 3585 2210 pero

1971 2237 2160 2307 spicue
2193 2236 2371 2291 elucet
2402 2230 2782 2292 schismaticos
2813 2249 2924 2290 non
2947 2235 3112 2290 modo
3137 2249 3262 2289 cum
3289 2245 3582 2302 supremo

1973 2329 2254 2385 catholicae
2281 2329 2536 2384 Ecclesiae
2553 2327 2728 2398 capite
2757 2343 2854 2399 per
2871 2327 3193 2382 charitatem
3228 2325 3590 2394 conjunctos

1973 2437 2080 2475 non
2106 2436 2251 2485 esse,
2280 2421 2423 2491 quod
2449 2435 2543 2490 per
2577 2435 2636 2475 se
2665 2419 2857 2486 liquet,
2899 2417 2994 2474 sed
3018 2433 3119 2473 nec
3150 2419 3291 2472 inter
3314 2432 3402 2483 se,
3431 2430 3574 2470 cum

1974 2513 2074 2568 sub
2097 2513 2417 2582 gravissima
2448 2511 2746 2567 inﬁdelium
2769 2512 3030 2566 servitute
3061 2521 3252 2565 mutuo
3293 2524 3424 2565 sese
3464 2507 3579 2562 mi—

1974 2603 2049 2658 ris
2076 2603 2346 2659 cuniculis
2381 2586 2748 2668 infestent,l,et
2789 2601 2955 2656 modo
2995 2603 3139 2655 hunc
3195 2600 3362 2655 modo
3396 2599 3575 2653 illum

1976 2697 2030 2750 in
2059 2695 2474 2765 patriarchalem
2494 2695 2751 2750 thronum
2771 2693 3016 2750 Turcaru
3029 2709 3078 2747 ιιι
3105 2710 3206 2764 ope
3236 2693 3570 2749 sublevem.

1976 2787 2134 2843 Valet
2162 2789 2416 2844 nimirum
2450 2789 2539 2843 hic
2568 2789 2734 2843 illud:
2771 2787 2877 2854 Qui
2903 2795 3048 2858 pote,
3079 2788 3201 2856 plus
3234 2795 3416 2857 urget.

2045 2879 2346 2948 Phranzes,
2373 2879 2656 2944 Chronici,
2678 2895 2764 2945 ttt,
2787 2878 2873 2942 l9,
2898 2879 3070 2933 ferme
3100 2879 3426 2933 accuratius
3447 2887 3576 2929 mo~

1977 2988 2091 3028 rem
2127 2973 2436 3028 declarandi
2479 2972 2847 3042 patriarcham
2882 2972 2948 3026 ab
2981 2972 3309 3041 imperatore
3345 2970 3573 3024 desert-

1978 3066 2056 3138 bit
2076 3079 2238 3136 quam
2263 3063 2530 3120 Codinus.
2566 3063 2772 3119 Gns'rs.

2049 3159 2110 3213 P.
2147 3157 2268 3214 102.
2299 3156 2393 3230 [⁸0
2414 3157 2717 3222 ,βασιλεὺς
2756 3155 2875 3211 ἀπὸ
2933 3159 3182 3211 τούτων.
3243 3153 3325 3210 Ad
3384 3155 3559 3212 trium

1977 3253 2270 3307 electorum
2305 3252 2520 3306 tertium
2542 3251 2594 3304 in
2625 3249 2985 3319 patriarcham
3015 3250 3408 3303 nominandum
3445 3264 3558 3303 non

1983 3346 2055 3399 ita
2089 3350 2333 3420 coartata
2367 3341 2707 3412 imperatoris
2740 3341 2982 3406 libertas,
3009 3340 3142 3410 quin
3192 3334 3414 3396 omissis
3437 3341 3566 3408 epi-

1981 3451 2268 3508 scoporum
2295 3435 2567 3504 suffragiis
2597 3449 2720 3489 eum
2755 3447 2914 3503 quem
2952 3432 3130 3495 vellet,
3163 3431 3569 3488 consuetudine

1983 3528 2345 3597 permittente.
2395 3525 2676 3595 designare
2734 3522 2990 3593 potuerit.
3047 3523 3321 3577 Blastares
3371 3521 3469 3575 τοῦ
3513 3521 3565 3573 Κ

1983 3621 2270 3689 στοιχείου,
2305 3633 2354 3673 c.
2387 3615 2457 3671 32
2487 3636 2499 3671 :
2528 3616 2651 3669 Τῶν
2676 3615 2786 3686 γὰρ
2811 3615 3049 3668 κανόνων
3070 3615 3176 3668 τῶν
3216 3612 3310 3676 τὰς
3333 3612 3566 3679 sittesed-

1983 3713 2336 3787 πωνρψήφους
2360 3713 2471 3774 τοῖς
2494 3709 2957 3772 ὲπισκόποιςτοῖς
2982 3708 3251 3777 ἐπαρχίας
3279 3706 3567 3760 ἀνατιθέν-

1982 3823 2113 3874 των,
2149 3805 2372 3875 ἇρχοντι
2417 3803 2472 3856 δὲ
2524 3803 2712 3874 μηδενὶ
2771 3800 2974 3855 τούτων
3029 3799 3229 3865 ἐξεῖναι
3277 3800 3564 3852 κοινωνεῖν

1985 3900 2338 3965 κελευόντων,
2373 3899 2420 3949 οἱ
2463 3897 2703 3966 βασιλεῖς
2735 3896 2828 3948 καὶ
2856 3895 2955 3964 τῆς
2977 3894 3160 3964 ψήφου
3186 3891 3297 3946 τῶν
3333 3889 3561 3944 ἑπισκόο

1986 4009 2106 4045 πων
2135 3991 2302 4061 χωρῖς
2335 3989 2430 4043 καὶ
2459 3989 2807 4058 πατριάρχας
2839 3992 2933 4040 καὶ
2959 3985 3292 4048 ἐπισκόπους
3320 3984 3563 4055 προϐάλ-

1984 4083 2189 4137 λονται.
2233 4081 2333 4134 Διὰ
2376 4080 2508 4148 γοῦν
2549 4079 2727 4146 τοῦτο,
2769 4080 2844 4142 ὡς
2897 4079 3062 4143 ἔοικε,
3107 4079 3203 4132 ἐπὶ
3236 4078 3313 4147 τῷ
3349 4077 3564 4146 βασιλεῖ

1985 4176 2203 4247 Μιχαὴλ
2231 4176 2324 4229 τοῦ
2357 4173 2536 4228 Δοῦκα
2559 4175 2586 4227 6
2618 4171 3021 4243 μητροπολίτης
3060 4173 3271 4234 ἐκεῖνος
3297 4171 3459 4238 Σίδης
3487 4167 3561 4221 ’τὰ

1987 4271 2085 4338 τῆς
2123 4267 2401 4340 βασιλείας
2423 4267 2691 4338 ᾠκονόμει
2721 4265 2815 4319 καὶ
2847 4266 2874 4317 6
2899 4263 3342 4333 ’Νεοκαισαρείας
3368 4263 3438 4317 τὰ
3464 4269 3564 4332 τῆς

1990 4361 2198 4424 πόλεως
2222 4360 2592 4429 ἀνεγράψατο,
2626 4357 2722 4412 καὶ⁸
2747 4355 2829 4425 ἐφ’
2855 4358 2887 4426 ὴ
2897 4356 3014 4425 μῶν
3043 4356 3070 4407 ό
3105 4353 3346 4417 Κυζίκου
3372 4354 3563 4422 Νίφων

1987 4451 2088 4523 τήν
2107 4467 2162 4502 τε
2188 4449 2520 4519 ἀπογραφὴν
2541 4449 2636 4502 καὶ
2652 4447 2750 4510 τὰς
2771 4445 2863 4500 τοῦ
2883 4445 3141 4517 δημοσίου
3168 4445 3390 4506 ἁπάσας
3411 4445 3564 4513 ὲνέρ·

306 4530 1382 4632 praecipue-Cudreni,ﬂZouaraI,‘Eiycae,
1410 4533 1755 4632 Constantini
1781 4534 1890 4588 Ma-
1922 4577 1965 4632 υ
1993 4560 2130 4613 γησε
2157 4541 2418 4604 δουλείας.
2461 4540 2604 4596 Sane
2650 4555 2844 4609 operas
2885 4539 3265 4606 episcoporum
3313 4551 3466 4605 aeque
3497 4549 3564 4588 ac

309 4638 505 4687 nassae,
533 4622 828 4689 Nirephori
852 4623 1123 4691 Gregorae,
1157 4624 1554 4688 Cantacuzeui;
1578 4622 1890 4697 Turcasque

307 4730 441 4768 suos
473 4730 822 4770 successores
851 4716 985 4786 ipsis
1025 4716 1188 4772 factis
1222 4718 1338 4772 suis
1395 4719 1730 4774 edocuerunt
1753 4735 1888 4786 quo-

311 4808 474 4860 modo
504 4808 603 4876 ipsi
644 4807 835 4862 itidem
867 4825 992 4862 cum
1035 4810 1364 4880 patriar-citis
1402 4823 1563 4878 agere
1603 4811 1885 4866 deberent.

307 4899 470 4956 Certe
506 4900 841 4958 Mahometes
883 4905 1162 4966 sultanus,
1202 4903 1295 4972 qui
1327 4901 1539 4972 Cpolim
1586 4903 1690 4958 sub
1725 4918 1888 4958 suum

308 4995 502 5064 iugum
543 4998 714 5060 misit,
749 4997 838 5052 vis
868 4999 978 5052 alio
1007 4999 1119 5052 ritu
1159 4998 1502 5054 Gennadium
1547 4998 1890 5053 Scholarium

313 5089 518 5142 creavit
555 5105 714 5157 quam
761 5091 850 5146 hic
887 5107 916 5145 a
943 5091 1154 5147 Codino
1186 5093 1567 5147 describatur:
1599 5093 1739 5146 Nam
1775 5094 1886 5146 suis

321 5177 908 5240 nranibus'Benavixtov
933 5203 1027 5242 seu
1048 5188 1368 5251 δικανίκιον,
1397 5188 1665 5253 pastorale
1681 5187 1892 5254 pedum,

321 5277 505 5342 magni
535 5277 691 5343 pretii
719 5278 884 5339 dedit,
921 5279 1168 5332 baculum
1195 5293 1376 5348 nempe
1407 5289 1714 5349 argenteum
1743 5280 1895 5332 inau~

320 5378 536 5432 ratum,
567 5369 861 5437 artiﬁciose
891 5371 1112 5439 factum.
1180 5370 1333 5424 Dedit
1385 5380 1433 5424 et
1483 5387 1669 5440 equum
1705 5372 1893 5424 bonum

314 5467 386 5512 et.
425 5468 621 5512 certam
695 5475 974 5514 aureorum
1031 5477 1315 5525 summam,
1363 5461 1445 5515 his
1496 5461 1659 5516 verbis
1703 5461 1898 5514 idditis

316 5557 457 5622 quod
513 5551 753 5621 faustum
804 5569 868 5607 ac
928 5554 1057 5624 fetis:
1108 5555 1216 5617 sit,
1285 5563 1398 5608 esto
1449 5556 1786 5622 patriarcha,
1850 5565 1900 5609 et

320 5651 465 5696 ntere
499 5652 680 5695 nostra
723 5644 964 5697 amicitia
1006 5643 1282 5713 inquibus
1333 5643 1488 5697 rebus
1521 5643 1680 5708 voles,
1707 5645 1906 5700 habens

321 5735 499 5788 omnia
525 5735 658 5803 jura
686 5737 1078 5807 privilegiaque,
1126 5736 1284 5790 sicuti
1340 5737 1630 5804 superiores
1685 5747 1808 5790 ante
1854 5747 1902 5791 te

325 5830 642 5896 patriarchae
670 5831 983 5885 habuerunt.
1046 5829 1196 5884 Habe
1227 5846 1428 5900 quoque
1488 5829 1903 5900 templum‘San~

331 5927 535 5977 clarum
564 5921 1108 5994 Apostolorum373
1133 5922 1389 5977 domicilii
1414 5921 1546 5978 loco.
1577 5921 1662 5977 Ita
1691 5923 1745 5976 id
1773 5934 1899 5979 tunc

1992 4635 2309 4688 electionem
2350 4631 2695 4701 imperatoris
2727 4629 3070 4698 dispositioni
3101 4626 3376 4697 subjectus
3429 4627 3562 4680 adu-

1992 4725 2322 4791 lante‘supra
2350 4722 2568 4775 modum
2597 4720 2807 4775 calamo
2832 4720 3024 4774 scribit
3046 4717 3340 4773 Blastares.
3360 4717 3432 4773 De
3453 4717 3559 4772 (ΖΡ.

1994 4814 2421 4888 patriarcharum
2443 4813 2709 4867 electione
2731 4821 2784 4867 et
2808 4810 3224 4879 inauguratione
3249 4811 3406 4865 docte
3427 4826 3563 4881 prae-

1995 4909 2249 4977 clareque
2277 4905 2681 4960 illustrissimus
2701 4904 2988 4974 episcopus
3018 4903 3309 4958 Vabrensis
3339 4919 3402 4958 eo
3430 4917 3564 4972 prae-

1997 5001 2112 5057 8ttle
2132 5000 2296 5070 digno
2312 4995 2733 5069 Ἀρχιερατικῷ,
2753 4997 2826 5050 De
2849 4997 3012 5050 trium
3034 4997 3299 5051 cleCIione
3323 4994 3562 5050 facienda

1997 5094 2398 5148 accuratiorem
2429 5093 2594 5147 habet
2621 5091 3009 5152 narrationem,
3036 5104 3088 5158 p.
3122 5090 3220 5144 481
3257 5099 3311 5143 et
3344 5104 3465 5158 sqq.

2069 5183 2212 5240 Ibid.
2248 5183 2517 5256 [Μήνυμα
2548 5197 2936 5252 nonnunquam
2968 5181 3320 5235 vadimonium
3342 5181 3564 5243 dictum,

1999 5279 2290 5349 aliquando
2327 5277 2586 5346 principis
2618 5275 2930 5330 mandatum
2958 5275 3071 5328 sive
3105 5276 3443 5344 rescriptum,
3476 5274 3562 5326 hic

2000 5371 2243 5442 ejusdem
2303 5370 2595 5434 codicillos,
2635 5369 2803 5433 breve,
2847 5368 3007 5422 nobis
3051 5367 3226 5420 breve:
3281 5366 3562 5419 πιττάκιον

2001 5463 2218 5533 proprie
2243 5462 2325 5516 vel
2359 5460 2621 5532 ψήφισμα
2669 5459 2960 5528 signiﬁcat.
3020 5457 3170 5511 Datis
3211 5457 3356 5510 enim
3407 5457 3565 5528 regiis

2003 5556 2391 5628 diplomatibus
2422 5554 2649 5611 collatas
2707 5553 2997 5623 dignitates
3021 5550 3308 5604 ﬁrmabant
3335 5551 3564 5619 impera-

2007 5660 2172 5705 tores.
2218 5649 2395 5714 Anna,
2433 5646 2744 5707 Alexiados.
2776 5661 2866 5701 tr:
2898 5637 3120 5697 Ἐδεδίει
3174 5643 3283 5711 γὰρ
3346 5641 3420 5711 μὴ
3473 5641 3564 5694 τοῦ

2007 5739 2408 5811 χρυσοσούλλου
2457 5741 2643 5810 τάχιον
2691 5739 2723 5809 ἢ
2779 5736 3031 5808 προσήκῃ
3089 5733 3566 5803 καταπεμφοέντος

2007 5833 2177 5904 αὐτῷ,
2213 5832 2240 5886 6
2273 5831 2373 5904 τὴν
2418 5831 2516 5885 τοῦ
2544 5830 2823 5901 Καίσαρος
2853 5827 3008 5890 ἀξίαν
3037 5824 3210 5896 τούτῳ
3261 5825 3566 5895 ἐχαρίζετο,

2008 5937 2114 5981 etc.
