  <div class='ocr_page' id='page_1' title='image "/cluster/home/n/w/nwhite01/storage/ocr_20150623/157/hvd.32044019307677/260.png"; bbox 0 0 3852 6598; ppageno 0'>
   <div class='ocr_carea' id='block_1_1' title="bbox 144 462 1752 532">
    <p class='ocr_par' dir='ltr' id='par_1_1' title="bbox 144 462 1752 532">
     <span class='ocr_line' id='line_1_1' title="bbox 144 462 1752 532; baseline -0.004 -1"><span class='ocrx_word' id='word_1_1' title='bbox 144 466 236 532; x_wconf 67' lang='grc' dir='ltr'><strong>ἧΠ</strong></span> <span class='ocrx_word' id='word_1_2' title='bbox 1245 462 1633 528; x_wconf 83' lang='lat' dir='ltr'><strong>GRETSERI</strong></span> <span class='ocrx_word' id='word_1_3' title='bbox 1657 462 1752 525; x_wconf 84' lang='grc' dir='ltr'><strong>ΕΤ</strong></span> 
     </span>
    </p>
   </div>
   <div class='ocr_carea' id='block_1_2' title="bbox 1785 463 3354 540">
    <p class='ocr_par' dir='ltr' id='par_1_2' title="bbox 1785 463 3354 540">
     <span class='ocr_line' id='line_1_2' title="bbox 1785 463 3354 540; baseline 0.01 -15"><span class='ocrx_word' id='word_1_4' title='bbox 1785 463 2024 525; x_wconf 75' lang='lat' dir='ltr'><strong>GOARI</strong></span> <span class='ocrx_word' id='word_1_5' title='bbox 2054 463 2294 527; x_wconf 76' lang='lat' dir='ltr'><strong>NOT.E.</strong></span> <span class='ocrx_word' id='word_1_6' title='bbox 3242 473 3354 540; x_wconf 69' lang='grc'><strong>418</strong></span> 
     </span>
    </p>
   </div>
   <div class='ocr_carea' id='block_1_3' title="bbox 203 575 1678 656">
    <p class='ocr_par' dir='ltr' id='par_1_3' title="bbox 203 575 1678 652">
     <span class='ocr_line' id='line_1_3' title="bbox 203 575 1678 652; baseline -0.002 -18"><span class='ocrx_word' id='word_1_7' title='bbox 203 579 257 634; x_wconf 84' lang='grc' dir='ltr'><strong>Ρ.</strong></span> <span class='ocrx_word' id='word_1_8' title='bbox 287 577 394 633; x_wconf 73' lang='grc'><strong>105.</strong></span> <span class='ocrx_word' id='word_1_9' title='bbox 422 575 673 652; x_wconf 75' lang='grc' dir='ltr'><strong>[Θρόγου</strong></span> <span class='ocrx_word' id='word_1_10' title='bbox 705 575 1014 647; x_wconf 77' lang='grc' dir='ltr'><strong>ἠερανέου.</strong></span> <span class='ocrx_word' id='word_1_11' title='bbox 1059 577 1245 632; x_wconf 81' lang='lat' dir='ltr'><strong>Honor</strong></span> <span class='ocrx_word' id='word_1_12' title='bbox 1265 586 1320 634; x_wconf 90' lang='lat' dir='ltr'><strong>et</strong></span> <span class='ocrx_word' id='word_1_13' title='bbox 1367 576 1518 632; x_wconf 91' lang='lat' dir='ltr'><strong>color</strong></span> <span class='ocrx_word' id='word_1_14' title='bbox 1547 592 1678 648; x_wconf 87' lang='lat' dir='ltr'><strong>qua-</strong></span> 
     </span>
    </p>
   </div>
   <div class='ocr_carea' id='block_1_4' title="bbox 1785 575 3354 656">
    <p class='ocr_par' dir='ltr' id='par_1_4' title="bbox 1786 575 3354 656">
     <span class='ocr_line' id='line_1_4' title="bbox 1786 575 3354 656; baseline 0.006 -26"><span class='ocrx_word' id='word_1_15' title='bbox 1786 575 2019 630; x_wconf 79' lang='grc' dir='ltr'><strong>δέδωκεν</strong></span> <span class='ocrx_word' id='word_1_16' title='bbox 2052 575 2198 647; x_wconf 79' lang='grc' dir='ltr'><strong>αὐτῷ</strong></span> <span class='ocrx_word' id='word_1_17' title='bbox 2228 576 2537 634; x_wconf 83' lang='grc' dir='ltr'><strong>δεκανίκιον</strong></span> <span class='ocrx_word' id='word_1_18' title='bbox 2573 579 2672 652; x_wconf 85' lang='lat' dir='ltr'><strong>(ita</strong></span> <span class='ocrx_word' id='word_1_19' title='bbox 2707 581 3024 652; x_wconf 73' lang='lat' dir='ltr'><strong>corruptius</strong></span> <span class='ocrx_word' id='word_1_20' title='bbox 3055 581 3354 656; x_wconf 76' lang='lat' dir='ltr'><strong>profertur)</strong></span> 
     </span>
    </p>
   </div>
   <div class='ocr_carea' id='block_1_5' title="bbox 146 669 1678 740">
    <p class='ocr_par' dir='ltr' id='par_1_5' title="bbox 146 669 1678 740">
     <span class='ocr_line' id='line_1_5' title="bbox 146 669 1678 740; baseline -0.004 -11"><span class='ocrx_word' id='word_1_21' title='bbox 146 675 202 729; x_wconf 87' lang='lat' dir='ltr'><strong>lis</strong></span> <span class='ocrx_word' id='word_1_22' title='bbox 221 671 397 728; x_wconf 65' lang='lat' dir='ltr'><strong>Caesari</strong></span> <span class='ocrx_word' id='word_1_23' title='bbox 420 671 742 740; x_wconf 79' lang='lat' dir='ltr'><strong>patriarcha:</strong></span> <span class='ocrx_word' id='word_1_24' title='bbox 779 670 1039 726; x_wconf 70' lang='lat' dir='ltr'><strong>tribuitur</strong></span> <span class='ocrx_word' id='word_1_25' title='bbox 1074 689 1088 736; x_wconf 90' lang='lat'><strong>;</strong></span> <span class='ocrx_word' id='word_1_26' title='bbox 1124 685 1188 726; x_wconf 87' lang='lat' dir='ltr'><strong>ac</strong></span> <span class='ocrx_word' id='word_1_27' title='bbox 1220 685 1338 726; x_wconf 90' lang='lat' dir='ltr'><strong>eam</strong></span> <span class='ocrx_word' id='word_1_28' title='bbox 1396 669 1580 724; x_wconf 81' lang='lat' dir='ltr'><strong>forsan</strong></span> <span class='ocrx_word' id='word_1_29' title='bbox 1609 669 1678 724; x_wconf 93' lang='lat' dir='ltr'><strong>ob</strong></span> 
     </span>
    </p>
   </div>
   <div class='ocr_carea' id='block_1_6' title="bbox 144 761 1680 834">
    <p class='ocr_par' dir='ltr' id='par_1_6' title="bbox 144 761 1680 834">
     <span class='ocr_line' id='line_1_6' title="bbox 144 761 1680 834; baseline -0.003 -12"><span class='ocrx_word' id='word_1_30' title='bbox 144 763 803 834; x_wconf 85' lang='lat' dir='ltr'><strong>remejusproelamationi</strong></span> <span class='ocrx_word' id='word_1_31' title='bbox 855 778 914 819; x_wconf 87' lang='lat' dir='ltr'><strong>se</strong></span> <span class='ocrx_word' id='word_1_32' title='bbox 965 761 1150 818; x_wconf 55' lang='grc' dir='ltr'><strong>ϐῶσαι·</strong></span> <span class='ocrx_word' id='word_1_33' title='bbox 1198 761 1491 818; x_wconf 79' lang='lat' dir='ltr'><strong>subtrahit.</strong></span> <span class='ocrx_word' id='word_1_34' title='bbox 1547 763 1680 818; x_wconf 75' lang='lat' dir='ltr'><strong>\‘ide</strong></span> 
     </span>
    </p>
   </div>
   <div class='ocr_carea' id='block_1_7' title="bbox 146 857 838 929">
    <p class='ocr_par' dir='ltr' id='par_1_7' title="bbox 146 857 838 929">
     <span class='ocr_line' id='line_1_7' title="bbox 146 857 838 929; baseline -0.001 -14"><span class='ocrx_word' id='word_1_35' title='bbox 146 859 336 915; x_wconf 85' lang='lat' dir='ltr'><strong>dicenda</strong></span> <span class='ocrx_word' id='word_1_36' title='bbox 365 857 424 912; x_wconf 86' lang='lat' dir='ltr'><strong>ad</strong></span> <span class='ocrx_word' id='word_1_37' title='bbox 454 873 505 911; x_wconf 80' lang='grc' dir='ltr'><strong>ν.</strong></span> <span class='ocrx_word' id='word_1_38' title='bbox 544 857 612 913; x_wconf 78' lang='grc'>15</span> <span class='ocrx_word' id='word_1_39' title='bbox 632 866 686 912; x_wconf 90' lang='lat' dir='ltr'><strong>et</strong></span> <span class='ocrx_word' id='word_1_40' title='bbox 716 873 838 929; x_wconf 88' lang='lat' dir='ltr'><strong>sqq.</strong></span> 
     </span>
    </p>
   </div>
   <div class='ocr_carea' id='block_1_8' title="bbox 199 946 1677 1019">
    <p class='ocr_par' dir='ltr' id='par_1_8' title="bbox 199 946 1677 1019">
     <span class='ocr_line' id='line_1_8' title="bbox 199 946 1677 1019; baseline 0.001 -18"><span class='ocrx_word' id='word_1_41' title='bbox 199 947 323 1002; x_wconf 83' lang='lat' dir='ltr'><strong>Ibid.</strong></span> <span class='ocrx_word' id='word_1_42' title='bbox 365 946 762 1019; x_wconf 75' lang='lat' dir='ltr'><strong>[’Arlo&#39;rarrat</strong></span> <span class='ocrx_word' id='word_1_43' title='bbox 804 948 1148 1018; x_wconf 75' lang='grc' dir='ltr'><strong>ἀμφότεροι.</strong></span> <span class='ocrx_word' id='word_1_44' title='bbox 1195 949 1382 1006; x_wconf 82' lang='lat' dir='ltr'><strong>Mutuo</strong></span> <span class='ocrx_word' id='word_1_45' title='bbox 1425 966 1522 1004; x_wconf 80' lang='lat' dir='ltr'><strong>nec</strong></span> <span class='ocrx_word' id='word_1_46' title='bbox 1569 966 1677 1004; x_wconf 91' lang='lat' dir='ltr'><strong>non</strong></span> 
     </span>
    </p>
   </div>
   <div class='ocr_carea' id='block_1_9' title="bbox 145 1038 1676 1111">
    <p class='ocr_par' dir='ltr' id='par_1_9' title="bbox 145 1038 1676 1111">
     <span class='ocr_line' id='line_1_9' title="bbox 145 1038 1676 1111; baseline 0.001 -19"><span class='ocrx_word' id='word_1_47' title='bbox 145 1038 303 1109; x_wconf 70' lang='lat' dir='ltr'><strong>equali</strong></span> <span class='ocrx_word' id='word_1_48' title='bbox 361 1039 563 1092; x_wconf 84' lang='lat' dir='ltr'><strong>honore</strong></span> <span class='ocrx_word' id='word_1_49' title='bbox 589 1053 650 1092; x_wconf 92' lang='lat' dir='ltr'><strong>se</strong></span> <span class='ocrx_word' id='word_1_50' title='bbox 677 1039 864 1093; x_wconf 90' lang='lat' dir='ltr'><strong>colunt</strong></span> <span class='ocrx_word' id='word_1_51' title='bbox 913 1040 1210 1108; x_wconf 82' lang='lat' dir='ltr'><strong>imperator</strong></span> <span class='ocrx_word' id='word_1_52' title='bbox 1239 1051 1294 1096; x_wconf 89' lang='lat' dir='ltr'><strong>et</strong></span> <span class='ocrx_word' id='word_1_53' title='bbox 1324 1042 1629 1111; x_wconf 82' lang='lat' dir='ltr'><strong>patriarcha</strong></span> <span class='ocrx_word' id='word_1_54' title='bbox 1661 1059 1676 1108; x_wconf 89' lang='lat'><strong>;</strong></span> 
     </span>
    </p>
   </div>
   <div class='ocr_carea' id='block_1_10' title="bbox 147 1131 1677 1206">
    <p class='ocr_par' dir='ltr' id='par_1_10' title="bbox 147 1131 1677 1206">
     <span class='ocr_line' id='line_1_10' title="bbox 147 1131 1677 1206; baseline 0.001 -20"><span class='ocrx_word' id='word_1_55' title='bbox 147 1133 346 1201; x_wconf 86' lang='lat' dir='ltr'><strong>dumque</strong></span> <span class='ocrx_word' id='word_1_56' title='bbox 367 1132 466 1187; x_wconf 83' lang='lat' dir='ltr'><strong>sibi</strong></span> <span class='ocrx_word' id='word_1_57' title='bbox 491 1131 727 1186; x_wconf 80' lang='lat' dir='ltr'><strong>invicem</strong></span> <span class='ocrx_word' id='word_1_58' title='bbox 755 1141 1071 1200; x_wconf 76' lang='lat' dir='ltr'><strong>assurgunt,</strong></span> <span class='ocrx_word' id='word_1_59' title='bbox 1101 1135 1216 1204; x_wconf 89' lang='lat' dir='ltr'><strong>pari</strong></span> <span class='ocrx_word' id='word_1_60' title='bbox 1242 1150 1360 1190; x_wconf 88' lang='lat' dir='ltr'><strong>sese</strong></span> <span class='ocrx_word' id='word_1_61' title='bbox 1390 1135 1555 1206; x_wconf 67' lang='grc'><strong>374</strong></span> <span class='ocrx_word' id='word_1_62' title='bbox 1581 1152 1677 1188; x_wconf 62' lang='lat' dir='ltr'><strong>ex.</strong></span> 
     </span>
    </p>
   </div>
   <div class='ocr_carea' id='block_1_11' title="bbox 147 1223 1676 1293">
    <p class='ocr_par' dir='ltr' id='par_1_11' title="bbox 147 1223 1676 1293">
     <span class='ocr_line' id='line_1_11' title="bbox 147 1223 1676 1293; baseline 0.001 -15"><span class='ocrx_word' id='word_1_63' title='bbox 147 1225 306 1279; x_wconf 81' lang='lat' dir='ltr'><strong>cellere</strong></span> <span class='ocrx_word' id='word_1_64' title='bbox 345 1223 607 1292; x_wconf 79' lang='lat' dir='ltr'><strong>dignitate</strong></span> <span class='ocrx_word' id='word_1_65' title='bbox 668 1223 1016 1291; x_wconf 75' lang='lat' dir='ltr'><strong>profitentur.</strong></span> <span class='ocrx_word' id='word_1_66' title='bbox 1047 1223 1484 1293; x_wconf 86' lang='lat' dir='ltr'><strong>Cantacuzenus,</strong></span> <span class='ocrx_word' id='word_1_67' title='bbox 1534 1242 1573 1291; x_wconf 88' lang='grc' dir='ltr'><strong>ι,</strong></span> <span class='ocrx_word' id='word_1_68' title='bbox 1597 1224 1629 1280; x_wconf 85' lang='grc'>5</span> <span class='ocrx_word' id='word_1_69' title='bbox 1661 1243 1676 1280; x_wconf 90' lang='lat'><strong>:</strong></span> 
     </span>
    </p>
   </div>
   <div class='ocr_carea' id='block_1_12' title="bbox 145 1315 1430 1385">
    <p class='ocr_par' dir='ltr' id='par_1_12' title="bbox 145 1315 1430 1385">
     <span class='ocr_line' id='line_1_12' title="bbox 145 1315 1430 1385; baseline 0 -13"><span class='ocrx_word' id='word_1_70' title='bbox 145 1319 234 1372; x_wconf 81' lang='grc' dir='ltr'><strong>Οὐκ</strong></span> <span class='ocrx_word' id='word_1_71' title='bbox 252 1316 361 1378; x_wconf 74' lang='grc' dir='ltr'>ἔθος</span> <span class='ocrx_word' id='word_1_72' title='bbox 390 1315 703 1385; x_wconf 84' lang='grc' dir='ltr'><strong>βασιλεῦσιν</strong></span> <span class='ocrx_word' id='word_1_73' title='bbox 736 1317 1124 1383; x_wconf 75' lang='grc' dir='ltr'><strong>ἐξανίστασθαι</strong></span> <span class='ocrx_word' id='word_1_74' title='bbox 1161 1318 1430 1383; x_wconf 71' lang='grc' dir='ltr'><strong>ἰδιώταις.</strong></span> 
     </span>
    </p>
   </div>
   <div class='ocr_carea' id='block_1_13' title="bbox 203 1407 1679 1481">
    <p class='ocr_par' dir='ltr' id='par_1_13' title="bbox 203 1407 1679 1481">
     <span class='ocr_line' id='line_1_13' title="bbox 203 1407 1679 1481; baseline -0.001 -18"><span class='ocrx_word' id='word_1_75' title='bbox 203 1409 330 1464; x_wconf 83' lang='lat' dir='ltr'><strong>Ibid.</strong></span> <span class='ocrx_word' id='word_1_76' title='bbox 363 1407 530 1481; x_wconf 74' lang='grc' dir='ltr'><strong>[Ἄπὸ</strong></span> <span class='ocrx_word' id='word_1_77' title='bbox 559 1408 681 1462; x_wconf 82' lang='grc' dir='ltr'><strong>τῶν</strong></span> <span class='ocrx_word' id='word_1_78' title='bbox 704 1409 1056 1479; x_wconf 76' lang='grc' dir='ltr'><em>ἀξιωμάτων</em></span> <span class='ocrx_word' id='word_1_79' title='bbox 1087 1427 1198 1476; x_wconf 82' lang='grc' dir='ltr'><strong>τις.</strong></span> <span class='ocrx_word' id='word_1_80' title='bbox 1232 1410 1395 1464; x_wconf 82' lang='lat' dir='ltr'><strong>Aliud</strong></span> <span class='ocrx_word' id='word_1_81' title='bbox 1451 1410 1505 1465; x_wconf 91' lang='lat' dir='ltr'><strong>in</strong></span> <span class='ocrx_word' id='word_1_82' title='bbox 1557 1409 1679 1464; x_wconf 87' lang='lat' dir='ltr'><strong>aula</strong></span> 
     </span>
    </p>
   </div>
   <div class='ocr_carea' id='block_1_14' title="bbox 147 1499 1678 1572">
    <p class='ocr_par' dir='ltr' id='par_1_14' title="bbox 147 1499 1678 1572">
     <span class='ocr_line' id='line_1_14' title="bbox 147 1499 1678 1572; baseline 0.001 -17"><span class='ocrx_word' id='word_1_83' title='bbox 147 1499 228 1558; x_wconf 67' lang='grc' dir='ltr'><strong>(ΖΡ.</strong></span> <span class='ocrx_word' id='word_1_84' title='bbox 252 1501 490 1571; x_wconf 73' lang='lat' dir='ltr'><strong>dignitas,</strong></span> <span class='ocrx_word' id='word_1_85' title='bbox 517 1501 670 1555; x_wconf 85' lang='lat' dir='ltr'><strong>aliud</strong></span> <span class='ocrx_word' id='word_1_86' title='bbox 696 1501 952 1556; x_wconf 81' lang='lat' dir='ltr'><strong>oﬂicium.</strong></span> <span class='ocrx_word' id='word_1_87' title='bbox 1000 1501 1329 1571; x_wconf 80' lang='lat' dir='ltr'><strong>Dignitatem</strong></span> <span class='ocrx_word' id='word_1_88' title='bbox 1372 1517 1529 1563; x_wconf 86' lang='lat' dir='ltr'><strong>voco,</strong></span> <span class='ocrx_word' id='word_1_89' title='bbox 1573 1517 1678 1572; x_wconf 85' lang='lat' dir='ltr'><strong>qua</strong></span> 
     </span>
    </p>
   </div>
   <div class='ocr_carea' id='block_1_15' title="bbox 146 1592 1677 1662">
    <p class='ocr_par' dir='ltr' id='par_1_15' title="bbox 146 1592 1677 1662">
     <span class='ocr_line' id='line_1_15' title="bbox 146 1592 1677 1662; baseline 0 -16"><span class='ocrx_word' id='word_1_90' title='bbox 146 1594 328 1646; x_wconf 79' lang='lat' dir='ltr'><strong>obtenta</strong></span> <span class='ocrx_word' id='word_1_91' title='bbox 352 1592 496 1647; x_wconf 87' lang='lat' dir='ltr'><strong>solus</strong></span> <span class='ocrx_word' id='word_1_92' title='bbox 524 1592 699 1646; x_wconf 89' lang='lat' dir='ltr'><strong>honor</strong></span> <span class='ocrx_word' id='word_1_93' title='bbox 728 1592 1052 1662; x_wconf 79' lang='lat' dir='ltr'><strong>acquiritur,</strong></span> <span class='ocrx_word' id='word_1_94' title='bbox 1071 1593 1332 1658; x_wconf 79' lang='lat' dir='ltr'><strong>cilicium,</strong></span> <span class='ocrx_word' id='word_1_95' title='bbox 1371 1593 1516 1662; x_wconf 91' lang='lat' dir='ltr'><strong>quod</strong></span> <span class='ocrx_word' id='word_1_96' title='bbox 1573 1592 1677 1646; x_wconf 82' lang='lat' dir='ltr'><strong>mi-</strong></span> 
     </span>
    </p>
   </div>
   <div class='ocr_carea' id='block_1_16' title="bbox 148 1683 1676 1754">
    <p class='ocr_par' dir='ltr' id='par_1_16' title="bbox 148 1683 1676 1754">
     <span class='ocr_line' id='line_1_16' title="bbox 148 1683 1676 1754; baseline 0.001 -18"><span class='ocrx_word' id='word_1_97' title='bbox 148 1683 344 1738; x_wconf 65' lang='lat' dir='ltr'><strong>niateriis</strong></span> <span class='ocrx_word' id='word_1_98' title='bbox 362 1684 412 1737; x_wconf 93' lang='lat' dir='ltr'><strong>in</strong></span> <span class='ocrx_word' id='word_1_99' title='bbox 442 1683 707 1753; x_wconf 87' lang='lat' dir='ltr'><strong>principis</strong></span> <span class='ocrx_word' id='word_1_100' title='bbox 742 1685 820 1738; x_wconf 90' lang='lat' dir='ltr'><strong>vel</strong></span> <span class='ocrx_word' id='word_1_101' title='bbox 847 1683 1048 1754; x_wconf 86' lang='lat' dir='ltr'><strong>publici</strong></span> <span class='ocrx_word' id='word_1_102' title='bbox 1090 1685 1292 1738; x_wconf 88' lang='lat' dir='ltr'><strong>bonum</strong></span> <span class='ocrx_word' id='word_1_103' title='bbox 1327 1684 1676 1754; x_wconf 82' lang='lat' dir='ltr'><strong>impenditur.</strong></span> 
     </span>
    </p>
   </div>
   <div class='ocr_carea' id='block_1_17' title="bbox 149 1773 1681 1844">
    <p class='ocr_par' dir='ltr' id='par_1_17' title="bbox 149 1773 1681 1844">
     <span class='ocr_line' id='line_1_17' title="bbox 149 1773 1681 1844; baseline 0.002 -19"><span class='ocrx_word' id='word_1_104' title='bbox 149 1773 259 1839; x_wconf 85' lang='lat' dir='ltr'><strong>Quid</strong></span> <span class='ocrx_word' id='word_1_105' title='bbox 309 1775 552 1842; x_wconf 72' lang='lat' dir='ltr'><strong>praestitit</strong></span> <span class='ocrx_word' id='word_1_106' title='bbox 581 1773 814 1842; x_wconf 84' lang='lat' dir='ltr'><strong>imperio</strong></span> <span class='ocrx_word' id='word_1_107' title='bbox 857 1774 1280 1838; x_wconf 87' lang='lat' dir='ltr'><strong>sebastocrator,</strong></span> <span class='ocrx_word' id='word_1_108' title='bbox 1313 1775 1681 1844; x_wconf 86' lang='lat' dir='ltr'><strong>panhyperse-</strong></span> 
     </span>
    </p>
   </div>
   <div class='ocr_carea' id='block_1_18' title="bbox 152 1864 1675 1935">
    <p class='ocr_par' dir='ltr' id='par_1_18' title="bbox 152 1864 1675 1935">
     <span class='ocr_line' id='line_1_18' title="bbox 152 1864 1675 1935; baseline 0.002 -18"><span class='ocrx_word' id='word_1_109' title='bbox 152 1867 319 1926; x_wconf 78' lang='lat' dir='ltr'><strong>hastos,</strong></span> <span class='ocrx_word' id='word_1_110' title='bbox 351 1864 613 1920; x_wconf 86' lang='lat' dir='ltr'><strong>Sebastus</strong></span> <span class='ocrx_word' id='word_1_111' title='bbox 632 1873 691 1919; x_wconf 92' lang='lat' dir='ltr'><strong>et</strong></span> <span class='ocrx_word' id='word_1_112' title='bbox 731 1873 807 1918; x_wconf 90' lang='lat' dir='ltr'><strong>tot</strong></span> <span class='ocrx_word' id='word_1_113' title='bbox 828 1865 942 1928; x_wconf 90' lang='lat' dir='ltr'><strong>alii,</strong></span> <span class='ocrx_word' id='word_1_114' title='bbox 973 1864 1042 1921; x_wconf 91' lang='lat' dir='ltr'><strong>de</strong></span> <span class='ocrx_word' id='word_1_115' title='bbox 1081 1866 1279 1935; x_wconf 89' lang='lat' dir='ltr'><strong>quibus</strong></span> <span class='ocrx_word' id='word_1_116' title='bbox 1325 1876 1518 1920; x_wconf 80' lang='lat' dir='ltr'><strong>auctor</strong></span> <span class='ocrx_word' id='word_1_117' title='bbox 1571 1881 1675 1920; x_wconf 76' lang='lat' dir='ltr'><strong>sa:-</strong></span> 
     </span>
    </p>
   </div>
   <div class='ocr_carea' id='block_1_19' title="bbox 151 1940 1670 2027">
    <p class='ocr_par' dir='ltr' id='par_1_19' title="bbox 151 1940 1670 2027">
     <span class='ocr_line' id='line_1_19' title="bbox 151 1940 1670 2027; baseline 0.001 -19"><span class='ocrx_word' id='word_1_118' title='bbox 151 1940 244 2024; x_wconf 83' lang='lat' dir='ltr'><strong>pius</strong></span> <span class='ocrx_word' id='word_1_119' title='bbox 266 1956 351 2008; x_wconf 71' lang='grc' dir='ltr'><strong>οὐκ</strong></span> <span class='ocrx_word' id='word_1_120' title='bbox 383 1957 693 2026; x_wconf 69' lang='grc' dir='ltr'><strong>ἐνεργεῖται</strong></span> <span class='ocrx_word' id='word_1_121' title='bbox 719 1957 800 2010; x_wconf 87' lang='lat' dir='ltr'><strong>vel</strong></span> <span class='ocrx_word' id='word_1_122' title='bbox 836 1956 1241 2024; x_wconf 78' lang='grc' dir='ltr'><strong>ἀνεπίγνωστον</strong></span> <span class='ocrx_word' id='word_1_123' title='bbox 1296 1957 1538 2027; x_wconf 88' lang='lat' dir='ltr'><strong>scripsit,</strong></span> <span class='ocrx_word' id='word_1_124' title='bbox 1565 1956 1670 2010; x_wconf 87' lang='lat' dir='ltr'><strong>nisi</strong></span> 
     </span>
    </p>
   </div>
   <div class='ocr_carea' id='block_1_20' title="bbox 154 2049 1675 2120">
    <p class='ocr_par' dir='ltr' id='par_1_20' title="bbox 154 2049 1675 2120">
     <span class='ocr_line' id='line_1_20' title="bbox 154 2049 1675 2120; baseline 0.001 -19"><span class='ocrx_word' id='word_1_125' title='bbox 154 2057 198 2101; x_wconf 87' lang='lat' dir='ltr'><strong>ut</strong></span> <span class='ocrx_word' id='word_1_126' title='bbox 227 2049 403 2104; x_wconf 82' lang='lat' dir='ltr'><strong>delatos</strong></span> <span class='ocrx_word' id='word_1_127' title='bbox 425 2049 669 2105; x_wconf 87' lang='lat' dir='ltr'><strong>honores</strong></span> <span class='ocrx_word' id='word_1_128' title='bbox 701 2049 1071 2114; x_wconf 87' lang='lat' dir='ltr'><strong>admitterent,</strong></span> <span class='ocrx_word' id='word_1_129' title='bbox 1101 2049 1250 2120; x_wconf 88' lang='lat' dir='ltr'><strong>rogis</strong></span> <span class='ocrx_word' id='word_1_130' title='bbox 1283 2049 1522 2119; x_wconf 81' lang='lat' dir='ltr'><strong>acceptis</strong></span> <span class='ocrx_word' id='word_1_131' title='bbox 1556 2063 1675 2102; x_wconf 88' lang='lat' dir='ltr'><strong>eor-</strong></span> 
     </span>
    </p>
   </div>
   <div class='ocr_carea' id='block_1_21' title="bbox 155 2130 1677 2210">
    <p class='ocr_par' dir='ltr' id='par_1_21' title="bbox 155 2130 1677 2210">
     <span class='ocr_line' id='line_1_21' title="bbox 155 2130 1677 2210; baseline -0.002 -16"><span class='ocrx_word' id='word_1_132' title='bbox 155 2140 359 2194; x_wconf 68' lang='lat' dir='ltr'><strong>foderant</strong></span> <span class='ocrx_word' id='word_1_133' title='bbox 383 2140 666 2204; x_wconf 71' lang='lat' dir='ltr'><strong>aerarium,</strong></span> <span class='ocrx_word' id='word_1_134' title='bbox 694 2140 819 2194; x_wconf 88' lang='lat' dir='ltr'><strong>vani</strong></span> <span class='ocrx_word' id='word_1_135' title='bbox 853 2139 1092 2194; x_wconf 85' lang='lat' dir='ltr'><strong>nominis</strong></span> <span class='ocrx_word' id='word_1_136' title='bbox 1133 2130 1490 2210; x_wconf 74' lang='lat' dir='ltr'><strong>appellatione</strong></span> <span class='ocrx_word' id='word_1_137' title='bbox 1543 2154 1677 2209; x_wconf 90' lang='lat' dir='ltr'><strong>gau-</strong></span> 
     </span>
    </p>
   </div>
   <div class='ocr_carea' id='block_1_22' title="bbox 159 2229 1676 2301">
    <p class='ocr_par' dir='ltr' id='par_1_22' title="bbox 159 2229 1676 2301">
     <span class='ocr_line' id='line_1_22' title="bbox 159 2229 1676 2301; baseline 0 -18"><span class='ocrx_word' id='word_1_138' title='bbox 159 2230 339 2284; x_wconf 70' lang='lat' dir='ltr'><strong>derent?</strong></span> <span class='ocrx_word' id='word_1_139' title='bbox 383 2231 494 2286; x_wconf 82' lang='lat' dir='ltr'><strong>Hos</strong></span> <span class='ocrx_word' id='word_1_140' title='bbox 547 2231 772 2301; x_wconf 87' lang='lat' dir='ltr'><strong>proprie</strong></span> <span class='ocrx_word' id='word_1_141' title='bbox 817 2229 1106 2300; x_wconf 80' lang='grc' dir='ltr'><strong>ἀξιώματα</strong></span> <span class='ocrx_word' id='word_1_142' title='bbox 1163 2240 1218 2285; x_wconf 92' lang='lat' dir='ltr'><strong>et</strong></span> <span class='ocrx_word' id='word_1_143' title='bbox 1271 2230 1676 2296; x_wconf 79' lang='grc' dir='ltr'><strong>ἁξιωματικούς</strong></span> 
     </span>
    </p>
   </div>
   <div class='ocr_carea' id='block_1_23' title="bbox 167 2314 1673 2394">
    <p class='ocr_par' dir='ltr' id='par_1_23' title="bbox 167 2314 1673 2394">
     <span class='ocr_line' id='line_1_23' title="bbox 167 2314 1673 2394; baseline 0.001 -18"><span class='ocrx_word' id='word_1_144' title='bbox 167 2321 287 2378; x_wconf 76' lang='lat' dir='ltr'><strong>dictos</strong></span> <span class='ocrx_word' id='word_1_145' title='bbox 325 2323 581 2394; x_wconf 84' lang='lat' dir='ltr'><strong>reperies,</strong></span> <span class='ocrx_word' id='word_1_146' title='bbox 637 2323 775 2379; x_wconf 84' lang='lat' dir='ltr'><strong>alios</strong></span> <span class='ocrx_word' id='word_1_147' title='bbox 820 2324 1208 2394; x_wconf 81' lang='grc' dir='ltr'><strong>ὀφφικιάλιδας</strong></span> <span class='ocrx_word' id='word_1_148' title='bbox 1253 2314 1358 2377; x_wconf 66' lang='grc' dir='ltr'><strong>νει</strong></span> <span class='ocrx_word' id='word_1_149' title='bbox 1385 2325 1673 2394; x_wconf 77' lang='grc' dir='ltr'><strong>ἄρχοντας.</strong></span> 
     </span>
    </p>
   </div>
   <div class='ocr_carea' id='block_1_24' title="bbox 169 2415 1678 2487">
    <p class='ocr_par' dir='ltr' id='par_1_24' title="bbox 169 2415 1678 2487">
     <span class='ocr_line' id='line_1_24' title="bbox 169 2415 1678 2487; baseline -0.001 -18"><span class='ocrx_word' id='word_1_150' title='bbox 169 2415 345 2472; x_wconf 76' lang='lat' dir='ltr'><strong>Zonaras</strong></span> <span class='ocrx_word' id='word_1_151' title='bbox 385 2417 438 2472; x_wconf 92' lang='lat' dir='ltr'><strong>in</strong></span> <span class='ocrx_word' id='word_1_152' title='bbox 464 2417 673 2474; x_wconf 86' lang='lat' dir='ltr'><strong>Basilio</strong></span> <span class='ocrx_word' id='word_1_153' title='bbox 689 2425 744 2472; x_wconf 90' lang='lat' dir='ltr'><strong>et</strong></span> <span class='ocrx_word' id='word_1_154' title='bbox 773 2417 1132 2472; x_wconf 80' lang='lat' dir='ltr'><strong>Constantino</strong></span> <span class='ocrx_word' id='word_1_155' title='bbox 1156 2436 1170 2472; x_wconf 87' lang='lat'><strong>:</strong></span> <span class='ocrx_word' id='word_1_156' title='bbox 1196 2415 1678 2487; x_wconf 73' lang='grc' dir='ltr'><strong>Παρεχωρὴθησαν</strong></span> 
     </span>
    </p>
   </div>
   <div class='ocr_carea' id='block_1_25' title="bbox 164 2507 1674 2579">
    <p class='ocr_par' dir='ltr' id='par_1_25' title="bbox 164 2507 1674 2579">
     <span class='ocr_line' id='line_1_25' title="bbox 164 2507 1674 2579; baseline 0 -20"><span class='ocrx_word' id='word_1_157' title='bbox 164 2507 308 2576; x_wconf 79' lang='grc' dir='ltr'><strong>ἕχεινῦ</strong></span> <span class='ocrx_word' id='word_1_158' title='bbox 333 2508 396 2563; x_wconf 78' lang='grc' dir='ltr'><strong>ἂν</strong></span> <span class='ocrx_word' id='word_1_159' title='bbox 422 2510 660 2572; x_wconf 76' lang='grc' dir='ltr'><strong>ἕκαστος</strong></span> <span class='ocrx_word' id='word_1_160' title='bbox 687 2509 746 2574; x_wconf 74' lang='grc' dir='ltr'><strong>ἐξ</strong></span> <span class='ocrx_word' id='word_1_161' title='bbox 775 2509 982 2562; x_wconf 64' lang='grc' dir='ltr'><strong>ἑκείνου</strong></span> <span class='ocrx_word' id='word_1_162' title='bbox 1015 2507 1404 2579; x_wconf 78' lang='grc' dir='ltr'><strong>τυραννοῦντος</strong></span> <span class='ocrx_word' id='word_1_163' title='bbox 1438 2509 1674 2577; x_wconf 78' lang='grc' dir='ltr'><strong>είλήιρει,</strong></span> 
     </span>
    </p>
   </div>
   <div class='ocr_carea' id='block_1_26' title="bbox 159 2596 1680 2673">
    <p class='ocr_par' dir='ltr' id='par_1_26' title="bbox 159 2596 1680 2673">
     <span class='ocr_line' id='line_1_26' title="bbox 159 2596 1680 2673; baseline 0 -22"><span class='ocrx_word' id='word_1_164' title='bbox 159 2601 301 2654; x_wconf 77' lang='grc' dir='ltr'><strong>εῐτιὲν</strong></span> <span class='ocrx_word' id='word_1_165' title='bbox 327 2599 500 2666; x_wconf 75' lang='grc' dir='ltr'><strong>ἀξίαις</strong></span> <span class='ocrx_word' id='word_1_166' title='bbox 520 2596 589 2673; x_wconf 76' lang='grc' dir='ltr'><strong>ἦν</strong></span> <span class='ocrx_word' id='word_1_167' title='bbox 612 2600 722 2653; x_wconf 71' lang='grc' dir='ltr'><strong>εἴτε</strong></span> <span class='ocrx_word' id='word_1_168' title='bbox 747 2600 805 2652; x_wconf 69' lang='grc' dir='ltr'><strong>ιν</strong></span> <span class='ocrx_word' id='word_1_169' title='bbox 827 2601 1028 2671; x_wconf 79' lang='grc' dir='ltr'><strong>ἀρχαῖς</strong></span> <span class='ocrx_word' id='word_1_170' title='bbox 1059 2599 1169 2653; x_wconf 74' lang='grc' dir='ltr'><strong>εἴτε</strong></span> <span class='ocrx_word' id='word_1_171' title='bbox 1209 2601 1392 2670; x_wconf 75' lang='grc' dir='ltr'><strong>μέντοι</strong></span> <span class='ocrx_word' id='word_1_172' title='bbox 1414 2652 1417 2654; x_wconf 68' lang='grc'><strong>,</strong></span> <span class='ocrx_word' id='word_1_173' title='bbox 1437 2600 1498 2652; x_wconf 75' lang='grc' dir='ltr'><strong>ὲν</strong></span> <span class='ocrx_word' id='word_1_174' title='bbox 1549 2599 1680 2668; x_wconf 77' lang='grc' dir='ltr'><strong>κτή-</strong></span> 
     </span>
    </p>
   </div>
   <div class='ocr_carea' id='block_1_27' title="bbox 161 2688 1684 2760">
    <p class='ocr_par' dir='ltr' id='par_1_27' title="bbox 161 2688 1684 2760">
     <span class='ocr_line' id='line_1_27' title="bbox 161 2688 1684 2760; baseline 0.002 -20"><span class='ocrx_word' id='word_1_175' title='bbox 161 2703 264 2742; x_wconf 76' lang='grc' dir='ltr'><strong>ασι.</strong></span> <span class='ocrx_word' id='word_1_176' title='bbox 289 2693 464 2743; x_wconf 76' lang='lat' dir='ltr'><strong>Annua</strong></span> <span class='ocrx_word' id='word_1_177' title='bbox 500 2688 770 2758; x_wconf 85' lang='lat' dir='ltr'><strong>stipendia</strong></span> <span class='ocrx_word' id='word_1_178' title='bbox 806 2688 919 2743; x_wconf 87' lang='lat' dir='ltr'><strong>sive</strong></span> <span class='ocrx_word' id='word_1_179' title='bbox 948 2690 1237 2758; x_wconf 85' lang='lat' dir='ltr'><strong>pensiones</strong></span> <span class='ocrx_word' id='word_1_180' title='bbox 1255 2691 1387 2745; x_wconf 84' lang='lat' dir='ltr'><strong>viris</strong></span> <span class='ocrx_word' id='word_1_181' title='bbox 1416 2691 1467 2744; x_wconf 91' lang='lat' dir='ltr'><strong>in</strong></span> <span class='ocrx_word' id='word_1_182' title='bbox 1509 2690 1684 2760; x_wconf 86' lang='lat' dir='ltr'><strong>digni-</strong></span> 
     </span>
    </p>
   </div>
   <div class='ocr_carea' id='block_1_28' title="bbox 160 2782 1681 2852">
    <p class='ocr_par' dir='ltr' id='par_1_28' title="bbox 160 2782 1681 2852">
     <span class='ocr_line' id='line_1_28' title="bbox 160 2782 1681 2852; baseline 0.004 -20"><span class='ocrx_word' id='word_1_183' title='bbox 160 2789 239 2835; x_wconf 82' lang='lat' dir='ltr'><strong>tate</strong></span> <span class='ocrx_word' id='word_1_184' title='bbox 261 2783 555 2838; x_wconf 82' lang='lat' dir='ltr'><strong>constitutis</strong></span> <span class='ocrx_word' id='word_1_185' title='bbox 573 2782 774 2852; x_wconf 77' lang='lat' dir='ltr'><strong>colligo</strong></span> <span class='ocrx_word' id='word_1_186' title='bbox 799 2797 828 2838; x_wconf 90' lang='lat' dir='ltr'><strong>e</strong></span> <span class='ocrx_word' id='word_1_187' title='bbox 851 2782 1147 2839; x_wconf 70' lang='lat' dir='ltr'><strong>Comnenaa</strong></span> <span class='ocrx_word' id='word_1_188' title='bbox 1193 2783 1230 2838; x_wconf 90' lang='lat' dir='ltr'><strong>l.</strong></span> <span class='ocrx_word' id='word_1_189' title='bbox 1278 2799 1360 2848; x_wconf 85' lang='lat' dir='ltr'><strong>tu,</strong></span> <span class='ocrx_word' id='word_1_190' title='bbox 1402 2783 1523 2838; x_wconf 91' lang='lat' dir='ltr'><strong>loco</strong></span> <span class='ocrx_word' id='word_1_191' title='bbox 1549 2785 1681 2838; x_wconf 56' lang='lat' dir='ltr'><strong>sub.</strong></span> 
     </span>
    </p>
   </div>
   <div class='ocr_carea' id='block_1_29' title="bbox 158 2872 1682 2944">
    <p class='ocr_par' dir='ltr' id='par_1_29' title="bbox 158 2872 1682 2944">
     <span class='ocr_line' id='line_1_29' title="bbox 158 2872 1682 2944; baseline 0.003 -20"><span class='ocrx_word' id='word_1_192' title='bbox 158 2872 359 2940; x_wconf 80' lang='lat' dir='ltr'><strong>obscuro,</strong></span> <span class='ocrx_word' id='word_1_193' title='bbox 405 2889 521 2944; x_wconf 82' lang='lat' dir='ltr'><strong>quo</strong></span> <span class='ocrx_word' id='word_1_194' title='bbox 577 2873 972 2929; x_wconf 83' lang='lat' dir='ltr'><strong>Germanorum</strong></span> <span class='ocrx_word' id='word_1_195' title='bbox 1014 2875 1326 2944; x_wconf 86' lang='lat' dir='ltr'><strong>imperatori</strong></span> <span class='ocrx_word' id='word_1_196' title='bbox 1393 2877 1460 2930; x_wconf 88' lang='lat' dir='ltr'><strong>ab</strong></span> <span class='ocrx_word' id='word_1_197' title='bbox 1493 2876 1682 2929; x_wconf 80' lang='lat' dir='ltr'><strong>Alexio</strong></span> 
     </span>
    </p>
   </div>
   <div class='ocr_carea' id='block_1_30' title="bbox 159 2967 1682 3038">
    <p class='ocr_par' dir='ltr' id='par_1_30' title="bbox 159 2967 1682 3038">
     <span class='ocr_line' id='line_1_30' title="bbox 159 2967 1682 3038; baseline 0.001 -19"><span class='ocrx_word' id='word_1_198' title='bbox 159 2969 500 3034; x_wconf 85' lang='lat' dir='ltr'><strong>promittuntur</strong></span> <span class='ocrx_word' id='word_1_199' title='bbox 529 2969 671 3037; x_wconf 89' lang='lat' dir='ltr'><strong>pacti</strong></span> <span class='ocrx_word' id='word_1_200' title='bbox 701 2967 813 3037; x_wconf 87' lang='lat' dir='ltr'><strong>jam</strong></span> <span class='ocrx_word' id='word_1_201' title='bbox 850 2967 995 3022; x_wconf 90' lang='lat' dir='ltr'><strong>inter</strong></span> <span class='ocrx_word' id='word_1_202' title='bbox 1023 2981 1116 3022; x_wconf 90' lang='lat' dir='ltr'><strong>eos</strong></span> <span class='ocrx_word' id='word_1_203' title='bbox 1147 2970 1252 3023; x_wconf 84' lang='lat' dir='ltr'><strong>acti</strong></span> <span class='ocrx_word' id='word_1_204' title='bbox 1281 2969 1490 3023; x_wconf 86' lang='lat' dir='ltr'><strong>ratione</strong></span> <span class='ocrx_word' id='word_1_205' title='bbox 1510 2969 1682 3038; x_wconf 72' lang='grc' dir='ltr'><strong>,ρόγαι</strong></span> 
     </span>
    </p>
   </div>
   <div class='ocr_carea' id='block_1_31' title="bbox 159 3058 1681 3131">
    <p class='ocr_par' dir='ltr' id='par_1_31' title="bbox 159 3058 1681 3131">
     <span class='ocr_line' id='line_1_31' title="bbox 159 3058 1681 3131; baseline 0.005 -23"><span class='ocrx_word' id='word_1_206' title='bbox 159 3059 240 3114; x_wconf 82' lang='grc' dir='ltr'><strong>τῶν</strong></span> <span class='ocrx_word' id='word_1_207' title='bbox 280 3059 528 3112; x_wconf 78' lang='grc' dir='ltr'><strong>δοθέντων</strong></span> <span class='ocrx_word' id='word_1_208' title='bbox 575 3059 751 3112; x_wconf 75' lang='grc' dir='ltr'><strong>εἴκοσι</strong></span> <span class='ocrx_word' id='word_1_209' title='bbox 808 3058 1160 3129; x_wconf 81' lang='grc' dir='ltr'><strong>ἀξιωμάτων,</strong></span> <span class='ocrx_word' id='word_1_210' title='bbox 1211 3061 1444 3114; x_wconf 80' lang='lat' dir='ltr'><strong>virorum</strong></span> <span class='ocrx_word' id='word_1_211' title='bbox 1495 3061 1681 3131; x_wconf 80' lang='lat' dir='ltr'><strong>viginti</strong></span> 
     </span>
    </p>
   </div>
   <div class='ocr_carea' id='block_1_32' title="bbox 159 3150 1217 3221">
    <p class='ocr_par' dir='ltr' id='par_1_32' title="bbox 159 3150 1217 3221">
     <span class='ocr_line' id='line_1_32' title="bbox 159 3150 1217 3221; baseline 0.005 -20"><span class='ocrx_word' id='word_1_212' title='bbox 159 3150 450 3220; x_wconf 72' lang='lat' dir='ltr'><strong>dignitatibus</strong></span> <span class='ocrx_word' id='word_1_213' title='bbox 482 3152 903 3221; x_wconf 70' lang='lat' dir='ltr'><strong>pra’rellentium</strong></span> <span class='ocrx_word' id='word_1_214' title='bbox 929 3152 1217 3219; x_wconf 84' lang='lat' dir='ltr'><strong>stipendia.</strong></span> 
     </span>
    </p>
   </div>
   <div class='ocr_carea' id='block_1_33' title="bbox 207 3230 1752 3318">
    <p class='ocr_par' dir='ltr' id='par_1_33' title="bbox 207 3230 1752 3318">
     <span class='ocr_line' id='line_1_33' title="bbox 207 3230 1752 3318; baseline 0.003 -23"><span class='ocrx_word' id='word_1_215' title='bbox 207 3243 477 3318; x_wconf 70' lang='lat' dir='ltr'><strong>lbid.[Toﬁ</strong></span> <span class='ocrx_word' id='word_1_216' title='bbox 541 3245 923 3313; x_wconf 78' lang='grc' dir='ltr'><strong>πατριάρχου</strong></span> <span class='ocrx_word' id='word_1_217' title='bbox 986 3230 1342 3300; x_wconf 74' lang='grc' dir='ltr'><strong>δικανικίου.</strong></span> <span class='ocrx_word' id='word_1_218' title='bbox 1401 3243 1752 3318; x_wconf 81' lang='lat' dir='ltr'><strong>Nusquamc</strong></span> 
     </span>
    </p>
   </div>
   <div class='ocr_carea' id='block_1_34' title="bbox 159 3338 1675 3410">
    <p class='ocr_par' dir='ltr' id='par_1_34' title="bbox 159 3338 1675 3410">
     <span class='ocr_line' id='line_1_34' title="bbox 159 3338 1675 3410; baseline 0.003 -21"><span class='ocrx_word' id='word_1_219' title='bbox 159 3349 335 3404; x_wconf 82' lang='lat' dir='ltr'><strong>sceptra,</strong></span> <span class='ocrx_word' id='word_1_220' title='bbox 363 3339 452 3394; x_wconf 86' lang='lat' dir='ltr'><strong>sed</strong></span> <span class='ocrx_word' id='word_1_221' title='bbox 475 3338 777 3410; x_wconf 80' lang='lat' dir='ltr'><strong>pastorales</strong></span> <span class='ocrx_word' id='word_1_222' title='bbox 809 3339 1023 3393; x_wconf 77' lang='lat' dir='ltr'><strong>buculos</strong></span> <span class='ocrx_word' id='word_1_223' title='bbox 1050 3339 1163 3394; x_wconf 92' lang='lat' dir='ltr'><strong>sive</strong></span> <span class='ocrx_word' id='word_1_224' title='bbox 1200 3340 1332 3407; x_wconf 87' lang='lat' dir='ltr'><strong>peda</strong></span> <span class='ocrx_word' id='word_1_225' title='bbox 1363 3348 1560 3410; x_wconf 82' lang='lat' dir='ltr'><strong>gerunt</strong></span> <span class='ocrx_word' id='word_1_226' title='bbox 1586 3354 1675 3394; x_wconf 86' lang='lat' dir='ltr'><strong>cc-</strong></span> 
     </span>
    </p>
   </div>
   <div class='ocr_carea' id='block_1_35' title="bbox 163 3430 1672 3504">
    <p class='ocr_par' dir='ltr' id='par_1_35' title="bbox 163 3430 1672 3504">
     <span class='ocr_line' id='line_1_35' title="bbox 163 3430 1672 3504; baseline 0.003 -19"><span class='ocrx_word' id='word_1_227' title='bbox 163 3430 301 3485; x_wconf 69' lang='lat' dir='ltr'><strong>clesite</strong></span> <span class='ocrx_word' id='word_1_228' title='bbox 321 3446 581 3502; x_wconf 80' lang='lat' dir='ltr'><strong>pastores.</strong></span> <span class='ocrx_word' id='word_1_229' title='bbox 616 3433 902 3486; x_wconf 81' lang='grc' dir='ltr'><strong>Δικανίκια</strong></span> <span class='ocrx_word' id='word_1_230' title='bbox 962 3445 1156 3488; x_wconf 86' lang='lat' dir='ltr'><strong>vocant</strong></span> <span class='ocrx_word' id='word_1_231' title='bbox 1201 3433 1397 3499; x_wconf 68' lang='lat' dir='ltr'><strong>Graeci,</strong></span> <span class='ocrx_word' id='word_1_232' title='bbox 1427 3450 1494 3489; x_wconf 90' lang='lat' dir='ltr'><strong>eo</strong></span> <span class='ocrx_word' id='word_1_233' title='bbox 1529 3434 1672 3504; x_wconf 91' lang='lat' dir='ltr'><strong>quod</strong></span> 
     </span>
    </p>
   </div>
   <div class='ocr_carea' id='block_1_36' title="bbox 164 3521 1673 3591">
    <p class='ocr_par' dir='ltr' id='par_1_36' title="bbox 164 3521 1673 3591">
     <span class='ocr_line' id='line_1_36' title="bbox 164 3521 1673 3591; baseline 0 -19"><span class='ocrx_word' id='word_1_234' title='bbox 164 3521 299 3590; x_wconf 85' lang='lat' dir='ltr'><strong>etipsi</strong></span> <span class='ocrx_word' id='word_1_235' title='bbox 317 3523 571 3590; x_wconf 87' lang='lat' dir='ltr'><strong>justitiam</strong></span> <span class='ocrx_word' id='word_1_236' title='bbox 606 3523 659 3576; x_wconf 90' lang='lat' dir='ltr'><strong>in</strong></span> <span class='ocrx_word' id='word_1_237' title='bbox 700 3521 948 3577; x_wconf 83' lang='lat' dir='ltr'><strong>subditos</strong></span> <span class='ocrx_word' id='word_1_238' title='bbox 995 3529 1272 3576; x_wconf 79' lang='lat' dir='ltr'><strong>exercent.</strong></span> <span class='ocrx_word' id='word_1_239' title='bbox 1328 3521 1673 3591; x_wconf 77' lang='grc' dir='ltr'><strong>ηατερίσσαν</strong></span> 
     </span>
    </p>
   </div>
   <div class='ocr_carea' id='block_1_37' title="bbox 166 3604 1674 3681">
    <p class='ocr_par' dir='ltr' id='par_1_37' title="bbox 166 3604 1674 3681">
     <span class='ocr_line' id='line_1_37' title="bbox 166 3604 1674 3681; baseline 0.003 -24"><span class='ocrx_word' id='word_1_240' title='bbox 166 3604 394 3675; x_wconf 79' lang='lat' dir='ltr'><strong>benignius</strong></span> <span class='ocrx_word' id='word_1_241' title='bbox 417 3619 623 3664; x_wconf 85' lang='lat' dir='ltr'><strong>vocant</strong></span> <span class='ocrx_word' id='word_1_242' title='bbox 663 3608 936 3664; x_wconf 91' lang='lat' dir='ltr'><strong>hodierni.</strong></span> <span class='ocrx_word' id='word_1_243' title='bbox 999 3609 1218 3665; x_wconf 84' lang='lat' dir='ltr'><strong>Duelius</strong></span> <span class='ocrx_word' id='word_1_244' title='bbox 1274 3608 1674 3681; x_wconf 76' lang='grc' dir='ltr'><strong>ἀρχιερατικὴν</strong></span> 
     </span>
    </p>
   </div>
   <div class='ocr_carea' id='block_1_38' title="bbox 175 3697 1674 3774">
    <p class='ocr_par' dir='ltr' id='par_1_38' title="bbox 175 3697 1674 3774">
     <span class='ocr_line' id='line_1_38' title="bbox 175 3697 1674 3774; baseline 0.005 -24"><span class='ocrx_word' id='word_1_245' title='bbox 175 3698 316 3765; x_wconf 60' lang='lat' dir='ltr'><strong>toin</strong></span> <span class='ocrx_word' id='word_1_246' title='bbox 335 3704 503 3769; x_wconf 85' lang='lat' dir='ltr'><strong>posuit</strong></span> <span class='ocrx_word' id='word_1_247' title='bbox 525 3700 964 3771; x_wconf 81' lang='lat' dir='ltr'><strong>Euchologium:</strong></span> <span class='ocrx_word' id='word_1_248' title='bbox 1006 3697 1138 3755; x_wconf 84' lang='grc' dir='ltr'><strong>Εἶτα</strong></span> <span class='ocrx_word' id='word_1_249' title='bbox 1185 3703 1406 3756; x_wconf 83' lang='grc' dir='ltr'><strong>δίδωσιν</strong></span> <span class='ocrx_word' id='word_1_250' title='bbox 1441 3705 1593 3774; x_wconf 84' lang='grc' dir='ltr'><strong>αὑτῷ</strong></span> <span class='ocrx_word' id='word_1_251' title='bbox 1645 3706 1674 3757; x_wconf 82' lang='grc' dir='ltr'><strong>δ</strong></span> 
     </span>
    </p>
   </div>
   <div class='ocr_carea' id='block_1_39' title="bbox 167 3788 1675 3866">
    <p class='ocr_par' dir='ltr' id='par_1_39' title="bbox 167 3788 1675 3866">
     <span class='ocr_line' id='line_1_39' title="bbox 167 3788 1675 3866; baseline 0.007 -27"><span class='ocrx_word' id='word_1_252' title='bbox 167 3788 386 3862; x_wconf 78' lang='grc' dir='ltr'><strong>ἀρχιερεὺς</strong></span> <span class='ocrx_word' id='word_1_253' title='bbox 404 3793 822 3865; x_wconf 75' lang='grc' dir='ltr'><strong>’ἀρχιερατικὴν</strong></span> <span class='ocrx_word' id='word_1_254' title='bbox 856 3794 1071 3864; x_wconf 72' lang='grc' dir='ltr'><strong>ῥάϐδον,</strong></span> <span class='ocrx_word' id='word_1_255' title='bbox 1105 3795 1284 3863; x_wconf 75' lang='grc' dir='ltr'><strong>λέγων</strong></span> <span class='ocrx_word' id='word_1_256' title='bbox 1333 3795 1476 3850; x_wconf 77' lang='grc' dir='ltr'><strong>οὕτω</strong></span> <span class='ocrx_word' id='word_1_257' title='bbox 1536 3798 1675 3866; x_wconf 76' lang='grc' dir='ltr'><strong>πρὸς</strong></span> 
     </span>
    </p>
   </div>
   <div class='ocr_carea' id='block_1_40' title="bbox 163 3883 1676 3960">
    <p class='ocr_par' dir='ltr' id='par_1_40' title="bbox 163 3883 1676 3960">
     <span class='ocr_line' id='line_1_40' title="bbox 163 3883 1676 3960; baseline 0.006 -27"><span class='ocrx_word' id='word_1_258' title='bbox 163 3883 302 3938; x_wconf 68' lang='grc' dir='ltr'><strong>αὐτόν·</strong></span> <span class='ocrx_word' id='word_1_259' title='bbox 329 3887 462 3941; x_wconf 77' lang='grc' dir='ltr'><strong>Λάϐε</strong></span> <span class='ocrx_word' id='word_1_260' title='bbox 500 3888 608 3955; x_wconf 79' lang='grc' dir='ltr'><strong>τὴν</strong></span> <span class='ocrx_word' id='word_1_261' title='bbox 639 3886 860 3955; x_wconf 64' lang='grc' dir='ltr'><strong>ῥάϐδον,</strong></span> <span class='ocrx_word' id='word_1_262' title='bbox 889 3886 975 3939; x_wconf 74' lang='grc' dir='ltr'><strong>ἵνα</strong></span> <span class='ocrx_word' id='word_1_263' title='bbox 1017 3891 1316 3960; x_wconf 80' lang='grc' dir='ltr'><strong>ποιμαίνῃς</strong></span> <span class='ocrx_word' id='word_1_264' title='bbox 1356 3889 1416 3942; x_wconf 77' lang='grc' dir='ltr'><strong>τὸ</strong></span> <span class='ocrx_word' id='word_1_265' title='bbox 1459 3889 1676 3960; x_wconf 77' lang='grc' dir='ltr'><strong>ἐμπροο</strong></span> 
     </span>
    </p>
   </div>
   <div class='ocr_carea' id='block_1_41' title="bbox 161 3972 1676 4050">
    <p class='ocr_par' dir='ltr' id='par_1_41' title="bbox 161 3972 1676 4050">
     <span class='ocr_line' id='line_1_41' title="bbox 161 3972 1676 4050; baseline 0.005 -25"><span class='ocrx_word' id='word_1_266' title='bbox 161 3972 258 4026; x_wconf 71' lang='lat' dir='ltr'><strong>sitv</strong></span> <span class='ocrx_word' id='word_1_267' title='bbox 288 3993 367 4031; x_wconf 86' lang='grc' dir='ltr'><strong>σου</strong></span> <span class='ocrx_word' id='word_1_268' title='bbox 386 3980 639 4050; x_wconf 83' lang='grc' dir='ltr'><strong>ποιμνίον</strong></span> <span class='ocrx_word' id='word_1_269' title='bbox 667 3977 764 4032; x_wconf 83' lang='grc' dir='ltr'><strong>τοῦ</strong></span> <span class='ocrx_word' id='word_1_270' title='bbox 787 3977 1052 4048; x_wconf 80' lang='grc' dir='ltr'><strong>Χριστοῦ,</strong></span> <span class='ocrx_word' id='word_1_271' title='bbox 1079 3980 1171 4032; x_wconf 77' lang='grc' dir='ltr'><strong>καὶ</strong></span> <span class='ocrx_word' id='word_1_272' title='bbox 1200 3981 1315 4042; x_wconf 76' lang='grc' dir='ltr'><strong>τοῖς</strong></span> <span class='ocrx_word' id='word_1_273' title='bbox 1358 3979 1459 4049; x_wconf 85' lang='grc' dir='ltr'><strong>μὲν</strong></span> <span class='ocrx_word' id='word_1_274' title='bbox 1488 3981 1676 4034; x_wconf 82' lang='grc' dir='ltr'><strong>εὐπει-</strong></span> 
     </span>
    </p>
   </div>
   <div class='ocr_carea' id='block_1_42' title="bbox 159 4062 1674 4142">
    <p class='ocr_par' dir='ltr' id='par_1_42' title="bbox 159 4062 1674 4142">
     <span class='ocr_line' id='line_1_42' title="bbox 159 4062 1674 4142; baseline 0.007 -27"><span class='ocrx_word' id='word_1_275' title='bbox 159 4062 286 4133; x_wconf 78' lang='grc' dir='ltr'><strong>θέσιν,</strong></span> <span class='ocrx_word' id='word_1_276' title='bbox 308 4068 434 4124; x_wconf 76' lang='grc' dir='ltr'><strong>ἔστω</strong></span> <span class='ocrx_word' id='word_1_277' title='bbox 457 4072 647 4132; x_wconf 80' lang='grc' dir='ltr'><strong>αὐτοῖς</strong></span> <span class='ocrx_word' id='word_1_278' title='bbox 677 4069 785 4123; x_wconf 81' lang='grc' dir='ltr'><strong>ὑπό</strong></span> <span class='ocrx_word' id='word_1_279' title='bbox 813 4085 909 4123; x_wconf 85' lang='grc' dir='ltr'><strong>σου</strong></span> <span class='ocrx_word' id='word_1_280' title='bbox 951 4069 1224 4142; x_wconf 78' lang='grc' dir='ltr'><strong>βακτηρία</strong></span> <span class='ocrx_word' id='word_1_281' title='bbox 1289 4072 1386 4126; x_wconf 67' lang='grc' dir='ltr'><strong>καὶ</strong></span> <span class='ocrx_word' id='word_1_282' title='bbox 1438 4073 1674 4142; x_wconf 82' lang='grc' dir='ltr'><strong>ὑποστη-</strong></span> 
     </span>
    </p>
   </div>
   <div class='ocr_carea' id='block_1_43' title="bbox 161 4157 1674 4236">
    <p class='ocr_par' dir='ltr' id='par_1_43' title="bbox 161 4157 1674 4236">
     <span class='ocr_line' id='line_1_43' title="bbox 161 4157 1674 4236; baseline 0.004 -25"><span class='ocrx_word' id='word_1_283' title='bbox 161 4157 331 4223; x_wconf 68' lang='grc' dir='ltr'><strong>ριγμδς,</strong></span> <span class='ocrx_word' id='word_1_284' title='bbox 355 4163 460 4224; x_wconf 75' lang='grc' dir='ltr'><strong>τοῖς</strong></span> <span class='ocrx_word' id='word_1_285' title='bbox 487 4161 548 4214; x_wconf 82' lang='grc' dir='ltr'><strong>δὲ</strong></span> <span class='ocrx_word' id='word_1_286' title='bbox 582 4159 906 4216; x_wconf 79' lang='grc' dir='ltr'><strong>ἀπειθοῦσιν</strong></span> <span class='ocrx_word' id='word_1_287' title='bbox 936 4162 1032 4214; x_wconf 74' lang='grc' dir='ltr'><strong>καὶ</strong></span> <span class='ocrx_word' id='word_1_288' title='bbox 1073 4162 1438 4232; x_wconf 78' lang='grc' dir='ltr'><strong>εὐτραπήλοις</strong></span> <span class='ocrx_word' id='word_1_289' title='bbox 1469 4166 1674 4236; x_wconf 80' lang='grc' dir='ltr'><strong>χρῆσον</strong></span> 
     </span>
    </p>
   </div>
   <div class='ocr_carea' id='block_1_44' title="bbox 159 4237 1488 4326">
    <p class='ocr_par' dir='ltr' id='par_1_44' title="bbox 159 4237 1488 4326">
     <span class='ocr_line' id='line_1_44' title="bbox 159 4237 1488 4326; baseline 0.01 -28"><span class='ocrx_word' id='word_1_290' title='bbox 159 4247 257 4319; x_wconf 67' lang='grc' dir='ltr'><strong>αὐτῇ</strong></span> <span class='ocrx_word' id='word_1_291' title='bbox 291 4252 456 4324; x_wconf 71' lang='grc' dir='ltr'><strong>ῥάϐδῳ</strong></span> <span class='ocrx_word' id='word_1_292' title='bbox 482 4255 884 4325; x_wconf 79' lang='grc' dir='ltr'><strong>ὲπιστυπτικῇ,</strong></span> <span class='ocrx_word' id='word_1_293' title='bbox 921 4237 1106 4326; x_wconf 73' lang='grc' dir='ltr'><strong>ῥάϐδῳ</strong></span> <span class='ocrx_word' id='word_1_294' title='bbox 1129 4255 1488 4321; x_wconf 72' lang='grc' dir='ltr'><strong>παιδεύσεως.</strong></span> 
     </span>
    </p>
   </div>
   <div class='ocr_carea' id='block_1_45' title="bbox 207 4339 1676 4416">
    <p class='ocr_par' dir='ltr' id='par_1_45' title="bbox 207 4339 1676 4416">
     <span class='ocr_line' id='line_1_45' title="bbox 207 4339 1676 4416; baseline 0.007 -22"><span class='ocrx_word' id='word_1_295' title='bbox 207 4339 320 4397; x_wconf 85' lang='lat' dir='ltr'><strong>Ibid.</strong></span> <span class='ocrx_word' id='word_1_296' title='bbox 347 4345 883 4416; x_wconf 72' lang='grc' dir='ltr'><strong>Πολυχρονίζουσι.</strong></span> <span class='ocrx_word' id='word_1_297' title='bbox 909 4345 985 4402; x_wconf 80' lang='lat' dir='ltr'><strong>Ex</strong></span> <span class='ocrx_word' id='word_1_298' title='bbox 1028 4349 1132 4402; x_wconf 86' lang='lat' dir='ltr'><strong>hac</strong></span> <span class='ocrx_word' id='word_1_299' title='bbox 1163 4350 1578 4416; x_wconf 80' lang='lat' dir='ltr'><strong>consuetudine,</strong></span> <span class='ocrx_word' id='word_1_300' title='bbox 1615 4358 1676 4405; x_wconf 91' lang='lat' dir='ltr'><strong>ut</strong></span> 
     </span>
    </p>
   </div>
   <div class='ocr_carea' id='block_1_46' title="bbox 158 4436 1670 4510">
    <p class='ocr_par' dir='ltr' id='par_1_46' title="bbox 158 4436 1670 4510">
     <span class='ocr_line' id='line_1_46' title="bbox 158 4436 1670 4510; baseline 0.009 -26"><span class='ocrx_word' id='word_1_301' title='bbox 158 4445 304 4488; x_wconf 81' lang='lat' dir='ltr'><strong>recens</strong></span> <span class='ocrx_word' id='word_1_302' title='bbox 331 4436 576 4492; x_wconf 85' lang='lat' dir='ltr'><strong>instituto</strong></span> <span class='ocrx_word' id='word_1_303' title='bbox 611 4439 940 4506; x_wconf 67' lang='lat' dir='ltr'><strong>patriarcha:</strong></span> <span class='ocrx_word' id='word_1_304' title='bbox 967 4439 1320 4510; x_wconf 80' lang='grc' dir='ltr'><strong>πολυχρόνιον</strong></span> <span class='ocrx_word' id='word_1_305' title='bbox 1365 4442 1670 4509; x_wconf 87' lang='lat' dir='ltr'><strong>occlnatur,</strong></span> 
     </span>
    </p>
   </div>
   <div class='ocr_carea' id='block_1_47' title="bbox 156 4522 1676 4602">
    <p class='ocr_par' dir='ltr' id='par_1_47' title="bbox 156 4522 1676 4602">
     <span class='ocr_line' id='line_1_47' title="bbox 156 4522 1676 4602; baseline 0.007 -26"><span class='ocrx_word' id='word_1_306' title='bbox 156 4522 204 4578; x_wconf 83' lang='lat' dir='ltr'><strong>de</strong></span> <span class='ocrx_word' id='word_1_307' title='bbox 228 4526 542 4600; x_wconf 81' lang='lat' dir='ltr'><strong>Copronymo</strong></span> <span class='ocrx_word' id='word_1_308' title='bbox 571 4536 760 4586; x_wconf 80' lang='lat' dir='ltr'><strong>narrat</strong></span> <span class='ocrx_word' id='word_1_309' title='bbox 798 4528 1154 4600; x_wconf 79' lang='lat' dir='ltr'><strong>TheOphanes</strong></span> <span class='ocrx_word' id='word_1_310' title='bbox 1187 4549 1203 4587; x_wconf 91' lang='lat'><strong>:</strong></span> <span class='ocrx_word' id='word_1_311' title='bbox 1245 4531 1501 4602; x_wconf 78' lang='grc' dir='ltr'><strong>’Λνῆλθεν</strong></span> <span class='ocrx_word' id='word_1_312' title='bbox 1522 4535 1676 4586; x_wconf 89' lang='grc' dir='ltr'><strong>Κων-</strong></span> 
     </span>
    </p>
   </div>
   <div class='ocr_carea' id='block_1_48' title="bbox 158 4613 1752 4694">
    <p class='ocr_par' dir='ltr' id='par_1_48' title="bbox 158 4613 1752 4694">
     <span class='ocr_line' id='line_1_48' title="bbox 158 4613 1752 4694; baseline 0.008 -27"><span class='ocrx_word' id='word_1_313' title='bbox 158 4621 382 4684; x_wconf 81' lang='grc' dir='ltr'><strong>σταντίνος</strong></span> <span class='ocrx_word' id='word_1_314' title='bbox 410 4625 467 4675; x_wconf 79' lang='grc' dir='ltr'><strong>ὲν</strong></span> <span class='ocrx_word' id='word_1_315' title='bbox 487 4621 570 4692; x_wconf 86' lang='grc' dir='ltr'><strong>τῷ</strong></span> <span class='ocrx_word' id='word_1_316' title='bbox 598 4620 838 4690; x_wconf 79' lang='grc' dir='ltr'><strong>ᾶμόωνι,</strong></span> <span class='ocrx_word' id='word_1_317' title='bbox 871 4622 1092 4692; x_wconf 83' lang='grc' dir='ltr'><strong>κρατῶν</strong></span> <span class='ocrx_word' id='word_1_318' title='bbox 1139 4625 1549 4678; x_wconf 82' lang='grc' dir='ltr'><strong>Κωνσταντϊνον</strong></span> <span class='ocrx_word' id='word_1_319' title='bbox 1575 4642 1674 4694; x_wconf 87' lang='grc' dir='ltr'><strong>μο-</strong></span> <span class='ocrx_word' id='word_1_320' title='bbox 1706 4613 1752 4669; x_wconf 80' lang='grc' dir='ltr'><strong>Ῑ)</strong></span> 
     </span>
    </p>
   </div>
   <div class='ocr_carea' id='block_1_49' title="bbox 158 4711 1683 4785">
    <p class='ocr_par' dir='ltr' id='par_1_49' title="bbox 158 4711 1683 4785">
     <span class='ocr_line' id='line_1_49' title="bbox 158 4711 1683 4785; baseline 0.006 -24"><span class='ocrx_word' id='word_1_321' title='bbox 158 4711 278 4778; x_wconf 67' lang='grc' dir='ltr'><strong>ναχὸν</strong></span> <span class='ocrx_word' id='word_1_322' title='bbox 299 4713 591 4768; x_wconf 75' lang='grc' dir='ltr'><strong>ἐπίσκοπον</strong></span> <span class='ocrx_word' id='word_1_323' title='bbox 620 4715 914 4785; x_wconf 85' lang='grc' dir='ltr'><strong>γενόμενον</strong></span> <span class='ocrx_word' id='word_1_324' title='bbox 939 4716 1033 4768; x_wconf 87' lang='grc' dir='ltr'><strong>τοῦ</strong></span> <span class='ocrx_word' id='word_1_325' title='bbox 1059 4715 1314 4783; x_wconf 81' lang='grc' dir='ltr'><strong>Συλαίου,</strong></span> <span class='ocrx_word' id='word_1_326' title='bbox 1369 4718 1461 4770; x_wconf 72' lang='grc' dir='ltr'>καὶ</span> <span class='ocrx_word' id='word_1_327' title='bbox 1523 4720 1683 4771; x_wconf 74' lang='grc' dir='ltr'><strong>ἐπευ-</strong></span> 
     </span>
    </p>
   </div>
   <div class='ocr_carea' id='block_1_50' title="bbox 158 4798 1680 4881">
    <p class='ocr_par' dir='ltr' id='par_1_50' title="bbox 158 4798 1680 4881">
     <span class='ocr_line' id='line_1_50' title="bbox 158 4798 1680 4881; baseline 0.001 -19"><span class='ocrx_word' id='word_1_328' title='bbox 158 4798 338 4871; x_wconf 73' lang='grc' dir='ltr'><strong>ξάμενος</strong></span> <span class='ocrx_word' id='word_1_329' title='bbox 365 4807 465 4878; x_wconf 77' lang='grc' dir='ltr'><strong>ἔφη</strong></span> <span class='ocrx_word' id='word_1_330' title='bbox 501 4808 722 4880; x_wconf 76' lang='grc' dir='ltr'><strong>μεγάλῃ</strong></span> <span class='ocrx_word' id='word_1_331' title='bbox 773 4811 840 4879; x_wconf 81' lang='grc' dir='ltr'><strong>τῇ</strong></span> <span class='ocrx_word' id='word_1_332' title='bbox 879 4811 1030 4879; x_wconf 82' lang='grc' dir='ltr'><strong>φωνῇ</strong></span> <span class='ocrx_word' id='word_1_333' title='bbox 1094 4827 1114 4860; x_wconf 80' lang='grc' dir='ltr'><strong>ι</strong></span> <span class='ocrx_word' id='word_1_334' title='bbox 1149 4807 1547 4881; x_wconf 76' lang='grc' dir='ltr'><strong>Κὶυνσταντινῳ</strong></span> <span class='ocrx_word' id='word_1_335' title='bbox 1599 4812 1680 4864; x_wconf 85' lang='lat' dir='ltr'><strong>ol-</strong></span> 
     </span>
    </p>
   </div>
   <div class='ocr_carea' id='block_1_51' title="bbox 158 4895 1262 4970">
    <p class='ocr_par' dir='ltr' id='par_1_51' title="bbox 158 4895 1262 4970">
     <span class='ocr_line' id='line_1_51' title="bbox 158 4895 1262 4970; baseline 0.017 -35"><span class='ocrx_word' id='word_1_336' title='bbox 158 4895 408 4964; x_wconf 73' lang='grc' dir='ltr'><strong>κουμινικῷ</strong></span> <span class='ocrx_word' id='word_1_337' title='bbox 436 4900 762 4969; x_wconf 77' lang='grc' dir='ltr'><strong>πατριάρχῃ</strong></span> <span class='ocrx_word' id='word_1_338' title='bbox 781 4897 954 4952; x_wconf 80' lang='grc' dir='ltr'>πολλὰ</span> <span class='ocrx_word' id='word_1_339' title='bbox 983 4899 1049 4952; x_wconf 73' lang='grc' dir='ltr'><strong>τὰ</strong></span> <span class='ocrx_word' id='word_1_340' title='bbox 1085 4898 1205 4970; x_wconf 77' lang='grc' dir='ltr'><strong>ἐτη.</strong></span> <span class='ocrx_word' id='word_1_341' title='bbox 1241 4917 1262 4952; x_wconf 77' lang='lat' dir='ltr'><strong>s</strong></span> 
     </span>
    </p>
   </div>
   <div class='ocr_carea' id='block_1_52' title="bbox 207 4979 1675 5061">
    <p class='ocr_par' dir='ltr' id='par_1_52' title="bbox 207 4979 1675 5061">
     <span class='ocr_line' id='line_1_52' title="bbox 207 4979 1675 5061; baseline 0.008 -26"><span class='ocrx_word' id='word_1_342' title='bbox 207 4979 256 5038; x_wconf 87' lang='lat' dir='ltr'><strong>P.</strong></span> <span class='ocrx_word' id='word_1_343' title='bbox 306 4986 420 5043; x_wconf 67' lang='lat'><strong>104.</strong></span> <span class='ocrx_word' id='word_1_344' title='bbox 452 4988 842 5061; x_wconf 77' lang='grc' dir='ltr'><strong>,[Ἀπέρχεται</strong></span> <span class='ocrx_word' id='word_1_345' title='bbox 923 4990 1202 5058; x_wconf 72' lang='grc' dir='ltr'><strong>ἱππότης.</strong></span> <span class='ocrx_word' id='word_1_346' title='bbox 1267 4991 1558 5048; x_wconf 81' lang='lat' dir='ltr'><strong>Restitutio</strong></span> <span class='ocrx_word' id='word_1_347' title='bbox 1624 4993 1675 5047; x_wconf 89' lang='lat' dir='ltr'><strong>in</strong></span> 
     </span>
    </p>
   </div>
   <div class='ocr_carea' id='block_1_53' title="bbox 158 5071 1672 5154">
    <p class='ocr_par' dir='ltr' id='par_1_53' title="bbox 158 5071 1672 5154">
     <span class='ocr_line' id='line_1_53' title="bbox 158 5071 1672 5154; baseline 0.006 -25"><span class='ocrx_word' id='word_1_348' title='bbox 158 5071 382 5144; x_wconf 78' lang='lat' dir='ltr'><strong>thronum,</strong></span> <span class='ocrx_word' id='word_1_349' title='bbox 411 5097 563 5152; x_wconf 63' lang='lat' dir='ltr'><strong>atque</strong></span> <span class='ocrx_word' id='word_1_350' title='bbox 597 5097 662 5137; x_wconf 84' lang='lat' dir='ltr'><strong>ac</strong></span> <span class='ocrx_word' id='word_1_351' title='bbox 695 5082 930 5152; x_wconf 84' lang='lat' dir='ltr'><strong>primum</strong></span> <span class='ocrx_word' id='word_1_352' title='bbox 961 5083 1230 5151; x_wconf 91' lang='lat' dir='ltr'><strong>instituto,</strong></span> <span class='ocrx_word' id='word_1_353' title='bbox 1258 5083 1412 5140; x_wconf 70' lang='lat' dir='ltr'><strong>Isaia:</strong></span> <span class='ocrx_word' id='word_1_354' title='bbox 1443 5087 1672 5154; x_wconf 86' lang='lat' dir='ltr'><strong>patriar-</strong></span> 
     </span>
    </p>
   </div>
   <div class='ocr_carea' id='block_1_54' title="bbox 158 5163 1672 5245">
    <p class='ocr_par' dir='ltr' id='par_1_54' title="bbox 158 5163 1672 5245">
     <span class='ocr_line' id='line_1_54' title="bbox 158 5163 1672 5245; baseline 0.008 -25"><span class='ocrx_word' id='word_1_355' title='bbox 158 5163 241 5220; x_wconf 68' lang='grc' dir='ltr'><strong>ειη</strong></span> <span class='ocrx_word' id='word_1_356' title='bbox 285 5185 453 5238; x_wconf 87' lang='lat' dir='ltr'><strong>parem</strong></span> <span class='ocrx_word' id='word_1_357' title='bbox 502 5173 768 5229; x_wconf 86' lang='lat' dir='ltr'><strong>honorem</strong></span> <span class='ocrx_word' id='word_1_358' title='bbox 799 5172 1046 5229; x_wconf 82' lang='lat' dir='ltr'><strong>exhibuit</strong></span> <span class='ocrx_word' id='word_1_359' title='bbox 1069 5173 1259 5245; x_wconf 88' lang='lat' dir='ltr'><strong>junior</strong></span> <span class='ocrx_word' id='word_1_360' title='bbox 1305 5176 1672 5242; x_wconf 83' lang='lat' dir='ltr'><strong>Andronicus,</strong></span> 
     </span>
    </p>
   </div>
   <div class='ocr_carea' id='block_1_55' title="bbox 157 5259 1676 5343">
    <p class='ocr_par' dir='ltr' id='par_1_55' title="bbox 157 5259 1676 5343">
     <span class='ocr_line' id='line_1_55' title="bbox 157 5259 1676 5343; baseline 0.011 -35"><span class='ocrx_word' id='word_1_361' title='bbox 157 5262 259 5312; x_wconf 83' lang='lat' dir='ltr'><strong>teste</strong></span> <span class='ocrx_word' id='word_1_362' title='bbox 291 5259 682 5330; x_wconf 84' lang='lat' dir='ltr'><strong>Cantacuzeno,</strong></span> <span class='ocrx_word' id='word_1_363' title='bbox 725 5264 763 5319; x_wconf 93' lang='lat' dir='ltr'><strong>l.</strong></span> <span class='ocrx_word' id='word_1_364' title='bbox 815 5280 932 5331; x_wconf 84' lang='lat' dir='ltr'><strong>t,c.</strong></span> <span class='ocrx_word' id='word_1_365' title='bbox 969 5266 1070 5322; x_wconf 90' lang='lat' dir='ltr'><strong>ult.</strong></span> <span class='ocrx_word' id='word_1_366' title='bbox 1114 5284 1130 5322; x_wconf 91' lang='lat'><strong>:</strong></span> <span class='ocrx_word' id='word_1_367' title='bbox 1184 5266 1296 5321; x_wconf 76' lang='grc' dir='ltr'><strong>Καὶ</strong></span> <span class='ocrx_word' id='word_1_368' title='bbox 1357 5270 1676 5343; x_wconf 71' lang='grc' dir='ltr'><strong>πατριάρχῃ</strong></span> 
     </span>
    </p>
   </div>
   <div class='ocr_carea' id='block_1_56' title="bbox 165 5344 1671 5431">
    <p class='ocr_par' dir='ltr' id='par_1_56' title="bbox 165 5344 1671 5431">
     <span class='ocr_line' id='line_1_56' title="bbox 165 5344 1671 5431; baseline 0.011 -33"><span class='ocrx_word' id='word_1_369' title='bbox 165 5344 322 5423; x_wconf 72' lang='grc' dir='ltr'><strong>Ἡσαΐᾳ</strong></span> <span class='ocrx_word' id='word_1_370' title='bbox 346 5352 412 5406; x_wconf 88' lang='grc' dir='ltr'><strong>δι’</strong></span> <span class='ocrx_word' id='word_1_371' title='bbox 445 5355 612 5410; x_wconf 77' lang='grc' dir='ltr'><strong>αὑτὸν</strong></span> <span class='ocrx_word' id='word_1_372' title='bbox 660 5356 1118 5429; x_wconf 71' lang='grc' dir='ltr'><strong>ὲγκεκλεισμένῳ,</strong></span> <span class='ocrx_word' id='word_1_373' title='bbox 1159 5358 1285 5412; x_wconf 84' lang='grc' dir='ltr'><strong>ὅσον</strong></span> <span class='ocrx_word' id='word_1_374' title='bbox 1313 5376 1373 5411; x_wconf 83' lang='grc' dir='ltr'><strong>τε</strong></span> <span class='ocrx_word' id='word_1_375' title='bbox 1402 5359 1431 5412; x_wconf 85' lang='grc' dir='ltr'><strong>δ</strong></span> <span class='ocrx_word' id='word_1_376' title='bbox 1483 5362 1671 5431; x_wconf 79' lang='grc' dir='ltr'><strong>καιρὸς</strong></span> 
     </span>
    </p>
   </div>
   <div class='ocr_carea' id='block_1_57' title="bbox 158 5433 1674 5520">
    <p class='ocr_par' dir='ltr' id='par_1_57' title="bbox 158 5433 1674 5520">
     <span class='ocr_line' id='line_1_57' title="bbox 158 5433 1674 5520; baseline 0.015 -37"><span class='ocrx_word' id='word_1_377' title='bbox 158 5433 293 5490; x_wconf 72' lang='grc' dir='ltr'><strong>ἐδίδου</strong></span> <span class='ocrx_word' id='word_1_378' title='bbox 315 5443 732 5516; x_wconf 77' lang='grc' dir='ltr'><strong>εὐχαριστήσας,</strong></span> <span class='ocrx_word' id='word_1_379' title='bbox 752 5447 844 5500; x_wconf 79' lang='grc' dir='ltr'><strong>καὶ</strong></span> <span class='ocrx_word' id='word_1_380' title='bbox 866 5447 947 5510; x_wconf 82' lang='grc' dir='ltr'><strong>είς</strong></span> <span class='ocrx_word' id='word_1_381' title='bbox 971 5446 1031 5501; x_wconf 78' lang='grc' dir='ltr'><strong>τὸ</strong></span> <span class='ocrx_word' id='word_1_382' title='bbox 1052 5451 1442 5520; x_wconf 82' lang='grc' dir='ltr'><strong>πατριαρχεῖον</strong></span> <span class='ocrx_word' id='word_1_383' title='bbox 1471 5451 1558 5519; x_wconf 78' lang='grc' dir='ltr'><strong>ἐφ’</strong></span> <span class='ocrx_word' id='word_1_384' title='bbox 1586 5451 1674 5504; x_wconf 84' lang='grc' dir='ltr'><strong>ἴπ-</strong></span> 
     </span>
    </p>
   </div>
   <div class='ocr_carea' id='block_1_58' title="bbox 156 5529 1672 5613">
    <p class='ocr_par' dir='ltr' id='par_1_58' title="bbox 156 5529 1672 5613">
     <span class='ocr_line' id='line_1_58' title="bbox 156 5529 1672 5613; baseline 0.009 -29"><span class='ocrx_word' id='word_1_385' title='bbox 156 5537 234 5578; x_wconf 75' lang='grc' dir='ltr'><strong>που</strong></span> <span class='ocrx_word' id='word_1_386' title='bbox 278 5529 558 5599; x_wconf 79' lang='grc' dir='ltr'><strong>βασιλικῶς</strong></span> <span class='ocrx_word' id='word_1_387' title='bbox 608 5540 1025 5609; x_wconf 77' lang='grc' dir='ltr'><strong>κεκοσμημένον</strong></span> <span class='ocrx_word' id='word_1_388' title='bbox 1082 5540 1330 5609; x_wconf 79' lang='grc' dir='ltr'><strong>ἀγαγὼν,</strong></span> <span class='ocrx_word' id='word_1_389' title='bbox 1398 5543 1672 5613; x_wconf 75' lang='grc' dir='ltr'><strong>ἐπανῆκεν</strong></span> 
     </span>
    </p>
   </div>
   <div class='ocr_carea' id='block_1_59' title="bbox 156 5613 1671 5704">
    <p class='ocr_par' dir='ltr' id='par_1_59' title="bbox 156 5613 1671 5704">
     <span class='ocr_line' id='line_1_59' title="bbox 156 5613 1671 5704; baseline 0.013 -33"><span class='ocrx_word' id='word_1_390' title='bbox 156 5613 275 5684; x_wconf 68' lang='grc' dir='ltr'><strong>αὖθις</strong></span> <span class='ocrx_word' id='word_1_391' title='bbox 311 5626 386 5689; x_wconf 82' lang='grc' dir='ltr'><strong>είς</strong></span> <span class='ocrx_word' id='word_1_392' title='bbox 415 5629 481 5681; x_wconf 81' lang='grc' dir='ltr'><strong>τὰ</strong></span> <span class='ocrx_word' id='word_1_393' title='bbox 506 5628 773 5699; x_wconf 76' lang='grc' dir='ltr'><strong>βασίλεια.</strong></span> <span class='ocrx_word' id='word_1_394' title='bbox 806 5630 1145 5688; x_wconf 84' lang='lat' dir='ltr'><strong>Gennadium</strong></span> <span class='ocrx_word' id='word_1_395' title='bbox 1181 5633 1545 5704; x_wconf 84' lang='lat' dir='ltr'><strong>patriarcham</strong></span> <span class='ocrx_word' id='word_1_396' title='bbox 1585 5652 1671 5690; x_wconf 78' lang='lat' dir='ltr'><strong>re-</strong></span> 
     </span>
    </p>
   </div>
   <div class='ocr_carea' id='block_1_60' title="bbox 157 5721 1668 5793">
    <p class='ocr_par' dir='ltr' id='par_1_60' title="bbox 157 5721 1668 5793">
     <span class='ocr_line' id='line_1_60' title="bbox 157 5721 1668 5793; baseline 0.014 -32"><span class='ocrx_word' id='word_1_397' title='bbox 157 5721 301 5770; x_wconf 81' lang='lat' dir='ltr'><strong>tenter</strong></span> <span class='ocrx_word' id='word_1_398' title='bbox 327 5731 695 5776; x_wconf 82' lang='lat' dir='ltr'><strong>consecratum</strong></span> <span class='ocrx_word' id='word_1_399' title='bbox 726 5721 1064 5779; x_wconf 79' lang='lat' dir='ltr'><strong>Mohametus</strong></span> <span class='ocrx_word' id='word_1_400' title='bbox 1111 5725 1330 5780; x_wconf 84' lang='lat' dir='ltr'><strong>nomine</strong></span> <span class='ocrx_word' id='word_1_401' title='bbox 1369 5725 1668 5793; x_wconf 87' lang='lat' dir='ltr'><strong>secundus,</strong></span> 
     </span>
    </p>
   </div>
   <div class='ocr_carea' id='block_1_61' title="bbox 158 5801 1670 5888">
    <p class='ocr_par' dir='ltr' id='par_1_61' title="bbox 158 5801 1670 5888">
     <span class='ocr_line' id='line_1_61' title="bbox 158 5801 1670 5888; baseline 0.006 -27"><span class='ocrx_word' id='word_1_402' title='bbox 158 5801 319 5861; x_wconf 71' lang='lat' dir='ltr'><strong>Primus</strong></span> <span class='ocrx_word' id='word_1_403' title='bbox 335 5808 503 5879; x_wconf 86' lang='lat' dir='ltr'><strong>Cpolis</strong></span> <span class='ocrx_word' id='word_1_404' title='bbox 528 5813 634 5867; x_wconf 83' lang='lat' dir='ltr'><strong>sibi</strong></span> <span class='ocrx_word' id='word_1_405' title='bbox 659 5814 918 5884; x_wconf 83' lang='lat' dir='ltr'><strong>subjectae</strong></span> <span class='ocrx_word' id='word_1_406' title='bbox 945 5814 1182 5872; x_wconf 79' lang='lat' dir='ltr'><strong>inﬁdelis</strong></span> <span class='ocrx_word' id='word_1_407' title='bbox 1199 5825 1485 5886; x_wconf 79' lang='lat' dir='ltr'><strong>tyrannus,</strong></span> <span class='ocrx_word' id='word_1_408' title='bbox 1507 5834 1670 5888; x_wconf 82' lang='grc' dir='ltr'><strong>μετα-</strong></span> 
     </span>
    </p>
   </div>
   <div class='ocr_carea' id='block_1_62' title="bbox 157 5891 1672 5979">
    <p class='ocr_par' dir='ltr' id='par_1_62' title="bbox 157 5891 1672 5979">
     <span class='ocr_line' id='line_1_62' title="bbox 157 5891 1672 5979; baseline 0.019 -40"><span class='ocrx_word' id='word_1_409' title='bbox 157 5891 473 5970; x_wconf 58' lang='grc' dir='ltr'><strong>καλεσάμενος</strong></span> <span class='ocrx_word' id='word_1_410' title='bbox 506 5903 652 5960; x_wconf 73' lang='grc' dir='ltr'><strong>ἔνδον</strong></span> <span class='ocrx_word' id='word_1_411' title='bbox 679 5906 788 5960; x_wconf 84' lang='grc' dir='ltr'><strong>τῶν</strong></span> <span class='ocrx_word' id='word_1_412' title='bbox 815 5907 1103 5978; x_wconf 79' lang='grc' dir='ltr'><strong>βασιλείων</strong></span> <span class='ocrx_word' id='word_1_413' title='bbox 1127 5907 1291 5964; x_wconf 84' lang='grc' dir='ltr'><strong>αὐτοῦ</strong></span> <span class='ocrx_word' id='word_1_414' title='bbox 1332 5908 1489 5972; x_wconf 70' lang='grc' dir='ltr'><strong>ἰδίαις</strong></span> <span class='ocrx_word' id='word_1_415' title='bbox 1514 5910 1672 5979; x_wconf 78' lang='grc' dir='ltr'><strong>χερσὶ</strong></span> 
     </span>
    </p>
   </div>
   <div class='ocr_carea' id='block_1_63' title="bbox 1783 668 3361 746">
    <p class='ocr_par' dir='ltr' id='par_1_63' title="bbox 1783 668 3361 746">
     <span class='ocr_line' id='line_1_63' title="bbox 1783 668 3361 746; baseline 0.005 -24"><span class='ocrx_word' id='word_1_416' title='bbox 1783 668 1977 722; x_wconf 85' lang='grc' dir='ltr'><strong>πολλοῦ</strong></span> <span class='ocrx_word' id='word_1_417' title='bbox 2003 668 2171 732; x_wconf 80' lang='grc' dir='ltr'><strong>ἄξιον,</strong></span> <span class='ocrx_word' id='word_1_418' title='bbox 2204 669 2323 740; x_wconf 75' lang='grc' dir='ltr'><strong>ἦτοι</strong></span> <span class='ocrx_word' id='word_1_419' title='bbox 2370 670 2569 740; x_wconf 66' lang='lat' dir='ltr'><strong>pasam</strong></span> <span class='ocrx_word' id='word_1_420' title='bbox 2628 674 2898 744; x_wconf 81' lang='grc' dir='ltr'><strong>ἀγρυρᾶν,</strong></span> <span class='ocrx_word' id='word_1_421' title='bbox 2952 691 3361 746; x_wconf 82' lang='grc' dir='ltr'><strong>περικεχρυσω-</strong></span> 
     </span>
    </p>
   </div>
   <div class='ocr_carea' id='block_1_64' title="bbox 1785 759 3361 838">
    <p class='ocr_par' dir='ltr' id='par_1_64' title="bbox 1785 759 3361 838">
     <span class='ocr_line' id='line_1_64' title="bbox 1785 759 3361 838; baseline 0.006 -26"><span class='ocrx_word' id='word_1_422' title='bbox 1785 760 1976 831; x_wconf 79' lang='grc' dir='ltr'><strong>μένην,</strong></span> <span class='ocrx_word' id='word_1_423' title='bbox 2015 759 2242 831; x_wconf 79' lang='grc' dir='ltr'><strong>ὡραίαν,</strong></span> <span class='ocrx_word' id='word_1_424' title='bbox 2272 761 2367 814; x_wconf 70' lang='grc' dir='ltr'>καὶ</span> <span class='ocrx_word' id='word_1_425' title='bbox 2398 762 2564 816; x_wconf 81' lang='grc' dir='ltr'><strong>ἵππον</strong></span> <span class='ocrx_word' id='word_1_426' title='bbox 2597 764 2822 832; x_wconf 78' lang='grc' dir='ltr'><strong>ἀγαθὸν,</strong></span> <span class='ocrx_word' id='word_1_427' title='bbox 2867 765 2962 820; x_wconf 75' lang='grc' dir='ltr'><strong>καὶ</strong></span> <span class='ocrx_word' id='word_1_428' title='bbox 3011 766 3177 837; x_wconf 79' lang='grc' dir='ltr'><strong>μέρος</strong></span> <span class='ocrx_word' id='word_1_429' title='bbox 3227 786 3361 838; x_wconf 78' lang='grc' dir='ltr'><strong>χρυ·-</strong></span> 
     </span>
    </p>
   </div>
   <div class='ocr_carea' id='block_1_65' title="bbox 1782 853 3206 932">
    <p class='ocr_par' dir='ltr' id='par_1_65' title="bbox 1782 853 3206 932">
     <span class='ocr_line' id='line_1_65' title="bbox 1782 853 3206 932; baseline 0.004 -24"><span class='ocrx_word' id='word_1_430' title='bbox 1782 853 1944 908; x_wconf 82' lang='grc' dir='ltr'><strong>σίνων</strong></span> <span class='ocrx_word' id='word_1_431' title='bbox 1975 870 2038 910; x_wconf 79' lang='lat' dir='ltr'><strong>ex</strong></span> <span class='ocrx_word' id='word_1_432' title='bbox 2064 855 2336 910; x_wconf 85' lang='lat' dir='ltr'><strong>Chronico</strong></span> <span class='ocrx_word' id='word_1_433' title='bbox 2375 856 2474 927; x_wconf 83' lang='lat' dir='ltr'><strong>Cp.</strong></span> <span class='ocrx_word' id='word_1_434' title='bbox 2500 857 2698 932; x_wconf 63' lang='lat' dir='ltr'><strong>Ceam]</strong></span> <span class='ocrx_word' id='word_1_435' title='bbox 3201 864 3206 869; x_wconf 83' lang='lat'>&#39;</span> 
     </span>
    </p>
   </div>
   <div class='ocr_carea' id='block_1_66' title="bbox 1851 943 3360 1021">
    <p class='ocr_par' dir='ltr' id='par_1_66' title="bbox 1851 943 3360 1021">
     <span class='ocr_line' id='line_1_66' title="bbox 1851 943 3360 1021; baseline 0.008 -24"><span class='ocrx_word' id='word_1_436' title='bbox 1851 943 1912 1000; x_wconf 84' lang='lat' dir='ltr'><strong>P.</strong></span> <span class='ocrx_word' id='word_1_437' title='bbox 1945 947 2068 1000; x_wconf 77' lang='lat' dir='ltr'><strong>illi.</strong></span> <span class='ocrx_word' id='word_1_438' title='bbox 2095 946 2291 1003; x_wconf 82' lang='lat' dir='ltr'><strong>Junius</strong></span> <span class='ocrx_word' id='word_1_439' title='bbox 2321 947 2434 1002; x_wconf 69' lang='lat' dir='ltr'><strong>haec</strong></span> <span class='ocrx_word' id='word_1_440' title='bbox 2465 964 2574 1003; x_wconf 90' lang='lat' dir='ltr'><strong>non</strong></span> <span class='ocrx_word' id='word_1_441' title='bbox 2609 949 2787 1014; x_wconf 88' lang='lat' dir='ltr'><strong>vertit,</strong></span> <span class='ocrx_word' id='word_1_442' title='bbox 2825 950 2918 1005; x_wconf 90' lang='lat' dir='ltr'><strong>sed</strong></span> <span class='ocrx_word' id='word_1_443' title='bbox 2958 952 3175 1021; x_wconf 82' lang='lat' dir='ltr'><strong>penitus</strong></span> <span class='ocrx_word' id='word_1_444' title='bbox 3206 969 3360 1009; x_wconf 89' lang='lat' dir='ltr'><strong>ever-</strong></span> 
     </span>
    </p>
   </div>
   <div class='ocr_carea' id='block_1_67' title="bbox 1783 1034 3363 1108">
    <p class='ocr_par' dir='ltr' id='par_1_67' title="bbox 1783 1034 3363 1108">
     <span class='ocr_line' id='line_1_67' title="bbox 1783 1034 3363 1108; baseline 0.006 -20"><span class='ocrx_word' id='word_1_445' title='bbox 1783 1035 1865 1090; x_wconf 91' lang='lat' dir='ltr'><strong>tit.</strong></span> <span class='ocrx_word' id='word_1_446' title='bbox 1903 1034 2184 1090; x_wconf 83' lang='lat' dir='ltr'><strong>Sciendum</strong></span> <span class='ocrx_word' id='word_1_447' title='bbox 2216 1047 2295 1092; x_wconf 85' lang='lat' dir='ltr'><strong>est</strong></span> <span class='ocrx_word' id='word_1_448' title='bbox 2347 1040 2486 1108; x_wconf 86' lang='lat' dir='ltr'><strong>quod</strong></span> <span class='ocrx_word' id='word_1_449' title='bbox 2534 1040 2628 1093; x_wconf 88' lang='lat' dir='ltr'><strong>alii</strong></span> <span class='ocrx_word' id='word_1_450' title='bbox 2661 1041 2958 1096; x_wconf 76' lang='lat' dir='ltr'><strong>sacerdotes</strong></span> <span class='ocrx_word' id='word_1_451' title='bbox 3010 1047 3203 1098; x_wconf 87' lang='lat' dir='ltr'><strong>summi</strong></span> <span class='ocrx_word' id='word_1_452' title='bbox 3260 1045 3363 1098; x_wconf 66' lang='grc' dir='ltr'><strong>εἰει</strong></span> 
     </span>
    </p>
   </div>
   <div class='ocr_carea' id='block_1_68' title="bbox 1784 1127 3364 1204">
    <p class='ocr_par' dir='ltr' id='par_1_68' title="bbox 1784 1127 3364 1204">
     <span class='ocr_line' id='line_1_68' title="bbox 1784 1127 3364 1204; baseline 0.008 -25"><span class='ocrx_word' id='word_1_453' title='bbox 1784 1127 2011 1182; x_wconf 87' lang='lat' dir='ltr'><strong>ctionem</strong></span> <span class='ocrx_word' id='word_1_454' title='bbox 2043 1130 2296 1200; x_wconf 73' lang='lat' dir='ltr'><strong>facientes</strong></span> <span class='ocrx_word' id='word_1_455' title='bbox 2331 1130 2613 1204; x_wconf 77' lang='lat' dir='ltr'><strong>obsignant</strong></span> <span class='ocrx_word' id='word_1_456' title='bbox 2641 1132 2741 1187; x_wconf 88' lang='lat' dir='ltr'><strong>bis.</strong></span> <span class='ocrx_word' id='word_1_457' title='bbox 2772 1131 3092 1189; x_wconf 84' lang='lat' dir='ltr'><strong>Patriarcha</strong></span> <span class='ocrx_word' id='word_1_458' title='bbox 3121 1136 3364 1204; x_wconf 60' lang='lat' dir='ltr'><strong>designaa</strong></span> 
     </span>
    </p>
   </div>
   <div class='ocr_carea' id='block_1_69' title="bbox 1785 1201 3358 1296">
    <p class='ocr_par' dir='ltr' id='par_1_69' title="bbox 1785 1201 3358 1296">
     <span class='ocr_line' id='line_1_69' title="bbox 1785 1201 3358 1296; baseline 0.008 -26"><span class='ocrx_word' id='word_1_459' title='bbox 1785 1228 1870 1271; x_wconf 90' lang='lat' dir='ltr'><strong>tur</strong></span> <span class='ocrx_word' id='word_1_460' title='bbox 1897 1220 2106 1284; x_wconf 87' lang='lat' dir='ltr'><strong>solum;</strong></span> <span class='ocrx_word' id='word_1_461' title='bbox 2149 1222 2275 1291; x_wconf 88' lang='lat' dir='ltr'><strong>quia</strong></span> <span class='ocrx_word' id='word_1_462' title='bbox 2306 1222 2368 1276; x_wconf 89' lang='lat' dir='ltr'><strong>ab</strong></span> <span class='ocrx_word' id='word_1_463' title='bbox 2407 1201 2723 1292; x_wconf 71' lang='lat' dir='ltr'><strong>imperatore</strong></span> <span class='ocrx_word' id='word_1_464' title='bbox 2761 1224 2907 1292; x_wconf 82' lang='lat' dir='ltr'><strong>facta</strong></span> <span class='ocrx_word' id='word_1_465' title='bbox 2939 1201 3358 1296; x_wconf 30' lang='lat' dir='ltr'><strong>designatio‘pro</strong></span> 
     </span>
    </p>
   </div>
   <div class='ocr_carea' id='block_1_70' title="bbox 1787 1313 3358 1387">
    <p class='ocr_par' dir='ltr' id='par_1_70' title="bbox 1787 1313 3358 1387">
     <span class='ocr_line' id='line_1_70' title="bbox 1787 1313 3358 1387; baseline 0.006 -23"><span class='ocrx_word' id='word_1_466' title='bbox 1787 1313 1990 1366; x_wconf 89' lang='lat' dir='ltr'><strong>minore</strong></span> <span class='ocrx_word' id='word_1_467' title='bbox 2015 1313 2188 1384; x_wconf 84' lang='lat' dir='ltr'><strong>sigillo</strong></span> <span class='ocrx_word' id='word_1_468' title='bbox 2215 1315 2451 1370; x_wconf 84' lang='lat' dir='ltr'><strong>ducitur.</strong></span> <span class='ocrx_word' id='word_1_469' title='bbox 2482 1315 2727 1387; x_wconf 81' lang='lat' dir='ltr'><strong>Corrige.</strong></span> <span class='ocrx_word' id='word_1_470' title='bbox 2752 1317 3034 1373; x_wconf 86' lang='lat' dir='ltr'><strong>Sciendum</strong></span> <span class='ocrx_word' id='word_1_471' title='bbox 3068 1329 3146 1374; x_wconf 87' lang='lat' dir='ltr'><strong>est</strong></span> <span class='ocrx_word' id='word_1_472' title='bbox 3179 1334 3358 1376; x_wconf 88' lang='lat' dir='ltr'><strong>autem</strong></span> 
     </span>
    </p>
   </div>
   <div class='ocr_carea' id='block_1_71' title="bbox 1781 1393 3363 1480">
    <p class='ocr_par' dir='ltr' id='par_1_71' title="bbox 1781 1393 3363 1480">
     <span class='ocr_line' id='line_1_71' title="bbox 1781 1393 3363 1480; baseline 0.006 -24"><span class='ocrx_word' id='word_1_473' title='bbox 1781 1404 1916 1456; x_wconf 87' lang='lat' dir='ltr'><strong>alios</strong></span> <span class='ocrx_word' id='word_1_474' title='bbox 1952 1405 2250 1458; x_wconf 81' lang='lat' dir='ltr'><strong>sacerdotes</strong></span> <span class='ocrx_word' id='word_1_475' title='bbox 2279 1423 2516 1461; x_wconf 83' lang='lat' dir='ltr'><strong>summos</strong></span> <span class='ocrx_word' id='word_1_476' title='bbox 2551 1393 2679 1476; x_wconf 84' lang='lat' dir='ltr'><strong>(hoc</strong></span> <span class='ocrx_word' id='word_1_477' title='bbox 2705 1419 2788 1463; x_wconf 90' lang='lat' dir='ltr'><strong>est</strong></span> <span class='ocrx_word' id='word_1_478' title='bbox 2821 1413 3128 1480; x_wconf 78' lang='lat' dir='ltr'><strong>episcopos,</strong></span> <span class='ocrx_word' id='word_1_479' title='bbox 3177 1413 3363 1466; x_wconf 84' lang='lat' dir='ltr'><strong>archi-</strong></span> 
     </span>
    </p>
   </div>
   <div class='ocr_carea' id='block_1_72' title="bbox 1785 1495 3367 1572">
    <p class='ocr_par' dir='ltr' id='par_1_72' title="bbox 1785 1495 3367 1572">
     <span class='ocr_line' id='line_1_72' title="bbox 1785 1495 3367 1572; baseline 0.006 -24"><span class='ocrx_word' id='word_1_480' title='bbox 1785 1495 2088 1564; x_wconf 90' lang='lat' dir='ltr'><strong>episcopos,</strong></span> <span class='ocrx_word' id='word_1_481' title='bbox 2115 1497 2271 1564; x_wconf 88' lang='lat' dir='ltr'><strong>etc.).</strong></span> <span class='ocrx_word' id='word_1_482' title='bbox 2301 1498 2424 1568; x_wconf 85' lang='lat' dir='ltr'><strong>eligi</strong></span> <span class='ocrx_word' id='word_1_483' title='bbox 2454 1515 2546 1568; x_wconf 84' lang='lat' dir='ltr'><strong>per</strong></span> <span class='ocrx_word' id='word_1_484' title='bbox 2568 1501 2764 1569; x_wconf 75' lang='lat' dir='ltr'><strong>duplex</strong></span> <span class='ocrx_word' id='word_1_485' title='bbox 2810 1503 3079 1572; x_wconf 85' lang='lat' dir='ltr'><strong>sigillum;</strong></span> <span class='ocrx_word' id='word_1_486' title='bbox 3131 1505 3234 1557; x_wconf 87' lang='lat' dir='ltr'><strong>hoc</strong></span> <span class='ocrx_word' id='word_1_487' title='bbox 3284 1515 3367 1558; x_wconf 83' lang='lat' dir='ltr'><strong>est</strong></span> 
     </span>
    </p>
   </div>
   <div class='ocr_carea' id='block_1_73' title="bbox 1787 1585 3368 1664">
    <p class='ocr_par' dir='ltr' id='par_1_73' title="bbox 1787 1585 3368 1664">
     <span class='ocr_line' id='line_1_73' title="bbox 1787 1585 3368 1664; baseline 0.004 -25"><span class='ocrx_word' id='word_1_488' title='bbox 1787 1602 1880 1654; x_wconf 85' lang='lat' dir='ltr'><strong>per</strong></span> <span class='ocrx_word' id='word_1_489' title='bbox 1912 1585 2148 1653; x_wconf 81' lang='lat' dir='ltr'><strong>duplicia</strong></span> <span class='ocrx_word' id='word_1_490' title='bbox 2203 1589 2464 1658; x_wconf 65' lang='lat' dir='ltr'><strong>suﬂ&#39;ragia</strong></span> <span class='ocrx_word' id='word_1_491' title='bbox 2519 1607 2609 1644; x_wconf 89' lang='lat' dir='ltr'><strong>seu</strong></span> <span class='ocrx_word' id='word_1_492' title='bbox 2659 1603 2777 1645; x_wconf 87' lang='lat' dir='ltr'><strong>vota</strong></span> <span class='ocrx_word' id='word_1_493' title='bbox 2820 1593 3121 1664; x_wconf 86' lang='lat' dir='ltr'><strong>obsignata,</strong></span> <span class='ocrx_word' id='word_1_494' title='bbox 3152 1611 3241 1648; x_wconf 86' lang='lat' dir='ltr'><strong>seu</strong></span> <span class='ocrx_word' id='word_1_495' title='bbox 3274 1612 3368 1663; x_wconf 90' lang='lat' dir='ltr'><strong>per</strong></span> 
     </span>
    </p>
   </div>
   <div class='ocr_carea' id='block_1_74' title="bbox 1784 1673 3366 1752">
    <p class='ocr_par' dir='ltr' id='par_1_74' title="bbox 1784 1673 3366 1752">
     <span class='ocr_line' id='line_1_74' title="bbox 1784 1673 3366 1752; baseline 0.008 -27"><span class='ocrx_word' id='word_1_496' title='bbox 1784 1673 1976 1740; x_wconf 75' lang='lat' dir='ltr'><strong>duplex</strong></span> <span class='ocrx_word' id='word_1_497' title='bbox 2006 1677 2340 1730; x_wconf 87' lang='lat' dir='ltr'><strong>scrutinium.</strong></span> <span class='ocrx_word' id='word_1_498' title='bbox 2377 1678 2487 1748; x_wconf 80' lang='grc' dir='ltr'><strong>Τὴν</strong></span> <span class='ocrx_word' id='word_1_499' title='bbox 2523 1679 2622 1748; x_wconf 83' lang='grc' dir='ltr'><strong>μὲν</strong></span> <span class='ocrx_word' id='word_1_500' title='bbox 2668 1679 2892 1750; x_wconf 81' lang='grc' dir='ltr'><strong>πρώτην</strong></span> <span class='ocrx_word' id='word_1_501' title='bbox 2945 1684 3216 1752; x_wconf 78' lang='grc' dir='ltr'><strong>σφραγῖδα</strong></span> <span class='ocrx_word' id='word_1_502' title='bbox 3267 1701 3366 1737; x_wconf 86' lang='grc' dir='ltr'><strong>κα-</strong></span> 
     </span>
    </p>
   </div>
   <div class='ocr_carea' id='block_1_75' title="bbox 1782 1765 3368 1840">
    <p class='ocr_par' dir='ltr' id='par_1_75' title="bbox 1782 1765 3368 1840">
     <span class='ocr_line' id='line_1_75' title="bbox 1782 1765 3368 1840; baseline 0.009 -22"><span class='ocrx_word' id='word_1_503' title='bbox 1782 1765 1936 1821; x_wconf 84' lang='grc' dir='ltr'><strong>λοῦσι</strong></span> <span class='ocrx_word' id='word_1_504' title='bbox 1974 1769 2208 1838; x_wconf 84' lang='grc' dir='ltr'><strong>μικράν·</strong></span> <span class='ocrx_word' id='word_1_505' title='bbox 2241 1767 2482 1824; x_wconf 79' lang='lat' dir='ltr'><strong>Primum</strong></span> <span class='ocrx_word' id='word_1_506' title='bbox 2525 1774 2755 1840; x_wconf 85' lang='lat' dir='ltr'><strong>sigillum</strong></span> <span class='ocrx_word' id='word_1_507' title='bbox 2785 1786 2968 1828; x_wconf 76' lang='lat' dir='ltr'><strong>vocant</strong></span> <span class='ocrx_word' id='word_1_508' title='bbox 3012 1779 3209 1832; x_wconf 88' lang='lat' dir='ltr'><strong>minus.</strong></span> <span class='ocrx_word' id='word_1_509' title='bbox 3244 1780 3368 1833; x_wconf 87' lang='lat' dir='ltr'><strong>Pti-</strong></span> 
     </span>
    </p>
   </div>
   <div class='ocr_carea' id='block_1_76' title="bbox 1786 1858 3361 1937">
    <p class='ocr_par' dir='ltr' id='par_1_76' title="bbox 1786 1858 3361 1937">
     <span class='ocr_line' id='line_1_76' title="bbox 1786 1858 3361 1937; baseline 0.009 -27"><span class='ocrx_word' id='word_1_510' title='bbox 1786 1871 1932 1912; x_wconf 91' lang='lat' dir='ltr'><strong>mum</strong></span> <span class='ocrx_word' id='word_1_511' title='bbox 1991 1858 2247 1928; x_wconf 86' lang='lat' dir='ltr'><strong>sigillum,</strong></span> <span class='ocrx_word' id='word_1_512' title='bbox 2303 1860 2408 1916; x_wconf 92' lang='lat' dir='ltr'><strong>hoc</strong></span> <span class='ocrx_word' id='word_1_513' title='bbox 2454 1874 2556 1926; x_wconf 90' lang='lat' dir='ltr'><strong>est,</strong></span> <span class='ocrx_word' id='word_1_514' title='bbox 2618 1875 2677 1919; x_wconf 93' lang='lat' dir='ltr'><strong>ut</strong></span> <span class='ocrx_word' id='word_1_515' title='bbox 2724 1866 2834 1934; x_wconf 84' lang='lat' dir='ltr'><strong>jam</strong></span> <span class='ocrx_word' id='word_1_516' title='bbox 2860 1868 3100 1937; x_wconf 80' lang='lat' dir='ltr'><strong>plerique</strong></span> <span class='ocrx_word' id='word_1_517' title='bbox 3143 1882 3361 1932; x_wconf 84' lang='lat' dir='ltr'><strong>vocant.</strong></span> 
     </span>
    </p>
   </div>
   <div class='ocr_carea' id='block_1_77' title="bbox 1779 1951 3365 2032">
    <p class='ocr_par' dir='ltr' id='par_1_77' title="bbox 1779 1951 3365 2032">
     <span class='ocr_line' id='line_1_77' title="bbox 1779 1951 3365 2032; baseline 0.009 -30"><span class='ocrx_word' id='word_1_518' title='bbox 1779 1951 2016 2018; x_wconf 91' lang='lat' dir='ltr'><strong>primum</strong></span> <span class='ocrx_word' id='word_1_519' title='bbox 2043 1953 2384 2017; x_wconf 87' lang='lat' dir='ltr'><strong>scrutinium,</strong></span> <span class='ocrx_word' id='word_1_520' title='bbox 2409 1965 2603 2009; x_wconf 88' lang='lat' dir='ltr'><strong>vocant</strong></span> <span class='ocrx_word' id='word_1_521' title='bbox 2632 1959 2836 2013; x_wconf 79' lang='lat' dir='ltr'><strong>minus.</strong></span> <span class='ocrx_word' id='word_1_522' title='bbox 2888 1959 2958 2013; x_wconf 81' lang='lat' dir='ltr'><strong>At</strong></span> <span class='ocrx_word' id='word_1_523' title='bbox 2989 1975 3114 2014; x_wconf 81' lang='lat' dir='ltr'><strong>vero</strong></span> <span class='ocrx_word' id='word_1_524' title='bbox 3137 1964 3365 2032; x_wconf 87' lang='lat' dir='ltr'><strong>patriar-</strong></span> 
     </span>
    </p>
   </div>
   <div class='ocr_carea' id='block_1_78' title="bbox 1777 2042 3360 2122">
    <p class='ocr_par' dir='ltr' id='par_1_78' title="bbox 1777 2042 3360 2122">
     <span class='ocr_line' id='line_1_78' title="bbox 1777 2042 3360 2122; baseline 0.009 -28"><span class='ocrx_word' id='word_1_525' title='bbox 1777 2042 1935 2095; x_wconf 89' lang='lat' dir='ltr'><strong>cham</strong></span> <span class='ocrx_word' id='word_1_526' title='bbox 1993 2042 2382 2113; x_wconf 88' lang='lat' dir='ltr'><strong>(Cpolitauum)</strong></span> <span class='ocrx_word' id='word_1_527' title='bbox 2430 2061 2524 2113; x_wconf 88' lang='lat' dir='ltr'><strong>per</strong></span> <span class='ocrx_word' id='word_1_528' title='bbox 2577 2064 2746 2103; x_wconf 91' lang='lat' dir='ltr'><strong>unum</strong></span> <span class='ocrx_word' id='word_1_529' title='bbox 2804 2050 3067 2106; x_wconf 78' lang='lat' dir='ltr'><strong>duntaxat</strong></span> <span class='ocrx_word' id='word_1_530' title='bbox 3103 2055 3360 2122; x_wconf 85' lang='lat' dir='ltr'><strong>sigillum.</strong></span> 
     </span>
    </p>
   </div>
   <div class='ocr_carea' id='block_1_79' title="bbox 1778 2134 3364 2217">
    <p class='ocr_par' dir='ltr' id='par_1_79' title="bbox 1778 2134 3364 2217">
     <span class='ocr_line' id='line_1_79' title="bbox 1778 2134 3364 2217; baseline 0.008 -30"><span class='ocrx_word' id='word_1_531' title='bbox 1778 2134 1881 2189; x_wconf 90' lang='lat' dir='ltr'><strong>hoc</strong></span> <span class='ocrx_word' id='word_1_532' title='bbox 1905 2144 1988 2189; x_wconf 89' lang='lat' dir='ltr'><strong>est</strong></span> <span class='ocrx_word' id='word_1_533' title='bbox 2014 2151 2124 2189; x_wconf 90' lang='lat' dir='ltr'><strong>uno</strong></span> <span class='ocrx_word' id='word_1_534' title='bbox 2155 2139 2440 2203; x_wconf 90' lang='lat' dir='ltr'><strong>scrutinio,</strong></span> <span class='ocrx_word' id='word_1_535' title='bbox 2481 2139 2708 2209; x_wconf 76' lang='lat' dir='ltr'><strong>eligunt,</strong></span> <span class='ocrx_word' id='word_1_536' title='bbox 2748 2157 2816 2197; x_wconf 88' lang='lat' dir='ltr'><strong>eo</strong></span> <span class='ocrx_word' id='word_1_537' title='bbox 2868 2145 3010 2212; x_wconf 78' lang='lat' dir='ltr'><strong>quod</strong></span> <span class='ocrx_word' id='word_1_538' title='bbox 3061 2146 3364 2217; x_wconf 75' lang='grc' dir='ltr'><strong>πρόϐλησις</strong></span> 
     </span>
    </p>
   </div>
   <div class='ocr_carea' id='block_1_80' title="bbox 1779 2230 3360 2305">
    <p class='ocr_par' dir='ltr' id='par_1_80' title="bbox 1779 2230 3360 2305">
     <span class='ocr_line' id='line_1_80' title="bbox 1779 2230 3360 2305; baseline 0.004 -21"><span class='ocrx_word' id='word_1_539' title='bbox 1779 2243 1872 2284; x_wconf 90' lang='lat' dir='ltr'><strong>seu</strong></span> <span class='ocrx_word' id='word_1_540' title='bbox 1907 2230 2242 2285; x_wconf 88' lang='lat' dir='ltr'><strong>renuntiatio</strong></span> <span class='ocrx_word' id='word_1_541' title='bbox 2279 2232 2346 2284; x_wconf 90' lang='lat' dir='ltr'><strong>ab</strong></span> <span class='ocrx_word' id='word_1_542' title='bbox 2379 2231 2709 2300; x_wconf 89' lang='lat' dir='ltr'><strong>imperatore</strong></span> <span class='ocrx_word' id='word_1_543' title='bbox 2741 2233 2881 2288; x_wconf 81' lang='lat' dir='ltr'><strong>facta</strong></span> <span class='ocrx_word' id='word_1_544' title='bbox 2915 2237 3163 2305; x_wconf 68' lang='lat' dir='ltr'><strong>suppleat</strong></span> <span class='ocrx_word' id='word_1_545' title='bbox 3191 2239 3360 2293; x_wconf 81' lang='lat' dir='ltr'><strong>vicem</strong></span> 
     </span>
    </p>
   </div>
   <div class='ocr_carea' id='block_1_81' title="bbox 1779 2321 3365 2400">
    <p class='ocr_par' dir='ltr' id='par_1_81' title="bbox 1779 2321 3365 2400">
     <span class='ocr_line' id='line_1_81' title="bbox 1779 2321 3365 2400; baseline 0.003 -23"><span class='ocrx_word' id='word_1_546' title='bbox 1779 2321 1942 2391; x_wconf 81' lang='lat'><strong>375</strong></span> <span class='ocrx_word' id='word_1_547' title='bbox 1981 2321 2209 2400; x_wconf 87' lang='lat' dir='ltr'><strong>minoris</strong></span> <span class='ocrx_word' id='word_1_548' title='bbox 2234 2323 2418 2393; x_wconf 77' lang='lat' dir='ltr'><strong>sigilli.</strong></span> <span class='ocrx_word' id='word_1_549' title='bbox 2445 2324 2595 2390; x_wconf 86' lang='lat' dir='ltr'><strong>Quod</strong></span> <span class='ocrx_word' id='word_1_550' title='bbox 2629 2325 2704 2380; x_wconf 90' lang='lat' dir='ltr'><strong>ait</strong></span> <span class='ocrx_word' id='word_1_551' title='bbox 2745 2325 2960 2391; x_wconf 85' lang='lat' dir='ltr'><strong>Junius,</strong></span> <span class='ocrx_word' id='word_1_552' title='bbox 3013 2327 3241 2396; x_wconf 77' lang='lat' dir='ltr'><strong>primum</strong></span> <span class='ocrx_word' id='word_1_553' title='bbox 3302 2331 3365 2382; x_wconf 84' lang='lat' dir='ltr'><strong>il-</strong></span> 
     </span>
    </p>
   </div>
   <div class='ocr_carea' id='block_1_82' title="bbox 1781 2415 3361 2482">
    <p class='ocr_par' dir='ltr' id='par_1_82' title="bbox 1781 2415 3361 2482">
     <span class='ocr_line' id='line_1_82' title="bbox 1781 2415 3361 2482; baseline 0.005 -14"><span class='ocrx_word' id='word_1_554' title='bbox 1781 2415 1870 2468; x_wconf 87' lang='lat' dir='ltr'><strong>lud</strong></span> <span class='ocrx_word' id='word_1_555' title='bbox 1895 2415 2130 2482; x_wconf 81' lang='lat' dir='ltr'><strong>sigillum</strong></span> <span class='ocrx_word' id='word_1_556' title='bbox 2153 2429 2246 2470; x_wconf 87' lang='lat' dir='ltr'><strong>seu</strong></span> <span class='ocrx_word' id='word_1_557' title='bbox 2275 2415 2601 2470; x_wconf 88' lang='lat' dir='ltr'><strong>scrutinium</strong></span> <span class='ocrx_word' id='word_1_558' title='bbox 2629 2419 2810 2472; x_wconf 89' lang='lat' dir='ltr'><strong>vocari</strong></span> <span class='ocrx_word' id='word_1_559' title='bbox 2834 2421 3241 2474; x_wconf 85' lang='lat' dir='ltr'><strong>nominationem</strong></span> <span class='ocrx_word' id='word_1_560' title='bbox 3277 2424 3361 2476; x_wconf 84' lang='lat' dir='ltr'><strong>vel</strong></span> 
     </span>
    </p>
   </div>
   <div class='ocr_carea' id='block_1_83' title="bbox 1779 2509 3387 2576">
    <p class='ocr_par' dir='ltr' id='par_1_83' title="bbox 1779 2509 3387 2576">
     <span class='ocr_line' id='line_1_83' title="bbox 1779 2509 3387 2576; baseline 0.007 -20"><span class='ocrx_word' id='word_1_561' title='bbox 1779 2509 2258 2576; x_wconf 79' lang='lat' dir='ltr'><strong>pra-scutationem,</strong></span> <span class='ocrx_word' id='word_1_562' title='bbox 2325 2509 2623 2562; x_wconf 87' lang='lat' dir='ltr'><strong>secundum</strong></span> <span class='ocrx_word' id='word_1_563' title='bbox 2684 2527 2811 2564; x_wconf 90' lang='lat' dir='ltr'><strong>vero</strong></span> <span class='ocrx_word' id='word_1_564' title='bbox 2863 2512 3200 2566; x_wconf 86' lang='lat' dir='ltr'><strong>collationem</strong></span> <span class='ocrx_word' id='word_1_565' title='bbox 3250 2517 3387 2569; x_wconf 73' lang='lat' dir='ltr'><strong>sive~</strong></span> 
     </span>
    </p>
   </div>
   <div class='ocr_carea' id='block_1_84' title="bbox 1781 2597 3364 2673">
    <p class='ocr_par' dir='ltr' id='par_1_84' title="bbox 1781 2597 3364 2673">
     <span class='ocr_line' id='line_1_84' title="bbox 1781 2597 3364 2673; baseline 0.006 -23"><span class='ocrx_word' id='word_1_566' title='bbox 1781 2597 2123 2661; x_wconf 81' lang='lat' dir='ltr'><strong>collaturum,</strong></span> <span class='ocrx_word' id='word_1_567' title='bbox 2150 2599 2202 2652; x_wconf 90' lang='lat' dir='ltr'><strong>id</strong></span> <span class='ocrx_word' id='word_1_568' title='bbox 2227 2597 2452 2653; x_wconf 89' lang='lat' dir='ltr'><strong>minime</strong></span> <span class='ocrx_word' id='word_1_569' title='bbox 2479 2599 2724 2666; x_wconf 80' lang='lat' dir='ltr'><strong>dixlsset,</strong></span> <span class='ocrx_word' id='word_1_570' title='bbox 2760 2602 2804 2656; x_wconf 91' lang='lat' dir='ltr'><strong>si</strong></span> <span class='ocrx_word' id='word_1_571' title='bbox 2829 2617 2892 2657; x_wconf 81' lang='lat' dir='ltr'><strong>ex</strong></span> <span class='ocrx_word' id='word_1_572' title='bbox 2925 2608 3048 2673; x_wconf 80' lang='lat' dir='ltr'><strong>jure</strong></span> <span class='ocrx_word' id='word_1_573' title='bbox 3081 2606 3364 2659; x_wconf 72' lang='lat' dir='ltr'><strong>didicisset</strong></span> 
     </span>
    </p>
   </div>
   <div class='ocr_carea' id='block_1_85' title="bbox 1781 2685 3366 2763">
    <p class='ocr_par' dir='ltr' id='par_1_85' title="bbox 1781 2685 3366 2763">
     <span class='ocr_line' id='line_1_85' title="bbox 1781 2685 3366 2763; baseline 0.007 -25"><span class='ocrx_word' id='word_1_574' title='bbox 1781 2685 2039 2754; x_wconf 86' lang='lat' dir='ltr'><strong>quidnam</strong></span> <span class='ocrx_word' id='word_1_575' title='bbox 2082 2685 2175 2754; x_wconf 88' lang='lat' dir='ltr'><strong>jus</strong></span> <span class='ocrx_word' id='word_1_576' title='bbox 2233 2687 2575 2753; x_wconf 85' lang='lat' dir='ltr'><strong>nominandi,</strong></span> <span class='ocrx_word' id='word_1_577' title='bbox 2622 2691 2751 2758; x_wconf 84' lang='lat' dir='ltr'><strong>quid</strong></span> <span class='ocrx_word' id='word_1_578' title='bbox 2804 2690 2895 2760; x_wconf 87' lang='lat' dir='ltr'><strong>jus</strong></span> <span class='ocrx_word' id='word_1_579' title='bbox 2919 2695 3280 2763; x_wconf 69' lang='lat' dir='ltr'><strong>prtesentaudi</strong></span> <span class='ocrx_word' id='word_1_580' title='bbox 3313 2707 3366 2749; x_wconf 88' lang='lat' dir='ltr'><strong>et</strong></span> 
     </span>
    </p>
   </div>
   <div class='ocr_carea' id='block_1_86' title="bbox 1782 2777 3364 2847">
    <p class='ocr_par' dir='ltr' id='par_1_86' title="bbox 1782 2777 3364 2847">
     <span class='ocr_line' id='line_1_86' title="bbox 1782 2777 3364 2847; baseline 0.007 -18"><span class='ocrx_word' id='word_1_581' title='bbox 1782 2777 1910 2847; x_wconf 89' lang='lat' dir='ltr'><strong>quid</strong></span> <span class='ocrx_word' id='word_1_582' title='bbox 1935 2778 2025 2846; x_wconf 84' lang='lat' dir='ltr'><strong>jus</strong></span> <span class='ocrx_word' id='word_1_583' title='bbox 2053 2778 2368 2834; x_wconf 81' lang='lat' dir='ltr'><strong>conferendi</strong></span> <span class='ocrx_word' id='word_1_584' title='bbox 2403 2789 2569 2834; x_wconf 90' lang='lat' dir='ltr'><strong>esset.</strong></span> <span class='ocrx_word' id='word_1_585' title='bbox 2607 2779 2716 2836; x_wconf 85' lang='lat' dir='ltr'><strong>Nec</strong></span> <span class='ocrx_word' id='word_1_586' title='bbox 2751 2782 2853 2837; x_wconf 92' lang='lat' dir='ltr'><strong>hoc</strong></span> <span class='ocrx_word' id='word_1_587' title='bbox 2895 2785 3276 2846; x_wconf 67' lang='lat' dir='ltr'><strong>omittendum.</strong></span> <span class='ocrx_word' id='word_1_588' title='bbox 3311 2789 3364 2840; x_wconf 79' lang='lat' dir='ltr'><strong>in</strong></span> 
     </span>
    </p>
   </div>
   <div class='ocr_carea' id='block_1_87' title="bbox 1785 2866 3375 2946">
    <p class='ocr_par' dir='ltr' id='par_1_87' title="bbox 1785 2866 3375 2946">
     <span class='ocr_line' id='line_1_87' title="bbox 1785 2866 3375 2946; baseline 0.007 -26"><span class='ocrx_word' id='word_1_589' title='bbox 1785 2866 2196 2922; x_wconf 71' lang='lat' dir='ltr'><strong>Turco-Grtecia</strong></span> <span class='ocrx_word' id='word_1_590' title='bbox 2215 2869 2312 2939; x_wconf 78' lang='grc' dir='ltr'><strong>τὴν</strong></span> <span class='ocrx_word' id='word_1_591' title='bbox 2338 2869 2559 2941; x_wconf 82' lang='grc' dir='ltr'><strong>πρώτην</strong></span> <span class='ocrx_word' id='word_1_592' title='bbox 2583 2871 2680 2924; x_wconf 71' lang='grc' dir='ltr'>καὶ</span> <span class='ocrx_word' id='word_1_593' title='bbox 2697 2871 2958 2943; x_wconf 78' lang='grc' dir='ltr'><strong>δεύτερον</strong></span> <span class='ocrx_word' id='word_1_594' title='bbox 2983 2878 3252 2946; x_wconf 75' lang='grc' dir='ltr'><strong>σφραγῖδα</strong></span> <span class='ocrx_word' id='word_1_595' title='bbox 3275 2893 3375 2932; x_wconf 64' lang='grc' dir='ltr'><strong>νου</strong></span> 
     </span>
    </p>
   </div>
   <div class='ocr_carea' id='block_1_88' title="bbox 1784 2956 3364 3034">
    <p class='ocr_par' dir='ltr' id='par_1_88' title="bbox 1784 2956 3364 3034">
     <span class='ocr_line' id='line_1_88' title="bbox 1784 2956 3364 3034; baseline 0.008 -25"><span class='ocrx_word' id='word_1_596' title='bbox 1784 2956 1896 3011; x_wconf 84' lang='lat' dir='ltr'><strong>cari</strong></span> <span class='ocrx_word' id='word_1_597' title='bbox 1926 2957 1988 3010; x_wconf 82' lang='grc' dir='ltr'><strong>τὸ</strong></span> <span class='ocrx_word' id='word_1_598' title='bbox 2011 2959 2231 3026; x_wconf 83' lang='grc' dir='ltr'><strong>πρῶτον</strong></span> <span class='ocrx_word' id='word_1_599' title='bbox 2255 2960 2351 3012; x_wconf 73' lang='grc' dir='ltr'><strong>καὶ</strong></span> <span class='ocrx_word' id='word_1_600' title='bbox 2378 2959 2632 3031; x_wconf 83' lang='grc' dir='ltr'><strong>δεύτερον</strong></span> <span class='ocrx_word' id='word_1_601' title='bbox 2663 2963 2910 3034; x_wconf 81' lang='grc' dir='ltr'><strong>μήνυμα,</strong></span> <span class='ocrx_word' id='word_1_602' title='bbox 2929 2980 2980 3034; x_wconf 93' lang='lat' dir='ltr'><strong>p.</strong></span> <span class='ocrx_word' id='word_1_603' title='bbox 3014 2967 3135 3021; x_wconf 78' lang='grc'><strong>108.</strong></span> <span class='ocrx_word' id='word_1_604' title='bbox 3154 2966 3364 3022; x_wconf 71' lang='lat' dir='ltr'><strong>Csars.</strong></span> 
     </span>
    </p>
   </div>
   <div class='ocr_carea' id='block_1_89' title="bbox 1853 3045 3364 3124">
    <p class='ocr_par' dir='ltr' id='par_1_89' title="bbox 1853 3045 3364 3124">
     <span class='ocr_line' id='line_1_89' title="bbox 1853 3045 3364 3124; baseline 0.008 -24"><span class='ocrx_word' id='word_1_605' title='bbox 1853 3045 1916 3103; x_wconf 91' lang='lat' dir='ltr'><strong>P.</strong></span> <span class='ocrx_word' id='word_1_606' title='bbox 1951 3048 2075 3104; x_wconf 70' lang='grc'><strong>106.</strong></span> <span class='ocrx_word' id='word_1_607' title='bbox 2116 3047 2474 3121; x_wconf 82' lang='lat' dir='ltr'><strong>[Electionem</strong></span> <span class='ocrx_word' id='word_1_608' title='bbox 2495 3054 3010 3124; x_wconf 86' lang='lat' dir='ltr'><strong>deputationemque</strong></span> <span class='ocrx_word' id='word_1_609' title='bbox 3035 3060 3098 3112; x_wconf 87' lang='lat' dir='ltr'><strong>ad</strong></span> <span class='ocrx_word' id='word_1_610' title='bbox 3131 3061 3364 3112; x_wconf 83' lang='lat' dir='ltr'><strong>ollicium</strong></span> 
     </span>
    </p>
   </div>
   <div class='ocr_carea' id='block_1_90' title="bbox 1784 3140 3361 3216">
    <p class='ocr_par' dir='ltr' id='par_1_90' title="bbox 1784 3140 3361 3216">
     <span class='ocr_line' id='line_1_90' title="bbox 1784 3140 3361 3216; baseline 0.008 -24"><span class='ocrx_word' id='word_1_611' title='bbox 1784 3140 2100 3209; x_wconf 88' lang='lat' dir='ltr'><strong>quodpiam.</strong></span> <span class='ocrx_word' id='word_1_612' title='bbox 2130 3150 2190 3195; x_wconf 90' lang='lat' dir='ltr'><strong>ut</strong></span> <span class='ocrx_word' id='word_1_613' title='bbox 2223 3151 2277 3198; x_wconf 90' lang='lat' dir='ltr'><strong>et</strong></span> <span class='ocrx_word' id='word_1_614' title='bbox 2307 3158 2625 3213; x_wconf 82' lang='lat' dir='ltr'><strong>germanam</strong></span> <span class='ocrx_word' id='word_1_615' title='bbox 2657 3145 2710 3199; x_wconf 90' lang='lat' dir='ltr'><strong>in</strong></span> <span class='ocrx_word' id='word_1_616' title='bbox 2745 3147 2878 3202; x_wconf 92' lang='lat' dir='ltr'><strong>illud</strong></span> <span class='ocrx_word' id='word_1_617' title='bbox 2930 3151 3361 3216; x_wconf 84' lang='lat' dir='ltr'><strong>institutionem,</strong></span> 
     </span>
    </p>
   </div>
   <div class='ocr_carea' id='block_1_91' title="bbox 1785 3233 3370 3313">
    <p class='ocr_par' dir='ltr' id='par_1_91' title="bbox 1785 3233 3370 3313">
     <span class='ocr_line' id='line_1_91' title="bbox 1785 3233 3370 3313; baseline 0.01 -30"><span class='ocrx_word' id='word_1_618' title='bbox 1785 3241 1978 3287; x_wconf 88' lang='lat' dir='ltr'><strong>vocant</strong></span> <span class='ocrx_word' id='word_1_619' title='bbox 2007 3233 2364 3287; x_wconf 80' lang='lat' dir='ltr'><strong>ecclesiastici</strong></span> <span class='ocrx_word' id='word_1_620' title='bbox 2394 3237 2687 3305; x_wconf 81' lang='grc' dir='ltr'><strong>σφραγῖδα,</strong></span> <span class='ocrx_word' id='word_1_621' title='bbox 2717 3253 2816 3293; x_wconf 86' lang='lat' dir='ltr'><strong>ceu</strong></span> <span class='ocrx_word' id='word_1_622' title='bbox 2860 3241 3041 3295; x_wconf 78' lang='lat' dir='ltr'><strong>crucis</strong></span> <span class='ocrx_word' id='word_1_623' title='bbox 3074 3244 3232 3313; x_wconf 76' lang='lat' dir='ltr'><strong>signo</strong></span> <span class='ocrx_word' id='word_1_624' title='bbox 3283 3245 3370 3299; x_wconf 80' lang='lat' dir='ltr'><strong>vel</strong></span> 
     </span>
    </p>
   </div>
   <div class='ocr_carea' id='block_1_92' title="bbox 1784 3325 3367 3405">
    <p class='ocr_par' dir='ltr' id='par_1_92' title="bbox 1784 3325 3367 3405">
     <span class='ocr_line' id='line_1_92' title="bbox 1784 3325 3367 3405; baseline 0.008 -27"><span class='ocrx_word' id='word_1_625' title='bbox 1784 3325 1901 3379; x_wconf 78' lang='lat' dir='ltr'><strong>ﬁeri</strong></span> <span class='ocrx_word' id='word_1_626' title='bbox 1917 3325 2132 3380; x_wconf 83' lang='lat' dir='ltr'><strong>solitam</strong></span> <span class='ocrx_word' id='word_1_627' title='bbox 2150 3326 2232 3379; x_wconf 86' lang='lat' dir='ltr'><strong>vel</strong></span> <span class='ocrx_word' id='word_1_628' title='bbox 2251 3327 2544 3382; x_wconf 80' lang='lat' dir='ltr'><strong>ﬁrmatam.</strong></span> <span class='ocrx_word' id='word_1_629' title='bbox 2565 3329 2656 3382; x_wconf 86' lang='lat' dir='ltr'><strong>Illa</strong></span> <span class='ocrx_word' id='word_1_630' title='bbox 2677 3330 2867 3401; x_wconf 76' lang='grc' dir='ltr'><strong>πρώτη</strong></span> <span class='ocrx_word' id='word_1_631' title='bbox 2885 3334 2978 3385; x_wconf 83' lang='grc' dir='ltr'><strong>καὶ</strong></span> <span class='ocrx_word' id='word_1_632' title='bbox 2997 3336 3172 3404; x_wconf 82' lang='grc' dir='ltr'><strong>μικρὰ</strong></span> <span class='ocrx_word' id='word_1_633' title='bbox 3190 3351 3338 3405; x_wconf 80' lang='grc' dir='ltr'><strong>σφρα</strong></span> <span class='ocrx_word' id='word_1_634' title='bbox 3355 3367 3367 3377; x_wconf 85' lang='lat'><strong>-</strong></span> 
     </span>
    </p>
   </div>
   <div class='ocr_carea' id='block_1_93' title="bbox 1781 3406 3374 3494">
    <p class='ocr_par' dir='ltr' id='par_1_93' title="bbox 1781 3406 3374 3494">
     <span class='ocr_line' id='line_1_93' title="bbox 1781 3406 3374 3494; baseline 0.006 -22"><span class='ocrx_word' id='word_1_635' title='bbox 1781 3418 1891 3488; x_wconf 77' lang='grc' dir='ltr'><strong>γὶς,</strong></span> <span class='ocrx_word' id='word_1_636' title='bbox 1923 3423 2037 3475; x_wconf 63' lang='lat' dir='ltr'><strong>hac</strong></span> <span class='ocrx_word' id='word_1_637' title='bbox 2064 3422 2292 3493; x_wconf 82' lang='grc' dir='ltr'><strong>δευτέρα</strong></span> <span class='ocrx_word' id='word_1_638' title='bbox 2323 3406 2419 3474; x_wconf 67' lang='lat' dir='ltr'><strong>ita).</strong></span> <span class='ocrx_word' id='word_1_639' title='bbox 2439 3424 2672 3494; x_wconf 80' lang='grc' dir='ltr'><strong>μεγάλη.</strong></span> <span class='ocrx_word' id='word_1_640' title='bbox 2720 3423 2860 3490; x_wconf 85' lang='lat' dir='ltr'><strong>Quia</strong></span> <span class='ocrx_word' id='word_1_641' title='bbox 2892 3441 3023 3481; x_wconf 86' lang='lat' dir='ltr'><strong>vero</strong></span> <span class='ocrx_word' id='word_1_642' title='bbox 3066 3443 3171 3482; x_wconf 90' lang='lat' dir='ltr'><strong>non</strong></span> <span class='ocrx_word' id='word_1_643' title='bbox 3206 3445 3374 3483; x_wconf 82' lang='lat' dir='ltr'><strong>cruce</strong></span> 
     </span>
    </p>
   </div>
   <div class='ocr_carea' id='block_1_94' title="bbox 1783 3510 3370 3588">
    <p class='ocr_par' dir='ltr' id='par_1_94' title="bbox 1783 3510 3370 3588">
     <span class='ocr_line' id='line_1_94' title="bbox 1783 3510 3370 3588; baseline 0.006 -24"><span class='ocrx_word' id='word_1_644' title='bbox 1783 3510 1963 3582; x_wconf 85' lang='lat' dir='ltr'><strong>signat</strong></span> <span class='ocrx_word' id='word_1_645' title='bbox 1995 3513 2292 3582; x_wconf 86' lang='lat' dir='ltr'><strong>imperator</strong></span> <span class='ocrx_word' id='word_1_646' title='bbox 2325 3515 2714 3584; x_wconf 84' lang='lat' dir='ltr'><strong>patriarcham,</strong></span> <span class='ocrx_word' id='word_1_647' title='bbox 2761 3517 2944 3572; x_wconf 86' lang='lat' dir='ltr'><strong>minor</strong></span> <span class='ocrx_word' id='word_1_648' title='bbox 2991 3518 3264 3588; x_wconf 82' lang='lat' dir='ltr'><strong>siquidem</strong></span> <span class='ocrx_word' id='word_1_649' title='bbox 3333 3535 3370 3573; x_wconf 64' lang='grc' dir='ltr'>θ</span> 
     </span>
    </p>
   </div>
   <div class='ocr_carea' id='block_1_95' title="bbox 1783 3605 3373 3684">
    <p class='ocr_par' dir='ltr' id='par_1_95' title="bbox 1783 3605 3373 3684">
     <span class='ocr_line' id='line_1_95' title="bbox 1783 3605 3373 3684; baseline 0.003 -26"><span class='ocrx_word' id='word_1_650' title='bbox 1783 3605 2351 3675; x_wconf 70' lang='lat' dir='ltr'><strong>majoribenedicitur,</strong></span> <span class='ocrx_word' id='word_1_651' title='bbox 2372 3607 2491 3676; x_wconf 71' lang='lat' dir='ltr'><strong>ejus</strong></span> <span class='ocrx_word' id='word_1_652' title='bbox 2515 3609 2708 3663; x_wconf 83' lang='lat' dir='ltr'><strong>electio</strong></span> <span class='ocrx_word' id='word_1_653' title='bbox 2733 3613 2934 3664; x_wconf 82' lang='lat' dir='ltr'><strong>virtute</strong></span> <span class='ocrx_word' id='word_1_654' title='bbox 2956 3622 3150 3680; x_wconf 86' lang='lat' dir='ltr'><strong>parest</strong></span> <span class='ocrx_word' id='word_1_655' title='bbox 3175 3611 3373 3684; x_wconf 74' lang='grc' dir='ltr'><strong>πρώτη</strong></span> 
     </span>
    </p>
   </div>
   <div class='ocr_carea' id='block_1_96' title="bbox 1782 3697 3368 3778">
    <p class='ocr_par' dir='ltr' id='par_1_96' title="bbox 1782 3697 3368 3778">
     <span class='ocr_line' id='line_1_96' title="bbox 1782 3697 3368 3778; baseline 0.005 -28"><span class='ocrx_word' id='word_1_656' title='bbox 1782 3697 2061 3768; x_wconf 80' lang='grc' dir='ltr'><strong>σφραγῖδι,</strong></span> <span class='ocrx_word' id='word_1_657' title='bbox 2080 3713 2276 3752; x_wconf 89' lang='lat' dir='ltr'><strong>nomen</strong></span> <span class='ocrx_word' id='word_1_658' title='bbox 2297 3699 2653 3754; x_wconf 83' lang='lat' dir='ltr'><strong>nihilominus</strong></span> <span class='ocrx_word' id='word_1_659' title='bbox 2673 3715 2778 3753; x_wconf 90' lang='lat' dir='ltr'><strong>non</strong></span> <span class='ocrx_word' id='word_1_660' title='bbox 2801 3701 3144 3770; x_wconf 86' lang='lat' dir='ltr'><strong>adipiscitur.</strong></span> <span class='ocrx_word' id='word_1_661' title='bbox 3165 3703 3368 3778; x_wconf 62' lang='lat' dir='ltr'><strong>Gem]</strong></span> 
     </span>
    </p>
   </div>
   <div class='ocr_carea' id='block_1_97' title="bbox 1853 3789 3366 3865">
    <p class='ocr_par' dir='ltr' id='par_1_97' title="bbox 1853 3789 3366 3865">
     <span class='ocr_line' id='line_1_97' title="bbox 1853 3789 3366 3865; baseline 0.005 -21"><span class='ocrx_word' id='word_1_662' title='bbox 1853 3790 1914 3845; x_wconf 83' lang='grc' dir='ltr'><strong>Ρ.</strong></span> <span class='ocrx_word' id='word_1_663' title='bbox 1947 3791 2068 3845; x_wconf 75' lang='grc'><strong>105.</strong></span> <span class='ocrx_word' id='word_1_664' title='bbox 2102 3789 2304 3845; x_wconf 74' lang='lat' dir='ltr'><strong>Eodem</strong></span> <span class='ocrx_word' id='word_1_665' title='bbox 2335 3793 2496 3846; x_wconf 89' lang='lat' dir='ltr'><strong>modo</strong></span> <span class='ocrx_word' id='word_1_666' title='bbox 2527 3807 2636 3860; x_wconf 89' lang='lat' dir='ltr'><strong>quo</strong></span> <span class='ocrx_word' id='word_1_667' title='bbox 2680 3795 2989 3862; x_wconf 85' lang='lat' dir='ltr'><strong>patriarcha</strong></span> <span class='ocrx_word' id='word_1_668' title='bbox 3041 3794 3366 3865; x_wconf 90' lang='lat' dir='ltr'><strong>Cpolitanus</strong></span> 
     </span>
    </p>
   </div>
   <div class='ocr_carea' id='block_1_98' title="bbox 1783 3882 3366 3955">
    <p class='ocr_par' dir='ltr' id='par_1_98' title="bbox 1783 3882 3366 3955">
     <span class='ocr_line' id='line_1_98' title="bbox 1783 3882 3366 3955; baseline 0.001 -19"><span class='ocrx_word' id='word_1_669' title='bbox 1783 3891 2000 3951; x_wconf 87' lang='lat' dir='ltr'><strong>tresque</strong></span> <span class='ocrx_word' id='word_1_670' title='bbox 2029 3883 2206 3936; x_wconf 75' lang='lat' dir='ltr'><strong>caeteri</strong></span> <span class='ocrx_word' id='word_1_671' title='bbox 2241 3882 2588 3949; x_wconf 86' lang='lat' dir='ltr'><strong>patriarchae,</strong></span> <span class='ocrx_word' id='word_1_672' title='bbox 2635 3882 2941 3950; x_wconf 77' lang='lat' dir='ltr'><strong>eligebatur</strong></span> <span class='ocrx_word' id='word_1_673' title='bbox 2991 3886 3366 3955; x_wconf 84' lang='lat' dir='ltr'><strong>archiepisco-</strong></span> 
     </span>
    </p>
   </div>
   <div class='ocr_carea' id='block_1_99' title="bbox 1783 3969 3367 4042">
    <p class='ocr_par' dir='ltr' id='par_1_99' title="bbox 1783 3969 3367 4042">
     <span class='ocr_line' id='line_1_99' title="bbox 1783 3969 3367 4042; baseline 0.003 -18"><span class='ocrx_word' id='word_1_674' title='bbox 1783 3987 1886 4042; x_wconf 84' lang='lat' dir='ltr'><strong>pus</strong></span> <span class='ocrx_word' id='word_1_675' title='bbox 1906 3971 2191 4033; x_wconf 83' lang='lat' dir='ltr'><strong>Achridis;</strong></span> <span class='ocrx_word' id='word_1_676' title='bbox 2212 3985 2336 4040; x_wconf 76' lang='lat' dir='ltr'><strong>quae</strong></span> <span class='ocrx_word' id='word_1_677' title='bbox 2355 3971 2480 4038; x_wconf 89' lang='lat' dir='ltr'><strong>quia</strong></span> <span class='ocrx_word' id='word_1_678' title='bbox 2507 3970 2676 4038; x_wconf 88' lang='lat' dir='ltr'><strong>patria</strong></span> <span class='ocrx_word' id='word_1_679' title='bbox 2696 3969 2990 4025; x_wconf 81' lang='lat' dir='ltr'><strong>Justiniani</strong></span> <span class='ocrx_word' id='word_1_680' title='bbox 3018 3972 3367 4042; x_wconf 89' lang='lat' dir='ltr'><strong>imperatoris</strong></span> 
     </span>
    </p>
   </div>
   <div class='ocr_carea' id='block_1_100' title="bbox 1781 4061 3366 4135">
    <p class='ocr_par' dir='ltr' id='par_1_100' title="bbox 1781 4061 3366 4135">
     <span class='ocr_line' id='line_1_100' title="bbox 1781 4061 3366 4135; baseline -0.001 -15"><span class='ocrx_word' id='word_1_681' title='bbox 1781 4074 1919 4129; x_wconf 89' lang='lat' dir='ltr'><strong>erat,</strong></span> <span class='ocrx_word' id='word_1_682' title='bbox 1949 4063 2016 4118; x_wconf 91' lang='lat' dir='ltr'><strong>ab</strong></span> <span class='ocrx_word' id='word_1_683' title='bbox 2044 4062 2233 4118; x_wconf 79' lang='lat' dir='ltr'><strong>eodem</strong></span> <span class='ocrx_word' id='word_1_684' title='bbox 2268 4061 2440 4132; x_wconf 85' lang='lat' dir='ltr'><strong>prima</strong></span> <span class='ocrx_word' id='word_1_685' title='bbox 2467 4062 2776 4118; x_wconf 83' lang='lat' dir='ltr'><strong>Justiniana</strong></span> <span class='ocrx_word' id='word_1_686' title='bbox 2811 4075 3001 4118; x_wconf 85' lang='lat' dir='ltr'><strong>vocata</strong></span> <span class='ocrx_word' id='word_1_687' title='bbox 3021 4073 3124 4131; x_wconf 88' lang='lat' dir='ltr'><strong>est,</strong></span> <span class='ocrx_word' id='word_1_688' title='bbox 3153 4067 3366 4135; x_wconf 86' lang='lat' dir='ltr'><strong>magnis</strong></span> 
     </span>
    </p>
   </div>
   <div class='ocr_carea' id='block_1_101' title="bbox 1783 4155 3364 4226">
    <p class='ocr_par' dir='ltr' id='par_1_101' title="bbox 1783 4155 3364 4226">
     <span class='ocr_line' id='line_1_101' title="bbox 1783 4155 3364 4226; baseline -0.001 -13"><span class='ocrx_word' id='word_1_689' title='bbox 1783 4163 1944 4213; x_wconf 88' lang='lat' dir='ltr'><strong>au&#39;cta</strong></span> <span class='ocrx_word' id='word_1_690' title='bbox 1972 4155 2290 4226; x_wconf 75' lang='lat' dir='ltr'><strong>privilegiis,</strong></span> <span class='ocrx_word' id='word_1_691' title='bbox 2321 4170 2426 4225; x_wconf 90' lang='lat' dir='ltr'><strong>qua</strong></span> <span class='ocrx_word' id='word_1_692' title='bbox 2477 4155 2868 4211; x_wconf 82' lang='lat' dir='ltr'><strong>ecclesiasticis</strong></span> <span class='ocrx_word' id='word_1_693' title='bbox 2907 4171 3012 4223; x_wconf 87' lang='lat' dir='ltr'><strong>qua</strong></span> <span class='ocrx_word' id='word_1_694' title='bbox 3070 4157 3304 4225; x_wconf 79' lang='lat' dir='ltr'><strong>politicis</strong></span> <span class='ocrx_word' id='word_1_695' title='bbox 3343 4175 3364 4224; x_wconf 68' lang='grc' dir='ltr'>ς</span> 
     </span>
    </p>
   </div>
   <div class='ocr_carea' id='block_1_102' title="bbox 1781 4247 3366 4319">
    <p class='ocr_par' dir='ltr' id='par_1_102' title="bbox 1781 4247 3366 4319">
     <span class='ocr_line' id='line_1_102' title="bbox 1781 4247 3366 4319; baseline -0.002 -16"><span class='ocrx_word' id='word_1_696' title='bbox 1781 4263 1948 4319; x_wconf 69' lang='grc' dir='ltr'><strong>φησι</strong></span> <span class='ocrx_word' id='word_1_697' title='bbox 1965 4248 2031 4303; x_wconf 92' lang='lat' dir='ltr'><strong>ad</strong></span> <span class='ocrx_word' id='word_1_698' title='bbox 2052 4247 2580 4316; x_wconf 87' lang='lat' dir='ltr'><strong>archiepiscopatum</strong></span> <span class='ocrx_word' id='word_1_699' title='bbox 2597 4247 2796 4312; x_wconf 80' lang='lat' dir='ltr'><strong>evexit,</strong></span> <span class='ocrx_word' id='word_1_700' title='bbox 2819 4248 2982 4318; x_wconf 79' lang='lat' dir='ltr'><strong>eique</strong></span> <span class='ocrx_word' id='word_1_701' title='bbox 2999 4248 3366 4316; x_wconf 79' lang='lat' dir='ltr'><strong>subjecitom-</strong></span> 
     </span>
    </p>
   </div>
   <div class='ocr_carea' id='block_1_103' title="bbox 1782 4330 3368 4414">
    <p class='ocr_par' dir='ltr' id='par_1_103' title="bbox 1782 4330 3368 4414">
     <span class='ocr_line' id='line_1_103' title="bbox 1782 4330 3368 4414; baseline 0.001 -19"><span class='ocrx_word' id='word_1_702' title='bbox 1782 4355 1880 4396; x_wconf 86' lang='lat' dir='ltr'><strong>nes</strong></span> <span class='ocrx_word' id='word_1_703' title='bbox 1909 4330 2268 4410; x_wconf 81' lang='lat' dir='ltr'><strong>provinciales</strong></span> <span class='ocrx_word' id='word_1_704' title='bbox 2295 4339 2580 4409; x_wconf 82' lang='lat' dir='ltr'><strong>episcopos</strong></span> <span class='ocrx_word' id='word_1_705' title='bbox 2632 4339 2954 4403; x_wconf 69' lang='lat' dir='ltr'><strong>dimceseos,</strong></span> <span class='ocrx_word' id='word_1_706' title='bbox 2975 4339 3150 4396; x_wconf 74' lang='lat' dir='ltr'><strong>Dacia:</strong></span> <span class='ocrx_word' id='word_1_707' title='bbox 3172 4351 3228 4396; x_wconf 91' lang='lat' dir='ltr'><strong>et</strong></span> <span class='ocrx_word' id='word_1_708' title='bbox 3246 4341 3368 4414; x_wconf 60' lang='lat' dir='ltr'><strong>My-</strong></span> 
     </span>
    </p>
   </div>
   <div class='ocr_carea' id='block_1_104' title="bbox 1782 4427 3372 4496">
    <p class='ocr_par' dir='ltr' id='par_1_104' title="bbox 1782 4427 3372 4496">
     <span class='ocr_line' id='line_1_104' title="bbox 1782 4427 3372 4496; baseline 0.003 -12"><span class='ocrx_word' id='word_1_709' title='bbox 1782 4430 1877 4485; x_wconf 67' lang='lat' dir='ltr'><strong>sia:</strong></span> <span class='ocrx_word' id='word_1_710' title='bbox 1903 4431 2176 4492; x_wconf 63' lang='lat' dir='ltr'><strong>secundat;</strong></span> <span class='ocrx_word' id='word_1_711' title='bbox 2229 4429 2535 4496; x_wconf 69' lang='lat' dir='ltr'><strong>Dardaniae,</strong></span> <span class='ocrx_word' id='word_1_712' title='bbox 2588 4427 2959 4484; x_wconf 67' lang='lat' dir='ltr'><strong>Prtevalitanaa</strong></span> <span class='ocrx_word' id='word_1_713' title='bbox 3005 4441 3060 4484; x_wconf 87' lang='lat' dir='ltr'><strong>et</strong></span> <span class='ocrx_word' id='word_1_714' title='bbox 3108 4438 3372 4488; x_wconf 73' lang='lat' dir='ltr'><strong>secunda:-</strong></span> 
     </span>
    </p>
   </div>
   <div class='ocr_carea' id='block_1_105' title="bbox 1780 4521 3366 4596">
    <p class='ocr_par' dir='ltr' id='par_1_105' title="bbox 1780 4521 3366 4596">
     <span class='ocr_line' id='line_1_105' title="bbox 1780 4521 3366 4596; baseline 0.003 -20"><span class='ocrx_word' id='word_1_715' title='bbox 1780 4521 2126 4579; x_wconf 76' lang='lat' dir='ltr'><strong>Macedoniaz.</strong></span> <span class='ocrx_word' id='word_1_716' title='bbox 2150 4522 2439 4591; x_wconf 89' lang='lat' dir='ltr'><strong>Gregoras,</strong></span> <span class='ocrx_word' id='word_1_717' title='bbox 2462 4522 2497 4576; x_wconf 91' lang='lat' dir='ltr'><strong>l.</strong></span> <span class='ocrx_word' id='word_1_718' title='bbox 2533 4538 2606 4577; x_wconf 83' lang='lat' dir='ltr'><strong>tt:</strong></span> <span class='ocrx_word' id='word_1_719' title='bbox 2635 4522 2776 4577; x_wconf 87' lang='lat' dir='ltr'><strong>Olim</strong></span> <span class='ocrx_word' id='word_1_720' title='bbox 2818 4522 3156 4578; x_wconf 84' lang='lat' dir='ltr'><strong>Justinianns</strong></span> <span class='ocrx_word' id='word_1_721' title='bbox 3202 4530 3366 4596; x_wconf 73' lang='lat' dir='ltr'><strong>impe~</strong></span> 
     </span>
    </p>
   </div>
   <div class='ocr_carea' id='block_1_106' title="bbox 1782 4603 3373 4684">
    <p class='ocr_par' dir='ltr' id='par_1_106' title="bbox 1782 4603 3373 4684">
     <span class='ocr_line' id='line_1_106' title="bbox 1782 4603 3373 4684; baseline 0.003 -16"><span class='ocrx_word' id='word_1_722' title='bbox 1782 4603 1932 4669; x_wconf 69' lang='lat' dir='ltr'><strong>rator</strong></span> <span class='ocrx_word' id='word_1_723' title='bbox 1958 4631 2075 4668; x_wconf 85' lang='lat' dir='ltr'><strong>eam</strong></span> <span class='ocrx_word' id='word_1_724' title='bbox 2105 4617 2424 4684; x_wconf 84' lang='lat' dir='ltr'><strong>provinciam</strong></span> <span class='ocrx_word' id='word_1_725' title='bbox 2450 4631 2514 4670; x_wconf 82' lang='lat' dir='ltr'><strong>ea:</strong></span> <span class='ocrx_word' id='word_1_726' title='bbox 2534 4632 2638 4684; x_wconf 85' lang='lat' dir='ltr'><strong>qua</strong></span> <span class='ocrx_word' id='word_1_727' title='bbox 2670 4616 2923 4670; x_wconf 85' lang='lat' dir='ltr'><strong>oriundus</strong></span> <span class='ocrx_word' id='word_1_728' title='bbox 2953 4627 3067 4671; x_wconf 88' lang='lat' dir='ltr'><strong>erat</strong></span> <span class='ocrx_word' id='word_1_729' title='bbox 3088 4635 3206 4671; x_wconf 89' lang='lat' dir='ltr'><strong>cum</strong></span> <span class='ocrx_word' id='word_1_730' title='bbox 3243 4622 3373 4673; x_wconf 84' lang='lat' dir='ltr'><strong>aliis.</strong></span> 
     </span>
    </p>
   </div>
   <div class='ocr_carea' id='block_1_107' title="bbox 1783 4705 3371 4778">
    <p class='ocr_par' dir='ltr' id='par_1_107' title="bbox 1783 4705 3371 4778">
     <span class='ocr_line' id='line_1_107' title="bbox 1783 4705 3371 4778; baseline 0.001 -18"><span class='ocrx_word' id='word_1_731' title='bbox 1783 4706 1962 4761; x_wconf 87' lang='lat' dir='ltr'><strong>multis</strong></span> <span class='ocrx_word' id='word_1_732' title='bbox 1984 4709 2132 4760; x_wconf 82' lang='lat' dir='ltr'><strong>rebus</strong></span> <span class='ocrx_word' id='word_1_733' title='bbox 2153 4717 2397 4773; x_wconf 79' lang='lat' dir='ltr'><strong>ornarat,</strong></span> <span class='ocrx_word' id='word_1_734' title='bbox 2424 4717 2536 4760; x_wconf 86' lang='lat' dir='ltr'><strong>tum</strong></span> <span class='ocrx_word' id='word_1_735' title='bbox 2556 4711 2780 4775; x_wconf 79' lang='lat' dir='ltr'><strong>primam</strong></span> <span class='ocrx_word' id='word_1_736' title='bbox 2793 4705 2829 4759; x_wconf 82' lang='lat' dir='ltr'><em>J</em></span> <span class='ocrx_word' id='word_1_737' title='bbox 2835 4709 3167 4761; x_wconf 85' lang='lat' dir='ltr'><strong>ustinianam</strong></span> <span class='ocrx_word' id='word_1_738' title='bbox 3184 4714 3371 4778; x_wconf 48' lang='lat' dir='ltr'><strong>appel—</strong></span> 
     </span>
    </p>
   </div>
   <div class='ocr_carea' id='block_1_108' title="bbox 1780 4797 3372 4868">
    <p class='ocr_par' dir='ltr' id='par_1_108' title="bbox 1780 4797 3372 4868">
     <span class='ocr_line' id='line_1_108' title="bbox 1780 4797 3372 4868; baseline 0.003 -17"><span class='ocrx_word' id='word_1_739' title='bbox 1780 4798 2002 4863; x_wconf 79' lang='lat' dir='ltr'><strong>laverat,</strong></span> <span class='ocrx_word' id='word_1_740' title='bbox 2038 4808 2193 4868; x_wconf 82' lang='lat' dir='ltr'><strong>atque</strong></span> <span class='ocrx_word' id='word_1_741' title='bbox 2218 4799 2380 4853; x_wconf 86' lang='lat' dir='ltr'><strong>etiam</strong></span> <span class='ocrx_word' id='word_1_742' title='bbox 2411 4811 2659 4867; x_wconf 86' lang='lat' dir='ltr'><strong>perpetua</strong></span> <span class='ocrx_word' id='word_1_743' title='bbox 2705 4797 2947 4853; x_wconf 83' lang='lat' dir='ltr'><strong>libertate</strong></span> <span class='ocrx_word' id='word_1_744' title='bbox 2996 4801 3245 4866; x_wconf 88' lang='lat' dir='ltr'><strong>donarat,</strong></span> <span class='ocrx_word' id='word_1_745' title='bbox 3301 4819 3372 4855; x_wconf 78' lang='lat' dir='ltr'><strong>eo</strong></span> 
     </span>
    </p>
   </div>
   <div class='ocr_carea' id='block_1_109' title="bbox 1781 4889 3370 4959">
    <p class='ocr_par' dir='ltr' id='par_1_109' title="bbox 1781 4889 3370 4959">
     <span class='ocr_line' id='line_1_109' title="bbox 1781 4889 3370 4959; baseline 0.001 -16"><span class='ocrx_word' id='word_1_746' title='bbox 1781 4899 1954 4943; x_wconf 88' lang='lat' dir='ltr'><strong>tamen</strong></span> <span class='ocrx_word' id='word_1_747' title='bbox 1983 4899 2213 4958; x_wconf 73' lang='lat' dir='ltr'><strong>excepto,</strong></span> <span class='ocrx_word' id='word_1_748' title='bbox 2245 4906 2308 4944; x_wconf 89' lang='lat' dir='ltr'><strong>ne</strong></span> <span class='ocrx_word' id='word_1_749' title='bbox 2333 4891 2447 4959; x_wconf 84' lang='lat' dir='ltr'><strong>ejus</strong></span> <span class='ocrx_word' id='word_1_750' title='bbox 2482 4889 2865 4956; x_wconf 60' lang='lat' dir='ltr'><strong>archiepiscopi</strong></span> <span class='ocrx_word' id='word_1_751' title='bbox 2882 4889 3370 4945; x_wconf 85' lang='lat' dir='ltr'><strong>Romanorumim-</strong></span> 
     </span>
    </p>
   </div>
   <div class='ocr_carea' id='block_1_110' title="bbox 1776 4984 3370 5055">
    <p class='ocr_par' dir='ltr' id='par_1_110' title="bbox 1776 4984 3370 5055">
     <span class='ocr_line' id='line_1_110' title="bbox 1776 4984 3370 5055; baseline 0.003 -19"><span class='ocrx_word' id='word_1_752' title='bbox 1776 4993 2048 5052; x_wconf 86' lang='lat' dir='ltr'><strong>peratores</strong></span> <span class='ocrx_word' id='word_1_753' title='bbox 2070 4984 2374 5052; x_wconf 79' lang='lat' dir='ltr'><strong>inungerent</strong></span> <span class='ocrx_word' id='word_1_754' title='bbox 2405 5000 2426 5048; x_wconf 87' lang='lat'><strong><em>;</em></strong></span> <span class='ocrx_word' id='word_1_755' title='bbox 2453 4997 2568 5052; x_wconf 71' lang='lat' dir='ltr'><strong>qua:</strong></span> <span class='ocrx_word' id='word_1_756' title='bbox 2591 4984 2941 5051; x_wconf 73' lang='lat' dir='ltr'><strong>prterogativa</strong></span> <span class='ocrx_word' id='word_1_757' title='bbox 2969 4984 3171 5055; x_wconf 80' lang='lat' dir='ltr'><strong>legibus</strong></span> <span class='ocrx_word' id='word_1_758' title='bbox 3235 4988 3370 5040; x_wconf 70' lang='lat' dir='ltr'><strong>aliis</strong></span> 
     </span>
    </p>
   </div>
   <div class='ocr_carea' id='block_1_111' title="bbox 1779 5069 3370 5149">
    <p class='ocr_par' dir='ltr' id='par_1_111' title="bbox 1779 5069 3370 5149">
     <span class='ocr_line' id='line_1_111' title="bbox 1779 5069 3370 5149; baseline 0.002 -20"><span class='ocrx_word' id='word_1_759' title='bbox 1779 5082 1857 5129; x_wconf 81' lang='lat' dir='ltr'><strong>est</strong></span> <span class='ocrx_word' id='word_1_760' title='bbox 1882 5089 2145 5137; x_wconf 82' lang='lat' dir='ltr'><strong>concessa,</strong></span> <span class='ocrx_word' id='word_1_761' title='bbox 2175 5082 2274 5124; x_wconf 90' lang='lat' dir='ltr'><strong>etc.</strong></span> <span class='ocrx_word' id='word_1_762' title='bbox 2314 5072 2480 5142; x_wconf 81' lang='lat' dir='ltr'><strong>Regia</strong></span> <span class='ocrx_word' id='word_1_763' title='bbox 2528 5072 2675 5126; x_wconf 81' lang='lat' dir='ltr'><strong>sedes</strong></span> <span class='ocrx_word' id='word_1_764' title='bbox 2723 5089 2904 5128; x_wconf 87' lang='lat' dir='ltr'><strong>eorum</strong></span> <span class='ocrx_word' id='word_1_765' title='bbox 2957 5069 3370 5149; x_wconf 76' lang='lat' dir='ltr'><strong>(Bulgarorum)</strong></span> 
     </span>
    </p>
   </div>
   <div class='ocr_carea' id='block_1_112' title="bbox 1775 5164 3363 5239">
    <p class='ocr_par' dir='ltr' id='par_1_112' title="bbox 1775 5164 3363 5239">
     <span class='ocr_line' id='line_1_112' title="bbox 1775 5164 3363 5239; baseline 0.002 -19"><span class='ocrx_word' id='word_1_766' title='bbox 1775 5167 2016 5236; x_wconf 77' lang='lat' dir='ltr'><strong>deinceps</strong></span> <span class='ocrx_word' id='word_1_767' title='bbox 2045 5165 2169 5219; x_wconf 87' lang='lat' dir='ltr'><strong>urbs</strong></span> <span class='ocrx_word' id='word_1_768' title='bbox 2195 5181 2258 5218; x_wconf 88' lang='lat' dir='ltr'><strong>ea</strong></span> <span class='ocrx_word' id='word_1_769' title='bbox 2277 5181 2396 5219; x_wconf 85' lang='lat' dir='ltr'><strong>esse</strong></span> <span class='ocrx_word' id='word_1_770' title='bbox 2411 5167 2563 5233; x_wconf 71' lang='lat' dir='ltr'><strong>coepit</strong></span> <span class='ocrx_word' id='word_1_771' title='bbox 2585 5183 2744 5236; x_wconf 76' lang='lat' dir='ltr'><strong>quam</strong></span> <span class='ocrx_word' id='word_1_772' title='bbox 2761 5164 2793 5218; x_wconf 88' lang='lat' dir='ltr'><strong>.l</strong></span> <span class='ocrx_word' id='word_1_773' title='bbox 2802 5167 3108 5222; x_wconf 84' lang='lat' dir='ltr'><strong>ustinianus.</strong></span> <span class='ocrx_word' id='word_1_774' title='bbox 3131 5171 3363 5239; x_wconf 61' lang='lat' dir='ltr'><strong>impera.</strong></span> 
     </span>
    </p>
   </div>
   <div class='ocr_carea' id='block_1_113' title="bbox 1776 5259 3370 5331">
    <p class='ocr_par' dir='ltr' id='par_1_113' title="bbox 1776 5259 3370 5331">
     <span class='ocr_line' id='line_1_113' title="bbox 1776 5259 3370 5331; baseline 0.002 -17"><span class='ocrx_word' id='word_1_775' title='bbox 1776 5269 1860 5314; x_wconf 89' lang='lat' dir='ltr'><strong>tor</strong></span> <span class='ocrx_word' id='word_1_776' title='bbox 1874 5259 2350 5328; x_wconf 81' lang='lat' dir='ltr'><strong>archiepiscopatus</strong></span> <span class='ocrx_word' id='word_1_777' title='bbox 2372 5259 2567 5313; x_wconf 74' lang='lat' dir='ltr'><strong>honore</strong></span> <span class='ocrx_word' id='word_1_778' title='bbox 2575 5260 2884 5331; x_wconf 65' lang='lat' dir='ltr'><strong>primisque,</strong></span> <span class='ocrx_word' id='word_1_779' title='bbox 2901 5271 2956 5314; x_wconf 86' lang='lat' dir='ltr'><strong>ut</strong></span> <span class='ocrx_word' id='word_1_780' title='bbox 2969 5261 3222 5326; x_wconf 72' lang='lat' dir='ltr'><strong>diximus,</strong></span> <span class='ocrx_word' id='word_1_781' title='bbox 3237 5262 3370 5318; x_wconf 70' lang='grc' dir='ltr'><strong>1ης.-</strong></span> 
     </span>
    </p>
   </div>
   <div class='ocr_carea' id='block_1_114' title="bbox 1776 5350 3364 5424">
    <p class='ocr_par' dir='ltr' id='par_1_114' title="bbox 1776 5350 3364 5424">
     <span class='ocr_line' id='line_1_114' title="bbox 1776 5350 3364 5424; baseline 0 -18"><span class='ocrx_word' id='word_1_782' title='bbox 1776 5353 1993 5406; x_wconf 78' lang='lat' dir='ltr'><strong>tiniana</strong></span> <span class='ocrx_word' id='word_1_783' title='bbox 2028 5351 2237 5406; x_wconf 82' lang='lat' dir='ltr'><strong>nomine</strong></span> <span class='ocrx_word' id='word_1_784' title='bbox 2265 5353 2494 5405; x_wconf 78' lang='lat' dir='ltr'><strong>ornavit.</strong></span> <span class='ocrx_word' id='word_1_785' title='bbox 2520 5350 2651 5406; x_wconf 88' lang='lat' dir='ltr'><strong>Post</strong></span> <span class='ocrx_word' id='word_1_786' title='bbox 2674 5353 3028 5423; x_wconf 83' lang='lat' dir='ltr'><strong>appellatione</strong></span> <span class='ocrx_word' id='word_1_787' title='bbox 3077 5358 3244 5424; x_wconf 83' lang='lat' dir='ltr'><strong>gentis</strong></span> <span class='ocrx_word' id='word_1_788' title='bbox 3289 5357 3364 5408; x_wconf 81' lang='lat' dir='ltr'><strong>it-</strong></span> 
     </span>
    </p>
   </div>
   <div class='ocr_carea' id='block_1_115' title="bbox 1774 5443 3368 5515">
    <p class='ocr_par' dir='ltr' id='par_1_115' title="bbox 1774 5443 3368 5515">
     <span class='ocr_line' id='line_1_115' title="bbox 1774 5443 3368 5515; baseline 0.003 -19"><span class='ocrx_word' id='word_1_789' title='bbox 1774 5443 1877 5497; x_wconf 86' lang='lat' dir='ltr'><strong>lius</strong></span> <span class='ocrx_word' id='word_1_790' title='bbox 1896 5444 2106 5514; x_wconf 76' lang='lat' dir='ltr'><strong>vulgata</strong></span> <span class='ocrx_word' id='word_1_791' title='bbox 2123 5443 2396 5514; x_wconf 80' lang='lat' dir='ltr'><strong>locus—ipse</strong></span> <span class='ocrx_word' id='word_1_792' title='bbox 2412 5443 2664 5514; x_wconf 80' lang='lat' dir='ltr'><strong>Bulgaria</strong></span> <span class='ocrx_word' id='word_1_793' title='bbox 2686 5443 2859 5499; x_wconf 83' lang='lat' dir='ltr'><strong>dictus</strong></span> <span class='ocrx_word' id='word_1_794' title='bbox 2883 5453 2982 5510; x_wconf 87' lang='lat' dir='ltr'><strong>est,</strong></span> <span class='ocrx_word' id='word_1_795' title='bbox 3011 5457 3058 5500; x_wconf 78' lang='lat' dir='ltr'><strong>et</strong></span> <span class='ocrx_word' id='word_1_796' title='bbox 3090 5445 3368 5515; x_wconf 66' lang='lat' dir='ltr'><strong>Bulgaritt</strong></span> 
     </span>
    </p>
   </div>
   <div class='ocr_carea' id='block_1_116' title="bbox 1774 5519 3366 5606">
    <p class='ocr_par' dir='ltr' id='par_1_116' title="bbox 1774 5519 3366 5606">
     <span class='ocr_line' id='line_1_116' title="bbox 1774 5519 3366 5606; baseline 0.001 -16"><span class='ocrx_word' id='word_1_797' title='bbox 1774 5536 2082 5605; x_wconf 87' lang='lat' dir='ltr'><strong>metropolis</strong></span> <span class='ocrx_word' id='word_1_798' title='bbox 2107 5519 2283 5606; x_wconf 81' lang='lat' dir='ltr'><strong>prima</strong></span> <span class='ocrx_word' id='word_1_799' title='bbox 2312 5536 2642 5590; x_wconf 77' lang='lat' dir='ltr'><strong>Iustiniano.</strong></span> <span class='ocrx_word' id='word_1_800' title='bbox 2681 5537 2812 5592; x_wconf 79' lang='lat' dir='ltr'><strong>Vide</strong></span> <span class='ocrx_word' id='word_1_801' title='bbox 2841 5538 3118 5592; x_wconf 74' lang='lat' dir='ltr'><strong>Novellam</strong></span> <span class='ocrx_word' id='word_1_802' title='bbox 3155 5539 3210 5590; x_wconf 80' lang='lat' dir='ltr'><strong>tl</strong></span> <span class='ocrx_word' id='word_1_803' title='bbox 3261 5535 3366 5594; x_wconf 79' lang='lat' dir='ltr'><strong>Ju—</strong></span> 
     </span>
    </p>
   </div>
   <div class='ocr_carea' id='block_1_117' title="bbox 1774 5626 3358 5697">
    <p class='ocr_par' dir='ltr' id='par_1_117' title="bbox 1774 5626 3358 5697">
     <span class='ocr_line' id='line_1_117' title="bbox 1774 5626 3358 5697; baseline -0.001 -13"><span class='ocrx_word' id='word_1_804' title='bbox 1774 5628 1996 5684; x_wconf 85' lang='lat' dir='ltr'><strong>stiuiani</strong></span> <span class='ocrx_word' id='word_1_805' title='bbox 2022 5638 2075 5682; x_wconf 92' lang='lat' dir='ltr'><strong>et</strong></span> <span class='ocrx_word' id='word_1_806' title='bbox 2108 5626 2177 5680; x_wconf 89' lang='lat' dir='ltr'><strong>ad</strong></span> <span class='ocrx_word' id='word_1_807' title='bbox 2201 5642 2318 5680; x_wconf 84' lang='lat' dir='ltr'><strong>eam</strong></span> <span class='ocrx_word' id='word_1_808' title='bbox 2350 5628 2560 5684; x_wconf 84' lang='lat' dir='ltr'><strong>scholia</strong></span> <span class='ocrx_word' id='word_1_809' title='bbox 2585 5627 2819 5697; x_wconf 76' lang='lat' dir='ltr'><strong>Cujaeii,</strong></span> <span class='ocrx_word' id='word_1_810' title='bbox 2847 5640 2902 5685; x_wconf 90' lang='lat' dir='ltr'><strong>et</strong></span> <span class='ocrx_word' id='word_1_811' title='bbox 2927 5629 3201 5685; x_wconf 74' lang='lat' dir='ltr'><strong>Novellum</strong></span> <span class='ocrx_word' id='word_1_812' title='bbox 3232 5629 3358 5682; x_wconf 75' lang='grc'><strong>151.</strong></span> 
     </span>
    </p>
   </div>
   <div class='ocr_carea' id='block_1_118' title="bbox 1776 5719 3360 5791">
    <p class='ocr_par' dir='ltr' id='par_1_118' title="bbox 1776 5719 3360 5791">
     <span class='ocr_line' id='line_1_118' title="bbox 1776 5719 3360 5791; baseline -0.001 -15"><span class='ocrx_word' id='word_1_813' title='bbox 1776 5722 1896 5776; x_wconf 79' lang='lat' dir='ltr'><strong>Alia</strong></span> <span class='ocrx_word' id='word_1_814' title='bbox 1929 5719 2238 5776; x_wconf 67' lang='lat' dir='ltr'><strong>Iustiniano</strong></span> <span class='ocrx_word' id='word_1_815' title='bbox 2271 5721 2494 5776; x_wconf 87' lang='lat' dir='ltr'><strong>nomine</strong></span> <span class='ocrx_word' id='word_1_816' title='bbox 2516 5723 2754 5777; x_wconf 86' lang='lat' dir='ltr'><strong>secunda</strong></span> <span class='ocrx_word' id='word_1_817' title='bbox 2769 5723 2940 5776; x_wconf 77' lang='lat' dir='ltr'><strong>fuitin</strong></span> <span class='ocrx_word' id='word_1_818' title='bbox 2956 5723 3132 5791; x_wconf 78' lang='lat' dir='ltr'><strong>Cypro</strong></span> <span class='ocrx_word' id='word_1_819' title='bbox 3154 5723 3360 5786; x_wconf 86' lang='lat' dir='ltr'><strong>insula,</strong></span> 
     </span>
    </p>
   </div>
   <div class='ocr_carea' id='block_1_119' title="bbox 1779 5813 3468 5885">
    <p class='ocr_par' dir='ltr' id='par_1_119' title="bbox 1779 5813 3468 5885">
     <span class='ocr_line' id='line_1_119' title="bbox 1779 5813 3468 5885; baseline -0.001 -18"><span class='ocrx_word' id='word_1_820' title='bbox 1779 5816 1954 5885; x_wconf 88' lang='lat' dir='ltr'><strong>patria</strong></span> <span class='ocrx_word' id='word_1_821' title='bbox 1975 5813 2276 5870; x_wconf 60' lang='lat' dir='ltr'><strong>Theodore</strong></span> <span class='ocrx_word' id='word_1_822' title='bbox 2298 5813 2512 5877; x_wconf 80' lang='lat' dir='ltr'><strong>uxoris,</strong></span> <span class='ocrx_word' id='word_1_823' title='bbox 2549 5821 2610 5867; x_wconf 92' lang='lat' dir='ltr'><strong>ut</strong></span> <span class='ocrx_word' id='word_1_824' title='bbox 2659 5822 2745 5868; x_wconf 89' lang='lat' dir='ltr'><strong>est</strong></span> <span class='ocrx_word' id='word_1_825' title='bbox 2795 5815 2936 5885; x_wconf 80' lang='lat' dir='ltr'><strong>apud</strong></span> <span class='ocrx_word' id='word_1_826' title='bbox 2985 5813 3356 5881; x_wconf 60' lang='lat' dir='ltr'><strong>Nicephorum</strong></span> <span class='ocrx_word' id='word_1_827' title='bbox 3459 5825 3468 5832; x_wconf 84' lang='lat'><strong><em>&#39;</em></strong></span> 
     </span>
    </p>
   </div>
   <div class='ocr_carea' id='block_1_120' title="bbox 1780 5906 3361 5977">
    <p class='ocr_par' dir='ltr' id='par_1_120' title="bbox 1780 5906 3361 5977">
     <span class='ocr_line' id='line_1_120' title="bbox 1780 5906 3361 5977; baseline -0.001 -14"><span class='ocrx_word' id='word_1_828' title='bbox 1780 5922 1918 5976; x_wconf 75' lang='lat' dir='ltr'><strong>xvu,</strong></span> <span class='ocrx_word' id='word_1_829' title='bbox 1940 5906 2034 5972; x_wconf 71' lang='grc' dir='ltr'><strong>τε,</strong></span> <span class='ocrx_word' id='word_1_830' title='bbox 2063 5917 2120 5962; x_wconf 88' lang='lat' dir='ltr'><strong>et</strong></span> <span class='ocrx_word' id='word_1_831' title='bbox 2148 5921 2260 5972; x_wconf 78' lang='lat' dir='ltr'><strong>xvr,</strong></span> <span class='ocrx_word' id='word_1_832' title='bbox 2293 5907 2387 5973; x_wconf 75' lang='lat'><strong>37,</strong></span> <span class='ocrx_word' id='word_1_833' title='bbox 2420 5920 2732 5977; x_wconf 81' lang='lat' dir='ltr'><strong>quanquam</strong></span> <span class='ocrx_word' id='word_1_834' title='bbox 2770 5908 3093 5971; x_wconf 74' lang='lat' dir='ltr'><strong>Prot‘OpiJs,</strong></span> <span class='ocrx_word' id='word_1_835' title='bbox 3129 5908 3162 5960; x_wconf 92' lang='lat' dir='ltr'><strong>I.</strong></span> <span class='ocrx_word' id='word_1_836' title='bbox 3201 5921 3254 5959; x_wconf 80' lang='lat' dir='ltr'><strong>iv</strong></span> <span class='ocrx_word' id='word_1_837' title='bbox 3284 5907 3361 5961; x_wconf 85' lang='lat' dir='ltr'><strong>De</strong></span> 
     </span>
    </p>
   </div>
  </div>
