3852 6594
428 423 536 488 1119

1492 423 1576 488 IN
1629 422 1930 486 LIBRUM
1991 421 2088 482 DE
2137 419 2468 483 OFFICIIS
2506 421 2622 482 ΕΡ.

3566 425 3665 483 κω

426 539 673 597 aediliciis
691 535 1012 600 Justiniani,
1056 534 1288 589 allirmat
1337 533 1649 607 Ulpianum,
1717 537 1999 592 Dardaniae
2028 542 2074 598 Α
2105 535 2270 589 alium
2299 551 2423 591 esse
2445 551 2554 590 non
2573 549 2696 591 reor
2715 533 2782 588 ab
2799 547 2883 600 eo,
2909 533 2978 590 de
2998 546 3108 605 quo
3139 545 3341 602 sermo,
3361 533 3665 592 arcliimanc

429 633 708 704 oppidum,
733 630 1028 685 secundam
1058 628 1422 683 Justinianam
1472 629 1800 700 appellatum
1853 646 1999 686 esse.

429 725 610 780 Tertia
632 720 940 778 Justinisina
968 735 1072 774 non
1101 730 1187 774 est
1214 719 1550 785 Chalcedon,
1576 729 1634 775 ut
1665 722 1845 792 inepte
1884 739 2005 778 ver-

433 818 496 870 tit
523 815 743 878 Junius,
773 817 864 868 sed
883 812 1155 882 Carthago
1180 813 1233 866 in
1253 812 1468 870 Atria-az
1495 828 1673 883 neque
1692 814 1834 868 enim
1861 818 2010 887 Καρ-

429 905 628 978 χηδὼν,
655 915 714 959 ut
745 906 798 959 in
830 919 927 959 sua
956 919 1170 973 quoque
1197 905 1432 958 editione
1468 904 1629 959 habet
1675 904 1888 968 Junius.
1926 919 2009 963 est

429 998 759 1060 Chalcedon,
812 995 907 1051 sed
957 996 1227 1064 Carthago
1262 1014 1276 1062 ;
1307 1012 1424 1065 qua:
1473 997 1782 1052 Justiniana
1839 1001 2008 1070 dicta,

433 1092 576 1160 quod
605 1090 950 1144 Justinianus
979 1089 1273 1156 imperator
1306 1088 1691 1159 Carthaginem
1731 1108 1840 1146 una
1885 1110 2006 1147 cum

434 1185 639 1246 Africa,
673 1182 846 1252 pulsis
873 1180 1152 1243 Vandalis,
1189 1179 1433 1235 Romano
1473 1183 1701 1252 imperio
1754 1186 2010 1239 restitue~

437 1275 684 1332 tit.Vide
709 1273 984 1328 Novellam
1014 1275 1132 1328 151.
1169 1273 1599 1330 AliziJustiniana
1657 1291 1795 1331 nova
1839 1288 2014 1332 exstat

439 1371 494 1424 in
524 1366 750 1433 Notitia,
785 1377 896 1421 not.
922 1366 975 1434 8,
995 1377 1048 1422 et
1078 1368 1180 1422 alia
1205 1370 1361 1423 notit.
1386 1368 1476 1433 28,
1510 1380 1564 1423 ut
1588 1368 2014 1439 uotatCujacius

437 1461 504 1516 ad
521 1460 758 1515 Nomii.

511 1551 652 1606 Ibid.
685 1550 936 1606 Formula
983 1549 1143 1619 hujus
1171 1550 1503 1620 precationis
1531 1550 1734 1607 inserta
1781 1560 1866 1606 est
1896 1552 1932 1606 l.
1963 1568 2013 1606 vi

440 1643 588 1700 Juris
608 1642 744 1706 Gtt,
769 1661 821 1714 p.
844 1644 938 1697 Hi
956 1683 968 1695 .
991 1642 1196 1697 Gens.

513 1735 1196 1812 Ιῡίά.Ῑ“Αρχιμανδρῖται.
1240 1736 1353 1790 Non
1406 1735 1642 1806 amplius
1684 1752 1892 1806 specum
1921 1734 2016 1790 sed

445 1833 629 1885 ovium
665 1847 1023 1901 caprarumve
1055 1848 1261 1902 gregem
1288 1830 1460 1885 (ἓνεεοί
1491 1840 1687 1884 vocant
1734 1829 2013 1898 μάνδραν;

445 1941 566 1994 quae
596 1941 696 1978 vox
726 1925 790 1978 ad
820 1924 1068 1979 homines
1101 1925 1303 1978 sociam
1330 1923 1395 1976 ad
1432 1922 1664 1978 invicem
1698 1932 1748 1975 et
1769 1929 2014 1990 pacatam

444 2017 611 2070 vitam
641 2026 862 2085 agentes
891 2013 1152 2069 translata
1195 2013 1355 2066 aliam
1399 2013 1692 2067 confestim
1743 2011 2016 2082 producit,

445 2107 878 2178 ἁρχιμανδρίτην
913 2106 1172 2161 nimirum
1194 2145 1211 2172 ,
1257 2107 1350 2176 qui
1389 2105 1702 2174 huiusmodi
1733 2105 1972 2174 quietam
2000 2142 2019 2168 ,

447 2201 746 2256 solitariam
789 2217 849 2254 ac
876 2201 1079 2255 sociam
1107 2200 1268 2254 vitam
1291 2199 1346 2253 in
1371 2199 1648 2252 montibus
1669 2205 1723 2252 et
1748 2197 2020 2267 specubus

449 2305 609 2348 terrae
662 2293 948 2363 agentibus
1002 2294 1194 2346 ducem
1251 2307 1311 2346 se
1358 2291 1564 2361 praebet
1617 2307 1680 2346 ac
1730 2302 2018 2346 rectorem.

447 2383 570 2448 Quo
604 2391 887 2451 perspecto
913 2382 1077 2452 3'76
1108 2397 1214 2436 non
1244 2383 1439 2454 exigua
1483 2384 1658 2438 oritur
1711 2383 2019 2447 dilﬁcultas,

446 2488 737 2546 quotorum
797 2476 878 2530 vel
930 2477 1172 2545 qualium
1221 2478 1292 2531 s’t
1345 2477 1453 2531 dux
1496 2491 1560 2531 ac
1613 2486 1798 2532 rector
1839 2478 2021 2532 archi-

449 2570 768 2632 mandrites,
819 2583 886 2622 an
947 2568 1183 2637 plurium
1221 2568 1303 2622 vel
1357 2581 1655 2637 paucorum
1709 2571 2020 2624 monacho-

449 2678 570 2716 rum
609 2662 684 2732 (lii
729 2662 875 2714 enim
924 2671 1077 2723 sunt,
1113 2659 1208 2730 qui
1257 2670 1491 2716 testante
1529 2661 1733 2717 Basilio
1775 2664 1833 2716 ὲν
1869 2663 2022 2732 epeos

450 2756 546 2808 καὶ
575 2755 732 2815 ὀπαῖς
766 2753 861 2822 τῆς
890 2753 992 2822 γῆς
1046 2752 1338 2822 habitant),
1392 2769 1463 2808 an
1518 2755 1679 2810 unius
1730 2755 1900 2810 abbas
1944 2756 2025 2810 vel

452 2846 744 2900 multorum
779 2844 1234 2898 monasteriorum
1269 2847 1687 2914 sitgubel‘uator
1711 2864 2023 2917 supremus,

451 2937 599 2991 velut
628 2937 672 2990 is
699 2936 792 3006 qui
828 2934 986 2989 nobis
1017 2935 1368 3005 provincialis
1397 2936 1595 2992 dicitur
1624 2947 1716 2992 aut
1735 2941 2022 3009 generalis.

451 3030 628 3098 Quam
653 3041 858 3100 partem
889 3029 1148 3094 tenueris,
1188 3030 1664 3087 nullumincurres
1687 3032 2026 3100 deeeptionis

454 3123 751 3194 periculum
779 3139 794 3177 :
835 3123 996 3177 unius
1018 3121 1162 3176 enim
1182 3124 1509 3192 quandoque
1527 3126 1884 3194 superiorem,
1910 3129 2026 3198 plu-

2103 627 2264 682 drite.
2285 625 2492 700 ϐολὴ]

2177 717 2318 772 Ibid.
2350 718 2615 774 Memorat
2641 719 2733 774 hic
2762 717 3088 788 Curopalata
3116 717 3550 789 protosynceuas.
3579 717 3668 772 Ju-

2107 809 2232 863 nius
2262 811 2392 880 legit
2416 809 2832 880 protosyngelos.
2872 808 2984 863 Vox
3009 809 3323 876 composita,
3372 810 3568 877 inquit,
3613 826 3674 864 ex

2109 902 2324 972 πρῶτος
2353 911 2405 956 et
2439 902 2724 971 σύγγελος,
2749 903 2886 970 quod
2927 918 3115 956 nomen
3151 913 3227 955 est
3287 918 3379 970 per
3424 918 3675 971 syncopen

2109 996 2305 1048 dictum
2335 1011 2432 1065 pro
2469 996 2820 1063 συνάγγελος.
2869 996 2930 1048 id
2961 1006 3059 1056 est,
3099 1006 3153 1047 ut
3175 995 3327 1047 hodie
3351 997 3521 1063 magis
3545 1011 3677 1049 rece-

2113 1096 2258 1154 ptum
2278 1098 2374 1154 est,
2390 1087 2672 1140 canobita.
2691 1086 2795 1140 Sed
2813 1087 2866 1139 in
2889 1087 2960 1140 eis
2983 1087 3226 1142 caenobiis
3254 1086 3677 1141 archimandritc

2113 1190 2236 1233 sum
2272 1180 2488 1232 abbates
2517 1196 2605 1232 seu
2639 1191 2841 1248 patres,
2870 1179 3230 1250 protosyngeli
3253 1195 3368 1233 vero
3388 1196 3532 1233 senes
3567 1181 3679 1249 qui-

2113 1288 2234 1341 que.
2277 1271 2333 1325 Si
2359 1273 2780 1341 protosyncellus
2813 1272 2953 1327 idem
2976 1273 3221 1340 estquod
3246 1273 3542 1337 cceuobita,
3563 1283 3680 1326 tunc

2116 1363 2294 1416 omnis
2316 1363 2620 1417 monachus
2644 1379 2765 1418 cum
2789 1364 2911 1418 aliis
2938 1363 2994 1417 in
3020 1363 3350 1416 monasterio
3367 1364 3570 1432 degens
3588 1367 3682 1418 erit

2117 1457 2579 1526 protosyncellus,
2639 1455 2768 1525 quia
2831 1456 3013 1510 omnis
3067 1455 3192 1510 talis
3249 1457 3554 1510 monachus
3606 1464 3682 1509 est

2119 1550 2413 1605 emnobita.
2444 1549 2626 1603 Athoc
2655 1549 2957 1603 inauditum
2981 1559 3085 1604 est.
3118 1549 3320 1603 Deinde
3337 1549 3383 1604 si
3403 1559 3682 1620 protosyn-

2119 1642 2239 1695 cclli
2270 1653 2397 1696 sunt
2424 1655 2585 1696 senes
2611 1642 2816 1710 quique
2845 1642 2896 1695 in
2929 1655 3030 1696 suo
3061 1641 3272 1706 ordine,
3300 1642 3367 1694 ad
3400 1640 3533 1710 quid
3558 1655 3681 1706 opus

2123 1735 2320 1790 habent
2347 1734 2560 1804 pr0pria
2583 1733 2929 1788 ordinatione
2972 1742 3027 1787 et
3057 1732 3389 1792 chirotonia,
3425 1741 3486 1784 ut
3514 1732 3685 1784 archi-

2125 1827 2447 1881 mandritte‘?
2475 1823 2612 1880 Nam
2653 1833 2714 1878 ut
2739 1827 2862 1893 quis
2893 1825 2966 1880 sit
2984 1839 3148 1878 senex
3177 1833 3270 1878 aut
3296 1823 3484 1878 senior
3517 1824 3571 1876 in
3595 1838 3686 1876 suo

2121 1921 2335 1984 ordine,
2369 1919 2422 1973 id
2446 1934 2552 1973 non
2575 1918 2806 1989 largitur
2845 1917 3041 1972 electio
3079 1925 3135 1971 et
3189 1916 3553 1982 consecratio,
3599 1917 3684 1971 sed

2125 2020 2339 2078 tempus
2357 2021 2409 2066 et
2427 2020 2582 2066 aetas.

2195 2104 2330 2167 Quis
2359 2103 2523 2174 igitur
2571 2099 2987 2173 protosyncellus
3022 2109 3078 2155 et
3109 2099 3338 2170 simplex
3387 2099 3691 2170 syncellus.’

2122 2193 2260 2249 Olim
2295 2195 2566 2264 syncellus
2589 2194 2964 2262 appellabatur
2993 2194 3038 2248 is
3070 2196 3162 2261 qui
3199 2203 3416 2246 mortuo
3462 2195 3691 2262 patriar-

2124 2286 2238 2339 cha:
2264 2299 2624 2339 successurus
2647 2293 2786 2339 erat.
2812 2283 3004 2338 Testes
3035 2283 3280 2338 Zonaras
3317 2293 3373 2337 et
3420 2282 3692 2338 Cedrenus

2125 2378 2179 2430 in
2217 2376 2446 2446 imperio
2495 2374 2840 2432 Constantini
2895 2374 3264 2439 Monomachi,
3320 2387 3560 2443 quorum
3613 2375 3694 2426 ille

2122 2468 2405 2536 explicans
2436 2468 2689 2535 quisnam
2718 2467 2860 2536 apud
2895 2465 3195 2521 Saracenos
3239 2465 3520 2520 diceretur
3561 2467 3690 2521 scri-

2125 2557 2269 2624 pbns
2301 2571 2398 2611 seu
2437 2558 2706 2626 seriphes,
2744 2557 2819 2611 ita
2845 2555 3072 2611 scribit:
3111 2550 3283 2618 Οὖτος
3314 2556 3359 2608 δ’
3399 2557 3523 2608 ἐστὶ
3566 2556 3691 2625 παρ’

2125 2649 2309 2712 αὐτοῖς
2335 2650 2472 2720 ὅπερ
2506 2648 2638 2720 παρ’
2667 2651 2798 2720 ἡμῖν
2850 2649 3019 2702 πάλαι
3053 2643 3128 2718 ἦν
3165 2649 3195 2700 ὁ
3239 2648 3537 2718 λεγόμενος
3571 2649 3693 2717 σύγ-

2125 2743 2337 2807 κελλος.
2375 2742 2462 2805 Ὠς
2483 2744 2592 2813 γὰρ
2616 2743 2646 2795 ὁ
2679 2743 2973 2810 σύγκελλος
2997 2741 3089 2794 τοῦ
3123 2743 3464 2813 πατριάρχου
3516 2743 3693 2796 θανόν-

2091 2864 2096 2869 ·
2125 2853 2216 2900 τος
2237 2838 2315 2898 εἰς
2337 2836 2429 2889 τὸν
2463 2836 2675 2888 ἐκείνου
2705 2835 2869 2888 τόπον
2918 2835 3356 2900 ἀντικαθίστατο,
3415 2831 3565 2886 οὕτω
3611 2835 3696 2887 καὶ

2125 2932 2154 2983 ὁ
2186 2930 2414 3001 septemc;
2437 2929 2533 2982 τοῦ
2580 2928 2802 2996 Χαλιφᾶ
2839 2925 3138 2996 φθαρέντος
3173 2927 3266 2980 τὸν
3300 2927 3695 2998 τελευτήσαντα

2127 3022 2452 3090 διαδέχεται.
2473 3017 2671 3075 Eadem
2694 3020 2995 3076 Cedrenus.
3015 3017 3113 3074 Ubi
3132 3020 3368 3081 notanda
3388 3035 3494 3073 vox
3517 3021 3695 3084 πάλαι,

2129 3129 2235 3182 qua
2251 3112 2560 3183 signiﬁcant
2585 3113 2711 3168 oliui
2746 3112 2968 3183 quidem
3001 3112 3103 3167 hac
3127 3113 3352 3167 notione
3379 3127 3582 3166 nomen
3599 3113 3691 3166 hoc

453 3215 595 3270 rium
621 3213 785 3269 etiam
817 3228 1212 3283 nonnunquam
1240 3215 1508 3283 signiﬁcat
1560 3219 2021 3276 monasteriorum
2055 3220 2100 3282 ο
2134 3206 2391 3261 usitatum
2421 3205 2612 3269 fuisse,
2634 3214 2818 3275 postea
2839 3205 3088 3260 desiisse.
3116 3205 3207 3259 Sic
3228 3205 3552 3260 Anastasius
3568 3205 3694 3260 Ger-

452 3307 763 3377 praesidem.
799 3304 963 3359 Primi
999 3319 1194 3360 sensus
1229 3306 1377 3360 allati
1401 3321 1782 3378 argumentum
1814 3321 1898 3367 est
1918 3311 2026 3367 Eu-

453 3396 688 3467 tychetis
721 3394 1035 3465 appellatio,
1064 3409 1186 3464 qua:
1212 3395 1266 3449 in
1317 3396 1552 3452 concilio
1595 3398 2030 3469 Chalcedonensi

454 3497 511 3545 et
533 3487 672 3559 apu'd
699 3487 1084 3559 Theophanem
1115 3487 1556 3544 archimandrita:
1573 3499 1676 3558 est,
1695 3493 1835 3562 apud
1855 3477 2031 3550 Theo-

459 3582 654 3636 dorum
685 3579 1087 3651 presbyterum,
1111 3581 1177 3636 de
1199 3580 1415 3636 lncarn.
1441 3581 1653 3639 Domini
1679 3585 1771 3638 τοῦ
1799 3588 2032 3658 ἡγουμέ-

456 3689 552 3726 νου
582 3689 598 3704 ·
635 3675 664 3726 ὁ
692 3671 942 3743 Εὑτυχὴς
967 3671 1026 3736 ὃς
1058 3667 1125 3744 ἦν
1147 3673 1452 3745 ἡγούμενος
1497 3679 1863 3750 μοναστηρίου
1892 3681 2030 3748 ἑνός,

459 3764 660 3838 inquit.
691 3765 836 3820 Idem
855 3758 936 3821 est
962 3765 1128 3835 igitur
1162 3767 1598 3840 ἀρχιμανδριτης
1644 3771 1740 3842 qui
1785 3774 2032 3845 ἡγούμε-

457 3875 570 3921 νος,
614 3857 768 3911 unius
805 3857 974 3913 solitis
993 3861 1299 3914 monasterii
1349 3859 1538 3925 abbas,
1578 3873 1752 3931 pater,
1793 3868 2036 3936 superior

460 3967 524 4006 ac
547 3960 732 4006 rector.
771 3949 1027 4006 Secundo
1059 3959 1239 4006 tamen
1276 3955 1464 4007 sensui
1491 3970 1600 4008 non
1633 3956 1784 4011 deest
1851 3959 2036 4012 multi-

459 4043 581 4112 plex
606 4043 877 4114 probatio,
912 4042 1110 4112 prima.
1149 4043 1294 4112 quod
1328 4045 1526 4114 privati
1571 4050 1889 4103 monasterii
1939 4066 2035 4106 su-

461 4137 770 4206 periornou
803 4134 1039 4203 patiatur
1064 4135 1135 4189 ob
1173 4136 1434 4191 humilem
1498 4136 1666 4192 nimis
1722 4147 1923 4194 statum
1978 4145 2037 4196 s'e

463 4225 898 4297 ἁρχιμανδρὶτην
921 4223 1136 4290 vocari;
1169 4227 1430 4290 secunda,
1479 4226 1622 4293 quod
1665 4243 1781 4281 eam
1829 4237 2035 4284 tantum

465 4320 775 4374 sustineant
799 4316 1209 4387 appellationem
1236 4316 1327 4384 qui
1359 4316 1515 4385 plura
1549 4329 1743 4388 regunt
1764 4320 1891 4388 jure
1944 4337 2038 4375 su-

464 4425 654 4481 premo
682 4407 1039 4466 monasteria.
1064 4406 1145 4460 vel
1177 4407 1271 4476 qui
1308 4407 1501 4462 saltem
1553 4410 1747 4478 majori
1799 4424 2040 4480 praesunt

467 4501 827 4564 monasterio.
869 4500 957 4556 cui
987 4499 1141 4568 plura
1182 4500 1548 4569 subjiciuntur
1583 4511 1858 4573 μετοχεῐα.
1894 4507 2038 4561 velut

465 4592 705 4663 antiquis
737 4590 936 4646 nostris
969 4591 1201 4645 abbatiis
1223 4591 1462 4644 minores
1507 4593 1815 4660 prioralus:
1855 4597 2038 4660 tertia,

465 4685 685 4755 quodin
720 4692 867 4738 textu
897 4697 1056 4752 queui
1084 4682 1472 4736 elucubramus
1520 4683 1840 4753 interposita
1899 4685 2040 4742 inter

465 4777 898 4849 ἀρχιμανδρίτας
931 4786 981 4830 et
1015 4773 1468 4845 καθηγουμένους
1535 4778 2040 4845 πρωτοσυγκέλλων

466 4872 730 4942 dignitate
761 4870 828 4924 ab
866 4869 1097 4924 invicem
1139 4868 1463 4937 longissime
1498 4867 1719 4925 diti'erre
1757 4886 2038 4926 common-

465 4971 731 5026 strantur,
753 4963 861 5014 imo
887 4962 1149 5030 particula
1181 4976 1520 5030 exaggerans
1551 4963 1686 5015 ἀλλά
1713 4979 1799 5018 res
1817 4966 2040 5019 omnino

465 5054 710 5107 diversas
750 5054 992 5109 indicare
1019 5054 1281 5108 deilarat.
1313 5054 1539 5109 Transit
1569 5055 1619 5107 in
1657 5058 1901 5113 aucturis
1945 5073 2040 5111 no-

467 5146 567 5200 stri
596 5153 832 5198 tuentem
857 5146 1238 5200 .illustrissimi
1279 5149 1529 5216 praesulis
1571 5146 1869 5204 Vabrensis
1900 5165 2039 5220 opus

468 5249 596 5290 vere
621 5235 958 5304 pontificium
993 5251 1059 5290 eo
1086 5236 1188 5290 loci
1214 5235 1308 5289 τοῦ
1352 5238 1784 5308 ἀρχιμανδρίτου
1812 5241 1905 5292 καὶ
1943 5241 2037 5292 τοῦ

468 5325 697 5397 ἐξάρχου
727 5326 822 5379 καὶ
851 5326 946 5378 τοῦ
978 5327 1288 5397 ἡγουμένου
1328 5329 1630 5399 πρόϐλησιν
1662 5332 1750 5384 dat
1787 5340 2039 5400 spectan-

467 5418 617 5483 dam,
653 5427 800 5473 certe
832 5433 940 5473 non
969 5419 1229 5481 utunius.
1265 5420 1357 5475 sed
1407 5431 1464 5476 ut
1500 5421 1758 5490 plurium,
1801 5439 2036 5492 quorum

470 5521 529 5562 ut
588 5525 692 5563 una
727 5524 836 5562 non
877 5519 960 5564 est
1012 5511 1319 5580 appellatio,
1363 5513 1437 5566 ita
1483 5527 1580 5567 nec
1612 5529 1778 5567 unum
1804 5515 2034 5569 ollicium

469 5601 642 5657 fuisse
669 5611 872 5658 temere
892 5604 1192 5672 putandum
1230 5614 1332 5671 est.
1356 5603 1624 5658 Caeterum
1658 5620 1816 5673 quem
1841 5605 2039 5662 Canta-

468 5706 726 5758 cuzenus,
757 5709 796 5758 i,
827 5693 897 5748 32
923 5702 976 5747 et
1005 5692 1074 5748 55
1095 5693 1188 5748 τὸν
1214 5693 1305 5748 τοῦ
1330 5695 1486 5763 ἁγίου
1508 5694 1668 5766 ὅρους
1696 5697 1932 5768 πρῶτον,
1951 5717 2038 5753 sa-

468 5787 546 5840 eri
573 5787 786 5852 montis,
823 5787 912 5843 ubi
949 5789 1105 5858 plura
1126 5790 1456 5845 monasteria
1487 5790 1735 5845 visuntur
1751 5794 2036 5862 etadqua-

471 5887 597 5934 tuor
627 5882 793 5937 millia
835 5885 1228 5941 monachorum
1263 5882 1487 5954 degunt,
1518 5883 1825 5954 prazfectnm
1854 5895 2032 5953 vocat,

2137 3299 2280 3353 mani
2306 3299 2480 3370 patria
2492 3300 2636 3355 rebar.
2651 3299 2924 3369 syncellus
2943 3298 3064 3364 fuit,
3089 3299 3320 3357 Cedren.
3338 3297 3391 3353 in
3406 3299 3541 3369 imp.
3563 3299 3694 3354 Leo-

2134 3395 2220 3449 nis
2249 3394 2594 3466 lcopomacbi
2631 3409 2685 3464 p.
2719 3392 2845 3448 456.
2876 3393 3163 3463 Syncellus
3196 3393 3324 3447 item
3346 3394 3446 3449 fuit
3469 3395 3696 3464 Stepha-

2137 3502 2240 3541 nus
2277 3485 2444 3541 frater
2463 3486 2666 3541 Leonis
2719 3486 3085 3555 imperatoris,
3127 3486 3286 3557 377
3346 3485 3586 3542 Cedren.
3647 3503 3697 3558 p.

2135 3579 2265 3644 ὅθι,
2288 3581 2342 3634 in
2375 3581 2550 3634 locum
2579 3577 2758 3633 Photii
2786 3579 3137 3634 substitutus.
3174 3580 3456 3649 Syncellus
3491 3594 3701 3650 quoque

2133 3670 2448 3739 designatus
2476 3667 2914 3737 Theophylactus
2943 3667 3173 3720 Romani
3201 3664 3468 3734 Lacapeni
3507 3667 3646 3720 ﬁlius
3672 3680 3701 3718 a

2133 3757 2361 3813 Nicolao
2385 3758 2721 3828 patriarcha,
2747 3759 2850 3812 etsi
2874 3758 2923 3812 ei
2953 3773 3059 3811 non
3091 3758 3380 3823 successit,
3441 3757 3540 3812 sed
3586 3757 3701 3812 Stc-

2136 3854 2613 3924 plianusAmaseae
2636 3851 2996 3920 metr0polita,
3043 3850 3206 3908 Cedr.
3257 3851 3314 3904 in
3363 3851 3496 3919 imp.
3548 3854 3700 3906 Rom.

2135 3943 2263 3999 Lac.
2307 3959 2359 4014 p.
2397 3943 2521 4000 624.
2546 3943 2621 3998 De
2651 3941 2864 3997 Joanne
2897 3943 3138 4012 syncello
3185 3943 3299 4012 lege
3331 3940 3603 3997 Zonaram
3653 3945 3700 3996 in

2138 4038 2369 4106 imperio
2400 4037 2712 4106 Theophili,
2741 4046 2874 4089 utet
2906 4034 2973 4089 de
2995 4034 3489 4106 Michaelsyncellu
3506 4035 3702 4091 Cedro-

2136 4146 2287 4186 num.
2318 4128 2459 4184 Idem
2490 4127 2771 4183 Cedrenus
2803 4128 3128 4182 mentionem
3165 4127 3292 4181 facit
3325 4129 3704 4201 protosyncelli

2138 4224 2191 4277 in
2212 4223 2441 4293 imperio
2458 4221 2735 4278 Michaelis
2761 4221 3081 4285 Stratiutici,
3104 4227 3346 4292 satisque
3365 4223 3572 4278 indicat
3593 4237 3704 4276 eam

2138 4315 2206 4370 de
2240 4330 2346 4384 qua
2378 4313 2450 4368 ibi
2482 4315 2718 4384 loquitur
2743 4314 3062 4384 dignitatem
3083 4313 3252 4368 fuisse
3268 4314 3574 4382 politicam,
3602 4329 3704 4368 non

2138 4408 2585 4470 ecclesiasticam,
2619 4423 2742 4462 cum
2769 4407 2914 4462 dicat
2938 4423 3105 4477 penes
3136 4409 3288 4462 illutn
3325 4407 3499 4463 fuisse
3533 4411 3708 4481 reipu-

2148 4499 2297 4554 blicae
2342 4499 2788 4553 administranda:
2843 4514 3050 4553 curam.
3113 4499 3204 4570 Τῷ
3237 4501 3706 4569 πρωτοσυγκέλὶῳ

2071 4563 2116 4622 D
2144 4593 2358 4658 Λέοντι,
2397 4592 2592 4660 inquit,
2617 4591 3001 4661 προσελθόντες
3031 4593 3098 4644 τὰ
3131 4592 3286 4644 κοινὰ
3315 4591 3604 4644 διοικοῦντι
3635 4590 3706 4660 τῷ

2141 4684 2284 4736 τότε.

2211 4776 2302 4830 Est
2335 4785 2512 4830 autem
2543 4775 2810 4846 syncellus
2838 4777 2994 4846 quasi
3019 4775 3263 4844 ejusdem
3287 4777 3440 4832 cella:
3457 4792 3701 4841 consors,

2140 4877 2190 4922 et
2222 4869 2652 4939 protosyncellus
2686 4869 2892 4934 primus
2928 4870 3069 4924 inter
3101 4871 3250 4924 cella:
3289 4871 3704 4927 consortes.Res

2144 4958 2358 5011 tandem
2395 4959 2450 5011 iu
2479 4958 2758 5027 dignitatis
2783 4974 2980 5012 nomen
3012 4961 3186 5024 abiit,
3217 4969 3275 5014 ut
3323 4963 3414 5030 qui
3452 4977 3550 5017 nec
3585 4963 3704 5028 σύγ-

2141 5065 2336 5101 καπνοι
2371 5065 2469 5102 nec
2504 5049 2786 5114 σύγκελλοι
2819 5064 3022 5115 essent,
3062 5051 3195 5106 tales
3245 5062 3424 5106 tamen
3469 5055 3704 5122 appella-

2142 5152 2352 5196 rentur.
2396 5141 2551 5196 Sicut
2607 5143 2768 5197 hodie
2822 5145 2977 5198 multi
3024 5145 3228 5199 habent
3301 5162 3427 5200 eum
3486 5150 3701 5202 titulum

2143 5242 2201 5288 ut
2221 5244 2481 5289 vocentur
2499 5234 2556 5289 S.
2584 5235 2644 5289 ι).
2661 5234 2726 5288 Ν.
2743 5236 3038 5301 domestici,
3062 5237 3136 5292 ita
3155 5246 3211 5292 et
3229 5240 3449 5309 syncelli
3475 5243 3704 5309 patriar-

2139 5329 2360 5382 charum
2394 5328 2609 5382 tandem
2655 5338 2943 5382 evaserunt
2987 5330 3061 5383 illi
3103 5331 3196 5400 qui
3239 5331 3377 5386 forte
3426 5349 3700 5403 nunquam

2141 5423 2194 5475 in
2243 5420 2572 5490 patriarchio
2624 5421 3015 5476 habitaverant.
3051 5420 3188 5475 Huic
3239 5437 3421 5491 postea
3453 5425 3700 5496 dignitati

2139 5526 2394 5584 agitatum
2425 5526 2509 5570 est
2535 5517 2768 5585 πρῶτος,
2795 5515 3302 5587 πρωτοσύγκελλος,
3333 5533 3400 5571 ex
3430 5519 3588 5572 solita
3623 5517 3700 5572 ni-

2141 5611 2340 5661 mirum
2369 5608 2669 5661 ambitione
2695 5623 2802 5678 qua
2825 5608 3100 5677 simplici!
3119 5609 3382 5662 vocabula
3427 5608 3516 5662 τοῦ
3556 5609 3700 5678 πρώ.

2137 5719 2228 5754 του
2247 5701 2550 5755 convestire
2575 5701 2766 5756 solent.
2798 5703 3118 5757 Invenerant
3141 5703 3265 5756 olim
3285 5701 3455 5758 Graeci
3485 5703 3699 5756 titulum

2140 5791 2476 5846 nobilissimi.
2505 5789 2610 5844 Res
2639 5790 2729 5845 hic
2759 5807 2863 5846 non
2886 5791 3057 5855 stetit,
3097 5789 3320 5844 ambitio
3355 5787 3702 5860 πρωτονωδε-

2137 5887 2382 5956 Haemo;
2409 5899 2529 5942 esse
2565 5885 2753 5943 voluit.
2774 5884 2883 5941 Nec
2913 5887 3019 5952 hic,
3053 5883 3300 5956 quamvis
3329 5884 3395 5940 Vin
3419 5884 3579 5953 longo
3612 5895 3701 5936 no-
