3852 6662
183 530 262 593 121
1221 515 1608 579 GRETSERI
1648 511 1744 574 ET
1788 509 2032 574 GOARI
2075 512 2312 574 NOTAE.

3257 507 3364 572 422

183 648 313 704 tuine.
329 641 467 696 linis:
495 645 548 692 ut
568 634 747 708 placet
783 635 880 691 tibi
905 635 995 689 ille
1016 633 1069 688 in
1098 633 1222 702 jure
1244 632 1436 688 Graeco
1455 662 1478 673 -
1495 632 1691 686 Itoma-

1799 629 1988 683 κελλον
2034 593 2664 689 Κωνσταντινουπόλεως
2711 625 3014 679 ἐπίσκοπον
3045 623 3366 695 προεχειρί-

183 737 277 791 nol.
306 749 348 788 tv
367 731 586 800 Νικήτας
610 722 1492 799 πρωτονωὸελισσιμοῦπέρτατοςῖ
1518 722 1696 788 Quale

181 836 425 881 monstrum
447 822 608 876 tituli!
638 829 795 875 erant
819 819 1020 874 Graecis
1041 817 1292 886 πρόεδροι
1319 834 1332 870 :
1367 815 1555 869 titulus
1593 814 1697 869 iste

182 916 403 986 tingendus
429 914 518 968 fuit
547 911 862 982 praescripto
891 909 1154 963 vocabulo
1199 906 1440 976 πρώτου,
1483 922 1698 976 πρωτο·

181 1009 421 1081 πρόεδροιε
462 1005 600 1074 quod
657 1004 712 1057 in
752 1002 882 1056 Jure
924 1001 1113 1056 Graeco
1177 998 1425 1053 Romano
1491 998 1692 1068 passiro

177 1099 346 1153 obvium
411 1107 508 1152 est.
581 1095 696 1150 Etsi
750 1098 950 1164 (autem
1038 1094 1308 1161 scriptura
1390 1091 1479 1144 illa
1566 1090 1696 1157 σύγ-

178 1187 294 1255 γελος
339 1194 386 1240 et
452 1184 899 1254 πρωτοσύγγελυς
975 1181 1117 1251 apud
1190 1181 1482 1234 nonnullos
1555 1182 1696 1235 scri-

178 1291 322 1348 ptores
351 1282 662 1346 reperiatur,
691 1291 800 1329 non
832 1275 1024 1330 dubito
1057 1285 1236 1328 tamen
1267 1274 1514 1327 vitiosam
1549 1290 1692 1338 esse,

176 1382 540 1441 germanamque
591 1368 741 1421 illam
776 1366 1072 1434 σύγκελλος
1105 1376 1160 1420 et
1189 1365 1693 1434 πρωτοσύγκελλος,

175 1462 267 1530 quia
284 1461 464 1513 clarum
487 1467 602 1512 esta
627 1458 882 1524 camella,
907 1456 1009 1509 hoc
1036 1466 1118 1510 est
1134 1457 1202 1508 ab
1220 1457 1406 1508 eadem
1425 1454 1576 1528 cella'
1597 1468 1697 1508 no-

175 1567 266 1606 men
285 1551 606 1606 descendere.
633 1549 770 1603 Hinc
815 1547 1140 1601 Wilhelmus
1181 1545 1396 1616 Tyrius,
1449 1560 1560 1608 xrv,
1605 1545 1690 1611 12,

175 1643 377 1696 cancellos
413 1643 674 1698 nominat.
711 1640 1012 1704 Ennodius,
1050 1640 1086 1693 l.
1123 1653 1164 1703 ι,
1217 1641 1376 1707 epist.
1443 1637 1478 1692 5
1499 1646 1694 1705 gvocat

177 1737 401 1789 rettulimus
443 1750 494 1791 et
524 1736 677 1804 quod
698 1735 946 1790 Graecum
974 1735 1146 1802 magis
1164 1732 1439 1800 exprimit,
1482 1730 1692 1784 concel-

175 1826 329 1882 lnneos.
367 1824 643 1880 lleraelius
675 1827 991 1895 imperator,
1026 1838 1084 1878 ut
1113 1839 1194 1878 est
1225 1827 1276 1878 iri
1305 1823 1542 1892 quadam
1570 1822 1692 1893 ejus

176 1917 511 1972 constitutione.
548 1931 674 1986 quas
699 1926 879 1972 exstat
921 1918 961 1971 l.
990 1933 1028 1971 ιι
1053 1917 1195 1987 juris
1217 1915 1688 1980 erco-ltmnani,

1799 739 1984 776 σαντο.
2009 721 2075 775 Et
2105 721 2208 774 sub
2236 718 2450 774 Jttstino
2472 719 2679 788 pariter
2710 718 2926 773 seniore
2959 717 3214 770 Ἰωάννου
3241 717 3365 767 ἐπι-

1798 815 2002 866 σκὸπου
2044 811 2673 873 Κωνσταντινουπόλεως
2727 810 3155 880 τελευτήσαντος
3207 807 3363 862 Ἐπι-

1797 905 1982 974 φάνιος
2008 903 2381 974 πρεσϐύτερος
2416 901 2518 972 τῆς
2558 902 2728 972 αὐτῆς
2775 902 3069 971 ἐκκλησίας
3101 901 3194 954 καὶ
3227 899 3362 967 σύγ-

1804 995 1997 1058 κελλος
2069 993 2472 1064 ἐχειροτονήθη.
2524 992 2724 1062 Maiora
2771 1007 2986 1060 semper
3033 993 3364 1046 incrementa

1798 1103 1952 1142 more
1983 1089 2256 1156 capiente,
2292 1086 2602 1156 Stephanus
2634 1085 2831 1141 Leonis
2862 1085 3140 1154 Sapientis
3171 1084 3364 1149 frater,

1794 1195 1954 1250 quem
1985 1179 2221 1234 Basilius
2252 1189 2405 1248 pater
2428 1179 2572 1234 clero
2596 1176 2702 1233 ΟΡ.
2728 1177 2965 1232 sociarat
2993 1177 3367 1231 educandum-

1794 1286 1900 1338 qne
1923 1287 1987 1324 ac
2017 1271 2238 1341 syncelli
2269 1270 2535 1340 dignitate
2555 1269 2861 1324 ornanduru
2890 1268 3087 1323 Photio
3121 1267 3365 1331 dederat,

1797 1364 1873 1415 ait
1910 1362 2017 1416 Leo
2050 1361 2470 1428 Grammaticus,
2509 1363 2701 1417 eodem
2729 1360 2927 1417 Photio
2971 1345 3212 1416 secundo
3237 1365 3370 1416 suh-

1797 1463 1947 1508 moto
1977 1455 2263 1509 confestim
2299 1456 2350 1507 in
2376 1455 2495 1524 ejus
2523 1455 2701 1510 locum
2735 1455 2999 1510 suffectus
3032 1464 3114 1510 est
3137 1455 3370 1524 patriar-

1800 1547 1925 1601 clra.
1959 1547 2238 1601 Cedrenus
2273 1548 2398 1600 vitae
2449 1547 2644 1602 Leonis
2698 1547 2902 1602 initio:
2948 1527 3288 1616 Προσέταξὲν
3337 1549 3366 1600 ὁ

1794 1636 1946 1690 Λέων
1974 1636 2070 1688 τοῦ
2114 1637 2306 1706 Θρόνου
2349 1637 2555 1689 Φώτιον
2600 1637 2956 1703 καταγαγεῖν,
3015 1635 3156 1688 κατὰ
3199 1635 3369 1696 πόδας

1794 1727 1852 1780 δὲ
1908 1728 2180 1795 Στέφανον
2224 1728 2518 1796 σύγκελλον
2553 1728 2645 1781 τὸν
2669 1729 2864 1781 ἑαυτοῦ
2895 1728 3122 1796 ἀδελφὸν
3156 1728 3184 1779 ὁ
3207 1725 3368 1796 βασι-

1795 1823 1922 1886 λεὺς
1959 1824 2304 1892 πατριάρχην
2330 1822 2710 1893 προϐάλλεται.
2743 1822 2808 1875 Et
2844 1822 2896 1876 iri
2928 1823 3116 1876 eodem
3147 1821 3365 1876 Leone:

1793 1912 2200 1982 Χειροτονείται
2249 1915 2599 1984 πατριάρχης
2639 1916 2668 1966 ὀ
2720 1913 3011 1982 σύγκελλος
3072 1913 3366 1982 Εὑθύμιος.

176 2022 403 2061 numerum
435 1985 793 2078 syucelloram
843 2013 910 2062 ad
944 1985 1080 2063 duos
1108 2010 1333 2079 redegit.
1365 2007 1562 2062 Mirum
1599 2023 1689 2062 ve-
1721 1985 1762 2040 Β
1792 2004 2260 2058 Consuetudinem
2293 2003 2435 2058 lianc
2480 2004 2632 2074 quasi
2679 2004 2847 2073 legem
2891 2003 3129 2056 habitam
3182 2010 3368 2055 narrat

180 2110 225 2148 ro
259 2096 490 2152 Codinum
533 2099 758 2167 θνησειιὶ
788 2115 882 2155 seu
943 2101 1297 2169 syucellorum
1353 2087 1684 2155 mentiariém

180 2190 330 2242 nullam
361 2189 563 2258 iecisse,
592 2193 722 2246 dum
776 2193 1080 2266 catalogurn
1117 2193 1440 2249 ofticiallum
1473 2209 1686 2264 magna:

184 2278 360 2334 ecclesia
397 2289 620 2347 texeret,
671 2283 775 2336 nisi
813 2284 935 2351 quis
968 2285 1114 2337 dicat
1167 2287 1533 2355 syncellorum
1595 2301 1688 2354 ap-

189 2372 454 2433 pellationem
489 2390 598 2429 non
634 2375 822 2443 ol‘licii,
858 2376 952 2431 sed
983 2378 1260 2447 dignitatis
1287 2378 1472 2434 fuisse.

237 2460 338 2518 Ibid.
359 2461 477 2537 [Qui
503 2467 720 2536 primus
741 2477 981 2521 omnium
1009 2469 1300 2536 σύγκελλος
1325 2486 1389 2526 ac
1408 2472 1528 2527 ideo
1552 2483 1688 2528 tem-

184 2559 288 2619 poris
308 2557 478 2611 ordine
517 2559 1010 2628 πρωτοσύγκελλος
1056 2562 1279 2629 legitur,
1299 2563 1403 2618 fuit
1455 2568 1691 2621 Anasta-

179 2645 262 2699 sius
288 2647 363 2701 ille
379 2650 680 2720 presbyter,
711 2652 823 2717 cui,
855 2651 1126 2708 referente
1152 2654 1504 2725 Theophane,
1521 2674 1686 2728 quam

179 2750 438 2808 conceperat
475 2746 542 2797 de
591 2743 700 2798 ﬁde
747 2759 1051 2814 perversam
1095 2750 1449 2814 sententiain,
1505 2754 1689 2819 publi-

179 2843 223 2880 ce
238 2835 665 2897 pronuntiandam
693 2836 744 2890 in
768 2837 1011 2892 ecclesiae
1029 2851 1301 2894 conventu
1322 2841 1471 2896 dedit
1499 2842 1692 2899 Nesto-

175 2920 291 2979 rius:
327 2923 555 2995 Ὀμιλίαν
594 2928 724 2996 περὶ
780 2929 1014 2992 πίστεως
1056 2931 1352 2986 ἐκδέδωκεν
1376 2932 1456 3004 τῷ
1496 2935 1690 2990 ἑαυτοῦ

177 3015 414 3085 mitium.
441 3019 539 3072 Hic
574 3027 760 3074 autem
786 3035 914 3075 cum
949 3011 1168 3077 sublato
1191 3038 1222 3077 e
1267 3025 1406 3081 vivis
1439 3026 1692 3084 Nestorio

172 3104 437 3166 patriarcha:
464 3108 789 3178 dignitatem
821 3127 928 3165 non
957 3115 1258 3183 exceperit,
1283 3118 1418 3172 nihil
1443 3119 1591 3174 aliud
1622 3137 1690 3176 eo

172 3196 336 3253 virente
383 3201 612 3272 adeptus
641 3219 806 3272 quam
837 3214 894 3260 ut
921 3209 1366 3264 essetconvictus
1388 3211 1507 3280 ejus
1529 3215 1693 3282 parti-

1787 2095 2066 2152 Ccdrenus
2094 2097 2236 2152 idem
2253 2097 2308 2151 in
2334 2095 2695 2170 Monomaclro
2716 2115 2729 2151 :
2749 2096 2990 2149 Ἐκείνου
3018 2096 3122 2165 γὰρ
3149 2095 3368 2162 (πατρι-

1786 2190 1975 2258 άρχου)
1998 2189 2376 2256 ἀποθανόντος,
2399 2191 2428 2242 ὁ
2456 2189 2748 2259 σύγκελλος
2772 2190 2933 2252 εὐθὺς
2956 2189 3035 2252 είς
3061 2188 3149 2239 τὸν
3170 2189 3364 2240 τούτου

1789 2283 1978 2353 Θρόνον
2006 2285 2450 2354 ὲγκκαθίδρυται.
2486 2285 2656 2338 Πάλαι
2681 2284 2895 2338 dixerat
2922 2279 3172 2336 nonnihil
3206 2295 3367 2349 supe-

1789 2379 1948 2432 rius:
1987 2376 2324 2432 Monomachi
2367 2378 2518 2433 enim
2565 2387 2728 2430 artate
2766 2375 3102 2431 consuetudo
3148 2374 3232 2428 vel
3277 2374 3364 2426 lex

1789 2485 2147 2540 quaecumque
2167 2471 2233 2525 de
2255 2471 2507 2540 syncellis
2530 2471 2594 2524 ad
2613 2469 3037 2539 patriarchatum
3061 2467 3368 2522 subvehen-

1789 2563 1874 2618 dis
1902 2564 2169 2618 exstincta
2190 2577 2310 2619 erat
2338 2572 2392 2617 et
2412 2565 2628 2632 penitus
2658 2563 2938 2631 abrogata.
2984 2561 3060 2616 Eo
3100 2569 3280 2612 tamen
3299 2573 3364 2613 ac

1791 2657 2142 2724 sequentibus
2185 2657 2521 2726 temporibus
2582 2671 2690 2709 non
2743 2671 2884 2710 unus
2939 2655 3102 2709 modo
3163 2653 3258 2708 sed
3305 2662 3362 2707 et

1790 2749 1975 2818 plures
1999 2750 2220 2822 syncelli
2243 2766 2259 2816 ;
2282 2765 2346 2804 ac
2386 2750 2602 2804 tandem
2631 2749 2775 2804 inter
2799 2763 2895 2804 eos
2932 2751 3138 2818 primas
3173 2755 3366 2802 tenens

1791 2844 2246 2911 protosyncellus,
2272 2844 2430 2913 cujus
2478 2858 2676 2898 nomen
2719 2841 2914 2898 deinde
2951 2843 3130 2912 plures
3162 2843 3366 2896 ambie-

1793 2947 1938 2992 rutrt.
1984 2936 2186 2992 Verum
2237 2938 2500 3006 integram
2543 2937 2905 3008 syncellorum
2943 2937 3223 2990 cohortem
3268 2936 3365 2988 ali-

1792 3029 2012 3099 quando
2051 3032 2299 3094 miratus,
2343 3045 2407 3084 ac
2437 3031 2504 3084 de
2545 3029 2611 3085 iis
2642 3045 2764 3082 cum
2795 3027 3000 3083 Grtecis
3031 3029 3162 3097 ipsis
3192 3028 3366 3082 collo-

1791 3131 1972 3189 cutus,
2015 3125 2228 3192 percepi
2270 3139 2336 3178 ex
2378 3138 2438 3178 ea
2475 3139 2594 3194 qua:
2628 3137 2842 3192 semper
2889 3122 3027 3176 inter
3065 3137 3159 3176 eos
3192 3120 3366 3191 viguit

1794 3218 2116 3288 dignitatum
2151 3218 2448 3273 ambitione
2477 3219 2557 3274 vel
2601 3219 2877 3273 titulorum
2911 3217 3209 3288 cupiditate
3237 3233 3368 3286 pro-

170 3292 490 3388 fi.""__“°m"s
518 3296 785 3388 “"339”?
806 3310 1055 3366 εοηδονε»
1089 3302 1287 3356 animm
1327 3304 1489 3358 rebus
1513 3304 1568 3358 in
1596 3306 1694 3360 du-
1721 3329 1762 3388 ο
1798 3309 2044 3377 ﬂuxisse,
2077 3323 2138 3368 ut
2173 3314 2264 3382 qui
2297 3313 2726 3384 patriarclratum
2763 3319 3079 3382 expeterent
3115 3311 3197 3363 vel
3238 3325 3368 3380 syn-

171 3377 248 3430 biis
277 3381 507 3451 director,
531 3387 592 3440 in
622 3387 808 3441 arduis
829 3390 1198 3459 consiliarius,
1218 3394 1273 3447 in
1310 3396 1534 3451 secretis
1564 3411 1693 3451 cono

174 3468 302 3538 scius,
332 3489 387 3528 ac
411 3475 682 3535 indivisus
726 3478 780 3532 iri
811 3482 1085 3550 prosperis
1113 3492 1168 3537 et
1217 3486 1460 3542 adversis
1489 3492 1690 3545 socius.

176 3558 262 3616 lloc
283 3567 492 3633 prirnum
530 3573 704 3641 primi
737 3573 829 3641 qui
863 3573 1062 3643 legitur
1083 3577 1305 3646 syncelli
1325 3593 1548 3646 munus;
1580 3582 1694 3637 haec

173 3662 216 3705 ut
261 3671 360 3714 vera
405 3666 648 3718 nominis
674 3667 964 3734 expositio,
1019 3668 1092 3724 ita
1146 3672 1346 3739 pariter
1365 3672 1530 3728 ofﬁcii
1569 3675 1694 3732 ﬁnis

174 3755 215 3798 et
233 3755 427 3820 cognitio
471 3759 772 3813 sincerior.
816 3759 1080 3832 Evagrius
1128 3764 1197 3819 de
1243 3765 1365 3835 ipso
1428 3771 1689 3839 syncello,

173 3841 294 3904 ",2:
316 3847 407 3901 Τοῦ
436 3850 743 3921 Νεσωρίου
774 3844 1035 3924 διάπυρος
1067 3858 1326 3927 ἐραστὴς,
1363 3861 1420 3925 ὃς
1446 3864 1538 3915 καὶ
1567 3881 1691 3918 συν-

166 3931 346 4028 ίκδημός
369 3944 414 3994 οἱ
447 3945 682 4013 γέγονεν
715 3949 858 4017 πρὸς
911 3949 1012 4020 τὴν
1038 3955 1346 4024 ἐπισκοπὴν
1379 3956 1688 4028 ἀπαίροντι.

167 4023 396 4121 Socrates,
431 4052 529 4104 vri,
559 4039 634 4094 52
670 4054 688 4097 :
739 4041 918 4111 Συνῆν
949 4042 1099 4114 αὐτῷ
1143 4023 1497 4111 Ἀναστάσιος
1520 4023 1690 4121 τπρε-

163 4119 393 4208 οὸύτερος,
438 4128 558 4198 ἆμα
599 4130 752 4201 αὑτῷ
809 4133 874 4186 ὲκ
925 4135 1026 4204 τῆς
1073 4139 1398 4208 Ἀντιοχείας
1453 4119 1686 4207 σταλέίς.

166 4207 297 4285 378
325 4218 517 4274 Τοῦτον
550 4222 646 4276 διὰ
694 4225 857 4294 τιμῆς
907 4222 1020 4297 εἶχε
1066 4207 1292 4300 πολλῆς,
1340 4235 1433 4286 καὶ
1462 4235 1521 4288 ἐν
1577 4237 1689 4300 τοῖς

162 4307 410 4398 apsntum
457 4314 758 4384 συμϐούλῳ
800 4318 1020 4388 ἐχρῆτο.
1071 4320 1393 4394 Presbytero
1430 4325 1688 4398 deinceps

156 4394 420 4463 hujusmodi
456 4407 512 4459 in
561 4405 676 4460 cibi
726 4408 878 4461 cellae
929 4394 1690 4489 sccretorurrr,vitaedenique

153 4494 296 4549 omnis
337 4502 658 4555 societatem
698 4503 936 4569 adscito,
961 4510 1386 4573 procedentibus
1416 4515 1573 4569 annis
1611 4515 1688 4568 fa-

152 4591 264 4640 cturo
290 4601 367 4644 est
395 4603 452 4646 ut
477 4595 576 4665 qui
607 4596 664 4649 in
701 4598 946 4652 ecclesiae
975 4611 1121 4658 centu
1151 4603 1376 4670 amicos,
1406 4607 1686 4677 in.palatio

149 4693 505 4751 quoque'notos
534 4690 818 4760 allegerat,
862 4693 1031 4760 nullo,
1076 4696 1123 4750 si
1187 4711 1306 4766 quae
1338 4697 1536 4765 (orent,
1569 4702 1687 4772 ejus

151 4778 302 4828 merita
340 4778 687 4851 virtutesque
723 4784 1029 4853 ignorante,
1077 4789 1339 4845 defuncto
1378 4795 1684 4860 patriarcha

149 4864 186 4914 in
203 4868 301 4936 ejus
332 4872 510 4928 locum
556 4890 852 4933 successor
892 4879 1202 4949 eligeretur;
1240 4885 1441 4954 quique
1471 4890 1692 4945 nomine

150 4961 336 5023 syncelli
366 4965 446 5018 vel
489 4967 762 5036 dignitate
810 4984 979 5038 penes
1014 4975 1384 5041 patriarcham
1426 4980 1604 5034 adhuc
1635 4982 1692 5036 in

149 5051 254 5103 vivis
271 5068 543 5122 agentern,
576 5073 680 5114 ceu
695 5061 812 5129 ejus
848 5063 1111 5125 sincerior
1143 5069 1528 5137 concellaneus,
1564 5074 1696 5128 insi-

145 5143 237 5206 gnis
255 5149 475 5215 vixerat,
497 5152 647 5206 idem
676 5163 796 5223 post
828 5155 1056 5223 lethum,
1089 5165 1148 5212 ut
1179 5161 1233 5214 in
1274 5163 1506 5216 ecclesia
1538 5165 1709 5220 thro-'

143 5247 265 5303 nutu,
296 5241 366 5294 ita
387 5244 608 5298 χελλίον
651 5244 830 5314 ipsum
859 5257 914 5301 et
941 5251 1205 5306 secretius
1241 5254 1558 5322 patriarclrii
1599 5273 1694 5327 pe-

142 5332 312 5386 netrale
370 5346 689 5406 occupare).
753 5339 978 5395 Videtur
1025 5359 1143 5399 mos
1189 5345 1497 5415 hu'jusmodi
1546 5350 1694 5406 circa

141 5415 301 5509 Leonis
323 5428 487 5482 Isauri
518 5438 765 5500 tempora
801 5431 1112 5500 invaluisse,
1139 5437 1207 5492 de
1233 5455 1342 5509 quo
1371 5441 1648 5500 Cedrenus
1676 5464 1692 5500 :

140 5507 281 5584 Εὗρεν
321 5521 412 5573 οὖν
443 5524 502 5574 ὲν
541 5522 720 5594 τούτῳ
761 5524 1046 5597 σύμμαχον
1100 5529 1445 5586 ’Δναστάσιον
1472 5534 1696 5602 σύγκελ-

140 5603 213 5698 λον
251 5611 334 5663 τοῦ
375 5615 536 5681 ἁγίου
591 5615 918 5688 (Γερμανοῦ)
980 5622 1380 5691 συνταξάμενος
1427 5626 1576 5698 αὑτῷ
1600 5629 1694 5682 τοῦ

141 5696 298 5768 θρόνου
323 5706 568 5779 διάδοχον
603 5709 874 5775 γενέσθαι.
923 5711 1222 5771 lnvalrtisse
1252 5717 1384 5784 dixi,
1425 5696 1557 5775 non
1589 5725 1697 5791 pri-

144 5811 213 5851 mo
233 5816 427 5859 morem
463 5805 780 5862 institutum
805 5824 824 5863 :
850 5809 961 5880 jam
991 5813 1134 5866 enim
1161 5813 1264 5870 sub
1289 5817 1577 5872 Anastasio
1605 5834 1694 5874 se-

140 5892 269 5950 niore
317 5899 594 5970 Τιμοθέου
644 5902 1046 5970 ἀποοανὸντος,
1096 5908 1291 5962 scribit
1337 5896 1696 5980 Theophanes

149 5982 379 6062 Ἰωάννην
433 5993 528 6048 τὸν
566 5993 951 6066 Καππαδόκην
981 5997 1360 6071 πρεσϐύτερον
1420 6004 1515 6058 καὶ
1559 6005 1690 6073 σύγ.

1797 3407 1964 3462 cellos
1994 3410 2046 3461 in
2094 3423 2318 3462 munere
2352 3408 2553 3463 vellent
2581 3407 2848 3471 aemulari,
2895 3419 3092 3460 nomen
3132 3405 3365 3474 prirnum
3399 3446 3412 3450 -

1797 3509 2216 3570 aucuparentur.
2257 3499 2476 3556 Pristini
2509 3515 2635 3554 vero
2662 3498 2921 3569 temporis
2950 3498 3246 3570 syncellus,
3273 3511 3372 3567 pa—

1797 3591 2052 3647 triarchae
2091 3592 2219 3647 licet
2251 3607 2543 3648 successor
2594 3593 2937 3661 designatus,
2964 3607 3075 3663 quo
3114 3591 3369 3646 desiderii

1795 3687 2166 3743 successionis
2200 3701 2230 3741 a
2278 3701 2338 3741 se
2391 3695 2667 3740 amoveret
2719 3686 3103 3755 suspicionem,
3143 3687 3232 3739 uhi
3277 3699 3372 3754 pa-

1796 3780 2048 3833 triarcha:
2073 3778 2546 3841 consacriﬁcabat,
2579 3779 2834 3846 populum
2869 3778 2934 3831 ad
2960 3793 3146 3848 preces
3186 3793 3280 3846 pro
3303 3793 3372 3831 eo

1791 3882 1845 3925 et
1861 3873 1981 3938 ejus
1999 3870 2174 3925 salute
2200 3885 2298 3925 nec
2318 3885 2422 3924 non
2448 3871 2498 3924 ei
2527 3871 2636 3923 vita
2658 3871 2898 3938 lorigazva
2923 3872 3218 3925 obtinenda
3246 3871 3369 3924 fun-

1792 3964 1995 4018 dendas
2029 3963 2364 4029 hortabatur,
2402 3963 2548 4033 quod
2594 3977 2716 4018 cum
2748 3964 2988 4018 facerent
3041 3965 3243 4034 pariter
3270 3979 3369 4034 per

1791 4055 1898 4114 (ΖΡ.
1922 4056 2182 4111 ecclesias
2209 4057 2297 4109 alii
2326 4055 2650 4128 presbyteri,
2685 4056 2809 4111 exin
2835 4058 2988 4126 quasi
3014 4057 3235 4128 syncelli
3266 4073 3370 4111 no-

1793 4165 1913 4203 men
1948 4150 2246 4219 promeriti,
2277 4164 2340 4204 ea
2381 4164 2440 4205 se
2467 4150 2732 4217 dignitate
2779 4152 3175 4220 promovendos
3207 4167 3369 4206 cura-

1792 4252 1939 4305 runt;
1987 4256 2048 4296 ac
2097 4250 2156 4296 ut
2200 4243 2341 4313 viget
2387 4250 2442 4296 et
2485 4242 2605 4297 aliis
2637 4243 2878 4311 praeferri
2918 4243 3110 4314 quierit
3144 4245 3368 4300 honoris

1790 4336 2062 4404 cupiditas
2111 4339 2204 4405 qui
2253 4351 2446 4406 magna
2489 4336 2543 4390 in
2585 4338 2818 4392 ecclesia
2865 4339 3136 4410 syncellus
3179 4355 3374 4410 preces

1791 4424 2107 4492 hujusmodi
2146 4425 2492 4481 denuntiaret
2548 4425 2852 4494 faciendas,
2911 4431 3370 4502 protosyncellus,

1793 4528 1850 4572 ut
1888 4518 2109 4588 reliquis
2130 4523 2542 4589 anteponendus
2580 4536 2644 4576 ac
2674 4520 2906 4590 dignior,
2937 4533 3021 4577 est
3049 4523 3326 4592 appelatus
3351 4543 3368 4592 ;

1793 4627 1856 4664 ac
1876 4615 1963 4667 ubi
1987 4615 2303 4669 sacerdotes
2334 4613 2413 4668 vel
2439 4615 2795 4684 nictroriolitaa
2816 4615 3141 4683 patriarcha:
3173 4631 3368 4670 conce-

1795 4706 2068 4762 lt-brantes
2100 4707 2154 4762 id
2189 4708 2432 4761 muneris
2460 4707 2679 4763 fuerunt
2706 4710 2969 4772 exsecuti,
3002 4711 3369 4780 synccllorrrm

1795 4815 2010 4870 quoque
2037 4815 2101 4853 ac
2138 4801 2659 4870 promsynccllorum
2689 4801 2951 4855 honorem
3008 4802 3109 4854 sibi
3145 4818 3369 4873 arroga-

1798 4905 1942 4946 runt.
1968 4893 2105 4946 Audi
2128 4893 2430 4948 Cetlrcnum
2451 4896 2502 4946 in
2522 4893 2768 4947 Romano
2787 4894 3017 4965 Argyro:
3035 4894 3293 4964 Ἐτίμησε
3311 4895 3368 4947 δὲ

1796 4985 2121 5052 συγκέλλους
2156 4986 2554 5056 μητροπολίτας
2581 4988 2751 5056 τρεῖς.
2806 4985 2995 5041 Plures
3029 4987 3212 5056 itaque
3242 5003 3370 5057 syn-

1795 5078 1940 5142 ci-lli,
1975 5079 2109 5132 adeo
2139 5079 2388 5133 sublimis
2434 5080 2598 5132 etiam
2628 5080 2851 5134 honoris
2890 5079 3282 5149 cupidinemoti
3312 5093 3369 5133 trt

1797 5170 1849 5222 in
1876 5185 2138 5225 consessu
2175 5185 2202 5223 a
2237 5173 2611 5228 sacerdotibus
2638 5173 2688 5227 in
2715 5174 2878 5229 missa
2903 5173 3148 5228 habrrrdo
3171 5183 3372 5228 metro-

1797 5262 1977 5332 polilis
2006 5278 2063 5316 se
2099 5262 2337 5331 praeferri
2371 5265 2780 5321 contenderent.
2808 5263 2962 5320 Idem
2985 5265 3260 5321 Cedrenus
3291 5266 3374 5320 in»

1798 5355 1968 5410 {crius
1997 5373 2010 5409 :
2038 5357 2286 5424 Ἐγένετο
2306 5357 2362 5409 δὲ
2392 5357 2532 5410 κατὰ
2559 5358 2656 5429 τὴν
2695 5359 2908 5429 ἡμέραν
2929 5361 3026 5429 τῆς
3052 5360 3211 5427 ἁγίας
3236 5360 3370 5412 Πεν-

1795 5449 2066 5518 τηκοστῆς
2090 5449 2304 5520 ταραχὴ
2323 5449 2410 5504 διὰ
2441 5451 2538 5523 τὴν
2573 5451 2842 5522 καθέδραν
2866 5455 2923 5506 ὲν
2943 5457 3008 5526 τῇ
3031 5433 3372 5526 λειτουργίᾳ,

1800 5543 1874 5614 μὴ
1909 5544 2364 5614 καταδεξαμένων
2406 5544 2516 5598 τῶν
2561 5547 2977 5616 μητροπολιτῶν
3036 5548 3369 5616 προκαθίσαι

1799 5637 1978 5689 αὐτῶν
2002 5637 2122 5697 τοὺς
2156 5635 2480 5705 συγκέλλους
2509 5639 2566 5690 ἐν
2593 5640 2669 5709 τῷ
2707 5641 2999 5708 συνθρὸνῳ.
3037 5640 3137 5708 Ipsi
3175 5641 3377 5693 nihilo~

1799 5732 1980 5784 nrinus
2022 5731 2381 5800 metropolitte
2424 5731 2718 5802 aliquando
2742 5734 2990 5802 syncelli,
3024 5741 3079 5785 ut
3108 5733 3368 5800 praernis‘.

1797 5821 2074 5877 Cedrcnus
2103 5821 2244 5876 idem
2287 5821 2339 5876 in
2389 5822 2592 5876 Bisilio
2621 5832 2674 5875 et
2718 5822 3078 5876 Constantino
3138 5821 3372 5874 Romani

1798 5914 1906 5969 FF.
1935 5932 1949 5971 :
1982 5915 2041 5968 '0
2077 5913 2366 5983 σύγκελλος
2422 5914 2686 5981 Στέφανος
2719 5915 2816 5968 καὶ
2856 5915 2952 5984 τῆς
3003 5913 3375 5984 Νικομηδείας

1800 6009 2080 6074 πρόεδρος.
2105 6009 2248 6069 Pone
2267 6012 2636 6082 prtetericranr
2658 6026 2764 6066 non
2784 6025 2900 6079 syn:
2921 6009 3145 6064 ctlurum
3178 6010 3373 6077 modo,
