3852 6612
428 449 536 513 ξ23

1489 459 1576 520 ΙΝ
1617 460 1919 526 LIBRUM
1965 462 2065 528 DE
2095 469 2437 532 OFFlCIIS
2497 465 2606 534 Cp.

3561 482 3656 550 ιιι

427 569 522 674 qui
570 567 901 674 patriarcha:-
936 569 1311 674 ⁸στοιιιτεηιυιιῖιιε
1363 588 1426 630 ac
1460 576 1580 646 ejus
1628 582 2002 650 πνευματικός
2033 591 2076 646 Α
2109 595 2336 654 possunt
2371 590 2438 643 ad
2475 590 2622 644 varia
2677 591 2792 646 loca
2845 590 3114 649 Codiniin
3175 596 3376 665 quibus
3427 603 3662 674 mandgte

421 661 588 722 τοι-οι,
614 663 708 716 sed
736 672 789 714 et
811 664 901 731 qui
935 664 1235 734 imperator
1253 678 1539 737 praestaret
1567 670 1709 727 idem
1735 673 2002 740 ofﬁcium,

425 768 493 807 eo
515 753 732 810 nomine
751 753 917 826 379
936 767 1208 824 vocatum,
1225 761 1371 828 quod
1393 763 1632 818 maxime
1650 779 1864 834 semper
1879 781 2006 820 eum

427 843 808 912 comitaretur,
841 861 906 902 ac
942 849 994 902 in
1027 848 1228 918 palatio
1266 851 1332 906 ad
1381 853 1502 922 ejus
1547 854 1736 908 cellam
1775 856 2010 924 (κελλίον

427 935 571 990 enim
604 937 766 990 etiam
799 939 1148 1009 imperatoris
1191 945 1457 1000 secretius
1488 947 1769 1015 penetrale
1804 948 2008 1004 dictum

427 1031 703 1100 superius)
724 1033 1083 1088 concellaneus
1109 1035 1425 1104 σύγκελλος,
1451 1054 1514 1094 ac
1535 1055 1648 1109 pra:
1667 1040 1789 1096 aliis
1812 1041 2011 1109 dignus

433 1121 608 1190 μέγας
659 1126 1148 1194 πρωτοσύγκελλος
1199 1129 1498 1186 habitaret.
1549 1132 1788 1186 Aderant
1835 1133 1883 1186 ei
1941 1133 2010 1200 (si

429 1213 692 1272 Pbranzm
726 1217 1008 1288 interpreti
1038 1219 1168 1276 ﬁdes
1189 1221 1458 1292 habenda)
1473 1224 1768 1280 sacerdotes
1791 1226 1875 1280 sui
1897 1226 2014 1294 (pa-

431 1307 588 1362 latini
617 1309 900 1378 nimirum)
928 1320 982 1365 et
1003 1313 1300 1373 spiritualis
1321 1325 1470 1382 pater
1487 1315 1766 1385 Gregorius
1793 1333 2010 1387 magnus

434 1403 852 1470 prolosyngelus.
875 1401 950 1456 De
963 1402 1172 1458 Joanne
1191 1406 1518 1475 imperatore
1535 1407 1776 1477 loquitur
1793 1409 1858 1463 ad
1881 1425 2015 1464 eou-

435 1494 621 1548 cilium
654 1491 1032 1552 Florentinum
1054 1498 1194 1553 viam
1231 1511 1572 1568 capessente.
1609 1501 1816 1557 Scribit
1845 1519 2011 1572 porro

431 1587 871 1656 protosyttgelus,
907 1599 1068 1657 prout
1101 1589 1190 1644 alii
1239 1589 1428 1648 Graece
1463 1593 1730 1660 σύγγελον
1757 1595 1827 1648 ob
1857 1609 2010 1649 cam-

438 1677 556 1730 dem
595 1694 718 1732 cum
763 1679 1030 1748 σύγκελου
1067 1685 1572 1753 pronuntiationem
1609 1695 1664 1740 et
1704 1687 2008 1753 ignoratum

439 1771 738 1840 συγκέλλου
764 1775 998 1844 proprias
1021 1776 1173 1832 vocis
1195 1775 1616 1845 signiﬁcantiam
1645 1785 1696 1830 et
1711 1776 2006 1846 originem.

509 1864 569 1919 P.
592 1865 714 1920 l05.
743 1867 1233 1939 [Καθηγο-ὐμεγοι.
1249 1870 1398 1936 Quos
1420 1873 1761 1942 ἡγουμένους
1792 1887 2012 1942 quoque

445 1955 720 2010 dicimus:
760 1959 1210 2027 προηγουμένους
1235 1971 1440 2026 autem,
1462 1963 1555 2032 'qtti
1583 1963 1682 2020 hos
1725 1963 1780 2018 in
1833 1963 2012 2017 cilicio

449 2058 852 2115 prteresserunt,
883 2061 938 2105 et
969 2053 1314 2118 superiorum
1350 2071 1599 2122 munere,
1631 2071 1742 2126 quo
1773 2043 1830 2110 se
1857 2053 2016 2110 abdi-

440 2153 658 2208 carunt,
699 2153 826 2199 sunt
877 2145 1069 2202 functi.

513 2238 652 2292 Ibid.
677 2239 826 2312 [Τὴν
839 2241 1158 2311 σφραγῖδα.
1179 2241 1502 2312 Πρόϐλησιν,
1521 2242 2019 2312 προχείρισινίρτο·

442 2335 721 2388 motionem
757 2334 1017 2404 intelligo,
1053 2351 1172 2403 qua:
1201 2335 1346 2390 facto
1365 2337 1552 2392 crucis
1589 2338 1746 2407 signo
1781 2336 2018 2406 comple-

438 2435 610 2483 rctur.
647 2427 917 2497 nequires
953 2426 1006 2481 in
1051 2427 1474 2498 Euchologicis;
1519 2438 1572 2484 et
1609 2429 1864 2484 consules
1921 2445 2018 2499 po-

441 2528 700 2576 stremam
729 2523 1032 2591 superioris
1083 2525 1274 2592 capitis
1305 2534 1511 2579 notam.
1537 2524 1708 2580 Goau.

513 2612 658 2668 Ibid.
689 2614 794 2668 Kal
821 2618 876 2668 οι
898 2614 1015 2682 μὲν
1035 2615 1328 2684 ἀρχιερεῖς
1355 2619 1444 2682 εὶς
1463 2618 1891 2684 προσκύνησιν
1911 2618 2017 2671 τοῦ

433 2707 762 2773 βασιλέως,
799 2708 877 2774 ὡς
897 2708 1151 2774 εἴρηται,
1177 2709 1496 2780 ἐρχόμενοι
1529 2711 1676 2778 μετὰ
1697 2709 1816 2764 τῶν
1843 2711 2018 2778 ἐχόν-

438 2817 559 2856 των
575 2802 850 2868 μαι-δύον-
879 2800 1079 2855 αὺτῶν
1109 2803 1435 2868 ποταμούς.
1461 2800 1657 2858 Junius
1685 2817 1736 2872 p.
1763 2802 1870 2856 212
1901 2803 2020 2857 edi-

441 2893 606 2946 tionis
639 2907 772 2954 sne,
807 2890 848 2955 Ι,
884 2908 936 2948 c.
975 2893 1064 2956 ΞΟ,
1111 2909 1166 2946 η.
1201 2893 1304 2948 l6:
1333 2892 1540 2948 Summi
1567 2903 1740 2948 autem
1767 2895 2016 2948 sacerdo-

437 2993 512 3038 tes
541 2984 612 3037 ad
641 2984 1434 3052 salutandum‘imperatorem,
1493 2994 1551 3038 ut
1617 2985 1878 3048 diximus,
1933 3001 2016 3039 ve-

437 3081 639 3130 nientes
672 3093 788 3130 cum
829 3078 952 3131 aliis
992 3077 1282 3148 mandyum
1317 3094 1472 3131 suum
1511 3078 1854 3132 habentibus.
1885 3078 2018 3132 Per-

439 3187 654 3240 perant.
693 3169 838 3240 Lege
873 3187 936 3224 es
966 3170 1150 3225 codice
1183 3169 1438 3224 Lautlter.
1471 3169 1609 3237 μετὰ
1631 3171 1738 3223 τῶν
1783 3170 2016 3238 ἐχόντων

2113 681 2445 736 mentionem
2475 682 2630 738 facit.
2665 684 2818 751 Quod
2870 685 3067 744 Junius
3119 693 3364 764 mandyze
3411 694 3662 762 uriginem

2112 787 2173 824 ex
2200 771 2418 827 Persica
2447 775 2630 845 lingua
2671 778 2914 843 deducit.
2939 797 2995 850 p.
3033 783 3160 846 536,
3189 783 3240 838 id
3275 785 3425 846 facit.
3461 785 3664 854 opiner,

2113 873 2170 917 ut
2205 865 2440 922 Persicae
2465 867 2660 938 linguae
2689 885 2797 926 non
2828 873 3074 942 ignarum
3119 877 3374 930 sciamus.
3403 875 3582 944 Longe
3601 876 3674 930 la-

2114 961 2276 1014 eilius
2298 977 2327 1016 a
2355 960 2559 1018 Latino
2589 967 2845 1020 mantello
2873 977 2966 1022 aut
2987 967 3316 1026 Germanico
3359 971 3559 1026 Mante!
3591 971 3672 1028 de.

2115 1053 2382 1110 duxisset.
2420 1056 2528 1111 Nec
2555 1060 2828 1114 assentior
2851 1060 3114 1129 Mcursio,
3141 1063 3232 1132 qui
3265 1065 3340 1120 ita
3397 1061 3546 1134 legit,
3593 1069 3673 1133 ἐρ-

2115 1148 2332 1216 χόμενοι
2411 1154 2548 1220 μετὰ
2575 1153 2685 1204 τῶν
2771 1154 3003 1223 ἐχόντων
3085 1155 3316 1226 μανδύον
3381 1159 3450 1226 μὶ
3517 1175 3673 1211 ποτα-

2119 1242 2275 1312 μούςο
2309 1243 2440 1298 Nam
2471 1261 2666 1301 Sensus
2697 1257 2843 1302 esset
2879 1249 3167 1319 :Episcopi
3185 1251 3400 1306 ueniunt
3613 1251 3672 1305 ad

2113 1337 2496 1390 veneratione»:
2527 1340 2870 1407 imperatoris
2929 1359 3048 1396 cum
3073 1343 3178 1397 illis
3213 1339 3304 1413 qui
3323 1345 3514 1398 habent
3539 1361 3674 1397 man-

2114 1429 2274 1498 dynm
2309 1443 2425 1484 cum
2460 1433 2634 1501 ﬂuviis
2663 1435 2778 1488 sive
2804 1435 3140 1491 undularum.
3173 1451 3296 1490 cum
3331 1438 3546 1506 ipsimct
3591 1437 3676 1490 iu-

2115 1520 2230 1573 duti
2269 1523 2521 1592 mandyis
2569 1524 2844 1580 undulatis
2879 1525 3091 1580 veniant
3123 1527 3186 1581 ad
3220 1528 3426 1580 cultum
3461 1529 3676 1596 impera-

2115 1611 2747 1667 toridcl‘crendum.Nce
2789 1614 3076 1668 barbarico
3113 1615 3202 1668 illo
3251 1615 3570 1668 bellenismo
3618 1613 3676 1681 ut

2097 1696 2214 1772 pro
2252 1705 2388 1770 μετὰ
2429 1703 2809 1772 Curopa’latam
2863 1723 3020 1760 usum
3091 1723 3210 1762 csse
3260 1705 3556 1761 verisimile
3603 1711 3670 1773 lit,

2115 1796 2420 1861 prmsertim
2457 1797 2558 1848 hoc
2589 1797 2708 1850 solo
2741 1807 2794 1851 ct
2822 1799 2982 1852 unico
3035 1799 3178 1852 loco.
3217 1797 3409 1855 Potius
3467 1803 3564 1854 hoc
3587 1815 3676 1854 nu-

2119 1897 2249 1951 pero
2273 1885 2433 1938 alicui
2470 1885 2677 1942 Maiam
2725 1899 3012 1958 competat,
3078 1891 3170 1959 qui
3219 1891 3270 1944 in
3331 1882 3678 1961 patriarcliica

2120 1992 2216 2031 sua
2265 1978 2504 2032 historiae
2529 1977 2918 2050 Turcogmcim
2959 1985 3158 2039 inserta
3190 1985 3414 2055 ἐχάρισε
3473 1986 3679 2039 καππά-

2120 2087 2233 2121 σιον
2267 2071 2517 2140 ὲνδῦμιον
2553 2075 2617 2142 μὲ
2645 2075 3076 2146 τὸνᾯαμουχᾶν.
3133 2077 3222 2131 καὶ
3257 2077 3430 2148 μανδῆ
3453 2077 3517 2148 μὲ
3565 2077 3680 2141 τοὺς

2121 2166 2424 2233 ποταμοὺς,
2457 2167 2552 2221 καὶ
2575 2167 2766 2233 ἄλογον
2801 2169 3029 2240 ἇσπρον.
3058 2169 3288 2244 ϐκετε]

2191 2258 2334 2312 Ibid.
2383 2258 2667 2330 [Superius
2727 2262 3042 2330 pontiﬁcum
3093 2263 3477 2317 indumentum
3541 2271 3680 2318 extra

2123 2352 2414 2406 missarum
2445 2353 2712 2408 solt-mnia
2740 2365 2820 2409 est
2847 2355 3130 2424 mandyas,
3155 2355 3316 2424 pallio
3349 2371 3513 2421 quam
3543 2353 3681 2408 simi-

2121 2443 2210 2507 lis,
2228 2444 2292 2496 ad
2329 2444 2513 2498 fauces
2533 2443 2693 2498 ﬁbula
2711 2459 2906 2504 nexus.
2927 2445 3138 2500 sinibus
3163 2454 3212 2498 et
3239 2447 3388 2516 rugis
3417 2443 3682 2508 amplissi-

2119 2551 2244 2590 mus
2271 2543 2326 2589 et
2357 2535 2584 2590 omnino
2605 2536 2840 2604 insignis
2888 2537 2968 2590 Ad
2993 2537 3113 2602 eius
3143 2537 3312 2592 latera
3369 2537 3516 2592 circa
3565 2554 3682 2593 ven-

2119 2633 2255 2679 tretr
2285 2623 2460 2694 ollim:
2482 2635 2606 2678 sunt
2633 2625 2858 2679 ta‘niolae
2891 2625 2996 2680 albi
3035 2627 3294 2695 rubrique
3348 2628 3552 2682 coloris
3583 2639 3680 2682 ter-

2118 2732 2223 2780 nre,
2249 2715 2450 2786 quibus
2481 2716 2842 2786 undequaqu
2874 2718 3116 2774 variatur
3139 2727 3191 2773 et
3228 2717 3553 2775 adornatur.
3575 2719 3680 2775 Ta-

2119 2808 2279 2862 uiolae
2305 2807 2568 2863 illaesum
2625 2807 2884 2877 ποταμοί,
2941 2809 3007 2864 de
3067 2812 3266 2880 quibus
3303 2813 3363 2866 in
3409 2813 3678 2882 praesenti,

2119 2915 2351 2969 eamque
2383 2902 2612 2968 gratiam
2643 2911 2697 2955 et
2721 2903 3004 2957 scientiam
3073 2904 3363 2976 designant
3407 2923 3576 2973 quam
3609 2907 3681 2960 in-

2119 2991 2324 3046 tellexit
2363 2991 2751 3072 Clirislusipse
2775 2991 3062 3056 Dominus,
3107 2996 3296 3051 dicens
3328 3018 3346 3050 ι
3371 2997 3600 3052 llumina
3625 3000 3682 3052 de

2117 3094 2308 3138 ventre
2331 3084 2450 3152 ej-us
2477 3083 2810 3149 ﬁueut,etc.
2879 3086 2956 3140 Ac
3013 3097 3300 3156 propterea
3357 3089 3512 3144 circa
3561 3107 3682 3144 ven-

2119 3177 2258 3222 trem
2283 3171 2531 3238 appictae.
2563 3169 2827 3239 Superius
2857 3171 2920 3225 ad
2951 3171 3147 3226 collum
3177 3184 3228 3227 et
3251 3175 3496 3242 angulos
3557 3175 3682 3230 iul’e-

443 3243 694 3326 μανδῦων
724 3259 907 3312 αὐτῶν
935 3258 1238 3326 ποταμούς
1268 3275 1387 3314 cum
1453 3259 1700 3328 mandyis
1753 3259 1866 3314 suis
1919 3257 2015 3311 Ita-

2123 3261 2300 3314 riores
2323 3269 2458 3314 sunt
2487 3263 2728 3329 πόμοιτα,
2757 3271 2992 3331 quatuor
3013 3261 3280 3320 ‘nimlruu'i
3333 3267 3508 3321 additi
3559 3283 3684 3338 pau-

439 3347 680 3404 bentibus
717 3351 928 3418 ﬂuvios.
961 3347 1077 3404 Hoc
1106 3358 1190 3404 est
1229 3365 1347 3402 cum
1393 3348 1638 3418 mandyis
1711 3347 2010 3402 undu’latis.

436 3443 496 3498 ln
527 3443 730 3514 scripto
767 3441 1018 3498 Grmcob.
1053 3442 1092 3496 l.
1141 3457 1180 3496 tt
1253 3437 1564 3496 Turco-Gr.
1625 3439 1852 3510 p.l08:
1901 3439 2014 3493 Καὶ

441 3535 615 3604 μανδῆ
677 3535 746 3605 μὲ
795 3535 926 3598 τοὺς
985 3536 1288 3604 ποταμούς.
1343 3533 1634 3596 Μανδεῖον,
1691 3529 1869 3600 inquit
1928 3530 2016 3586 ille

438 3626 662 3682 Graecus
697 3626 752 3680 in
783 3625 1046 3696 Turcogr.
1079 3639 1133 3694 ρ.
1170 3623 1292 3688 189,
1327 3618 1578 3690 λέγουσιν
1605 3620 1632 3673 ὃ
1673 3621 1828 3690 φέρει
1881 3619 2016 3674 ἐπά-

441 3716 924 3787 νωὸπατριάρχης
953 3715 1092 3782 μετὰ
1118 3712 1399 3783 ποταμῶν,
1454 3711 1542 3766 διὰ
1582 3711 1642 3764 τὸ
1707 3709 2015 3764 διδακτικδν

437 3808 699 3878 ὀφείλειν.
744 3807 950 3862 Dicitur
999 3820 1129 3874 ergo
1189 3803 1448 3873 μανδύας,
1503 3802 1774 3873 μανδεῖον,
1811 3801 2012 3871 μανδῆ,

433 3913 493 3957 et
531 3901 779 3972 μαντιον,
817 3916 848 3954 a
881 3913 994 3970 quo
1023 3900 1076 3952 in
1101 3897 1370 3967 Turcogr.
1399 3913 1455 3966 p.
1487 3897 1587 3952 189
1619 3910 1847 3950 numero
1876 3895 2017 3950 mul-

439 3993 688 4050 titudinis
720 3993 787 4045 τὰ
817 3987 1129 4062 μαντία.οῑ
1171 3990 1448 4060 ἀρχιερεῖς
1499 3987 1748 4060 ,βαστοῦν
1808 3989 1890 4050 εἰς
1946 3988 2017 4044 τὰ

437 4083 648 4150 putatio.
669 4084 793 4144 τοὺς
828 4081 1108 4150 ποταμοὺς
1141 4082 1430 4144 κοκκινους
1448 4081 1541 4134 καὶ
1573 4079 1841 4150 ἄσπρους,
1875 4079 2020 4133 Pon-

437 4175 612 4244 tiﬁces
641 4183 850 4245 gestant
884 4173 937 4226 in
973 4173 1154 4242 palliis
1182 4172 1374 4241 ﬂuvios
1406 4171 1650 4242 (limbos)
1679 4173 1944 4226 coccineos
1967 4180 2015 4226 et

343 4275 356 4290 '
435 4269 615 4323 albos.
649 4267 976 4324 Germanice
1031 4263 1254 4329 Mentel,
1287 4278 1317 4317 a
1370 4263 1562 4318 Latino
1621 4267 1872 4318 mantela.
1925 4262 2018 4318 Est

439 4371 626 4415 autem
660 4357 898 4429 μανδύας
929 4355 1104 4410 forma
1135 4355 1330 4410 similis
1352 4357 1398 4410 ei
1465 4355 1598 4410 vesti
1633 4369 1801 4410 sacrae
1853 4371 2016 4423 quam

445 4455 605 4522 vulgo
644 4465 904 4505 vocamus
929 4449 1012 4502 ein
1038 4447 1455 4514 Rauchmantel;
1488 4455 1542 4502 et
1567 4462 1674 4518 qua
1707 4450 1820 4518 ipse
1850 4448 2019 4518 impe-

2117 3352 2288 3408 niculi
2317 3354 2538 3423 quadri,
2577 3355 2643 3409 de
2673 3355 2871 3422 quibus
2899 3356 3130 3424 singulis
3170 3357 3404 3428 Symeon
3431 3359 3680 3414 Tliessal.

2109 3451 2410 3520 episcopus
2437 3468 2452 3504 :
2477 3451 2646 3508 Τοῦτο
2683 3451 2740 3504 δὲ
2775 3451 2872 3506 καὶ
2924 3455 2952 3506 ὁ
3013 3453 3404 3523 ἀρχιερατικὺς
3448 3457 3684 3511 διδάσκει

2115 3543 2380 3610 μανδύας.
2409 3545 2690 3610 ποταμοὺς
2709 3544 2807 3612 μὲν
2827 3545 2963 3613 ἔχων
3018 3545 3104 3599 διὰ
3165 3547 3233 3600 τὰ
3287 3549 3683 3617 προειρημένα,

2117 3635 2339 3705 πόματα
2361 3637 2416 3690 δὲ
2447 3636 2529 3697 si;
2555 3635 2723 3688 τύπον
2747 3639 2986 3701 παλαιᾶς
3013 3655 3073 3690 τε
3101 3639 3194 3692 καὶ
3221 3640 3415 3709 καινῆς
3440 3641 3686 3712 χάριτος,

2116 3731 2152 3786 ἃ
2175 3733 2432 3802 ὑπεράνω
2461 3735 2668 3788 κεῖνται
2697 3733 2807 3786 τῶν
2831 3735 3114 3803 ποταμῶν.
3143 3735 3338 3809 Com]

2633 3892 2861 3948 CAPUT
2949 3893 3068 3948 XV.

2121 4007 2526 4078 Observationes
2573 4017 2631 4078 et
2671 4006 3044 4072 empiicationes
3091 4009 3144 4061 in
3200 4024 3246 4061 c.
3298 4007 3386 4060 2|.
3441 4010 3505 4062 de
3538 4007 3685 4078 lugu-

2403 4077 2579 4130 bribus
2615 4077 2948 4146 imperatoris
2995 4079 3396 4146 gestaminibns.

2189 4190 2252 4247 P.
2285 4191 2409 4247 106.
2441 4191 2594 4246 Alius
2621 4192 2814 4244 titulus
2849 4191 3012 4245 habet
3035 4193 3164 4262 napi
3196 4193 3456 4262 βασιλέως
3491 4193 3688 4247 duclla.

2119 4284 2326 4345 νὸντος.
2361 4283 2468 4338 Sed
2507 4283 2700 4336 melior
2722 4293 2796 4336 est
2831 4281 3116 4346 inscriptio
3139 4295 3298 4350 quam
3351 4285 3516 4353 capiti
3569 4285 3690 4338 huic

2099 4373 2648 4443 ~pr2ellximus.Citat
2699 4371 2800 4425 hoc
2849 4371 3040 4425 Cadini
3107 4381 3273 4440 caput
3331 4371 3690 4429 Casaubonus

2125 4462 2363 4516 Exercit.
2391 4461 2458 4516 56
2475 4468 2664 4514 contra
2691 4457 3009 4512 Baronium.
3041 4459 3130 4522 Et,
3165 4459 3264 4512 heu
3291 4461 3307 4512 ἲ
3333 4459 3466 4527 quid
3493 4460 3692 4514 laboris

443 4557 596 4602 rator
628 4543 907 4599 Romanus
933 4541 1109 4596 adhuc
1139 4541 1192 4594 ill
1226 4539 1640 4610 inaugttrati-ouc
1683 4541 1934 4612 insigniri
1964 4551 2017 4597 et
2053 4585 2101 4644 D
2127 4569 2236 4608 non
2267 4552 2531 4617 exanllat’
2551 4549 2680 4618 quid
2709 4550 2926 4605 sudoris
2945 4565 3050 4604 non
3073 4550 3372 4620 profundit.
3395 4567 3536 4618 quos
3554 4552 3694 4620 lpqv-

445 4639 596 4709 pingi
621 4638 758 4692 solet
782 4650 1001 4706 quoque
1019 4649 1144 4689 cum
1167 4632 1744 4688 electoribusﬁimeou
1767 4637 2024 4704 magister
2057 4632 2096 4644 “’
2131 4647 2255 4701 mos
2283 4660 2507 4700 suorum
2538 4643 2994 4698 collectaneorum
3027 4655 3134 4696 mm
3159 4642 3422 4708 eﬂ'undit,

444 4733 750 4787 ciliciorum
783 4731 838 4784 in
869 4727 1139 4784 Pandecte
1165 4725 1351 4781 Hister
1382 4768 1398 4784 .
1424 4727 1690 4792 Turcicaa,
1710 4742 1761 4782 c.
1793 4726 1918 4790 199,
1949 4728 2025 4779 δι-

447 4829 714 4898 κητήσιον
743 4833 899 4880 vocat
923 4842 936 4890 ;
965 4821 1109 4893 quod
1133 4819 1308 4876 Grzeci
1330 4819 1501 4890 ragati
1523 4821 1593 4875 ab
1623 4829 1846 4874 auctore
1883 4819 2023 4872 Pan-

445 4921 620 4974 declat:
682 4915 1180 4983 interpretabantur
1243 4911 1593 4985 ὲπιμάνδυον,
1657 4913 1811 4983 quasi
1870 4911 2023 4967 dicas

447 5005 1144 5085 supramantellunnjorte
1205 5006 1524 5078 δικητήσιον
1583 5007 1737 5076 παρὰ
1791 5006 1892 5076 τὴν
1945 5005 2022 5058 δέ-

449 5121 552 5173 κην
575 5102 870 5164 derivatur,
905 5111 963 5154 ιιι
992 5111 1046 5153 et
1095 5099 1420 5166 δικανίκιον,
1481 5097 1630 5164 quod
1695 5097 1906 5168 imperii
1967 5104 2022 5152 et

452 5194 735 5265 potestatis
761 5193 975 5260 insigne
1010 5191 1100 5247 sit.
1139 5191 1372 5260 Eratque
1427 5191 1595 5246 vestis
1619 5191 1735 5245 haec
1761 5201 1869 5244 tam
1916 5190 2018 5243 im-

454 5285 800 5358 peratoribus
840 5301 1002 5354 quam
1039 5283 1368 5354 patriarchis
1401 5283 1634 5354 aliisque
1671 5284 2021 5352 puutilicibus

450 5377 781 5439 communis,
813 5385 870 5428 ut
905 5391 969 5430 ex
995 5373 1322 5445 Curopalata
1346 5384 1400 5429 et
1441 5373 1857 5429 Turco-Grtecia
1891 5389 2024 5428 con-

450 5477 598 5535 stat;
653 5484 752 5524 nec
797 5467 928 5522 satis
982 5477 1105 5535 apte
1153 5467 1380 5520 vertitur
1441 5463 1891 5536 paludamentum,
1963 5471 2024 5519 ut

453 5561 704 5632 agnoscit
735 5559 898 5612 etiam
921 5557 1309 5618 Leuuclavius,
1339 5571 1464 5610 cum
1490 5573 1588 5609 vox
1653 5556 1767 5609 haec
1817 5555 2024 5608 milita-

452 5671 564 5710 rem
597 5663 803 5708 vestem
835 5651 1124 5722 signiﬁcet,
1153 5647 1395 5719 μανδύας
1430 5657 1609 5703 autem
1669 5647 1830 5701 etiam
1868 5657 2020 5702 extra

449 5757 630 5802 castra
661 5742 1243 5816 gestarLconsueverit
1264 5758 1279 5805 ;
1304 5756 1400 5796 nec
1423 5741 1491 5796 ab
1539 5739 1871 5809 imperatore
1901 5747 2019 5794 tau-

448 5853 584 5904 tum,
613 5841 706 5895 sed
735 5839 875 5895 etab
897 5837 1150 5894 Ecclesiae
1184 5833 1526 5908 praesulibus,
1559 5833 1758 5906 quibus
1782 5831 2020 5901 paluda-

449 5939 682 5984 mentum
717 5940 839 6002 apte
878 5945 1038 5986 nemo
1073 5927 1343 5985 tribuerit.
1378 5923 1442 5982 Et
1473 5927 1588 5983 hinc
1617 5925 2018 5982 accommodari

3501 4653 3562 4698 ut
3596 4645 3692 4696 do-

2126 4747 2247 4794 ceat
2272 4752 2374 4792 nos
2398 4736 2539 4790 aliud
2567 4749 2690 4790 esse
2711 4733 3144 4805 λαμπροφορεῖν,
3165 4735 3312 4788 aliud
3339 4735 3692 4803 λευκοφορεῖν

2126 4847 2220 4886 seu
2247 4829 2640 4897 λευχειμονεῖν,
2676 4827 2821 4880 aliud
2855 4825 3092 4881 colorem
3123 4826 3399 4894 λαμπρόν,
3423 4825 3571 4880 aliud
3603 4839 3692 4880 co-

2121 4922 2290 4976 lorem
2323 4919 2534 4984 λευκόν,
2570 4918 2840 4972 interdum
2872 4927 3055 4972 tamen
3109 4915 3364 4986 λαμπρὸν
3422 4917 3518 4968 καὶ
3575 4917 3692 4967 λευ-

2125 5015 2220 5067 κόν
2253 5029 2351 5082 pro
2377 5011 2566 5066 eodem
2599 5010 2798 5080 accipi.
2847 5009 3066 5078 proprie
3116 5007 3572 5076 distingui.Apud
3597 5005 3692 5060 Co-

2124 5107 2326 5168 dinum,
2357 5103 2556 5170 inquit,
2575 5111 2736 5158 uestes
2773 5102 2930 5166 albte,
2961 5101 3132 5156 luctus
3187 5101 3404 5164 indices,
3435 5109 3692 5155 vocantur

2123 5197 2352 5260 λευκαῖς
2385 5195 2566 5248 iisdem
2598 5191 3220 5264 opponunturlaprrpai,
3279 5191 3332 5243 id
3389 5199 3468 5244 est
3517 5203 3694 5244 omnes

2124 5286 2424 5346 nitidiores;
2455 5293 2583 5352 puta
2617 5283 2857 5338 candida
2907 5300 2938 5337 a
2970 5283 3167 5352 fullone
3222 5291 3474 5344 recentes,
3517 5281 3694 5350 quales

2126 5379 2338 5448 fuerunt
2375 5377 2502 5428 olim
2543 5375 2971 5440 candidatorum,
3001 5391 3134 5443 quas
3163 5371 3484 5428 Plutarchus
3511 5384 3558 5427 et
3597 5373 3692 5425 alii

2125 5468 2294 5524 (ἓνωεὶ
2326 5467 2584 5536 λαμπράς
2641 5475 2864 5530 vertunt,
2923 5477 3016 5520 aut
3061 5482 3360 5536 put-parete.
3441 5467 3520 5520 vel
3555 5465 3694 5518 alius

2125 5561 2354 5628 cuiust-is
2377 5560 2588 5620 coloris.
2625 5559 2912 5629 prwsertim
2934 5559 3256 5614 intsnsioris.
3281 5558 3399 5612 Non
3415 5559 3550 5612 enim
3575 5557 3694 5610 sola

2125 5645 2356 5706 candida
2387 5649 2635 5702 dicuntur
2662 5648 3038 5717 λαμπρά,.δεά
3069 5664 3386 5717 qurecunqne
3431 5646 3580 5702 valde
3609 5645 3696 5700 tli-

2129 5751 2258 5806 tent,
2287 5740 2744 5810 cujusmodierant
2769 5755 2885 5793 cum
2913 5739 3092 5806 primis
3119 5739 3227 5792 illa:
3253 5737 3552 5808 chlamydes
3585 5735 3696 5790 veri

2133 5834 2369 5896 luminis,
2399 5831 2462 5885 de
2488 5831 2677 5901 quibus
2697 5831 2766 5884 ad
2797 5829 3119 5884 Trebellium
3139 5829 3432 5883 Pollionem
3457 5829 3689 5881 diximus

2127 5926 2300 5994 Quam
2329 5922 2648 5979 abscondita
2673 5922 2833 5978 nobis
2855 5923 3037 5994 pandit
3093 5937 3356 5993 Operosus
3411 5921 3510 5977 iste
3539 5929 3692 5974 exer-
