3852 6612
170 513 263 578 t33
1185 515 1285 576 DE
1317 512 1783 572 ORIGINIBUS
1813 513 2288 574 CPOLixxthS.
2390 588 2393 589 ί
3258 509 3364 575 Μ

171 630 249 691 Ad
306 628 435 708 haec
491 642 627 708 quo
680 626 937 691 facilius
982 627 1556 708 mibiignosceres,
1613 627 1818 708 sicubi
1848 629 1976 688 mvel
2025 627 2106 708 _in
2170 625 2464 708 versione
2522 625 2610 684 vrl
2667 626 2728 708 in
2778 622 3364 708 animadyersioni-

170 710 269 766 bus
305 703 673 784 humanitus
712 708 925 784 lapsus
968 703 1206 781 essem,
1236 723 1457 767 omnes
1516 706 2200 784 omninooccasiones
2248 704 2409 784 fugi,
2438 721 2577 779 quin
2621 706 2845 765 oblatae
2897 704 3070 784 mihi
3104 703 3370 784 fuerunt
3446 738 3450 749 ε

167 786 227 865 ad
264 781 934 865 contradicendumiis
960 785 1067 862 qui
1100 793 1245 847 ante
1277 802 1376 844 me
1401 782 1887 865 aliquidCodini
1918 782 2369 865 edideruntyel
2392 800 2579 842 secus
2611 800 2801 858 quam
2832 781 3159 865 oportebat
3188 782 3373 865 intel-

172 864 435 920 lexerunt
466 879 483 933 ;
518 870 581 922 et
612 860 926 940 siquando
944 860 1315 927 necessitate
1341 860 1595 931 coactus
1623 862 1954 923 fuieornm
1982 877 2231 940 errores
2259 861 2579 940 detegere,
2618 869 2848 921 tantam
2881 876 2954 920 ea
3003 860 3066 919 in
3099 877 3162 919 re
3183 861 3365 920 adhi-

169 940 255 999 bui
285 937 777 1001 moderationem
810 949 877 1002 ut
902 951 1115 1002 contra
1148 958 1308 1018 quos
1331 941 1601 1003 scribam
1640 942 1983 1000 obscurum
2016 937 2121 1018 sit,
2150 937 2555 999 manifestum
2592 956 2765 1018 vero.
2805 957 2903 998 me
2938 954 3064 997 non
3110 956 3196 1018 eo,
3246 940 3365 999 hoc

166 1018 365 1097 fecisse
382 1026 457 1097 ut
494 1035 574 1097 ex
605 1018 830 1079 alienis
863 1015 1188 1080 erroribus
1220 1018 1487 1095 gloriam
1524 1035 1905 1097 quaererem,
1944 1017 2055 1097 sed
2089 1024 2156 1077 ut
2192 1033 2607 1093 praecaverent
2636 1016 2941 1097 duntaxat
2967 1033 3043 1097 ne
3075 1015 3219 1074 aliis
3245 1033 3363 1075 ne-

166 1095 771 1175 cessariiquidquam
804 1096 1157 1175 ignorantia
1177 1094 1566 1175 praeteriisse
1597 1096 1867 1156 viderer.
1890 1094 2235 1175 Reliquum
2272 1110 2422 1175 ergo
2452 1102 2544 1175 est
2578 1103 2643 1175 ut
2676 1094 2864 1155 hosce
2910 1095 3158 1175 labores
3184 1110 3365 1175 meos

168 1174 442 1252 benevole
469 1172 773 1252 excipias,
800 1172 861 1234 et
896 1175 949 1234 si
977 1191 1099 1252 qua
1135 1176 1199 1234 in
1232 1174 1309 1234 iis
1345 1174 1785 1252 deprehendes
1817 1191 1959 1252 quas
2006 1173 2218 1252 minus
2287 1172 2402 1252 tibi
2456 1172 2812 1249 placebunt.
2886 1172 3363 1249 aliquantulum

170 1249 803 1330 indulgeasjuventuti
841 1249 1077 1313 meai—et
1110 1253 1320 1312 nimiae
1354 1249 1498 1330 ergo
1540 1260 1595 1311 te
1624 1249 1932 1330 voluntati
1966 1250 2444 1330 etgravioribus
2477 1252 3040 1330 occupationibus,
3066 1268 3175 1330 per
3209 1266 3367 1326 quas

168 1326 531 1408 exactissime
565 1330 777 1389 omnia
813 1332 1106 1407 persequi
1144 1338 1203 1390 et
1228 1326 1557 1391 recensere
1590 1348 1714 1391 non
1746 1328 1949 1408 potui.
1978 1328 2078 1390 Sic
2101 1335 2161 1391 et
2184 1335 2513 1408 gratumte
2541 1326 2882 1407 prmbebis,
2908 1338 2966 1391 et
2988 1326 3365 1389 alacriorem

170 1422 249 1465 me
272 1406 482 1465 reddes
508 1408 585 1466 ad
615 1409 958 1483 praestanda
984 1406 1241 1487 majora.
1268 1408 1435 1472 Vale.

230 1530 427 1591 Romae
458 1533 634 1605 1659,
669 1531 952 1593 calendis
1000 1533 1209 1594 Maiis.

196 1760 227 1782 ν

1405 1932 2073 2046 LAMBECII

489 2173 645 2263 DE
732 2174 1237 2270 GEORGII
1325 2175 1744 2267 CODINI
1855 2178 2137 2269 VITA
2232 2182 2379 2270 ET
2466 2182 2996 2272 SCRIPTIS

1213 2374 1554 2438 BBEVJS
1617 2375 2269 2438 DlSSERTATIU.

226 2688 484 2762 Georgium
506 2690 781 2747 Codinum
817 2708 925 2747 non
943 2695 1044 2749 sub
1073 2694 1281 2749 ultimis
1304 2702 1516 2748 tantum
1549 2691 1976 2761 imperatoribus
2016 2690 2317 2759 Cpolitanis
2341 2690 2566 2753 vixisse,
2599 2688 2691 2742 sed
2727 2686 3044 2757 a-liquantliu
3084 2691 3249 2746 etiam
3272 2706 3367 2745 sn-

176 2780 395 2848 perluisse
424 2791 545 2849 post
576 2782 755 2849 ipsam
817 2781 1051 2850 Cpoleos
1113 2782 1597 2851 expugnationem,
1630 2794 1696 2832 ex
1757 2778 1930 2849 ipsius
1974 2778 2197 2847 scriptis
2268 2778 2475 2845 liquido
2533 2784 2776 2846 apparet.
2839 2778 3178 2847 CurOpalatze
3235 2792 3371 2833 vero

176 2882 452 2932 cognomen,
486 2869 642 2938 quod
674 2867 723 2922 ei
747 2868 816 2922 ab
848 2868 959 2922 illis
980 2869 1239 2923 tribuitur
1262 2867 1356 2937 qui
1380 2867 1578 2921 librum
1613 2867 1733 2937 eius
1766 2868 1832 2922 tle
1860 2865 2064 2922 Olliciis
2098 2866 2284 2936 palatii
2320 2866 2741 2932 CP‘ediderunt,
2782 2866 2837 2919 in
2898 2866 3009 2922 illis
3068 2882 3207 2935 quos
3269 2883 3372 2936 ego

176 2953 258 3007 ridi
279 2955 541 3010 codicibus
609 2970 773 3009 manu
815 2955 1038 3025 scriptis
1092 2971 1200 3011 non
1240 2956 1773 3025 reperi;ettacilius
1832 2959 2001 3010 multo
2049 2959 2266 3012 credam
2322 2955 2635 3026 impositum
2699 2954 2749 3009 ei
2808 2954 2981 3010 fuisse
3025 2956 3373 3025 CurOpalatae

174 3058 447 3110 cognomen,
487 3044 622 3114 quia
658 3044 726 3098 de
754 3043 958 3100 Oiliciis
990 3045 1173 3114 palatii
1211 3044 1452 3113 scripsit,
1488 3060 1653 3113 quam
1680 3043 1823 3112 quod
1853 3044 1969 3115 ipse
2000 3045 2335 3114 curopalatae
2389 3043 2703 3113 dignitatem
2737 3043 3054 3098 obtinuerit.
3103 3044 3371 3098 Caeterum

173 3130 282 3193 quod
310 3131 366 3186 ad
391 3132 590 3201 seripta
617 3132 733 3198 ejus
755 3129 969 3197 attinet,
995 3147 1100 3186 non
1140 3140 1427 3202 propterea
1451 3133 1718 3187 duntaxat
1741 3146 1885 3185 vano
1913 3131 2148 3200 quodam
2175 3130 2492 3200 prmjudicio
2522 3131 2881 3200 improbanda
2920 3142 3069 3194 sunt,
3111 3131 3369 3200 quoniam

170 3215 372 3274 Codinus
401 3220 659 3274 ducentis
695 3212 901 3274 tantum
935 3221 1135 3275 abhinc
1164 3222 1326 3275 annis
1365 3220 1588 3285 ﬂoruit;
1645 3220 1849 3289 quippe
1892 3222 2009 3289 qui,
2065 3236 2411 3288 quacunque
2466 3220 2660 3283 edidit,
2721 3236 2788 3276 ex
2849 3220 3259 3290 antiquioribus
3314 3230 3370 3273 et

176 3306 323 3373 magis
350 3309 597 3377 probatis
621 3308 939 3363 auctoribus
961 3309 1237 3378 excerpsit
1274 3317 1329 3364 et
1356 3308 1597 3377 collegit.
1622 3305 1754 3360 Nam
1784 3308 1929 3377 quod
1958 3308 2194 3376 primum
2229 3307 2371 3361 inter
2423 3308 2685 3376 opuscula
2750 3309 2868 3378 ejus
2929 3309 3107 3362 locum
3156 3309 3373 3363 obtinet

172 3402 215 3444 et
232 3393 519 3450 inscribitur
560 3396 695 3466 περὶ
722 3394 830 3449 τῶν
860 3395 1106 3466 πατρίων
1135 3396 1254 3451 sive
1287 3395 1355 3451 de
1385 3395 1699 3466 originibus
1732 3394 1843 3460 GP,
1897 3396 2018 3465 ejus
2064 3396 2242 3464 maior
2294 3410 2421 3464 pars
2467 3396 2799 3451 verbotenus
2854 3396 3127 3465 descripta
3189 3405 3269 3450 est
3306 3412 3373 3449 ex

175 3481 394 3553 llesychio
419 3487 672 3550 Milesio,
708 3487 919 3555 reliqua
947 3502 1081 3543 vero
1099 3503 1164 3541 ex
1196 3486 1374 3559 Glycaa
1399 3488 1725 3553 Annalibus,
1760 3484 2035 3543 Chronico
2060 3484 2426 3538 Alexandrino
2454 3493 2506 3537 et
2529 3485 2639 3537 alio
2668 3484 2904 3553 quodam
2958 3484 3220 3540 hactenus
3262 3500 3371 3537 non

174 3570 301 3637 edito,
326 3574 469 3642 cujus
493 3583 699 3629 auctor
724 3582 808 3629 est
842 3574 1067 3643 quidam
1102 3575 1281 3631 Julius
1313 3575 1535 3639 Pollux,
1565 3576 1794 3645 antiquo
1827 3574 1941 3636 illo,
1970 3573 2063 3643 qui
2090 3573 2395 3627 Commodo
2425 3572 2742 3641 imperatori
2769 3571 3184 3627 Onomasticum
3209 3587 3371 3627 suum

177 3660 407 3725 dedicarit,
438 3662 654 3731 aliquot
687 3662 888 3717 seculis
921 3664 1214 3717 recentior.
1248 3662 1398 3717 Libri
1432 3677 1565 3717 vero
1592 3663 1660 3717 de
1682 3663 1879 3718 statuis
1906 3662 2081 3732 prima
2110 3675 2236 3729 pars
2261 3660 2328 3714 de
2358 3659 2671 3714 simulacris
2698 3661 2922 3715 deorum
2963 3661 3247 3729 gentilium
3306 3676 3371 3713 ex

180 3742 407 3801 Phnntuto
437 3750 733 3818 desumpta
764 3759 849 3805 est
870 3757 926 3805 et
948 3766 1014 3805 ex
1050 3750 1279 3806 Joannis
1341 3751 1473 3823 Lydi
1522 3750 2009 3820 Philadelphiensis
2039 3748 2181 3803 libro
2245 3747 2491 3801 nondum
2550 3748 2697 3801 edito
2727 3748 2793 3802 de
2833 3746 3111 3803 Mensibus
3136 3748 3198 3815 ‘),
3233 3749 3373 3801 unde

174 3834 297 3887 etiam
324 3836 513 3891 Suidas
542 3837 731 3892 hausit
757 3840 971 3895 eadem.
1007 3840 1187 3894 Altera
1220 3847 1399 3893 autem
1441 3854 1588 3908 pars,
1619 3855 1690 3909 qu

1850 3845 1967 3890 tctat
1996 3835 2125 3902 περὶ
2162 3833 2374 3903 στηλῶν
2401 3835 2495 3886 καὶ
2520 3833 2831 3902 θεαμάτων,
2862 3835 3009 3901 quod
3046 3844 3152 3900 est,
3191 3845 3371 3902 utego

173 3917 466 4003 interpretor,
486 3924 559 3979 de
592 3926 791 3980 statuis
830 3925 1060 3996 aliisque
1092 3926 1263 3981 rebus
1290 3936 1536 3995 spectatu
1565 3925 1742 3994 dignis
1771 3921 1948 3990 Cpoli,
1984 3918 2053 3973 ea
2076 3928 2198 3972 tota.
2223 3918 2550 3973 verbotenus
2578 3919 2846 3987 descripta
2905 3930 2989 3973 est
3033 3936 3097 3975 ex
3157 3923 3368 3990 antiqui

170 4009 376 4076 anottynti
404 4011 650 4065 auctoris
677 4011 1029 4068 collectaneis
1062 4014 1450 4083 antiquitatum
1481 4013 1686 4082 Cpoleo

1850 4008 2189 4077 ruinscripsit
2245 4008 2614 4076 παραστάσεις
2670 4010 2973 4075 συντόμους
3001 4011 3282 4078 χρονικὰς,
3318 4023 3371 4065 (ιι

167 4095 433 4163 compilavit
455 4113 523 4152 ex
561 4097 857 4155 Theodoro
890 4102 1115 4169 lectore,
1139 4101 1325 4171 Papia,
1361 4100 1623 4164 Eusebio,
1675 4101 1921 4163 Socrate,
1948 4096 2206 4152 Marcello
2246 4096 2448 4150 lectore
2497 4106 2553 4151 et
2603 4097 2977 4165 compluribus
3030 4099 3176 4152 aliis.
3246 4099 3369 4153 Haec

168 4183 617 4238 verocollectanea
649 4202 795 4241 nunc
821 4189 1060 4257 primum
1087 4204 1154 4244 ex
1181 4189 1568 4258 antiquissimo
1598 4189 1788 4244 codice
1833 4184 2175 4240 bibliotheca:
2226 4182 2407 4249 Regia:
2436 4183 2487 4235 in
2536 4183 2713 4236 lucem
2779 4183 3073 4252 prodeunt,
3143 4186 3259 4264 qui,
3314 4198 3372 4237 ut

166 4279 337 4336 omnes,
367 4280 645 4342 quotquot
672 4289 798 4327 eum
830 4275 1106 4340 viderunt,
1160 4283 1448 4342 testantur,
1472 4274 1539 4328 ad
1566 4275 1852 4330 minimum
1913 4284 2046 4327 ante
2086 4271 2521 4341 quadringentos
2572 4285 2746 4326 annos
2794 4272 3029 4341 scriptus
3090 4273 3212 4325 fuit.
3278 4274 3371 4327 Est

166 4368 306 4413 autem
335 4361 469 4417 inter
494 4364 718 4418 codices
738 4362 858 4431 ejus
887 4362 1231 4418 bibliothecae
1262 4380 1489 4419 numero
1554 4366 1877 4420 millesimus
1906 4362 2204 4433 vigesimus
2246 4362 2533 4429 septimus.
2562 4360 2827 4430 Quisquis
2867 4362 3031 4430 igitur
3069 4370 3262 4415 auctor
3289 4374 3371 4417 est

166 4443 339 4501 illorum
369 4450 850 4515 collectaneorwn,
885 4449 1141 4505 ducentis
1161 4450 1351 4505 saltem
1383 4453 1467 4506 vel
1498 4454 1761 4508 trecentis
1789 4450 1950 4505 annis
2017 4449 2231 4504 Codino
2282 4455 2367 4502 est
2430 4448 2728 4517 antiquior.
2781 4448 2857 4501 Ex
2915 4448 3106 4502 iisdem
3154 4466 3370 4516 quoque

166 4532 469 4591 rollectaneis
506 4538 635 4592 libri
677 4538 804 4607 περὶ
832 4540 1144 4606 κτισμάτων
1167 4540 1301 4593 satis
1336 4555 1531 4609 magna
1567 4556 1694 4610 pars
1723 4548 1974 4606 excerpta
1997 4546 2078 4591 est
2124 4554 2138 4595 :
2185 4545 2380 4591 caetera
2408 4535 2701 4604 desumpta
2732 4546 2944 4591 suntex
2996 4533 3210 4590 Joanne
3265 4538 3368 4590 An-

167 4616 398 4685 tioclteno,
430 4622 727 4678 Panodoro
756 4622 1018 4692 Egyptéo
1057 4633 1113 4678 et
1137 4624 1280 4691 aliis,
1307 4627 1399 4693 qui
1434 4628 1489 4680 in
1515 4642 1578 4682 eo
1615 4627 1756 4681 libro
1788 4626 2047 4680 citantur.
2100 4623 2271 4678 Totus
2334 4624 2573 4693 denique
2646 4624 2927 4692 catalogus
2973 4623 3367 4694 imperatorum

164 4702 355 4771 Cpoleos
386 4725 559 4780 usque
592 4709 669 4764 ad
699 4712 985 4779 imperium
1020 4712 1183 4780 primi
1211 4713 1386 4767 Alexii
1417 4714 1702 4778 Contneni,
1767 4713 2009 4767 auctoris
2031 4719 2118 4765 est
2150 4714 2324 4767 multo
2375 4710 2705 4780 antiquioris
2726 4710 2975 4767 Codino:
3021 4711 3224 4781 quippe
3274 4710 3369 4779 qui

164 4802 263 4845 cum
288 4797 587 4867 catalogum
619 4796 957 4866 conscripsit
992 4798 1096 4852 sub
1126 4798 1373 4853 Manuele
1400 4800 1682 4855 Comneno
1712 4800 1884 4855 Alexii
1909 4806 2123 4867 nepote,
2180 4806 2239 4850 ut
2270 4797 2383 4864 ipse
2413 4806 2643 4851 testatur
2684 4798 2769 4851 his
2801 4799 2980 4854 verbis
3010 4816 3025 4851 :
3085 4801 3114 4850 ὁ
3178 4796 3371 4865 κύριος

173 4874 370 4945 ’Δλᾶξιος
401 4885 428 4936 ὁ
457 4884 766 4954 Κομνηνὸς,
796 4885 824 4936 ὁ
855 4886 1077 4946 πάππος
1110 4885 1202 4938 ωῦ
1232 4886 1498 4956 κραταισῦ
1530 4890 1620 4941 καὶ
1639 4889 1694 4956 ἀι

1846 4885 1983 4955 ιμῶν
2058 4883 2351 4953 βασιλέως.
2412 4884 2644 4953 Reliqua
2710 4900 2872 4951 porro
2895 4884 3129 4950 catalogi
3162 4898 3367 4952 pars,a

169 4956 419 5023 Theodoro
438 4968 677 5025 Lascare
715 4969 839 5037 ejus
858 4972 1101 5027 nominis
1130 4973 1303 5041 primo
1342 4990 1515 5043 usque
1543 4976 1608 5033 a-J
1643 4977 1887 5029 ultimam
1924 4971 2157 5040 Cpoleos
2183 4971 2666 5041 expugnationem,
2698 4970 2766 5024 ab
2794 4972 2914 5039 ipso
2971 4970 3183 5024 Codino
3212 4984 3371 5039 supc-

162 5045 369 5107 iinribus
397 5051 611 5122 adjecta
634 5061 740 5119 est,
768 5069 892 5108 cum
930 5056 1045 5121 ille,
1074 5062 1133 5108 ut
1153 5054 1424 5126 principio
1454 5058 1587 5124 dixi,
1622 5059 2018 5129 aliquantulum
2046 5058 2120 5113 illi
2166 5059 2316 5114 urbis
2343 5060 2560 5115 excidio
2589 5071 2869 5131 superstes
2899 5058 3087 5116 fuerit.

216 5249 251 5318 ⁸)
272 5249 395 5323 Lydi
414 5251 551 5314 liber
575 5255 653 5325 ab.
676 5251 843 5310 Hasio
868 5262 920 5309 et
955 5254 1411 5313 thheroleditus
1446 5266 1551 5312 est.
1685 5272 1713 5291 κ
