3782 6586
98 421 177 483 τιὸ
1472 400 1591 464 PR;

1809 397 1890 460 [ο.
2280 358 2281 361 γ
3195 382 3302 447 ἠδ

92 540 235 611 aliis,
259 535 362 617 qui
388 540 632 596 cetera:
664 532 1104 594 oirtutestuas
1154 527 1341 605 digne
1384 519 1736 617 pradirare
1786 518 2055 593 possunt
2088 531 2106 576 :
2146 509 2458 617 (ἔκρυψας
2491 504 2636 617 illas
2691 498 3307 617 admirabundus'que

92 596 349 712 iaspicio,
383 630 687 709 simulque
713 634 985 700 matus,
1008 624 1185 705 quod
1211 596 1515 705 facundia
1543 635 1616 712 ac
1647 614 2003 712 eloquentia
2024 603 2710 712 me-deﬁeiant,‘quibus
2738 601 2882 664 illas
2896 596 3310 712 meritisnla‘u-

93 697 243 795 dibits
271 697 479 807 eﬂ'erre
499 697 764 805 po‘ssim.
795 697 995 800 Perge
1022 697 1408 800 quod-facis.
1441 710 1804 776 Cardinalis
1832 703 2334 778 eminentissime,
2367 703 2792 765 litteratorum
2810 698 2973 762 votis
2988 704 3044 760 et
3063 698 3195 803 otio
3213 697 3313 776 fa-

91 844 229 896 cere,
251 839 570 901 eorumque
588 820 807 883 studia
832 817 1217 895 benignitate
1247 824 1356 876 tua
1375 815 1603 892 fovere.
1624 807 1788 873 Vale.

1145 1039 1335 1173 AD
1422 1029 2233 1150 LECTOREM.

150 1232 440 1299 Benevole
475 1235 727 1307 Lector,
761 1232 839 1295 ad
874 1230 1089 1310 operis
1115 1226 1275 1305 regii
1309 1243 1380 1288 ac
1411 1217 1729 1299 magniﬁci
1763 1221 2179 1287 structuram,
2211 1231 2289 1310 ex
2325 1206 2969 1310 Regia__bibliotheca
3022 1203 3317 1310 materﬁias

90 1336 202 1396 sine
227 1331 385 1392 furto
414 1329 544 1391 alio
570 1301 1230 1395 hon'transierendasw,
1263 1336 1404 1383 cum
1440 1313 1786 1397 potuerim,
1821 1316 2217 1390 comportare
2256 1305 2484 1370 debui.
2519 1305 2618 1368 llli
2653 1303 2982 1383 equidem,
3014 1317 3150 1379 quo
3194 1301 3319 1378 By-

91 1426 300 1492 zantina
328 1420 591 1486 historia
623 1424 748 1487 huc
772 1433 834 1487 et
867 1423 1022 1484 illuc
1052 1435 1290 1499 sparsa,
1322 1433 1394 1477 ac
1428 1396 1601 1474 velut
1633 1410 1799 1470 inter
1824 1407 2054 1468 rudera
2075 1404 2318 1484 jacens,
2355 1402 2420 1463 in
2453 1400 2719 1499 superbi
2773 1396 3015 1459 aedilicii
3078 1396 3315 1499 molem

88 1521 493 1599 acromiiagern
515 1520 820 1599 assurgit,
846 1494 1104 1597 operam
1129 1522 1411 1577 nostram
1428 1518 1757 1585 utcunque
1788 1504 2149 1574 navavisse,
2185 1509 2243 1561 et
2265 1497 2600 1599 particulae
2618 1512 2857 1599 nomen
2878 1500 3176 1599 nostrum
3205 1494 3315 1599 in.-

90 1588 405 1699 scripsi'sse,
438 1588 831 1696 aliquantam
866 1588 1122 1678 Iaudem
1155 1611 1345 1674 nobis
1376 1608 1717 1670 allaturum
1752 1599 2324 1699 spero.‘Sostratus
2386 1594 2712 1699 siquidem
2766 1590 3049 1699 gnidius
3107 1588 3319 1699 archi-

88 1686 273 1787 tectus,
307 1686 705 1777 Alexandria.
729 1712 997 1791 pharum
1033 1708 1369 1770 Ptolemaeo
1392 1693 2027 1770 aediﬁcansmominis
2056 1694 2160 1754 sui
2194 1710 2265 1755 ac
2289 1691 2464 1791 famae
2487 1686 2930 1791 perpetuitati,
2962 1693 3317 1791 .stt'ucturae

88 1814 217 1874 illud
244 1811 646 1892 permittente
678 1787 825 1889 rege
866 1805 1303 1872 inscribendo,
1334 1795 1682 1881 prospexit.
1720 1797 1812 1855 Ex
1844 1791 2244 1892 bibliothecae
2266 1789 2465 1870 igitur
2491 1788 2703 1867 Regiae
2734 1802 2927 1892 manu
2946 1787 3187 1892 scripto
3210 1800 3319 1845 co-

87 1910 199 1972 dice
226 1882 377 1989 opus
408 1882 867 1987 transcriptum
898 1904 1121 1974 affero,
1157 1900 1306 1980 styli
1341 1897 1600 1977 quidem
1632 1890 1948 1968 elegantia
1973 1882 2891 1989 haudornatumet-comptum
2920 1898 2934 1942 :
2970 1882 3313 1944 barbarum

86 1980 777 2086 potius,impolitum'ac
807 2004 966 2065 rude
999 2001 1246 2069 dixero,
1280 2001 1388 2056 sed
1426 2009 1639 2055 rerum
1673 1991 2001 2087 momento
2029 2001 2101 2047 ac
2118 1980 2766 2087 gravitate‘eximium
2783 1995 3137 2087 earumque
3162 1994 3314 2087 nar-

88 2075 290 2166 ratione
322 2075 629 2183 prudenti
669 2109 944 2179 gratum.
980 2094 1229 2159 Infelici
1260 2091 1511 2162 saeculo,
1535 2080 1923 2183 qqurtecia
1952 2079 2262 2183 aerumnis
2293 2078 2713 2183 cladibusque
2733 2075 3318 2183 continuis-attrita

88 2171 535 2280 Turcorumque
569 2171 914 2275 tyrannide
946 2208 1278 2272 Oppressa,
1313 2187 1579 2250 ultimos
1603 2176 1875 2244 ducebat
1905 2175 2202 2280 spiritus,
2224 2174 2379 2253 styli
2405 2173 2731 2236 barbaries
2756 2171 3134 2280 ascribenda
3177 2179 3317 2235 est:

87 2315 202 2377 quae
228 2270 622 2359 totamillam
664 2304 916 2375 gentem
950 2270 1072 2353 tam
1114 2291 1231 2350 late
1260 2288 1655 2377 pervaserat,
1689 2285 1758 2377 ut
1816 2275 2291 2377 paucissimos,_
2328 2277 2727 2377 venustatem
2752 2270 2928 2377 illam
2965 2272 3315 2377 antiquam

88 2367 460 2473 leporemque
476 2367 797 2454 sermonis
822 2388 961 2451 suis
982 2386 1383 2449 circumdare
1421 2376 1677 2457 scriptis
1691 2374 1954 2435 sineret.
1977 2375 2213 2473 Noster
2230 2371 2475 2473 idcirco
2491 2378 2731 2444 auctor,
2749 2367 3084 2473 qui-rebus
3119 2368 3316 2431 etiam

88 2465 309 2567 agendis
333 2465 886 2567 expediendisque
917 2483 1217 2563 negotiis,
1255 2478 1462 2558 potius
1494 2490 1685 2554 quam
1741 2468 2120 2565 evolvendis
2151 2467 2332 2567 libris
2366 2483 2627 2546 operam
2658 2481 2841 2567 suam
2871 2465 3314 2547 impendebat,

91 2565 331 2648 barbaris
358 2565 487 2647 non
503 2584 713 2648 solum
734 2584 1000 2645 vocibus
1032 2581 1238 2642 utitur
1270 2574 1464 2655 (quod
1486 2569 1961 2643 etanteriorum
1984 2565 2371 2628 saeculorum
2393 2566 2832 2645 castigatiores
2853 2574 3150 2628 auctores
3171 2567 3319 2647 qui-

90 2700 189 2758 que
208 2681 521 2742 sermonis
559 2680 834 2741 nitorem
859 2678 1337 2743 atl'ectaverunt,
1370 2668 1604 2745 fecere)
1643 2687 1658 2727 :
1693 2664 1805 2726 sed
1841 2662 2031 2725 etiam
2064 2663 2282 2724 Grmca
2330 2663 2522 2724 verba
2564 2662 2843 2725 absurda
2886 2663 3317 2725 constructio-

91 2793 153 2839 ne
178 2794 278 2839 seu
313 2777 684 2839 solmcismo
716 2774 1044 2854 perturbat
1074 2788 1144 2833 ac
1175 2767 1545 2848 permiscet.
1581 2766 1752 2824 Inter
1786 2777 2009 2841 vepres
2051 2768 2262 2822 tamen
2293 2759 2647 2840 spinasque
2678 2758 2821 2820 illas
2876 2758 2993 2821 ﬂos
3049 2759 3317 2839 quidam

91 2891 194 2936 non
221 2875 526 2937 ineruditi
590 2871 842 2961 ingenii
877 2888 947 2932 se
979 2868 1254 2949 explicat
1289 2882 1303 2927 :
1341 2866 1581 2942 legerat
1611 2860 1854 2940 quippe
1915 2876 2130 2922 sacros
2165 2859 2363 2921 libros
2401 2858 2698 2939 aliosque
2748 2858 3160 2922 historiarum
3191 2874 3315 2921 au-

91 2976 258 3031 ctores
286 2987 302 3033 :
332 2971 422 3033 ita
456 2976 529 3031 ut
562 2953 848 3047 linguam
887 2968 1167 3028 Graecam
1197 2961 1529 3040 antiquam
1557 2956 1886 3033 calluisse,
1917 2973 2143 3019 verum
2174 2953 2501 3017 scribendi
2541 2972 2664 3018 usu
2696 2973 2769 3018 ac
2788 2954 3011 3034 peritia
3035 2956 3316 3017 destitu-

92 3065 371 3128 tust’uisse
405 3064 569 3126 mihi
602 3063 917 3125 videatur.
950 3059 1255 3124 Criticum
1290 3061 1627 3136 prepterea
1657 3068 1848 3129 agere
1879 3052 2086 3125 nolui,
2119 3055 2214 3113 vel
2249 3051 2329 3114 de
2362 3051 2570 3113 verbis
2632 3050 2814 3113 litem
2869 3050 2971 3112 illi
3031 3068 3313 3127 movere,

93 3162 663 3241 qui,grammatices
695 3161 953 3221 deserto
980 3154 1143 3229 foro,
1176 3155 1252 3217 ad
1284 3154 1568 3217 alienum
1602 3151 2157 3230 peregrinumque
2185 3164 2254 3210 se
2286 3146 2633 3210 transtulit.
2692 3147 2856 3209 Satis
2890 3146 3048 3208 mihi
3098 3147 3315 3210 visum

89 3255 185 3318 fuit
205 3275 455 3320 sensum
477 3258 824 3319 verborum
840 3252 1099 3333 assequi
1124 3258 1185 3314 et
1202 3268 1327 3331 qua
1359 3249 1541 3330 potui
1573 3251 1741 3311 bona
1773 3247 1891 3310 ﬁde
1905 3264 1976 3309 ac
1994 3248 2326 3326 diligentia
2352 3249 2416 3309 in
2450 3247 2745 3309 Latinum
2772 3263 3137 3309 sermonem
3160 3263 3318 3311 con-

94 3362 317 3430 vertere,
352 3355 417 3416 in
452 3352 725 3434 gratiam
776 3351 1041 3414 illorum
1100 3349 1216 3428 qui
1273 3348 1558 3427 linguam
1592 3347 1876 3409 Grmcam
1904 3354 2015 3409 aut
2051 3347 2307 3427 penitus
2349 3346 2650 3426 ignorant
2678 3346 3185 3427 autimperfecte
3208 3347 3313 3410 di-

94 3449 364 3512 diceruut.

154 3546 471 3625 Byzantini
502 3543 767 3624 imperii
802 3560 903 3605 res
934 3543 1010 3605 ad
1043 3541 1377 3605 interitum
1411 3540 1818 3610 festinantes,
1856 3549 1914 3600 et
1940 3539 3318 3619 pmtremorumimperatorumChristiano-

98 3655 204 3699 rum
229 3651 504 3719 tempora
541 3640 907 3702 describere
931 3654 1299 3717 aggressus,
1323 3653 1537 3699 rerum
1565 3654 1691 3700 usu
1725 3640 2003 3717 peritum
2023 3654 2094 3699 ac
2136 3637 2452 3716 sapientia
2487 3636 2746 3717 politica
2795 3635 3186 3701 instructum
3238 3655 3315 3719 se

100 3739 377 3815 approbat,
402 3739 563 3800 dum
595 3752 823 3799 causas
859 3742 922 3797 et
953 3733 1269 3814 principia
1290 3734 1575 3813 exquirit
1606 3740 1669 3795 et
1708 3730 2042 3810 investigat
2072 3749 2297 3795 eorum
2329 3750 2475 3812 quas
2491 3732 2886 3809 acciderunt,
2920 3734 3318 3798 Graecorum-

98 3850 193 3911 que
218 3837 404 3897 rebus
432 3833 735 3897 ultimam
760 3832 1108 3912 perniciem
1145 3830 1434 3915 attulere.
1476 3831 1696 3892 Trium
1735 3832 2035 3912 equidem
2086 3831 2593 3894 novissimorum
2627 3832 3081 3911 imperatorum
3097 3836 3316 3910 auspi-

98 3931 173 3990 cio
194 3949 284 3994 res
312 3941 523 4011 gestas
546 3929 988 4005 enarrareipsi
1026 3928 1424 4006 propositum
1442 3927 1589 4002 fuit,
1621 3929 1936 4009 urbisque
1955 3934 2017 3990 et
2047 3927 2303 4007 imperii
2334 3927 2658 3989 excidium
2690 3927 2951 4005 scriptis
2984 3929 3309 3993 mandare.

98 4026 484 4097 Quamobrem
528 4029 909 4095 Turcorum,
942 4024 1054 4101 qui
1082 4024 1243 4086 illud
1267 4024 1695 4097 debellarunt,
1733 4028 2127 4086 mentionem
2162 4024 2402 4104 ubique
2433 4023 2639 4085 facere
2683 4039 2813 4085 non
2860 4024 3070 4086 solum
3119 4042 3312 4103 opor-

98 4122 210 4196 tuit,
236 4124 337 4187 sed
370 4124 451 4185 ab
479 4122 671 4184 annis
696 4121 990 4198 pluribus
1010 4120 1141 4198 jam
1157 4119 1390 4198 elapsis
1423 4121 1701 4182 narratio
1736 4122 2083 4201 repetenda
2108 4120 2253 4193 fuit,
2299 4120 3085 4184 etJoannisCantacuzeni
3111 4125 3313 4187 Joan-

97 4218 291 4298 nisque
320 4218 662 4297 Palreologi
696 4216 862 4279 bella
898 4214 1114 4278 civilia
1136 4215 1602 4295 discordiaque
1635 4218 2005 4280 domesticae
2038 4218 2103 4279 in
2140 4234 2509 4280 memoriam
2570 4220 2946 4281 revocandae
2992 4220 3259 4283 fuerunt
3297 4242 3310 4284 :

100 4331 213 4390 qua:
238 4316 460 4379 Turcis
496 4316 562 4376 in
595 4316 918 4391 Europam
946 4312 1304 4393 trajiciendi
1332 4314 1739 4375 ocrasionem
1777 4324 1903 4374 tum
1945 4317 2225 4393 primum
2291 4314 2621 4393 praebuere
2658 4338 2674 4378 :
2708 4332 2851 4378 cum
2912 4317 3312 4397 inauspicato

98 4429 151 4471 ac
182 4413 330 4475 tristi
360 4412 665 4483 consilio,
702 4414 946 4472 Turcos
981 4414 1044 4471 in
1076 4411 1393 4488 Europam
1425 4410 1627 4470 Graeci
1651 4409 2042 4472 insanientes
2067 4414 2566 4485 accersiverbnt,
2588 4412 2846 4492 sibique
2863 4413 3083 4476 etaliis
3108 4418 3315 4493 genti-

101 4510 192 4570 bus
218 4510 618 4582 Christianis,
650 4525 763 4570 cur
793 4507 1079 4587 perirent
1112 4506 1429 4579 funditus,
1463 4514 1759 4568 auctores
1792 4512 2118 4570 exstitere.
2150 4509 2469 4573 Manuelis
2493 4508 2832 4590 Palreologi
2853 4511 3314 4593 ejusqueﬁlio-

1609 919 3295 947 *ΨΜ

120 934 1607 965 W—

102 4623 213 4666 rum
244 4608 508 4668 Joannis
539 4623 611 4668 ac
640 4606 1039 4667 Constantini
1091 4621 1192 4665 res
1228 4607 1305 4665 ad
1329 4611 1573 4681 captam
1609 4606 1831 4666 urbem
1871 4607 2177 4685 deinceps
2211 4607 2648 4684 persequitur.
2680 4609 2770 4670 Ad
2802 4612 3157 4673 'l‘urcorum
3184 4621 3313 4674 sta-

100 4709 204 4762 tum
230 4713 540 4782 quantum
575 4709 837 4780 spectat,
870 4702 937 4761 in
976 4701 1127 4762 Asia
1156 4701 1365 4779 qualis
1396 4700 1597 4762 fuerit
1628 4704 1750 4762 sub
1776 4703 2146 4765 Andronico
2163 4703 2446 4774 seniore,
2482 4705 2702 4781 paucis
2739 4705 2997 4779 indicat,
3033 4724 3315 4785 snspen-

99 4814 268 4878 soque
301 4803 463 4879 pede
497 4796 1031 4860 Otbmanidarum
1065 4798 1428 4876 principum
1452 4797 1686 4858 seriem
1720 4801 1796 4860 ad
1834 4801 2172 4877 Bajazitem
2198 4801 2474 4879 primum
2513 4803 2853 4879 percurrit,
2901 4803 3315 4883 breviterque

100 4893 164 4956 de
188 4896 519 4967 Ollimane,
560 4894 854 4957 Orcbane
884 4903 945 4953 et
976 4894 1216 4955 Morate
1256 4894 1467 4971 primo
1503 4894 1783 4956 disserit.
1818 4897 2111 4975 Bajazitis
2165 4905 2366 4974 gesta,
2419 4903 2545 4958 tam
2592 4898 2902 4958 adversus
2953 4900 3311 4962 Tureorum

104 4994 328 5067 regulos
352 4996 779 5070 etTemyrem
813 4990 1030 5070 (quem
1069 4990 1299 5068 vulgus
1334 4991 1759 5050 Tamerlanem
1779 4993 2004 5070 vocat),
2046 5009 2237 5070 quam
2267 4993 2665 5055 Christianos
2703 4991 3056 5071 principes,
3116 4998 3316 5074 proli-

102 5085 220 5149 xius
246 5098 517 5151 enarrat.
547 5087 893 5150 Lanienam
940 5086 1276 5165 caedesque
1311 5094 1564 5149 mutuas
1602 5086 1958 5150 liberorum
2020 5089 2334 5168 Bajazitis,
2365 5091 2476 5150 lsa:
2522 5089 2855 5162 nimirum,
2888 5091 3310 5167 Musulmani,

104 5183 292 5257 Musis,
310 5184 666 5263 Mustapbas
688 5201 759 5245 ac
782 5182 1468 5261 Mehemetisexliouit.
1492 5183 1780 5259 Cineitis,
1808 5183 1916 5262 qui
1951 5184 2507 5263 Ioniaeimperium
2532 5184 2879 5267 aliquando
2909 5188 3316 5270 sibiadroga-

106 5288 269 5351 verat,
295 5284 525 5343 variam
542 5280 891 5352 fortunam,
913 5278 1392 5341 fraudulentum
1426 5292 1892 5358 versutumque
1916 5281 2276 5361 ingenium,
2316 5282 2505 5344 modo
2530 5285 2603 5345 ad
2634 5284 2770 5358 has,
2820 5287 3015 5349 modo
3057 5288 3133 5349 ad
3167 5289 3311 5350 illas

106 5378 475 5453 propendens
507 5377 774 5456 ejusque
792 5376 1042 5435 tandem
1060 5374 1460 5437 eversionem
1476 5393 1547 5438 ac
1564 5378 1808 5438 ruinam
1833 5378 2159 5440 describit.
2177 5379 2437 5440 Moratis
2461 5378 2745 5460 denique
2776 5384 3070 5455 secundi,
3090 5385 3318 5445 Mehe-

107 5472 382 5549 metisque
425 5473 647 5534 itidem
681 5472 968 5543 secundi,
1004 5487 1149 5531 cum
1181 5480 1400 5533 contra
1441 5475 1684 5535 Turcos
1714 5484 1775 5534 et
1807 5474 2205 5535 Christianos
2231 5476 2293 5534 in
2333 5476 2502 5547 Asia,
2529 5485 2663 5538 tum
2712 5482 2778 5539 in
2819 5481 3071 5557 Europa
3096 5491 3315 5543 contra

101 5565 342 5641 Graecos,
372 5570 738 5645 Hungaros,
767 5564 1070 5639 Venetos,
1103 5566 1381 5641 Servios,
1405 5568 1770 5643 Walachos,
1791 5570 2193 5643 Genuenses,
2228 5572 2755 5651 Rhodiorumque
2788 5564 3099 5654 Equitum
3117 5577 3318 5637 colle-

101 5660 251 5736 gium
286 5665 633 5744 praecipuas
667 5678 765 5724 res
797 5670 1004 5742 gestas
1022 5670 1294 5724 enarrat.
1314 5664 1545 5727 Omnia
1575 5675 1895 5728 momenta
1921 5668 2197 5742 adnotat,
2218 5670 2456 5747 quibus
2478 5670 2896 5748 Byzantinum
2918 5672 3313 5751 imperiuma

103 5757 299 5821 Turcis
317 5762 592 5824 subinde
613 5757 1050 5821 labefactatum
1067 5758 1442 5821 Christianis
1461 5764 1712 5826 tandem
1738 5775 2025 5845 ereptum
2046 5774 2160 5826 est.
2181 5767 2705 5830 Othmanicorum
2739 5768 3104 5848 principum
3143 5770 3318 5848 (qui-

106 5856 207 5959 bus
232 5862 472 5925 occasio
493 5860 879 5940 propagandi
910 5859 1067 5921 ﬁnes
1092 5859 1354 5941 imperii
1387 5863 1491 5927 vix
1522 5881 1805 5946 unquam
1834 5867 2121 5947 neglecta
2152 5876 2260 5930 aut
2292 5870 2529 5932 omissa
2562 5870 2681 5951 est)
2704 5879 2893 5943 artes,
2924 5888 3109 5933 curas
3132 5888 3314 5937 acres

402 5969 677 6030 Pnaon.
719 5969 835 6028 Gn.
872 5966 1114 6029 CLVII.
2920 5977 2997 6037 25
