3782 6586
108 423 180 484 745
1471 398 1888 464 ΡΒᾹΞῈΑΤΙΟ.
3193 385 3301 448 ’146

101 536 355 616 aliis,qui
382 540 629 596 cratera:
664 522 1102 594 virtutes‘tuas
1154 528 1340 605 digne
1384 521 1734 616 prardirare
1785 520 2053 593 possunt
2087 533 2104 576 :
2145 511 2456 616 attonitus
2491 505 2634 616 illas
2690 500 3304 616 admirabundusque

101 599 342 712 inspicio,
377 631 683 709 simulque
712 635 984 701 mastus,
1008 625 1184 705 quod
1210 599 1513 705 facundia
1542 637 1614 676 ac
1647 615 2000 712 eloquentia
2023 607 2458 712 mos-deficiant,
2484 605 2708 684 quibus
2737 603 2881 665 illas
2896 599 3308 712 meritislatt-

102 700 241 796 dibits
269 700 472 807 efferre
495 700 762 805 possim.
795 725 994 801 Perge
1022 700 1406 800 quod'facis.
1440 711 1802 776 Cardinalis
1831 705 2332 779 eminentissime,
2366 704 2790 766 litteratorum
2809 701 2971 762 uotis
2987 707 3042 760 et
3063 700 3193 761 otio
3212 700 3311 777 fa-

100 845 229 897 tere,
250 840 568 901 eorumque
587 821 804 883 studia
831 819 1215 896 benignitate
1247 825 1354 876 tua
1375 817 1601 894 fovere.
1622 809 1786 874 Vale.

1144 1041 1332 1172 AD
1421 1031 2232 1150 LECTOBEM.

157 1234 437 1300 Benevole
475 1237 725 1307 Lector,
760 1233 837 1296 ad
873 1231 1087 1310 operis
1114 1227 1274 1306 regii
1307 1243 1378 1288 ac
1409 1217 1727 1300 magniﬁci
1761 1222 2176 1287 structuram,
2210 1232 2287 1275 ex
2324 1207 2967 1310 Regiabibliotheca
3020 1206 3314 1310 mater—ias

97 1339 203 1398 sine
228 1332 382 1393 furto
414 1330 542 1392 alio
569 1303 1228 1395 non'transierendasi,
1263 1337 1402 1383 cum
1438 1315 1783 1397 potuerim,
1819 1318 2214 1390 comportare
2255 1306 2482 1370 debui.
2517 1307 2616 1369 Illi
2653 1305 2980 1383 equidem,
3013 1319 3147 1380 quo
3193 1303 3316 1379 By-

98 1429 297 1494 zantina
325 1423 590 1487 historia
624 1425 746 1486 huc
771 1435 832 1487 et
867 1424 1019 1484 illuc
1050 1436 1288 1499 sparsa,
1321 1435 1391 1478 ac
1427 1415 1599 1475 velut
1632 1411 1797 1470 inter
1822 1408 2051 1468 rudera
2073 1405 2315 1484 jaccns,
2353 1404 2418 1464 in
2451 1402 2717 1481 superbi
2773 1399 3013 1460 aaditicii
3077 1398 3312 1499 molem

94 1538 492 1600 acrompagem
514 1521 818 1599 assurgit,
845 1495 1102 1597 operam
1128 1523 1408 1577 nostram
1426 1519 1754 1585 utcunque
1787 1505 2146 1575 uavaviSse,
2183 1511 2241 1562 et
2264 1500 2597 1600 particulae
2617 1514 2855 1600 nomen
2877 1502 3174 1600 nostrum
3203 1495 3313 1600 in.-

97 1591 404 1700 scripsisse,
438 1591 829 1697 aliquantam
864 1591 1120 1678 laudem
1154 1613 1342 1674 nobis
1374 1610 1714 1670 allaturum
1749 1600 2321 1700 sper_o._Sost_ratus
2384 1596 2711 1676 siquidem
2765 1593 3046 1700 timidius
3106 1591 3317 1700 archi-

94 1689 272 1786 tectus,
305 1689 702 1778 Alexandriae
727 1714 995 1791 pharum
1031 1710 1367 1771 Ptolemaeo
1389 1695 2026 1770 acditicansmominis
2054 1697 2158 1755 sui
2192 1711 2263 1756 ac
2287 1693 2462 1754 fama:
2485 1689 2928 1771 perpetuitati,
2961 1695 3315 1752 structurae

94 1815 218 1874 illud
247 1812 643 1892 permittente
677 1789 823 1889 rege
865 1806 1300 1873 inscribendo,
1332 1797 1679 1881 prospexit.
1718 1798 1809 1856 Ex
1843 1793 2242 1892 bibliothecae
2264 1791 2462 1871 igitur
2490 1790 2700 1869 Regia:
2733 1804 2925 1849 manu
2944 1789 3184 1892 scripto
3209 1802 3317 1846 co-

92 1911 200 1972 dice
227 1885 375 1990 opus
407 1885 864 1987 transcriptum
897 1905 1119 1974 aﬂ‘ern,
1155 1901 1303 1979 styli
1338 1898 1597 1978 quidem
1629 1891 1946 1968 elegantia
1972 1888 2888 1990 haudornatumetcomptum
2918 1901 2932 1944 :
2968 1885 3311 1946 barbarum

91 1981 774 2086 potius',impolitum-ac
805 2005 963 2064 rude
997 2003 1243 2069 dixero,
1278 2002 1384 2056 sed
1424 2009 1637 2055 rerum
1672 1993 1998 2086 momento
2027 2003 2098 2048 ac
2117 1981 3135 2086 gravitateeximiumearumque
3161 1996 3312 2086 nar-

92 2077 288 2167 ratione
322 2077 625 2183 prudenti
667 2111 941 2179 gratum.
979 2096 1225 2159 infelici
1257 2092 1509 2162 saeculo,
1533 2103 1659 2167 quo
1675 2082 1920 2145 Graecia
1950 2081 2260 2183 aerumnis
2291 2079 2711 2183 cladibusque
2731 2077 3315 2183 continuisiattrita

92 2174 535 2280 Turcormnque
568 2174 912 2275 tyrannide
944 2210 1275 2272 Oppi-essu,
1311 2187 1576 2251 ultimos
1601 2178 1872 2244 ducebat
1903 2176 2199 2255 spiritus,
2222 2175 2376 2253 styli
2403 2175 2730 2237 barbaries
2754 2174 3133 2280 ascribenda
3175 2182 3314 2237 est:

90 2272 619 2377 (intestatum-illam
663 2305 914 2374 gentem
949 2302 1069 2352 tam
1111 2293 1228 2350 lato
1258 2289 1652 2364 pervaserat,
1687 2286 1755 2340 ut
1813 2276 2265 2354 pauciSSimOS,
2327 2272 2926 2377 νθηυδίθῑθωίηιξω
2977 2275 3313 2352 Mlliqu

91 2369 462 2473 leporemque
479 2369 794 2454 sermonis
820 2389 958 2450 suis
982 2387 1379 2449 circumdare
1419 2377 1674 2458 scriptis
1689 2377 1950 2436 sineret.
1976 2376 2208 2435 Noster
2231 2372 2473 2434 idcirco
2490 2380 2728 2445 auctor,
2748 2369 3082 2473 qui-rebus
3117 2371 3314 2432 etiam

90 2467 307 2567 agendis
332 2467 882 2567 expediendisque
915 2484 1214 2563 negotiis,
1252 2479 1459 2558 potius
1492 2491 1682 2554 quam
1739 2470 2117 2566 evolvendis
2149 2469 2329 2531 libris
2364 2485 2625 2547 operam
2656 2483 2839 2549 suam
2869 2467 3312 2548 impendebat,

93 2588 329 2647 barbaris
357 2603 488 2647 non
505 2585 710 2647 solum
733 2584 997 2644 vocibus
1029 2582 1235 2642 utitur
1268 2575 1461 2655 (quod
1484 2571 1957 2642 etanterior‘um
1982 2567 2367 2629 saeculorum
2391 2568 2829 2646 castigatiores
2851 2576 3148 2630 auctores
3170 2570 3316 2648 qui-

92 2700 188 2758 que
208 2681 521 2743 sermonis
558 2681 831 2741 nitorem
857 2679 1334 2742 atl'ectavorunt,
1368 2669 1601 2745 fecere)
1641 2689 1656 2728 :
1691 2665 1802 2726 sed
1839 2664 2028 2725 etiam
2062 2665 2279 2724 Grmca
2329 2665 2520 2725 verba
2562 2664 2840 2725 absurda
2883 2665 3314 2726 constructio-

92 2793 153 2838 ne
179 2795 276 2839 seu
312 2777 681 2839 soloecismo
714 2775 1040 2854 perturbat
1071 2789 1141 2832 ac
1173 2767 1542 2848 permiscet.
1579 2767 1749 2825 lnter
1784 2779 2006 2842 vepres
2049 2769 2260 2823 tamen
2291 2761 2644 2841 spinasque
2676 2760 2819 2822 illas
2874 2760 2991 2823 ﬂos
3047 2762 3315 2840 quidam

91 2892 192 2936 non
219 2875 526 2936 ineruditi
588 2872 838 2954 ingenii
875 2889 943 2931 se
977 2869 1250 2949 explicat
1287 2883 1300 2926 :
1339 2866 1578 2942 legerat
1609 2861 1851 2940 quippe
1913 2878 2128 2923 sacros
2163 2861 2359 2922 libros
2399 2860 2696 2940 aliosque
2746 2860 3158 2922 historiarum
3189 2877 3312 2923 au-

91 2977 256 3030 ctores
285 2988 300 3033 :
330 2971 421 3032 ita
460 2976 528 3031 ut
560 2969 845 3046 linguam
885 2968 1163 3028 Graecam
1194 2962 1526 3041 antiquam
1555 2957 1882 3033 calluisse,
1914 2975 2140 3020 verum
2171 2955 2497 3018 scribendi
2539 2974 2661 3019 usu
2694 2975 2765 3019 ac
2786 2957 3008 3035 peritia
3033 2957 3313 3019 destitu-

91 3065 368 3128 tusfuisse
405 3064 566 3126 mihi
600 3063 914 3125 videatur.
947 3060 1252 3123 Criticum
1288 3063 1624 3136 pr0pterea
1655 3069 1844 3130 agere
1876 3054 2083 3126 nolui,
2118 3057 2211 3114 vel
2246 3053 2325 3114 de
2360 3052 2568 3114 verbis
2631 3053 2811 3114 litem
2867 3053 2968 3113 illi
3029 3070 3310 3128 movere,

92 3163 660 3240 qui,grammatices
693 3162 950 3222 deserto
979 3155 1140 3230 foro,
1173 3156 1249 3217 ad
1282 3155 1566 3217 alienum
1601 3152 2154 3230 peregrinumque
2182 3166 2250 3211 se
2284 3147 2630 3210 transtulit.
2690 3149 2854 3210 Satis
2888 3148 3045 3209 mihi
3096 3149 3312 3211 visum

85 3257 182 3318 fuit
202 3276 456 3320 sensum
481 3259 820 3319 verborum
838 3253 1095 3334 assequi
1121 3260 1324 3331 etque
1357 3251 1537 3330 potui
1570 3253 1738 3312 bona
1771 3248 1887 3310 ﬁde
1903 3265 1973 3310 ac
1991 3249 2322 3327 diligentia
2350 3251 2413 3310 in
2447 3249 2742 3310 Latinum
2771 3265 3134 3310 sermonem
3158 3265 3314 3311 con-

91 3364 313 3429 vertere,
347 3356 414 3416 in
455 3353 721 3433 gratiam
775 3352 1038 3414 illorum
1097 3351 1213 3429 qui
1271 3349 1554 3428 linguam
1590 3349 1873 3410 Graecam
1902 3355 2012 3410 aut
2048 3349 2304 3427 penitus
2347 3347 2646 3427 ignorant
2676 3347 3182 3428 autimperfecte
3206 3349 3310 3411 di-

88 3451 360 3513 diceruut.

149 3546 472 3625 Byzantini
503 3545 763 3624 imperii
799 3561 900 3606 res
931 3544 1006 3605 ad
1040 3543 1373 3605 interitum
1409 3542 1814 3611 festinantes,
1853 3551 1910 3602 et
1938 3541 3315 3620 postremorumimperatorumChristiano-

91 3657 197 3700 rum
225 3652 503 3719 tempore
539 3641 903 3702 describere
928 3655 1296 3718 aggressus,
1321 3655 1534 3699 rerum
1563 3655 1686 3700 usu
1722 3642 1999 3718 peritum
2020 3656 2090 3700 ac
2133 3639 2448 3717 sapientia
2484 3638 2743 3717 politica
2793 3638 3183 3702 instructum
3236 3658 3312 3720 se

95 3741 373 3815 approbat,
399 3741 560 3801 dum
592 3754 819 3799 causas
857 3743 918 3798 et
948 3734 1265 3814 principia
1288 3735 1572 3814 exquirit
1603 3741 1666 3796 et
1705 3733 2039 3811 investigat
2069 3752 2293 3797 eorum
2327 3752 2472 3813 quas
2489 3735 2883 3811 acciderunt,
2918 3737 3315 3800 Grascorum-

91 3852 185 3912 que
210 3838 400 3897 rebus
434 3834 731 3896 ultimam
757 3833 1105 3912 perniciem
1142 3831 1430 3915 attulere.
1473 3833 1693 3894 Trium
1732 3834 2031 3913 equidem
2083 3833 2590 3895 novissimorum
2625 3834 3313 3912 imperatorumauspi-

89 3933 164 3990 cio
187 3951 277 3994 res
307 3942 521 4011 gestas
544 3948 842 3992 exterrere
865 3930 985 4006 ipsi
1024 3929 1420 4007 propositum
1440 3929 1586 4003 fuit,
1618 3931 1932 4010 urbisque
1952 3936 2013 3991 et
2044 3930 2300 4009 imperii
2332 3930 2655 3990 excidium
2687 3930 2948 4007 scriptis
2981 3932 3306 3994 rnandare.

89 4029 482 4097 Quamobrem
525 4030 904 4095 'l‘urcorum,
939 4027 1050 4102 qui
1081 4025 1238 4086 illud
1263 4025 1692 4098 debellarunt,
1731 4029 2123 4087 mentionem
2159 4026 2399 4105 ubique
2430 4025 2636 4086 facere
2681 4042 2810 4087 non
2857 4027 3067 4088 solum
3116 4045 3308 4105 Opor-

89 4123 203 4197 tuit,
230 4126 332 4187 sed
366 4126 448 4186 ab
477 4123 667 4184 annis
693 4122 986 4198 pluribus
1007 4121 1137 4199 jam
1155 4120 1386 4198 elapsis
1419 4123 1698 4183 narratio
1734 4124 2080 4202 repetenda
2106 4122 2250 4194 fuit,
2296 4122 3082 4186 etJoannisCantacuzeni
3108 4127 3309 4188 Joan-

88 4219 284 4299 nisque
315 4219 657 4297 Paleeoiogi
692 4217 858 4279 bella
895 4217 1110 4278 civilia
1133 4216 1599 4295 discordiaeth
1633 4219 2002 4281 domesticas
2036 4220 2100 4280 in
2137 4237 2505 4282 memoriam
2567 4223 2943 4283 revocandm
2990 4222 3255 4285 fuerunt
3294 4245 3306 4286 :

91 4332 204 4390 quae
230 4317 456 4379 Turcis
495 4318 559 4376 in
593 4318 914 4391 Europam
945 4314 1299 4393 trajiciendi
1329 4315 1734 4376 ocrasionem
1774 4326 1899 4375 tum
1942 4319 2221 4394 primum
2288 4317 2618 4394 praebuere
2655 4340 2670 4380 :
2705 4335 2848 4380 cum
2908 4320 3308 4398 inauspicato

87 4430 141 4470 ac
173 4415 323 4476 tristi
356 4412 661 4484 consilio,
699 4415 942 4472 Turcos
979 4415 1041 4472 in
1073 4413 1388 4488 Europam
1423 4411 1623 4471 Grthi
1648 4411 2039 4473 insanientes
2065 4417 2563 4487 accersiverunt,
2586 4414 2842 4494 sibique
2860 4415 3079 4477 etaliis
3105 4420 3311 4494 genti-

89 4515 183 4570 bus
211 4511 614 4582 Christianis,
647 4527 758 4570 cur
791 4508 1074 4587 perirent
1108 4507 1424 4580 funditus,
1460 4516 1755 4570 auctores
1789 4515 2115 4572 exstitere.
2148 4511 2465 4574 Manuelis
2490 4512 2828 4591 Palaeologi
2851 4513 3310 4594 ejusqucﬁlio-

91 4625 203 4667 rum
237 4608 504 4669 Joannis
536 4624 606 4668 ac
637 4607 1036 4668 Constantini
1089 4622 1188 4666 res
1225 4609 1302 4666 ad
1326 4613 1569 4682 captam
1605 4608 1827 4668 urbem
1868 4609 2174 4687 deinceps
2209 4610 2644 4686 persequitur.
2677 4611 2766 4671 Ad
2799 4614 3152 4674 'l‘urcorum
3180 4623 3309 4675 sta-

87 4710 536 4782 tumquantum
571 4710 833 4780 spectat,
867 4703 933 4762 in
974 4701 1122 4762 Asia
1153 4702 1360 4780 qualis
1395 4702 1593 4763 fuerit
1625 4706 1746 4764 sub
1774 4705 2142 4766 Andronico
2160 4705 2442 4775 seniore,
2478 4707 2698 4782 paucis
2736 4707 2993 4780 indicat,
3029 4726 3310 4787 sr15peu-

86 4817 259 4879 seque
294 4805 460 4880 pede
495 4798 1028 4860 Otlimanidarum
1063 4799 1424 4877 principum
1450 4799 1682 4860 seriem
1717 4803 1792 4861 ad
1830 4803 2168 4879 anazitem
2195 4804 2848 4881 primumpercurrit,
2898 4806 3310 4886 breviterque

87 4895 151 4957 de
177 4898 515 4968 Othmane,
557 4896 850 4957 Orcbane
880 4905 941 4954 et
973 4896 1213 4956 Morate
1253 4896 1463 4972 primo
1500 4896 1778 4957 disserit.
1815 4899 2107 4976 Bajazitis
2161 4908 2362 4976 gesta,
2417 4906 2541 4960 tam
2590 4900 2898 4959 adversus
2950 4903 3307 4963 Turcorum

90 4996 319 5068 regulos
346 4997 774 5071 etTemyrem
811 4992 1025 5071 (quem
1066 4993 1294 5068 vulgus
1331 4992 1754 5052 Tamertanem
1776 4995 2000 5071 vocat),
2043 5012 2232 5072 quam
2265 4995 2660 5057 Christianus
2700 4994 3052 5073 principes,
3113 5001 3311 5076 proli-

89 5088 209 5151 xius
237 5100 513 5152 enarrat.
544 5089 889 5151 Lanienam
936 5089 1272 5167 caedesque
1308 5095 1560 5150 mutuas
1600 5088 1954 5150 liberorum
2016 5091 2330 5168 Bajazitis,
2362 5094 2472 5152 lsa:
2518 5092 2851 5164 nimirum,
2885 5094 3305 5168 Musulmani,

89 5186 283 5258 Musis,
301 5186 662 5264 Mustapbte
685 5202 754 5246 ac
779 5185 1161 5246 Mehemetis
1179 5185 1464 5262 exliouit.
1490 5184 1777 5260 Cineitis,
1805 5185 1912 5262 qui
1949 5187 2145 5247 Ioniae
2164 5186 2503 5264 imperium
2528 5187 2875 5268 aliquando
2906 5190 3028 5252 sibi
3046 5192 3311 5271 adroga-

91 5291 257 5352 verat,
287 5286 521 5344 variam
539 5281 886 5352 fortunam,
909 5279 1388 5342 fraudulentum
1424 5294 1888 5359 versutumque
1913 5283 2272 5361 ingenium,
2313 5285 2502 5345 modo
2527 5287 2598 5346 ad
2631 5287 2766 5359 bas,
2818 5289 3010 5350 modo
3054 5290 3128 5350 ad
3163 5291 3305 5352 illas

90 5382 471 5455 propendens
504 5378 1037 5458 ejusquetandem
1057 5376 1456 5438 eversionem
1474 5394 1543 5439 ac
1561 5379 1804 5439 ruinam
1831 5379 2155 5441 describit.
2174 5381 2433 5441 Moratis
2458 5381 2742 5461 denique
2773 5387 3066 5456 secundi,
3087 5387 3312 5447 Mehe-

91 5475 374 5550 metisque
420 5476 642 5535 itidem
679 5473 962 5543 secundi,
1000 5488 1144 5532 cum
1177 5481 1396 5534 contra
1438 5477 1680 5536 Turcos
1712 5486 1771 5536 et
1804 5477 2200 5536 Christianos
2228 5477 2289 5535 iu
2330 5478 2497 5548 Asia,
2526 5487 2659 5540 tum
2709 5485 2774 5540 in
2814 5484 3067 5559 Europa
3092 5494 3310 5544 contra

85 5569 332 5642 Graecos,
366 5573 732 5646 Hungaros,
763 5569 1064 5641 Venetos,
1099 5567 1376 5642 Servios,
1402 5570 1765 5644 Walachos,
1788 5572 2188 5645 Geuuenses,
2222 5574 2750 5653 Rhodiorumque
2783 5578 3086 5656 Equitum
3113 5579 3313 5638 colle-

84 5665 238 5740 gium
277 5667 628 5746 praecipuas
663 5681 759 5725 res
793 5673 998 5743 gestas
1018 5672 1290 5725 enarrat.
1311 5665 1542 5728 Omnia
1572 5677 1890 5730 momenta
1918 5670 2192 5743 adnotat,
2215 5673 2452 5748 quibus
2473 5673 2892 5750 Byzantinum
2915 5674 3256 5751 imperium
3276 5693 3309 5734 a

85 5761 287 5823 Turcis
308 5765 587 5825 subinde
609 5760 1044 5822 labefactatum
1063 5760 1438 5823 Christianis
1459 5765 1708 5827 tandem
1734 5778 2021 5846 ereptum
2043 5775 2156 5828 est.
2177 5769 2701 5832 Othmanicorum
2736 5771 3100 5849 principum
3139 5772 3313 5850 (qui-

88 5860 191 5924 bus
220 5863 467 5927 occasio
490 5861 872 5940 propagandi
906 5862 1062 5922 fines
1089 5862 1350 5943 imperii
1383 5866 1486 5928 vix
1519 5883 1801 5948 unquam
1830 5870 2118 5948 neglecta
2148 5879 2256 5932 aut
2289 5872 2524 5934 omissa
2559 5872 2676 5953 est)
2701 5881 2888 5944 artes,
2920 5891 3103 5934 curas
3129 5891 3308 5938 acres

395 5971 672 6032 PA'rttOL.
715 5970 830 6030 Gn.
869 5969 1109 6030 CLVII.
2916 5981 2992 6039 2!.

127 934 1604 966 .———-—-s-—————————————*——-———'—
