3782 6606
12 5782 19 5881 ὲ

12 5904 17 5935 ι

12 5978 19 6101 Ξ

12 6116 21 6175 l

432 402 539 469 747

2155 397 2163 457 ι
3532 352 3648 463 “iis

427 517 894 595 assiduumque
919 516 1201 579 laborem
1232 515 1298 579 in
1328 512 1727 580 debellandis
1742 513 2112 576 nationibus
2130 507 2388 572 indicat.
2419 511 2637 588 Neque
2657 505 2844 570 etiam
2867 505 2977 569 illa
2997 504 3417 585 prmiermisit,
3436 521 3566 585 quas
3584 515 3647 572 ad

432 614 811 690 religionem
841 620 963 674 tam
995 622 1273 674 nostram
1299 611 1749 684 Christianam,
1781 626 1973 689 quam
2008 606 2534 669 Musulmanicam
2567 605 2914 684 pertinent.
2940 602 3212 667 Concilii
3239 604 3569 666 Florentini
3586 608 3650 667 ab

428 709 719 786 Eugenio
738 725 808 786 pa
818 725 893 786 pa
908 708 1233 784 celebrati,
1250 708 1351 771 cui
1367 709 1642 770 Joannes
1656 707 2050 785 Palzeologus
2065 703 2436 781 imperator,
2455 702 2773 780 .losephus
2788 701 3147 780 patriarcha
3158 700 3655 779 Constantinopo-

430 800 692 873 litanus,
718 804 992 865 etGrmci
1017 803 1225 865 creteri
1260 803 1721 878 interfuerunt,
1752 802 2085 864 historiam
2123 799 2405 863 breviter
2429 798 2781 862 contexuit.
2815 800 3063 860 Novam
3088 812 3236 859 vero
3270 804 3519 872 sectam,
3542 815 3660 874 quas

428 900 600 961 inter
624 902 671 959 Τ
681 916 866 960 urcos
885 916 917 959 a
940 899 1217 977 quodam
1236 900 1544 977 Bercligia
1564 898 1899 976 Mustapha
1929 898 2179 960 invecta
2194 905 2291 961 est
2314 900 2665 978 statimque
2680 896 2911 971 deleta,
2932 897 3233 957 intactam
3260 910 3384 957 non
3404 894 3656 973 reliquit.

432 998 526 1059 Ad
546 1003 787 1075 captam
811 1012 846 1057 a
873 994 1098 1055 Turcis
1116 994 1738 1073 ConstantinOpolim
1782 993 2112 1054 historiam
2146 996 2551 1058 solummodo
2573 993 2923 1073 perducere
2941 993 3063 1054 sibi
3088 1000 3533 1070 preposuerat;
3576 1008 3663 1051 ve-

378 1152 393 1157 -
434 1110 598 1167 rum,
626 1109 738 1169 spe
756 1092 988 1154 ductus
1004 1090 1240 1153 futurae
1262 1092 1611 1170 aliquando
1635 1089 1991 1152 eversionis
2006 1092 2311 1169 potentias
2330 1092 2636 1163 Turcicm,
2656 1096 3044 1169 gentemque
3058 1088 3337 1165 Graecam
3356 1088 3419 1148 in
3444 1087 3663 1166 pristini

432 1188 798 1266 splendoris
822 1196 1058 1249 statum
1090 1187 1515 1257 reducendum
1551 1187 1691 1249 fore
1722 1194 1920 1261 ratus,
1945 1193 2086 1265 post
2119 1188 2298 1248 urbis
2353 1193 2551 1265 capue
2606 1201 2850 1249 annum
2884 1187 3316 1247 narrationem
3375 1184 3660 1262 produxit.

433 1288 622 1346 liunc
654 1301 844 1363 porro
880 1293 1205 1346 auctorem
1238 1285 1513 1347 Laonico
1542 1285 1903 1347 etPhranzi
1930 1283 2198 1347 multum
2233 1292 2534 1362 praestare
2568 1289 2908 1363 propterea
2954 1298 3217 1356 censeo,
3263 1282 3438 1360 quod
3480 1297 3662 1341 rerum

431 1380 751 1457 principia
784 1388 846 1442 et
872 1396 1095 1441 causas
1124 1380 1505 1459 diligentius
1541 1379 1908 1457 investiget,
1939 1381 2454 1459 narrationisque
2484 1381 2663 1443 ﬁlum
2696 1380 2952 1459 parcius
2974 1379 3432 1456 interrumpat.
3475 1379 3667 1439 [aoni-

432 1493 546 1538 cus
579 1476 778 1550 enim,
810 1475 963 1537 dum
1004 1476 1082 1536 de
1113 1476 1308 1539 rebus
1332 1478 1689 1538 Turcorum
1722 1476 2056 1539 confusam
2091 1494 2259 1556 sape
2300 1478 2730 1540 narrationem
2761 1475 3074 1548 ins’t-ituit,
3106 1476 3182 1537 ad
3222 1474 3665 1553 describendas,

431 1572 733 1650 imperite
762 1578 829 1633 ut
862 1572 1248 1649 plurimum,
1282 1573 1780 1636 occidentalium
1814 1590 2163 1651 regnorum
2193 1574 2492 1654 politeias
2516 1573 2900 1653 digreditur.
2934 1572 3259 1635 Phranzes
3289 1579 3500 1633 autem
3533 1588 3667 1647 pra:-

432 1676 529 1729 ter
556 1686 690 1730 rem
722 1676 784 1731 et
816 1668 1061 1730 nullius
1094 1670 1401 1730 momenti
1435 1672 1634 1733 multa
1665 1670 1805 1732 suis
1840 1669 2121 1731 inseruit
2148 1688 2166 1745 ;
2189 1688 2306 1733 nec
2338 1680 2631 1735 accurate
2666 1676 2728 1733 et
2759 1669 3129 1748 diligenter,
3151 1674 3381 1745 printer
3402 1665 3667 1726 Constan-

431 1765 921 1845 tinOpolitanam
949 1766 1378 1840 obsidionem,
1401 1784 1593 1846 quam
1617 1775 1787 1830 recte
1814 1766 2172 1829 instituitet
2191 1767 2627 1848 persequitur,
2654 1783 2755 1829 res
2782 1772 2987 1844 gestas
3004 1770 3238 1825 narrat.
3266 1763 3426 1830 Cum
3459 1762 3666 1821 Turco-

434 1882 571 1925 rum
603 1863 947 1926 annalibus
972 1872 1035 1926 et
1059 1863 1350 1938 historia,
1378 1882 1413 1927 a
1443 1865 1855 1940 Leunclavio,
1886 1865 2220 1927 accerrimi
2235 1866 2466 1945 judicii
2499 1866 2661 1941 viro,
2681 1864 2898 1938 editis,
2929 1864 3159 1925 Noster
3187 1859 3527 1923 admodum
3544 1876 3665 1919 sen-

434 1960 507 2022 tit
535 1977 549 2021 :
582 1976 711 2040 quo
732 1961 997 2022 nomine
1030 1960 1584 2040 magnifaciendus
1610 1961 1769 2022 mihi
1794 1961 2071 2024 videtur.
2093 1962 2165 2024 In
2190 1962 2323 2023 illis
2345 1963 2582 2042 quaead
2605 1962 2918 2023 Joannem
2950 1969 3330 2036 utrumque,
3392 1956 3666 2018 Cantacu-

433 2074 663 2118 zenum
684 2063 746 2119 et
776 2056 1227 2133 Palasologum,
1260 2058 1608 2133 pertinent,
1630 2058 1708 2120 ab
1732 2056 1872 2135 ipso
1888 2057 2327 2120 Cantacuzeno
2357 2074 2485 2120 non
2503 2057 2685 2120 valde
2705 2055 3005 2118 dissentit
3024 2053 3322 2134 quamvis
3345 2058 3666 2128 temporum

431 2155 666 2216 seriem
701 2156 1162 2217 inlerturbasse
1195 2156 1434 2218 alicubi
1468 2157 2011 2233 deprehendatur.
2044 2159 2172 2219 Nec
2203 2153 2463 2217 silentio
2503 2152 3041 2215 transmittendus
3078 2156 3174 2210 est
3204 2163 3557 2208 consensus
3578 2155 3668 2223 qui

432 2250 605 2314 inter
640 2251 853 2329 ipsum
886 2269 958 2313 ac
994 2253 1393 2313 Leonariluui
1422 2252 1764 2314 Chiensem
1792 2248 2881 2329 interceditinConstantinopoleos
2906 2247 3247 2309 obsidione
3279 2260 3355 2305 ac
3377 2260 3668 2321 expugna-

433 2348 607 2411 tione
634 2350 1078 2411 describenda.
1108 2348 1267 2422 Quae
1295 2348 1561 2427 quidem
1577 2352 1987 2413 diversorum
2018 2350 2405 2428 scriptorum
2449 2344 2789 2407 concordia
2812 2342 3101 2405 historias
3157 2341 3350 2402 ﬁdem
3387 2339 3669 2409 conciliat,

433 2453 495 2506 et
526 2462 669 2524 quae
693 2460 836 2506 vera
864 2462 1083 2523 quasve
1112 2444 1270 2507 falsa
1290 2445 1443 2517 sint,
1479 2446 1891 2508 discernendi
1913 2446 2165 2526 cepiam
2191 2444 2452 2506 facit.ln
2479 2443 2670 2503 rebus
2700 2456 2888 2519 porro
2921 2436 3312 2514 Hungaricis
3334 2434 3671 2515 imperitum

434 2557 505 2602 se
537 2540 771 2618 prodit,
795 2548 1163 2618 statumque
1211 2540 1393 2617 regni
1424 2540 1602 2601 illius
1637 2548 1892 2604 amorte
1928 2538 2322 2620 Sigismundi
2357 2537 2765 2616 imperatoris
2788 2536 3148 2614 ignorasse.

513 2640 605 2700 De
635 2637 919 2700 auctoris
951 2636 1147 2715 hujus
1175 2637 1504 2712 Historiae,
1533 2655 1727 2717 quam
1757 2641 1879 2702 sub
1903 2656 2095 2699 manu
2125 2636 2459 2705 habemus,
2496 2633 2760 2694 nomine
2795 2640 2858 2694 et
2884 2647 3121 2709 genere
3172 2627 3561 2707 paucissima
3592 2624 3672 2685 di-

434 2734 634 2796 cenda
664 2741 1031 2795 occurrunt.
1066 2736 1142 2795 Et
1176 2733 1301 2795 nisi
1326 2734 1427 2796 avi
1457 2736 1557 2795 sui
1587 2736 1834 2814 paterni
1868 2751 2099 2796 nomen
2136 2734 2341 2811 capite
2374 2733 2411 2792 5
2441 2729 2773 2803 edidisset,
2804 2742 3169 2805 anonymus
3202 2726 3365 2787 liber
3419 2724 3671 2802 proditu-

435 2847 548 2899 rus
576 2837 733 2892 erat.
769 2832 1008 2892 Verum
1042 2848 1190 2893 cum
1219 2830 1299 2892 ab
1332 2830 1617 2909 antiquis
1649 2831 1781 2892 illis
1804 2833 2000 2893 Ducis
2032 2832 2145 2911 qui
2186 2827 2742 2904 Constantinopoli
2776 2834 3149 2907 regnarunt,
3200 2841 3270 2886 se
3340 2832 3547 2885 ortum
3596 2822 3671 2884 di-

434 2935 555 2999 cat,
595 2933 657 2988 et
682 2926 1055 2988 Michaelem
1092 2929 1329 2989 Ducam
1364 2943 1554 2989 avum
1577 2944 1769 2988 suum
1795 2927 2105 3006 appellet,
2130 2917 2698 2990 Historimtiiulum
2730 2926 3128 3005 inscripturi,
3164 2925 3267 2986 avi
3295 2940 3530 2986 nomen
3558 2938 3673 2998 pro-

437 3022 647 3099 prium
678 3038 750 3084 ac
786 3022 1175 3102 gentilitiurn
1210 3024 1556 3102 repetitum
1609 3023 2029 3102 prmtiximus,
2091 3033 2162 3088 ut
2197 3026 2478 3088 auctoris
2512 3024 2847 3104 proprium
2884 3020 3352 3094 nomen,nobis
3386 3024 3671 3097 ignotum,

434 3118 542 3181 tali
587 3119 1069 3182 circumstantia
1124 3121 1690 3184 determinaretur.
1722 3121 2102 3183 Christianae
2145 3125 2399 3201 pietatis
2441 3120 2922 3183 tenacissimum
2955 3128 3016 3182 et
3052 3119 3384 3181 catholica
3414 3115 3671 3176 Ecclesia:

433 3214 914 3277 communionis
939 3215 1494 3279 studiosissimum
1516 3235 1582 3279 se
1615 3218 1856 3296 ubique
1874 3221 2199 3296 approbat.
2236 3220 2472 3282 Graecis
2508 3218 2828 3281 levitatem
2855 3218 3218 3296 malamque
3239 3216 3435 3277 fidem
3462 3212 3672 3292 objicit,

433 3314 543 3392 qui
577 3313 715 3374 ﬁcte
744 3330 815 3375 ac
844 3313 1143 3375 simulate
1173 3330 1315 3375 cum
1344 3317 1626 3379 Romana
1648 3315 1931 3377 Ecclesia
1946 3318 2348 3378 concordiam
2386 3314 2688 3388 inierant,
2724 3331 2841 3375 nec
2871 3315 3001 3376 alio
3031 3314 3245 3375 animo
3270 3331 3493 3391 pacem
3531 3329 3670 3376 com-

434 3416 786 3487 posuerant
832 3426 1020 3487 quam
1065 3417 1131 3470 ut
1170 3426 1206 3472 a
1261 3411 1669 3489 principibus
1721 3412 2249 3482 occidentalibus,
2308 3427 2461 3488 papa
2503 3412 2839 3489 priecipue,
2873 3411 3118 3472 auxilia
3169 3422 3395 3475 contra
3458 3415 3667 3474 Turcos

434 3515 1014 3583 consequerentur.
1054 3505 1429 3568 lnstitutum
1464 3508 1608 3569 vitm
1666 3509 2164 3587 qualefueritex
2197 3507 2339 3585 ipso
2394 3507 2643 3567 discere
2698 3523 3072 3585 possumus,
3102 3507 3218 3586 qui
3289 3526 3361 3570 se
3428 3506 3669 3588 politicis

435 3604 627 3679 rebus
665 3618 736 3664 ac
770 3602 1047 3679 negotiis
1076 3604 1416 3667 tractandis
1444 3614 1825 3684 occupatum
1844 3604 2054 3667 fuisse
2082 3603 2290 3666 tradit.
2319 3604 2507 3683 Apud
2537 3604 2929 3677 Gateluzios,
2968 3604 3157 3666 Lesbi
3183 3605 3533 3684 principes,
3554 3605 3673 3664 vito

436 3706 677 3775 partem
712 3699 1038 3777 transegit,
1072 3699 1192 3760 (ide
1225 3716 1296 3761 ac
1348 3701 1548 3778 gratia
1609 3702 1829 3777 valuit,
1881 3701 1959 3771 ab
2005 3700 2266 3780 illisque
2324 3703 2403 3763 ad
2458 3702 2788 3763 sultanum
2850 3701 3275 3765 Mehemetem
3338 3705 3666 3766 secundum

434 3801 577 3871 post
619 3800 840 3856 urbem
866 3802 1106 3872 captam
1134 3795 1382 3875 legatus
1418 3798 1650 3859 missus
1681 3807 1797 3859 est.
1822 3799 2053 3859 lterum
2071 3798 2519 3876 quarumdam,
2541 3814 2701 3875 quas
2726 3805 2960 3873 narrat,
2985 3805 3308 3876 spectator
3329 3799 3486 3862 fuit:
3513 3816 3666 3862 cum-

432 3910 558 3971 que
576 3890 981 3971 principibus
1012 3892 1152 3954 istis
1168 3893 1417 3955 Lesbiis
1449 3911 1707 3973 operam
1738 3896 2087 3971 navaverit,
2131 3898 2196 3957 in
2231 3895 2382 3957 Asia
2415 3913 2515 3956 res
2547 3904 2777 3973 gestas,
2798 3896 2862 3958 in
2882 3897 3239 3974 quaipsum
3261 3905 3479 3960 natum
3501 3898 3666 3960 fuisse

431 3988 782 4050 verisimile
804 3995 921 4060 est,
968 3990 1064 4051 vel
1089 3989 1154 4051 in
1182 3991 1410 4064 Lesbo,
1438 3991 2072 4055 accuratiusnovisse
2094 3992 2323 4070 potuit.
2359 3995 2565 4071 Atque
2597 3992 2864 4055 deDuca
2909 3994 3183 4072 ejusque
3225 3994 3541 4057 scribendi
3592 4013 3666 4055 ra-

434 4098 608 4153 tione
641 4092 969 4153 hactenus.

512 4197 669 4269 Quae
706 4210 856 4257 vero
886 4193 954 4254 in
992 4192 1111 4257 hoc
1142 4192 1394 4255 edendo
1421 4194 1587 4258 libro
1614 4196 1740 4275 ipsi
1789 4195 2279 4275 praestiterimus
2311 4196 2619 4277 deinceps
2660 4208 3043 4276 exponenda
3072 4202 3247 4259 sunt.
3273 4196 3478 4259 Unico
3523 4196 3665 4258 codi-

434 4309 506 4354 ce
539 4291 949 4354 bibliothecaa
972 4290 1186 4365 Regius
1221 4291 1319 4350 usi
1359 4308 1629 4366 sumus;
1661 4294 1879 4371 cperis
1909 4293 2051 4355 ﬁnis
2080 4294 2149 4354 in
2183 4311 2260 4356 eo
2299 4295 2868 4366 desideratur,nec
2885 4291 3204 4372 scriptura
3229 4294 3368 4370 eius
3398 4297 3664 4370 castigata

436 4396 500 4449 et
524 4386 856 4448 emendata
876 4392 993 4457 est,
1020 4394 1082 4447 at
1117 4387 1658 4461 pronuntiationis
1682 4388 2010 4451 hodiernae
2031 4391 2214 4465 vitio,
2233 4391 2614 4453 confusione
2639 4391 2949 4457 nimirum
2978 4414 3001 4450 ε
3022 4390 3241 4452 tenuis
3264 4407 3410 4452 cum
3434 4416 3489 4450 αι
3510 4389 3681 4475 diph-_

440 4486 706 4564 thougo,
744 4485 1078 4545 iotacismo
1111 4483 1303 4545 etiam
1338 4484 1649 4548 continuo
1688 4494 2012 4565 corrupta,
2044 4489 2131 4549 ita
2166 4496 2233 4549 ut
2264 4505 2438 4565 saepe
2473 4487 2715 4550 vocalis
2745 4504 2866 4549 una
2910 4501 3024 4565 pro
3059 4488 3207 4559 alia,
3259 4487 3662 4564 diphthongus

440 4601 556 4661 pro
590 4581 813 4655 vocali,
847 4597 918 4642 ac
951 4579 1088 4642 vice
1128 4596 1308 4643 versa
1337 4584 1705 4646 succedant.
1743 4586 1986 4646 Textus
2022 4584 2201 4646 illius
2234 4584 2583 4647 continuus
2610 4588 2728 4658 est,
2761 4600 2892 4646 non
2922 4582 3324 4645 sectionibus
3367 4590 3473 4645 aut
3518 4579 3663 4656 capi-

438 4683 611 4740 tibus
646 4678 1016 4753 distiuctus,
1046 4678 1150 4740 cui
1185 4678 1569 4760 marginales
1600 4679 1841 4743 notulas
1870 4679 2116 4743 indices
2155 4682 2543 4759 quibusdam
2574 4681 2733 4743 locis
2763 4680 3072 4759 appositm
3088 4687 3266 4741 sunt.
3316 4680 3659 4741 FaciliOrem

438 4775 777 4841 lectionem
812 4781 880 4837 ut
910 4776 1349 4847 redderemus,
1387 4778 1929 4857 textumincapita
1963 4777 2250 4840 dividere
2280 4780 2489 4841 visum
2523 4784 2641 4852 est,
2674 4777 3281 4856 marginibusetiam
3312 4778 3553 4838 notulas
3569 4792 3660 4853 ap-

437 4890 679 4948 ponere
710 4871 961 4933 indices
1023 4888 1247 4933 eorum
1278 4890 1423 4951 quas
1448 4875 1516 4935 in
1549 4883 1728 4938 textu
1766 4884 2125 4938 narrantur.
2155 4876 2444 4954 Cumque
2480 4883 2839 4952 temporum
2870 4873 3110 4953 quibus
3148 4891 3251 4935 res
3276 4882 3468 4951 gestia
3512 4880 3657 4939 sunt.

433 4969 697 5046 epochae
729 4968 997 5029 omnino
1018 4971 1395 5032 necessariae
1420 4972 1550 5035 sint
1574 4981 1643 5034 ut
1676 4974 1840 5034 clara
1865 4990 1935 5034 ac
1964 4973 2299 5051 perspicua
2334 4974 2614 5035 narratio
2654 4973 2905 5047 evadat,
2937 4972 3078 5033 illas
3109 4989 3256 5035 cum
3287 4991 3367 5034 ex
3427 4973 3657 5034 historia

436 5064 919 5137 Musulmanica,
959 5073 1094 5125 tum
1115 5082 1193 5127 ex
1222 5066 1363 5128 aliis
1393 5069 1633 5143 Grmcis
1652 5086 1721 5131 ac
1746 5070 1981 5131 Latinis
1997 5078 2325 5149 excerptas
2344 5071 2786 5157 apposuimus.
2822 5077 3042 5132 Annos
3066 5070 3258 5131 etiam
3280 5073 3536 5150 Hegiro,
3568 5067 3657 5128 ubi

442 5178 704 5223 necesse
736 5160 884 5231 fuit,
925 5168 987 5222 et
1012 5162 1089 5223 ab
1114 5166 1267 5223 orbe
1307 5164 1565 5225 condito
1605 5169 1958 5228 secundum
1997 5168 2270 5238 Graecos.
2306 5166 2680 5233 Christiania
2709 5183 2852 5229 aarre
2876 5165 3061 5228 annis
3099 5168 3363 5245 adjectis
3387 5164 3655 5242 ascripsi-

441 5274 608 5316 mus.
631 5255 975 5316 Historiam
997 5257 1405 5333 Byzantiuam
1436 5261 1752 5339 appellare
1777 5263 2039 5341 placuit,
2068 5262 2373 5342 quoniam
2412 5264 2629 5327 Ducas,
2658 5279 2760 5323 res
2788 5262 2857 5324 in
2898 5262 3009 5323 illo
3039 5262 3312 5340 imperio
3346 5273 3539 5336 gestas
3554 5262 3657 5320 Ma-

443 5351 656 5424 nuele,
680 5352 923 5412 Joanne
954 5360 1014 5414 et
1050 5352 1460 5417 Constantino
1498 5357 1959 5436 imperantibus
1990 5359 2316 5433 describit,
2348 5362 2537 5422 Notas
2572 5360 2732 5422 libro
2766 5360 3186 5439 subjecimus,
3212 5369 3279 5421 ut
3306 5373 3650 5421 consensum

440 5465 509 5509 ac
541 5449 908 5508 dissensum
929 5448 1309 5511 narrationis
1343 5454 1535 5513 Ducas
1572 5470 1719 5515 cum
1750 5455 2048 5530 Laonico,
2079 5457 2389 5530 Phranze,
2428 5449 2810 5520 Letinclavio
2844 5466 2903 5518 et
2932 5456 3076 5520 aliis
3109 5459 3546 5529 iudicaremus,
3570 5453 3650 5514 vel

439 5546 562 5605 alia
589 5551 806 5605 notatu
830 5542 1017 5622 digna
1041 5545 1515 5609 adnotaremus.
1548 5550 1636 5611 Ne
1668 5551 1939 5621 nimium
1958 5560 2334 5631 crescerent
2366 5554 2795 5628 inhibuimus,
2818 5554 3112 5633 illasque,
3142 5564 3451 5632 quantum
3475 5566 3648 5631 penes

438 5657 558 5704 nos
590 5640 733 5715 fuit,
769 5642 1226 5704 contraximus.
1266 5646 1454 5705 Ducas
1486 5646 1786 5709 Historiae
1828 5649 2202 5715 chronicum
2237 5650 2449 5721 breve,
2490 5668 2567 5712 ex
2599 5650 2982 5714 bibliotheca
3015 5653 3213 5731 Regia
3269 5651 3644 5727 descriptum,

436 5748 720 5801 aitexere
769 5740 847 5802 ad
885 5755 1015 5801 rem
1054 5740 1264 5802 visum
1317 5750 1409 5803 est
1444 5744 1656 5822 :quod
1686 5745 2077 5821 Graecorum,
2101 5750 2463 5813 Turcorum
2490 5764 2561 5810 ac
2590 5750 2985 5812 Venetorum
3015 5766 3115 5812 res
3158 5761 3362 5828 gestas
3405 5756 3461 5808 et
3488 5761 3646 5805 casus

434 5837 678 5915 aliquot
723 5834 1006 5915 insignes
1030 5836 1307 5900 adnatet.
1333 5838 1588 5903 Graecus
1620 5842 1858 5925 aliquis
1885 5845 2451 5922 Peloponnesios,
2482 5845 2930 5927 Cephallenius
2971 5855 3073 5910 aut
3102 5847 3493 5927 Zacynthius,
3538 5843 3639 5901 do.

446 5930 633 5992 minii
668 5930 892 5993 Veneti
936 5932 1234 5995 subditus
1274 5935 1433 5998 illud
1462 5930 1864 6015 conscripsit}
