3798 6602
168 401 252 461 Βίῧ
1307 400 1685 463 HISTORIA
1734 393 2185 457 BYZANTINA.

3278 380 3379 444 ὃίϐ

165 522 373 592 ἐφύοντο.
406 519 787 588 Πληρωθεὶσης
826 515 922 573 οὖν
950 519 1053 591 τῆς
1085 520 1296 591 τάφρου
1342 520 1454 573 τῶν
1505 518 1679 589 σωμάν

1810 514 2232 581 complebantur.
2267 508 2330 563 lli
2363 522 2510 571 vero,
2555 514 2615 561 ut
2648 506 2830 577 hydra:
2889 503 3093 573 capita,
3157 515 3379 557 succre-

166 634 272 682 των,
298 616 343 669 οί
372 611 826 681 παραλειπόμενοι
860 614 1001 684 ὑπὲρ
1052 615 1252 685 μέτρον
1281 613 1483 667 Σκῦθαι
1517 615 1695 680 πατή-

167 724 326 769 σαντες
362 685 426 759 τά
461 704 760 774 τεθνηκότα
791 704 903 758 τῶν
951 707 1243 774 σωμάτων,
1280 707 1374 758 καὶ
1421 706 1699 779 κλίμακας

1804 619 1981 661 scere.
2010 603 2282 671 Congesta
2330 600 2514 668 itaque
2571 599 2932 654 cadaveribus
2960 597 3109 652 fossa
3167 595 3378 650 residui

1803 699 2074 753 immenso
2099 678 2324 750 numero
2346 693 2562 766 Scythae
2601 706 2864 747 raesorum
2892 692 3168 744 calcantes
3216 689 3381 742 cada-

162 799 403 861 ὲπιθέντες
449 796 755 861 ἀνέϐαινον,
788 799 835 851 oi
888 798 989 865 μὲν
1044 800 1181 864 ἀνω,
1216 800 1264 850 oi
1305 797 1363 850 δέ
1406 797 1507 866 τὴν
1566 801 1698 864 πρὸς

1810 804 1951 853 vera,
1983 789 2273 857 scalasque
2327 788 2680 840 admoventes
2735 783 3122 848 ascenderunt,
3175 781 3382 850 aliique

160 894 271 963 ᾅδην
312 893 579 961 φέρουσαν
626 890 879 955 κάθοδον,
914 891 989 961 μὴ
1034 890 1341 959 φροντίζων
1383 894 1412 944 ό
1457 891 1567 956 ζῶν
1610 890 1699 943 διὰ

1810 881 1861 934 in
1893 879 2438 948 mmniorumpiunas
2469 884 2784 941 evaserunt,
2809 877 2922 940 alii,
2948 891 3071 944 quae
3088 876 3154 929 ad
3176 874 3382 928 inferos

158 958 531 1052 τὸν-τεθνηκότα
565 985 612 1037 εί
656 986 844 1052 πατήρ
876 958 1102 1053 ἐστιν
1136 983 1250 1044 υίὸς
1277 984 1527 1053 γνήσιος·
1561 983 1701 1037 ἀλλά

1810 958 2091 1026 ειίριῑιυιη
2133 971 2305 1033 ducit,
2336 971 2478 1023 viam
2517 968 2748 1038 ingressi
2766 978 2915 1024 sunt.
2957 966 3146 1037 Neque
3180 981 3377 1036 super-

156 1078 205 1128 τδ
229 1075 639 1146 σπουδαζόμενον
661 1076 719 1129 ἓν
742 1072 811 1147 ἦν
832 1079 890 1130 ἐν
919 1078 1039 1139 ταῖς
1065 1076 1175 1128 τῶν
1203 1077 1459 1130 ἁπάντων
1480 1069 1697 1146 ψυίαῖς,

157 1169 224 1229 τίς
244 1169 441 1238 πρῶτος
462 1170 906 1234 ἀναϐαίνειν,καὶ
937 1171 997 1223 τὸ
1031 1170 1312 1240 σκῆπτρον
1339 1170 1511 1223 θεῖναι
1537 1172 1594 1223 ἐν
1621 1171 1700 1239 τῷ

158 1261 339 1331 πύργῳ.
369 1261 500 1314 Τότε
532 1263 599 1314 ἐκ
630 1263 850 1314 πάντων
885 1263 992 1316 τῶν
1024 1263 1212 1333 μερῶν
1244 1263 1568 1326 ἀναϐάντες,
1601 1265 1699 1316 καὶ

154 1354 257 1417 τοὺς
283 1355 534 1423 φρερίους
563 1357 643 1419 εἰς
674 1355 737 1408 τὸ
759 1357 1038 1425 ἐνδότερον
1068 1355 1525 1422 καταδιώξαντες,
1550 1359 1696 1428 φυγῇ

154 1449 233 1518 τὴν
273 1450 537 1518 σωτηρίαν
568 1449 956 1529 ἐπεμελοῦντο,
992 1452 1090 1513 τὰς
1137 1451 1195 1503 δέ
1250 1452 1498 1521 τριήρεις
1530 1452 1698 1519 ἐγγὺς

155 1540 237 1607 τῆς
277 1542 624 1611 ἀκροπόλεως
674 1544 1027 1607 ἑλκύσαντες,
1060 1544 1270 1614 φύρδην
1312 1545 1408 1598 καὶ
1446 1545 1699 1608 ἀτάκτως

1803 1073 1915 1120 stes
1940 1079 2206 1120 czesorum
2235 1064 2407 1133 patris
2428 1072 2521 1118 aut
2543 1063 2837 1116 liberorum
2863 1060 3128 1115 cadavera
3163 1058 3381 1112 calcare

1802 1156 2181 1221 aversabatur,
2214 1164 2307 1210 aut
2337 1170 2529 1210 eorum
2553 1154 2623 1209 ab
2642 1154 2768 1208 aliis
2804 1152 3101 1208 discrimen
3156 1151 3378 1221 aliquod

1806 1248 2062 1303 faciebat:
2116 1249 2210 1302 sed
2247 1248 2340 1303 uni
2394 1257 2599 1301 tantum
2651 1246 2894 1302 intentus
2954 1253 3072 1299 erat
3126 1244 3377 1313 quisque.

1802 1342 2076 1407 quomodo
2095 1341 2246 1408 prior
2265 1342 2606 1404 ascenderet,
2630 1339 2905 1409 telumque
2941 1339 3076 1393 turri
3110 1337 3378 1405 inﬁgeret.

1806 1429 2181 1500 Undequaque
2209 1430 2374 1501 igitur
2406 1446 2590 1484 muros
2632 1429 2956 1494 subeuntes,
2984 1432 3035 1483 in
3064 1430 3372 1482 interiorem

1802 1526 1947 1579 arcis
1971 1527 2146 1578 locum
2178 1523 2378 1578 fratres
2417 1524 2780 1593 compellunt,
2831 1525 2924 1594 qtti
2976 1524 3209 1578 salutem
3248 1524 3374 1591 fuga.

156 1636 459 1704 είσήρχοντο,
496 1636 720 1707 ἔχοντες
748 1639 841 1690 τὸν
874 1640 1192 1692 Μπαίουλον
1242 1639 1408 1692 αὐτὸν
1436 1638 1572 1707 ὁμοῦ
1602 1641 1697 1692 καὶ

1810 1626 2107 1686 quaerentes
2131 1618 2380 1671 triremes
2410 1631 2576 1686 prope
2637 1632 2819 1671 arcem
2848 1617 3147 1679 adducunt,
3201 1617 3377 1685 ipsas—

154 1728 259 1789 τοὺς
282 1729 495 1792 λοιποὺς
520 1730 806 1799 φρερίους.
835 1731 899 1782 Oi
931 1730 987 1782 δὲ
1016 1730 1266 1792 ἐλθόντες
1289 1729 1385 1783 τοῦ
1416 1730 1699 1798 φυλαχθῆ-

1810 1731 1909 1784 que
1971 1718 2374 1771 tumultuantes
2435 1729 2500 1769 ac
2564 1716 2899 1782 trepidantes
2960 1716 3191 1784 ingressi
3244 1725 3377 1769 sunt

155 1835 225 1870 ναι
264 1820 322 1870 ἐκ
344 1819 452 1871 τῶν
484 1820 645 1881 ἐκτὸς
696 1820 1015 1889 Χριστιανοὶ
1035 1820 1301 1882 ’ἅπαντες
1334 1822 1432 1873 σὺν
1479 1820 1698 1889 γυναιξὶ

1810 1810 2048 1865 Ballivus
2074 1818 2130 1864 ct
2157 1812 2345 1865 caeteri
2386 1810 2609 1865 fratres.
2639 1812 2711 1865 At
2742 1810 3066 1875 Christiani,
3106 1815 3199 1883 qui
3229 1814 3283 1865 in
3324 1813 3378 1864 id

154 1913 229 1961 καὶ
253 1910 476 1973 τέκνοις,
508 1912 560 1964 οί
590 1911 689 1981 μὲν
715 1914 775 1965 ἐν
802 1915 869 1982 τῇ
897 1911 1166 1983 θαλάσσῃ,
1196 1913 1245 1964 οἱ
1270 1911 1328 1964 δὲ
1364 1911 1696 1978 κρατοῦντες

1810 1903 2062 1974 oppidum
2094 1904 2411 1958 securitatis
2442 1918 2611 1958 causa
2644 1920 2709 1959 ex
2746 1906 2868 1959 aliis
2893 1905 3027 1960 locis
3061 1921 3119 1958 se
3153 1922 3379 1975 recepeo

152 2003 207 2055 τὰ
241 2002 467 2072 πηδάλια
517 2004 628 2057 τῶν
668 2004 795 2073 τριή
808 2022 967 2072 ρεων,
992 2006 1040 2058 οἱ
1082 2006 1137 2057 δὲ
1167 2006 1268 2066 τὰς
1299 2003 1514 2069 κώπας,
1546 2005 1695 2059 ἄλλοι

1810 2007 1945 2054 rant.
1974 2011 2166 2051 omnes
2194 2013 2317 2051 cum
2344 1999 2605 2052 uxoribus
2628 2006 2678 2051 et
2716 1997 2903 2053 liberis
2937 2014 3085 2051 mare
3116 1998 3377 2064 ingressi,

151 2098 206 2148 τὶι
243 2096 336 2162 τῆς
386 2095 621 2166 πρώρας
666 2096 912 2150 καλώδια
946 2097 1039 2149 καὶ
1085 2096 1183 2158 τὰς
1227 2097 1497 2167 ἀγκύρας,
1528 2098 1698 2149 ἐϐόων

1810 2089 2004 2155 partim
2067 2092 2368 2142 triremium
2433 2091 2602 2144 clavis
2637 2091 3011 2154 adhaerentes.
3075 2092 3270 2161 partim
3324 2092 3375 2144 in

152 2190 263 2261 πρὸς
301 2191 423 2253 τοὺς
469 2191 774 2254 ἐπιϐάτας·
835 2189 1162 2257 Ἑλεήσατε
1208 2189 1367 2260 ἡμᾶς
1424 2192 1701 2258 Χριστια-

1810 2194 1986 2233 remos
2026 2180 2284 2245 nitentes,
2319 2181 2410 2234 alii
2467 2182 2685 2237 funibus
2735 2184 3103 2251 ancliorisque
3146 2184 3379 2252 arreptis

148 2286 265 2351 γοὺς
298 2284 495 2350 ὄντας,
529 2286 631 2338 καὶ
657 2285 744 2354 μὴ
773 2285 1247 2353 ὲγκαταλείπητε
1275 2277 1411 2342 ὧδε.
1444 2286 1608 2338 Αὐτοὶ
1641 2284 1698 2338 δὲ

1810 2280 2080 2324 vectorum
2145 2272 2304 2326 fidem
2369 2273 2774 2329 inclamabant:
2827 2274 3150 2329 Miseremini
3188 2280 3378 2345 nostri,

150 2380 229 2432 σὺν
257 2365 508 2449 ῥοπάλοις
544 2380 882 2451 κρούσαντες
923 2381 1001 2441 εἰς
1054 2382 1244 2450 χεῖρας
1290 2379 1389 2441 τάς
1434 2378 1700 2451 ἀπῃωρη-

151 2473 315 2542 μένας,
360 2474 459 2527 καὶ
493 2471 884 2543 πτερώσαντες
920 2472 989 2525 τὰ
1025 2471 1192 2535 ἱστία,
1228 2472 1463 2539 ἀφέντες
1495 2470 1696 2533 αὐτοὺς

148 2566 406 2636 ἡμιθανεῖς
447 2565 667 2621 ἔπλεον.
716 2566 781 2620 Οἱ
822 2565 881 2618 δέ
925 2565 1126 2619 Σκύθαι
1160 2564 1573 2635 παραλαϐόντες
1603 2564 1701 2616 καὶ⁸

150 2659 231 2728 τὴν
257 2656 570 2726 ἀκρόπολιν.
600 2657 695 2710 καὶ
738 2657 820 2719 είς
862 2655 921 2710 ἐν
954 2657 1314 2725 ἀθροίσαντες
1363 2656 1463 2725 τὴν
1494 2657 1700 2727 αίχμα-

149 2750 342 2819 λωσίαν,
362 2749 507 2824 ἦσαν
536 2750 645 2822 γάρ
672 2752 769 2804 σὺν
797 2750 1014 2820 γυναιξὶ
1042 2753 1136 2805 καὶ
1166 2750 1377 2814 τέκνοις
1406 2752 1548 2822 ὑπὲρ
1571 2752 1701 2814 τοὺς

150 2847 346 2914 χιλίους,
379 2848 475 2900 καὶ
523 2845 912 2913 ἀπαγαγόντες
960 2846 1159 2907 αὐτοὺς
1188 2846 1418 2898 ἐνώπιον
1460 2834 1557 2898 ςτού
1604 2842 1705 2897 Te-

151 2942 262 3008 μὺρ,
287 2939 545 2993 ἐκέλευσε
575 2938 789 3002 πάντας
830 2938 974 3007 ξίφει
1024 2939 1125 3001 τὰς
1171 2939 1417 3007 κεφαλὰς
1445 2940 1701 3008 ἀποτμη-

147 3034 319 3103 θῆναι·
348 3034 445 3089 καὶ
488 3032 858 3103 οἰκοδομήσας
904 3032 1116 3105 πύργον
1161 3032 1278 3096 ἕνα,
1318 3033 1449 3103 μίαν
1494 3034 1703 3103 πέτραν

143 3126 317 3191 ἐνθεὶς,
364 3127 460 3181 καὶ
516 3126 648 3196 μίαι
694 3127 941 3197 κεφαλὴν
992 3126 1343 3196 συναρμόσας
1393 3126 1529 3196 (50),
1559 3125 1699 3180 ὥστε

1799 2363 1890 2431 qui
1918 2362 2215 2417 Christiani
2242 2380 2445 2431 sumus,
2478 2381 2640 2435 neque
2665 2368 2749 2419 hic
2782 2384 2874 2421 uos
2901 2369 3143 2423 deserite.
3179 2370 3377 2424 Vecto-

1802 2470 1890 2510 res
1928 2470 2059 2510 vero
2117 2469 2313 2509 manus
2369 2456 2784 2513 vociferantium
2847 2468 3133 2528 protcnsas
3196 2465 3377 2519 contis

1802 2548 2116 2617 quatientes
2151 2563 2214 2602 ac
2248 2550 2656 2615 submoventes,
2708 2565 2895 2620 pansus
2941 2554 3073 2607 velis
3103 2555 3157 2608 iu
3208 2556 3378 2609 altum

1803 2639 2057 2693 feruntur
2083 2680 2097 2702 .
2136 2641 2346 2709 hosque
2400 2643 2789 2699 semimortuus
2832 2647 3114 2702 deserunt.
3167 2649 3381 2719 Scy'lia:

1802 2741 2114 2801 expugnato
2136 2744 2317 2788 castro
2345 2746 2565 2790 coactos
2596 2737 2649 2791 in
2680 2754 2844 2791 lllltlm
2868 2754 3033 2809 supra
3070 2740 3218 2796 mille
3249 2758 3381 2813 cap-

1804 2828 1971 2887 tivos.
2003 2828 2257 2882 mulieres
2280 2845 2343 2884 ac
2372 2844 2572 2898 pueros
2620 2832 2685 2884 ad
2735 2832 3022 2903 'l‘emyrem
3076 2836 3378 2905 adducunt,

1804 2935 1943 2983 quos
1966 2919 2071 2993 41
2106 2921 2170 2975 ad
2206 2937 2374 2975 unum
2403 2922 2635 2976 interfici
2672 2924 2923 2992 imperat.
2952 2928 3379 2998 occisorumque

1806 3013 1987 3082 capita
2019 3013 2265 3067 abscindi
2288 3032 2304 3077 ;
2334 3014 2384 3065 in
2407 3014 2723 3068 aediﬁcanda
2744 3017 2939 3079 deinde
2960 3027 3135 3082 turre,
3159 3021 3383 3076 ordines

1804 3104 2081 3173 lapidibus
2103 3105 2487 3175 capitibusque
2520 3106 2791 3172 distinxit,
2830 3108 2980 3164 itaut
3009 3121 3176 3181 caput
3207 3129 3377 3191 unum

142 3219 195 3270 τὸ
221 3220 514 3288 πρόσωπον
537 3218 788 3272 ἵστασθαι
814 3219 938 3273 καθ’
968 3220 1161 3290 είρμόν
1185 3234 1201 3251 ο
1227 3220 1325 3272 καὶ
1354 3221 1411 3272 ἐν
1445 3222 1511 3290 τῇ
1536 3220 1699 3291 ἑτέρᾳ

1810 3199 1873 3251 ad
1907 3198 2104 3268 lapidis
2137 3199 2280 3253 latus
2311 3209 2811 3265 cuagmentaretur.
2852 3201 3133 3273 faciesque
3182 3208 3408 3261 ordine:

140 3310 295 3375 τάξει,
325 3313 460 3365 ὅπου
493 3314 529 3380 ἠ
562 3311 741 3379 πέτρα
770 3306 838 3381 ἦν
866 3313 1054 3365 ἐπάνω
1085 3311 1289 3381 ταύτης
1322 3304 1536 3381 κεφαλή
1561 3328 1577 3344 ·
1610 3313 1706 3366 καὶ

142 3405 258 3457 ὅπου
287 3400 596 3475 κεφαλῆῆν
619 3404 807 3459 ἐπάνω
835 3404 1042 3475 ταύτης
1073 3404 1270 3474 πέτρα,
1305 3405 1401 3459 καὶ
1434 3406 1505 3459 τὰ
1535 3405 1707 3476 πρόσ-

141 3510 249 3547 ωπα
304 3495 484 3549 πάντα
541 3495 845 3564 φαινόμενα
896 3495 1025 3565 περὶ
1071 3495 1173 3563 τὴν
1226 3494 1331 3559 εξω
1375 3495 1702 3562 ἐμφάνειαν.

141 3586 235 3640 Καὶ
282 3582 349 3659 ἦν
378 3587 524 3642 ἰδεῖν
582 3586 736 3653 ξένον
783 3586 952 3653 τέρας
1005 3585 1100 3639 καὶ
1149 3585 1522 3656 ἀπάνθρωπον
1579 3587 1706 3639 ἐπι-

141 3681 220 3735 νότ
230 3698 322 3735 ua.

202 3699 218 3731 r
306 3719 322 3735 .

202 3698 349 3828 Ᾱιίᾳδὲ
376 3775 631 3827 Φώκαιαι
669 3770 917 3824 ἔστειλαν
958 3769 1219 3841 πρέσϐεις
1253 3770 1362 3839 πρὸ
1403 3768 1498 3821 τοῦ
1531 3769 1707 3822 ἐλθεῖν

139 3848 289 3926 αὑτὸν
317 3873 375 3925 ἐν
396 3872 518 3932 τοῖς
547 3867 739 3939 μέρεσι
766 3866 863 3937 τῆς
902 3864 1132 3931 Ἰωνίας,
1157 3862 1253 3917 καὶ⁴
1289 3864 1704 3936 προσεκύνησαν

141 3968 227 4018 σὺν
271 3963 474 4032 δώροις
517 3958 833 4020 πλείστοις·
884 3956 977 4009 καὶ
1024 3954 1189 4017 αὐτὸς
1241 3953 1557 4021 ὑπεδέξατο,
1607 3957 1700 4009 καὶ

140 4059 342 4127 εἰρήνην
384 4056 489 4109 σὺν
521 4053 709 4114 αὐτοῖς
750 4048 1075 4103 ἐσπείσατοο
1104 4042 1172 4119 ἦν
1215 4047 1327 4116 γάρ
1374 4050 1404 4115 ἡ
1452 4050 1551 4117 μία
1598 4048 1708 4102 τῶν

138 4151 448 4215 Γενουῖτῶν,
481 4147 516 4215 ἡ
564 4144 659 4198 καὶ
708 4144 801 4195 νέα
833 4141 1139 4210 καλουμένη
1164 4155 1178 4171 ·
1215 4142 1247 4210 ἡ
1296 4140 1355 4194 δέ
1399 4142 1566 4212 ἑτέρα
1597 4140 1705 4196 ὑπὸ

135 4246 216 4298 τδν
242 4244 496 4315 ἡγεμόνα
527 4238 632 4308 τῆς
659 4236 977 4306 Μιτυλήνης
1006 4234 1273 4297 ἀνέκειτο,
1304 4234 1338 4304 ἡ
1368 4237 1465 4288 καὶ
1495 4235 1704 4289 παλαιά

136 4339 463 4408 καλουμὰη.
506 4334 566 4386 ’0
613 4332 669 4385 δὲ
720 4330 913 4400 Τεμὺρ
943 4325 1114 4381 ἐλθὼν
1147 4331 1205 4380 ἐν
1233 4332 1299 4399 τῇ
1333 4329 1579 4402 Σμύρνῃ,
1610 4333 1706 4385 καὶ

134 4432 436 4504 πολεμίζων
467 4426 662 4495 αὐτὴν.
694 4423 901 4476 ἔστειλε
928 4422 1021 4475 τὸν
1058 4420 1252 4474 υἱωνὸν
1282 4423 1447 4504 αὐτοῦ
1489 4425 1705 4495 ἱστορή-

1807 3292 2086 3361 dispositae
2122 3299 2328 3346 essent:
2360 3301 2526 3361 atque
2583 3292 2637 3346 in
2668 3294 2911 3347 secundo
2965 3296 3159 3352 ordine
3216 3299 3379 3368 lapidi

1806 3392 1989 3453 caput,
2017 3384 2156 3453 lapis
2190 3387 2356 3454 capiti
2388 3386 2563 3457 (opere
2610 3389 2912 3456 reticulata)
2959 3397 3384 3460 Sllpt‘t‘slrlleita-

1808 3485 1919 3531 tur:
1979 3478 2275 3549 vultusque
2313 3479 2368 3534 in
2406 3483 2737 3535 exteriorem
2795 3485 3139 3551 superﬁciem
3192 3501 3386 3542 omne:

1805 3572 1950 3626 versi
1974 3581 2149 3637 erant;
2183 3572 2634 3640 conspiciendum
2655 3573 2767 3627 illic
2791 3577 3152 3631 exhibebatur
3179 3595 3380 3635 novum

1806 3664 2137 3734 prodigium,
2162 3663 2641 3735 inhumanumque
2675 3680 3070 3726 commentum.

1879 3764 1947 3829 Δί
1974 3776 2328 3831 Pbocaearum
2362 3778 2636 3847 principes
2666 3780 2872 3849 legatos
2922 3783 2988 3837 ad
3029 3799 3153 3839 eum
3210 3786 3385 3843 desti-

1806 3880 2025 3929 naruut.
2053 3870 2372 3937 priusquam
2408 3873 2461 3924 in
2489 3871 2695 3926 Ioniam
2728 3876 3090 3944 pervenisset,
3119 3888 3171 3933 et
3195 3882 3382 3937 multis

1807 3963 1973 4018 donis
2011 3964 2329 4032 placavere:
2362 3965 2564 4031 quibus
2621 3965 2711 4021 ille
2767 3968 3009 4037 acceptis
3039 3986 3222 4038 pacem
3254 3992 3379 4030 cum

1810 4057 1877 4109 iis
1907 4055 2235 4123 composuit.
2269 4054 2472 4111 Harum
2501 4061 2692 4126 altera,
2717 4075 2840 4129 quas
2892 4077 3029 4116 nova
3058 4067 3380 4136 vocabatur,

1808 4146 2189 4203 Geuuensibus
2247 4149 2493 4217 parebat;
2530 4149 2735 4215 altera,
2766 4167 2889 4221 quae
2919 4163 2973 4207 et
3025 4167 3202 4221 vetus.
3226 4157 3384 4231 Mity-

1809 4239 1961 4293 lenes
1997 4239 2121 4292 duci
2156 4238 2371 4293 subdita
2401 4249 2535 4294 erat.
2556 4241 2693 4296 Cum
2722 4241 3014 4316 Smyrnam
3053 4244 3255 4322 Temyr
3282 4268 3379 4307 ac-

1810 4333 2049 4386 cederet.
2078 4345 2311 4399 eamqne
2334 4332 2477 4387 bello
2506 4345 2737 4400 peteret,
2763 4347 3013 4405 nepotem
3046 4355 3205 4395 suum
3243 4341 3385 4396 Plio-

1808 4438 1948 4476 cazas
1979 4422 2317 4489 exploratqu
2351 4422 2495 4477 misit
2522 4425 2698 4491 ;qnod
2729 4441 2853 4480 cum
2886 4432 3198 4487 rescivisset
3221 4434 3379 4491 Lesbi

137 4543 237 4582 σων
260 4494 384 4587 ¹τάς
425 4494 686 4579 Φωκαίας
708 4530 724 4545 ο
761 4514 860 4567 καί⁵
891 4510 1049 4565 τοῦτο
1079 4513 1266 4581 μαθὼν
1285 4494 1298 4506 ’
1316 4514 1345 4565 δ
1374 4515 1472 4582 τῆς
1494 4494 1703 4568 Λέσϐου

1814 4518 2091 4582 princeps,
2123 4528 2424 4568 conscensa
2457 4515 2679 4569 trireme
2712 4515 2994 4573 Phocteam
3017 4524 3258 4591 appulit:
3285 4542 3382 4580 ur-

134 4620 376 4691 ἡγεμὼν,
403 4611 581 4684 ἐμϐἀς
631 4611 689 4662 ἐν
720 4607 936 4675 τριήρει
968 4599 1133 4675 ἦλθεν
1163 4606 1242 4668 είς
1273 4605 1525 4669 Φωκαίας
1548 4622 1564 4638 σ
1611 4610 1703 4661 καὶ

1810 4604 1983 4671 beque
2012 4618 2268 4673 egressus
2294 4604 2347 4656 in
2379 4620 2677 4660 occursum
2705 4607 2955 4679 Temyris
3019 4614 3254 4683 nepotis.
3285 4633 3380 4673 co-

133 4712 358 4777 ὲξελθὼν
386 4708 496 4772 ἔξω
526 4705 624 4773 τῆς
656 4702 882 4761 πόλεως,
921 4697 1016 4749 καὶ
1042 4695 1400 4765 φιλοξενήσας
1430 4697 1506 4762 ώς
1537 4699 1707 4770 ἐχρῆν

133 4807 218 4859 τὸν
261 4802 461 4856 υἱωνὸν
491 4795 586 4849 τοῦ
617 4793 828 4861 Τεμὺρ,
862 4789 1150 4858 φαγόντες,
1192 4791 1289 4840 καὶ
1335 4791 1573 4854 πιόντες,
1612 4795 1708 4845 καὶ

137 4892 534 4965 εὐφρανθέντες
571 4883 730 4953 ὁμοῦ,
763 4881 863 4933 σὺν
902 4878 1098 4950 δώροις
1133 4878 1414 4943 πλείστοις
1458 4880 1709 4951 ἀπέπεμ-

136 4991 252 5058 ψεν.
296 4988 359 5040 ὐ
389 4983 451 5036 δὲ
480 4978 575 5031 τοῦ
603 4975 792 5045 Τεμὺρ
822 4973 1044 5041 ἔκγονος
1086 4972 1206 5033 δοὺς
1248 4972 1396 5041 αὐτῷ
1427 4972 1707 5042 σκῆπτρον

138 5075 355 5145 σημεῖον
381 5068 627 5136 ἀγάπης,
655 5064 750 5115 καὶ
796 5061 1178 5127 ἀσπασάμενοι
1232 5060 1518 5131 ἀλλήλους,
1549 5064 1577 5115 ό
1606 5066 1706 5132 μὲν

138 5166 192 5217 ἐν
232 5145 478 5233 τριήρει,
510 5159 539 5210 ό
581 5157 639 5209 δέ
685 5153 895 5214 ἀναϐὰς
943 5152 1032 5219 ἐφ’
1084 5152 1276 5217 ἵππου,
1311 5152 1407 5204 ἀπ’
1459 5153 1709 5224 ἀλλήλων

138 5259 537 5328 ἐχωρίσθησαν.
574 5246 777 5301 Ἐλθὼν
822 5244 880 5298 δὲ
929 5246 1021 5299 καὶ
1076 5243 1254 5313 εὑρὼν
1301 5244 1399 5315 τὴν
1449 5246 1706 5316 Σμύρναν

141 5345 579 5413 κατασκαφεῖσαν
603 5339 705 5400 ἐως
732 5335 841 5388 τῶν
866 5333 1155 5402 θεμελίων,
1178 5333 1315 5402 πρὸς
1344 5336 1445 5405 τὴν
1468 5335 1704 5401 Ἔφεσον

140 5441 235 5511 τὴν
265 5436 495 5507 πορείαν
527 5430 770 5494 ἐποίουν,
802 5428 895 5480 καὶ
926 5424 1265 5495 πανταχόθεν
1292 5425 1352 5476 τὸ
1386 5426 1715 5496 στράτευμαο

1807 4696 1965 4749 miter
1988 4710 2052 4749 ac
2088 4697 2444 4761 perhumane,
2476 4705 2639 4765 prout
2666 4700 2918 4765 decebat,
2952 4717 3077 4757 eum
3115 4710 3379 4778 suscepit;

1806 4797 1880 4848 ct.
1907 4794 2197 4855 postquam
2224 4787 2493 4839 conviviis
2552 4802 2617 4841 ac
2659 4790 3161 4858 compotationibus
3204 4796 3384 4851 indul-

1810 4888 2018 4940 serunt,
2041 4885 2094 4929 et
2125 4891 2182 4929 se
2206 4877 2373 4935 simul
2399 4878 2834 4943 oblectaverunt,
2859 4897 2981 4935 cum
3013 4885 3194 4941 multis
3219 4886 3383 4945 donis

1810 4968 2042 5021 remisit.
2069 4966 2315 5036 'l‘emyris
2341 4968 2502 5022 etiam
2527 4985 2696 5038 nepos
2718 4982 2990 5039 sceptrum
3026 4975 3099 5028 illi
3132 4975 3385 5034 dilectio-

1804 5060 1890 5111 nis
1911 5058 2225 5127 amorisque
2246 5061 2459 5124 signum
2495 5060 2728 5129 largitus
2756 5076 2861 5126 est,
2907 5072 2961 5117 et
3002 5068 3208 5121 mutuis
3263 5077 3384 5124 tan-

1803 5152 1928 5203 dem
1956 5149 2376 5203 salutationibus
2395 5163 2460 5203 ac
2498 5152 2701 5206 osculis
2725 5169 2846 5207 sese
2876 5158 3146 5226 complexi
3172 5161 3382 5216 disces-

1803 5249 2014 5305 serunt,
2044 5239 2133 5292 ille
2162 5240 2384 5308 quidem
2418 5241 2643 5298 trireme
2676 5255 2884 5311 vectus.
2918 5247 3005 5302 ltic
3047 5265 3190 5318 equo
3245 5252 3383 5305 insi-

1805 5332 1985 5387 dens:
2027 5330 2122 5400 qui
2150 5329 2217 5385 ail
2242 5340 2421 5385 castra
2462 5347 2716 5388 reversus
2772 5335 3062 5407 Smyrnam
3117 5355 3147 5393 a
3185 5338 3423 5395 funda-~

1809 5422 2010 5478 mentis
2058 5436 2306 5476 eversam
2368 5422 2718 5493 dirutamque
2749 5428 2995 5494 offendit,
3031 5436 3193 5500 atque
3240 5432 3380 5487 adeo

1339 5520 1627 5582 lsmoelis
1659 5518 1967 5586 Bullialdi
2008 5523 2191 5577 notua.

211 5636 322 5702 (30)
347 5634 504 5687 Μίαν
556 5623 1039 5702 πέτραν-ἐνθεὶς,
1086 5622 1185 5675 καί
1230 5619 1378 5702 μίαν·
1423 5622 1706 5702 κεφαλὴν

146 5692 556 5773 συναρμόσας.
582 5692 767 5773 Genus
797 5694 927 5748 illud
971 5703 1259 5773 structurae
1295 5697 1359 5772 ad
1393 5692 1703 5773 similitudi-

151 5790 266 5829 nem
296 5762 623 5827 reticulata:
677 5769 816 5819 facta
846 5773 961 5816 crat
981 5802 996 5825 ,
1027 5763 1093 5815 de
1120 5776 1228 5830 qua
1264 5763 1343 5814 sic
1400 5762 1702 5825 Vitruvius,

149 5843 242 5899 lib.
266 5860 326 5910 ιι,
352 5860 469 5911 cap.
503 5844 536 5893 8
562 5859 574 5894 :
612 5836 1017 5891 Structurarum
1045 5847 1233 5901 genera
1261 5842 1382 5885 sunt
1406 5832 1537 5895 lucc,
1589 5834 1707 5885 reti-

1812 5622 2067 5682 culatum,
2092 5633 2195 5689 quo
2222 5633 2359 5671 nunc
2388 5636 2566 5673 omna
2600 5629 2841 5685 utuntur,
2870 5631 2917 5674 et
2941 5623 3216 5689 antiquum
3245 5630 3384 5689 quod

1812 5691 2070 5757 ituertum
2125 5688 2353 5757 dicitur:
2380 5705 2444 5741 ex
2471 5688 2553 5742 his
2584 5692 2854 5744 venustius
2889 5701 2969 5744 est
3002 5688 3341 5746 reticulatum
3366 5735 3380 5757 ,

1814 5760 1902 5814 sed
1925 5759 1992 5809 ad
2019 5756 2183 5829 rimas
2209 5756 2485 5829 faciendas
2526 5759 2641 5811 ideo
2662 5761 3098 5829 paratum,quod
3117 5762 3171 5813 in
3203 5756 3386 5818 omnes

1813 5839 1987 5899 partes
2014 5826 2271 5880 dissoluta
2306 5827 2495 5882 habent
2526 5828 2725 5881 cubilia
2756 5838 2804 5881 et
2837 5826 3173 5889 coaq'menta.
