3798 6684
185 473 295 535 869

1387 479 1764 539 HISTORIA
1806 480 2258 539 BYZANTINA.

3360 483 3466 548 870

182 597 452 648 ἄσπονδον
491 596 726 667 ἔχθραν,
767 597 964 668 μηνύει
1001 597 1080 667 τῷ
1117 601 1416 669 Μαχουμὲτ
1461 602 1537 669 τῷ
1573 600 1775 670 aeger,

1901 616 2030 652 num
2085 601 2348 652 adversus
2402 600 2745 652 (lluisﬁanos
2803 601 2930 654 odio
2985 603 3312 672 implacabili
3339 622 3461 659 eum

182 689 347 741 αὑτοῦ
381 689 466 742 ἔτι
511 691 727 758 διάγων
757 693 812 743 ἐν
847 692 1094 762 Προύσῃ,
1127 695 1187 744 τὸ
1216 695 1394 746 ἐλθεῖν
1420 696 1497 755 εἰς
1521 694 1582 745 τὸ
1615 696 1784 746 Σκου-

179 781 373 848 τάρων
397 796 413 812 ⁸
459 783 562 834 καὶ
591 785 622 835 6
655 783 913 850 βασιλεὺς
954 785 1052 838 σὺν
1085 787 1338 856 τριήρεσι
1387 787 1694 840 διαϐιϐάσει
1727 789 1784 837 ὲν

180 875 246 943 τῇ
299 873 921 930 Κωνσταντινουπὸλει.
981 878 1114 930 Ἀπὸ
1163 878 1220 931 δὲ
1268 879 1788 932 Κωνσταντινουπό-

181 963 317 1026 λεως
362 965 612 1036 βοηθείᾳ
642 965 781 1018 Θεοῦ
828 969 921 1020 καὶ
961 967 1056 1019 τοῦ
1109 968 1372 1038 βασιλέως
1425 969 1785 1038 ἐξερχόμενος

182 1059 668 1129 συμπλακήσεται
700 1063 777 1132 τῷ
804 1064 1075 1134 τυράννῳ.
1107 1064 1216 1118 Καὶ
1247 1066 1294 1116 εί
1331 1064 1428 1133 μὲν
1469 1065 1528 1116 τὸ
1557 1066 1658 1134 τῆς
1691 1065 1786 1118 τύ-

183 1168 278 1218 χης
308 1153 404 1202 ἐπὶ
449 1153 548 1205 τὸν
583 1153 852 1223 τύραννον
891 1156 1069 1226 ῥέψει,
1102 1158 1133 1227 ἡ
1175 1157 1328 1218 πόλις
1365 1157 1602 1210 πάντοτε
1635 1158 1781 1210 ἕτοια

187 1259 278 1308 μσς
308 1243 472 1296 ἔσται
508 1247 601 1308 είς
633 1247 903 1316 ὑποδοχὴν
937 1249 1104 1301 αὑτοῦ
1134 1262 1150 1280 ο
1189 1249 1256 1303 Et
1288 1249 1356 1302 δέ
1385 1251 1777 1316 τούναντίον,

185 1336 212 1387 ὃ
233 1336 327 1388 καί
349 1337 744 1408 ἐπιθυμητὸν
767 1340 909 1409 ἡμῖν
930 1342 1083 1403 ἐστι,
1103 1341 1211 1411 τῆς
1234 1343 1554 1414 prator/ac
1577 1344 1785 1412 ἐγκρα-

183 1426 284 1492 τὴς
318 1430 598 1498 γενήσῃ.
630 1433 728 1486 καί
763 1435 843 1498 ὠς
871 1434 1016 1501 ἐμὸς
1045 1435 1174 1500 υίὸς
1203 1435 1341 1504 ἔσῃ.
1383 1438 1442 1489 '0
1473 1435 1531 1489 δὲ
1565 1438 1783 1506 Μαχου-

189 1523 280 1590 μὲτ
332 1521 598 1584 ἀκούσας
647 1528 776 1587 τοὺς
834 1527 1026 1592 λόγους
1075 1527 1319 1592 τούτους,
1370 1529 1465 1580 καὶ
1500 1529 1782 1598 πρόθυμος

184 1613 501 1680 γενόμενος,
537 1615 843 1684 προθύμως
880 1619 962 1680 είς
989 1619 1049 1671 τὸ
1081 1621 1414 1690 Σκουτάριον
1444 1621 1643 1691 ἤλαυνε
1672 1624 1780 1672 πά-

189 1722 279 1767 σας
307 1707 410 1769 τὰς
444 1708 628 1761 αὑτοῦ
654 1707 940 1777 δυνάμεις.
985 1709 1042 1765 '0
1077 1711 1133 1764 δὲ
1183 1713 1442 1779 βασιλεὺς
1483 1713 1670 1783 μαθὼν
1697 1715 1782 1768 ὅτι

183 1794 342 1866 ἦλθεν
406 1801 491 1862 είς
545 1803 612 1854 τὸ
665 1803 865 1874 πέραν,
892 1805 990 1869 τὰς
1039 1807 1284 1876 τριήρεις
1345 1807 1599 1876 ἑτοίμους
1643 1809 1783 1878 ἔχων

186 1893 347 1962 περᾷ,
383 1892 486 1946 καὶ
514 1895 598 1963 τῷ
629 1896 931 1967 Μαχουμὲτ
966 1897 1227 1968 ἐντυχὼν,
1281 1902 1378 1954 καὶ
1409 1901 1601 1967 λόγους
1629 1906 1781 1973 ἐνόρ-

184 2001 307 2046 κους
333 1984 526 2037 λαόὼν
569 1989 666 2039 καὶ
696 1989 844 2053 δοὺς,
871 1991 1017 2060 περᾷ
1049 1991 1140 2043 τὸν
1171 1988 1474 2062 Μαχουμὲτ
1508 1997 1604 2048 σὺν
1632 1996 1783 2066 αὑτῷ

186 2075 261 2137 είς
291 2077 906 2134 Κωνσταντινούπολιν.
945 2083 1056 2134 Καὶ
1092 2083 1341 2153 μεγάλην
1383 2085 1696 2156 πανήγυριν
1727 2088 1784 2138 ὲν

185 2168 245 2235 τῇ
303 2169 506 2237 είσέδῳ
550 2172 791 2241 ποιήσας
843 2172 873 2224 6
923 2173 1180 2242 βασιλεὺς
1233 2177 1386 2246 τρεῖς
1425 2178 1660 2248 ἡμέρας,
1712 2181 1782 2248 τῇ

188 2259 424 2332 τετάρτῃ
467 2261 650 2326 ἔξεισι
680 2264 783 2333 τῆς
820 2266 1028 2327 πόλεως
1058 2268 1086 2318 6
1115 2268 1372 2337 Μεχεμὲτ
1407 2269 1506 2322 σὺν
1537 2270 1688 2340 πάσῃ
1715 2274 1782 2340 τῇ

187 2356 417 2424 στρατιᾷ
467 2355 648 2409 αὑτοῦ
699 2356 796 2411 καὶ
831 2359 928 2411 σὺν
970 2358 1176 2427 ὀλίγοις
1229 2360 1594 2428 στρατιώταις
1646 2363 1782 2418 Ῥω-

193 2444 364 2512 μαὶοις
389 2461 403 2476 ·
433 2447 537 2498 καὶ⁴
574 2448 859 2516 συμμίξας
891 2449 968 2516 τῷ
997 2450 1172 2520 Μωσῇ
1207 2453 1442 2524 ἡττήθη,
1483 2453 1582 2508 καὶ
1616 2455 1785 2525 ἡττη-

189 2537 295 2598 θεὶς
339 2539 670 2608 κατέφυγεν
698 2541 757 2593 ὲν
806 2543 874 2610 τῇ
905 2541 1082 2596 πόλει.
1123 2543 1183 2596 '0
1211 2543 1267 2595 δὲ
1317 2543 1578 2614 βασιλεὺς
1623 2547 1784 2616 Θερα-

193 2629 387 2693 πεύσας
410 2631 590 2684 αὐτὸν
616 2631 705 2685 διὰ
733 2631 910 2700 λόγων
932 2635 1290 2702 σοφιστικῶν,
1316 2638 1410 2690 καὶ
1434 2640 1782 2710 πραγμάτων

194 2725 611 2791 στρατιωτικῶν
643 2719 718 2779 ὧν
769 2725 1076 2790 ἀπώλεσεν,
1120 2731 1442 2797 ἐπεμελεῖτο
1483 2731 1648 2786 πάλιν
1684 2733 1780 2786 τοῦ

149 2800 158 2809 ’
195 2811 421 2876 ὶξιλθεϊν
460 2815 529 2867 ἐκ
579 2816 865 2885 δευτέρου,
903 2819 996 2870 καὶ
1040 2823 1433 2891 συμπλακῆναι
1467 2822 1544 2892 τῷ
1582 2825 1779 2895 Μωσῇ.

205 2905 257 2958 '0
293 2908 349 2960 δὲ
387 2909 609 2978 Μωσῆς
642 2909 876 2974 ἐξελθὼν
907 2913 971 2964 ὲκ
1009 2913 1116 2965 τῶν
1137 2914 1304 2985 ὁρίων
1337 2916 1782 2973 Κωνσταντινου-

198 2998 424 3066 πόλεως,
455 3001 608 3070 ἔχων
639 3004 819 3058 πάντα
849 3005 938 3058 τὸν
969 3005 1187 3060 δυτικὺν
1216 3011 1450 3078 στρατὸν
1486 3012 1582 3063 σὺν
1609 3013 1778 3082 αὐτῷ,

199 3095 656 3162 παρεσκευάζετο
685 3097 827 3150 κατὰ
858 3097 953 3151 τοῦ
989 3100 1244 3170 Μεχεμὲτ
1285 3103 1378 3155 καὶ
1412 3104 1512 3174 τῆς
1547 3107 1777 3172 πόλεως.

207 3181 468 3250 Ἐξελϐὼν
505 3188 568 3242 δὲ
615 3189 780 3243 πάλιν
819 3193 884 3243 ὲκ
913 3192 1173 3263 δευτέρου
1209 3196 1237 3247 6
1266 3197 1520 3266 Μεχεμὲτ
1554 3201 1650 3252 καὶ
1676 3201 1780 3254 πά-

1894 705 2104 758 gerere,
2168 689 2532 743 Mahometem
2578 689 2798 744 fratrem
2863 691 3037 759 ipsius
3099 692 3283 748 Prusae
3336 704 3466 750 tunc

1894 781 2070 834 adhuc
2087 782 2368 849 degentem
2401 790 2602 846 monet,
2644 792 2700 834 ut
2726 781 3034 837 Scutarium
3055 788 3297 850 accedat,
3323 788 3466 841 unde

1894 871 2428 939 ConstantinOpolun
2479 871 2794 924 triremibus
2854 871 3221 938 imperatoriis
3246 877 3464 942 trajite-

1892 977 2028 1029 ret;
2088 966 2564 1032 ConstantinOpoli
2634 967 2830 1019 deinde
2891 967 3200 1022 faventibus
3259 967 3369 1020 Deo
3400 983 3463 1021 ac

1893 1057 2228 1126 imperatore
2264 1075 2518 1128 egressus
2554 1075 2732 1130 pugna
2759 1074 2883 1112 cum
2922 1070 3152 1129 tyranno
3184 1063 3462 1125 experire-

1894 1159 2012 1204 tur:
2052 1151 2126 1204 ita
2172 1161 2228 1203 ut
2254 1151 2353 1219 ipsi
2385 1153 2516 1204 urbs
2541 1151 2608 1202 ad
2643 1162 2759 1204 tute
2791 1167 2847 1204 sc
2871 1152 3240 1220 recipiendum
3266 1163 3462 1221 pateat,

1891 1243 1936 1295 si
1964 1253 2196 1312 tyranno
2226 1241 2448 1296 fortuna
2489 1243 2775 1296 arriserit:
2829 1241 2923 1297 Sin
2958 1245 3128 1296 minus
3158 1245 3212 1296 id
3230 1247 3464 1313 contige-

1890 1335 1960 1387 rit
2041 1336 2197 1402 (quod
2248 1336 2476 1403 impense
2526 1336 2672 1388 nobis
2709 1338 3046 1405 optandum),
3105 1339 3463 1404 principatum

1892 1429 2221 1496 adipisceris,
2268 1441 2314 1483 et
2339 1431 2487 1493 mihi,
2513 1446 2616 1483 non
2641 1446 2784 1484 secus
2811 1447 2873 1483 ac
2905 1431 3072 1490 liberi.
3109 1431 3300 1483 chorus
3334 1432 3459 1483 eris.

1889 1522 1986 1574 His
2013 1523 2213 1577 auditis
2253 1523 2431 1578 alacer
2477 1535 2875 1593 promptasque.
2902 1523 3076 1577 factus
3103 1523 3459 1584 Mahomctes,

1889 1626 2248 1679 quascunque
2281 1610 2470 1679 copias
2507 1613 2762 1674 habebat,
2797 1611 3116 1664 St-utarium
3170 1612 3311 1664 couft
3334 1614 3458 1664 stim

1891 1704 2065 1755 duxit.
2100 1701 2400 1771 Imperator
2434 1719 2584 1771 ergo,
2623 1705 2712 1756 ubi
2734 1720 2855 1756 eum
2893 1721 2922 1756 a
2948 1705 3184 1758 lvenisse
3209 1706 3272 1757 ad
3305 1720 3458 1757 oram

1891 1795 2195 1861 oppositam
2230 1795 2446 1858 didicit,
2479 1797 2821 1859 triremibus,
2861 1812 3000 1862 quas
3027 1799 3326 1851 instructas
3360 1798 3460 1850 ha-

1893 1886 2080 1949 bebat,
2142 1902 2209 1940 c0
2243 1887 2569 1956 trajicit;et
2619 1904 2738 1940 cum
2783 1889 3086 1943 Mahomete
3133 1889 3459 1955 tollorutus,

1820 1968 1863 2026 Β
1893 1988 2084 2032 ιιιιιιιιυ
2120 1979 2480 2048 jurejurando
2537 1979 2640 2033 fide
2694 1979 2972 2048 utrimque
3020 1981 3304 2043 obstricta,
3335 1997 3458 2036 eum

1887 2073 2420 2144 Constantinopolim
2459 2089 2640 2127 secum
2696 2074 2864 2128 vehit.
2921 2074 3221 2145 Exceptum
3257 2077 3458 2130 celebri

1887 2181 2082 2234 pompa
2115 2167 2279 2220 tridui
2323 2166 2499 2235 spatio
2530 2165 2822 2236 magniﬁce
2864 2167 3058 2220 habuit
3089 2183 3104 2220 :
3144 2175 3340 2236 quarto
3369 2171 3462 2223 de.

1889 2272 2033 2308 Illlllll
2063 2256 2150 2309 die
2198 2255 2534 2310 Ilahometes
2567 2259 2702 2310 urbe
2737 2257 3015 2326 egreditur
3040 2273 3166 2313 cum
3208 2258 3443 2312 lllli\'0f5\

1887 2349 2128 2402 exercitu
2175 2358 2230 2402 et
2271 2364 2434 2418 parva
2473 2365 2635 2403 manu
2669 2351 2902 2403 militum
2950 2350 3460 2405 Romaeoruuizini-

1887 2449 2049 2506 taque
2080 2439 2186 2510 52
2217 2456 2338 2494 cum
2383 2439 2532 2495 Mose
2570 2456 2754 2509 pugna
2794 2441 2970 2495 victus
3028 2443 3078 2495 in
3115 2442 3304 2496 urbem
3335 2442 3458 2512 fuga

1885 2548 1945 2586 se
1980 2536 2211 2602 recepit.
2262 2533 2401 2587 Tum
2465 2537 2763 2604 imperator
2796 2536 3038 2588 animum
3073 2536 3219 2590 illius
3248 2553 3456 2590 sermo-

1887 2626 2048 2682 nibus
2067 2635 2213 2698 aptts
2241 2631 2416 2683 erexit
2445 2645 2460 2694 ;
2497 2630 2817 2698 curavitque
2849 2638 3172 2698 apparatum
3203 2631 3456 2684 bellicum

1885 2720 2084 2775 iterum
2135 2722 2450 2785 instaurari,
2500 2731 2554 2776 et
2613 2723 2815 2776 amissa
2874 2724 3149 2786 resarciri,
3215 2736 3271 2776 ut
3331 2739 3456 2777 cum

1886 2813 2032 2868 Mose
2071 2813 2189 2867 acie
2240 2814 2421 2866 denuo
2469 2811 2806 2882 conﬂigeret.
2848 2812 2918 2866 At
2943 2812 3120 2868 Moses
3159 2830 3223 2868 ex
3261 2815 3461 2868 finibus

1885 2903 2514 2972 C'onstantinopolitanis
2546 2903 2906 2959 occiduarum
2954 2905 3237 2974 regionum
3268 2921 3458 2958 omnes

1882 2997 2073 3064 copias
2111 2995 2360 3061 deduxit,
2392 2998 2676 3064 aciemque
2705 2997 2971 3051 adversus
3016 3007 3070 3051 et
3098 2997 3456 3051 Mahomctt-m

1883 3099 1938 3142 et
1964 3088 2150 3141 urbem
2211 3089 2496 3144 instruxit.
2551 3088 2732 3144 Altera
2775 3090 2941 3158 igitur
2986 3091 3103 3145 vice
3161 3105 3460 3159 erumpens

1883 3180 2239 3246 Mahometes,
2293 3196 2512 3251 accepta
2553 3183 2747 3236 iterum
2785 3184 2937 3237 clade.
2977 3184 3029 3236 in
3068 3185 3255 3239 urbem
3314 3185 3462 3240 refu-

200 3274 277 3329 λιν
327 3279 567 3352 ἡττήθη,
603 3283 702 3335 καὶ
729 3282 894 3337 πάλιν
937 3286 994 3336 ὲν
1028 3289 1094 3355 τῇ
1152 3286 1304 3340 πόλει
1337 3289 1641 3358 κατέφυγε,
1686 3294 1775 3346 καὶ

1885 3277 1983 3347 git,
2010 3277 2414 3348 fugientemque
2439 3277 2736 3346 imperator
2756 3277 3005 3346 suscipit.
3041 3275 3197 3333 Tunc
3227 3290 3460 3334 maestus

203 3370 351 3424 πάλιν
377 3375 405 3426 6
439 3375 706 3444 βασιλεὺς
738 3377 903 3430 αὐτὸν
952 3378 1272 3444 ὑπεδέξατο.
1307 3381 1440 3434 Τότε
1463 3383 1491 3435 6
1521 3384 1779 3455 Μεχεμὲτ

204 3464 256 3514 ὲν
287 3464 564 3538 ἀδημονίᾳ
593 3468 856 3535 γεγονὼς,
885 3471 979 3522 καὶ
1003 3470 1100 3540 τὴν
1130 3472 1230 3540 τῆς
1256 3473 1427 3543 τύχης
1465 3478 1782 3547 μεταφορὰν

203 3556 268 3618 ὡς
296 3558 600 3630 σφενδόνης
630 3561 899 3630 στρεπτὸν
931 3564 1306 3634 ἡγησάμενος,
1332 3568 1524 3638 εἴρηκε
1564 3570 1642 3640 τῷ
1679 3570 1780 3641 βα·

209 3649 368 3702 σιλεῖ·
401 3653 479 3705 Σὺ
531 3654 674 3722 μὲν,
730 3654 916 3723 πάτερ
970 3656 1121 3726 ἅγιε,
1179 3658 1622 3729 ζυγοσταθμῶν,
1680 3663 1782 3716 καὶ

205 3742 554 3805 προϐλέπων
586 3744 694 3808 τὰς
723 3748 1120 3815 πλάστιγγας,
1148 3750 1259 3802 οὐκ
1291 3750 1476 3818 ἀφίης
1502 3769 1626 3820 μοι.
1659 3752 1781 3806 ἅνω

209 3833 297 3884 καί
346 3834 508 3888 κάτω
535 3835 656 3903 τὴν
707 3837 904 3906 τύχην
952 3839 1127 3906 ὀρῶν,
1184 3841 1292 3894 τοῦ
1339 3844 1708 3912 προδοθῆναι
1739 3846 1778 3913 ἢ

209 3925 618 3996 παραδοθῆναι
663 3947 764 3998 μοι
813 3932 922 3984 τὸν
949 3931 1169 4000 ἐχθρὸν
1196 3935 1335 4002 παρ’
1378 3937 1590 4005 αὐτῆς.
1635 3938 1780 4007 Ἐγὼ

210 4012 461 4085 δὲλέγω,
509 4019 640 4076 πᾶν
669 4021 735 4074 τὸ
776 4021 848 4075 ἐν
877 4023 1175 4091 μετώποις
1210 4028 1440 4096 ιηοαφὲν
1469 4030 1581 4099 (61)
1641 4031 1780 4097 ἐνὸς

208 4104 455 4165 ἑκάστου
509 4112 792 4182 δακτύλῳ
824 4116 974 4170 Θεοῦ
1017 4117 1437 4186 ἀπαραιτήτως
1479 4123 1780 4190 προσήσε-

209 4214 312 4254 ται.
341 4200 660 4258 Κέλευσον
691 4201 805 4260 οὖν
825 4225 929 4276 μοι
975 4208 1099 4261 σὺν
1132 4208 1249 4276 τοῖς
1285 4211 1453 4278 ἐμοῖς
1485 4215 1599 4279 τὴν
1627 4215 1778 4282 πρὸς

219 4291 515 4361 Ἀδριανοῦ
539 4299 856 4367 φέρουσαν
875 4301 1083 4368 τρίϐον
1102 4302 1401 4370 ἄρξασθαι
1421 4321 1432 4332 ·
1470 4304 1568 4358 καὶ
1584 4309 1778 4374 μόνον

210 4383 380 4451 εὔχου
408 4407 507 4456 μοι
546 4390 628 4453 ὡς
659 4390 858 4458 πατὴρ
913 4391 1068 4457 υἱὸν,
1101 4393 1257 4448 καθὰ
1293 4395 1388 4449 καί
1421 4396 1561 4466 εἰμί,
1592 4399 1662 4450 τὰ
1711 4397 1779 4450 δὲ

205 4472 495 4537 μέλλω-τα
534 4479 617 4545 τῷ
651 4480 774 4546 Θεῷ
800 4481 1053 4550 μελέτω.
1086 4483 1223 4538 Τότε
1251 4485 1279 4537 6
1309 4485 1571 4555 βασιλεὺς
1614 4490 1779 4542 ἀκού-

215 4581 302 4629 σας
325 4570 447 4633 τοὺς
477 4572 674 4641 λόγους
705 4574 896 4638 αὐτοῦ,
925 4577 1022 4629 καὶ
1060 4577 1426 4648 περιπλακεὶς
1465 4581 1650 4645 αὑτὸν,
1685 4583 1774 4636 καὶ

1885 3379 1939 3424 et
1964 3372 2180 3431 anxius,
2243 3379 2503 3436 reputans
2554 3367 2848 3432 fortunam,
2909 3383 3064 3438 aeque
3113 3384 3177 3424 ac
3211 3369 3456 3433 fundam,

1887 3461 2206 3514 mutabilem
2237 3459 2642 3528 volubilemque
2681 3475 2804 3514 esse
2827 3499 2842 3524 ,
2881 3459 2966 3513 his
2999 3460 3184 3515 verbis
3222 3461 3457 3530 impera-

1887 3560 2057 3604 torem
2119 3551 2457 3618 alloquitur:
2494 3550 2596 3615 Tu,
2645 3560 2798 3618 pater
2831 3561 3032 3618 sancte,
3082 3553 3174 3621 qui
3194 3567 3457 3607 momenta

1883 3661 2062 3696 rerum
2081 3645 2376 3712 perpendis,
2406 3643 2737 3711 lancimnque
2775 3647 3098 3714 reciprocam
3123 3645 3456 3699 librationem

1881 3737 2151 3805 prwvides,
2187 3752 2304 3787 cum
2338 3738 2611 3802 fortunam
2665 3736 3032 3804 contempleris
3071 3753 3264 3808 susque
3297 3741 3459 3808 deque

1882 3841 1963 3879 res
1998 3843 2142 3878 meas
2181 3841 2382 3878 versare
2407 3867 2420 3890 ,
2452 3841 2554 3878 non
2581 3826 2809 3878 dimittts
2850 3842 2950 3892 me,
2987 3837 3040 3879 ut
3071 3829 3186 3892 ipsa
3221 3846 3300 3882 me
3329 3847 3452 3898 pro-

1880 3919 1994 3983 dat,
2058 3929 2150 3971 aut
2199 3922 2252 3971 in
2317 3936 2502 3971 manus
2536 3935 2675 3972 nicas
2697 3920 2899 3972 hostem
2949 3923 3074 3974 mihi
3117 3925 3316 3976 tradat.
3349 3923 3456 3992 Ego

1879 4026 2000 4063 vero
2054 4022 2102 4062 te
2136 4025 2315 4062 coram
2350 4010 2446 4062 hoc
2509 4026 2732 4064 assero:
2787 4012 3041 4081 quidquid
3101 4014 3454 4082 intrantibus

1879 4103 2292 4170 uniuscujusque
2326 4107 2492 4156 nostri
2514 4102 2602 4155 Dei
2627 4103 2791 4172 digito
2817 4107 3075 4174 scriptum
3107 4117 3208 4170 est,
3238 4109 3290 4160 id
3321 4109 3456 4160 irre-

1879 4191 2111 4243 vocabile
2149 4205 2280 4254 esse,
2307 4207 2369 4244 ac
2400 4194 2696 4245 necessario
2719 4203 3041 4248 eventurum.
3076 4197 3269 4252 Jubeas
3294 4199 3456 4267 igitur

1877 4300 1959 4338 me
1989 4300 2106 4337 cum
2139 4285 2389 4340 omnibus
2416 4290 2546 4340 meis
2579 4289 2745 4356 copiis
2775 4290 2934 4354 viam,
2963 4307 3078 4358 qua'
3113 4293 3453 4361 Adrianopo-

1879 4377 1971 4431 lim
1999 4379 2168 4444 ducit,
2201 4395 2470 4449 capessere
2495 4397 2511 4435 :
2533 4383 2660 4434 milii
2696 4383 2830 4440 bona
2859 4383 3140 4454 faustaque
3163 4387 3454 4441 solummo-

1878 4471 1946 4523 do
2003 4487 2219 4539 precare
2259 4483 2309 4526 et
2344 4483 2488 4542 apta,
2531 4485 2589 4527 ut
2619 4486 2827 4544 patrem
2879 4477 2994 4545 ﬁlio
3050 4479 3218 4541 decet,
3259 4481 3445 4548 futura

1880 4579 1998 4616 vero
2029 4562 2126 4618 Dei
2154 4567 2497 4633 prouidentire
2527 4570 2921 4629 permittamus.
2955 4569 3112 4628 Hunc
3137 4587 3449 4628 sermonem

212 4654 724 4730 ἀσπασάμενος.καὶ
741 4665 960 4720 δεῖπνον
990 4669 1325 4738 εὐτρεπίσας
1345 4671 1644 4744 πολυτελῆ.
1678 4674 1773 4726 καὶ
1806 4648 1850 4702 ῐ)
1885 4657 1974 4710 ubi
2056 4659 2264 4710 audivit
2363 4660 2685 4727 imperatm,
2734 4662 2915 4730 ipsum
2994 4665 3314 4734 complexus
3389 4681 3455 4720 ac

213 4756 546 4818 χαρμονικῶς
593 4756 999 4827 εὐφρανθέντες
1027 4774 1041 4788 °
1085 4761 1300 4823 πρωῖας
1336 4761 1436 4831 ἤδη
1469 4763 1773 4833 γενομένης

213 4836 393 4900 ἔξεισιν
411 4847 437 4897 ὁ
453 4847 602 4916 Μεχε
613 4848 713 4916 μὲτ
731 4849 830 4918 τῆς
847 4848 1081 4914 πόλεως,
1100 4852 1193 4902 καὶ
1215 4853 1295 4914 είς
1318 4851 1410 4904 δύο
1430 4854 1664 4922 μερίσας
1683 4855 1771 4908 τὸν

218 4935 446 5000 στρατὸν,
473 4941 533 4992 τὸ
560 4940 661 5009 μὲν
687 4940 746 4992 ἓν
770 4942 934 5010 μέρος
958 4942 1095 5012 πρὸς
1125 4943 1194 4995 τὰ
1217 4944 1312 4995 τοῦ
1342 4944 1597 5008 Εὐξείνου
1627 4947 1768 5016 μέρη

216 5021 432 5095 ἔπεμψε,
463 5031 525 5084 τὸ
556 5032 614 5085 δὲ
658 5031 788 5085 ἄλλο
830 5033 966 5102 πρὸς
1017 5034 1119 5103 τὴν
1161 5033 1442 5106 Ἀδριανοῦ
1497 5038 1771 5106 φέρουσαν

219 5111 388 5170 ὥδευε.
423 5121 555 5176 Τότε
586 5125 614 5176 ὁ
667 5125 874 5193 Μωσῆς
911 5125 1076 5178 πάλιν
1128 5126 1394 5193 ἀκούσας,
1439 5128 1535 5182 καὶ
1583 5129 1775 5199 μαθὼν

221 5206 320 5271 πῶς
347 5214 419 5276 εἰς
443 5216 535 5269 δύο
564 5218 886 5288 κατατομὰς
921 5219 987 5271 τὰ
1017 5219 1229 5286 φοσάτα
1257 5219 1504 5290 ἐμέρισε,
1533 5222 1604 5274 τὰ
1637 5222 1772 5292 πρὸς

222 5298 299 5348 sitv
330 5306 514 5360 πόντον
575 5309 719 5380 μέρη
773 5310 1038 5363 ἐδίωκεν·
1099 5313 1194 5364 καὶ
1251 5312 1316 5382 δὴ
1371 5315 1774 5368 ὲπεισπεσὸντα

225 5392 368 5462 ἄμφω
396 5402 458 5454 τὰ
490 5403 857 5472 στρατόπεδα,
901 5406 996 5457 καὶ
1034 5405 1084 5458 οἱ
1114 5405 1210 5458 τοῦ
1244 5407 1418 5475 Μωσῆ
1449 5408 1776 5478 ἡττηθέντες

227 5486 342 5553 πρὸς
367 5493 450 5547 τὸν
478 5497 732 5566 Μεχεμὲτ
766 5496 1104 5566 ἡθροίζοντο.
1150 5497 1209 5548 Ὀ
1241 5497 1294 5549 δὲ
1332 5500 1616 5563 ἀσπασίως
1647 5501 1778 5553 ὕπε-

228 5573 404 5648 δέχετο.
445 5587 503 5640 '0
538 5589 595 5641 δὲ
647 5589 855 5658 Μωσῆς
888 5589 947 5640 τὸ
991 5591 1219 5657 γεγονὸς
1259 5589 1401 5655 ἰδὼν,
1437 5592 1532 5644 καὶ
1577 5592 1638 5643 τὸ
1676 5593 1776 5662 τῆς

1880 4747 2226 4802 deosculatus
2273 4758 2388 4802 est:
2439 4765 2595 4804 coena
2632 4753 2830 4807 deinde
2852 4754 3076 4823 opipare
3105 4767 3159 4810 et
3194 4755 3342 4810 laute
3372 4758 3455 4811 in-

1879 4850 2110 4902 structa.
2148 4841 2351 4895 hilares
2375 4853 2428 4896 et
2456 4844 2561 4897 lacti
2593 4847 2754 4913 genio
2794 4849 3157 4903 indulserunt.
3197 4849 3326 4904 Orta
3352 4852 3449 4905 de-

1878 4949 2024 4986 mum
2057 4935 2175 4988 luce
2198 4935 2331 4989 urbe
2348 4939 2478 4991 exiit
2510 4937 2868 5005 Mahometes,
2903 4943 3198 5013 copiasque
3220 4945 3272 4998 in
3297 4944 3453 5000 “acies

1878 5029 2039 5082 binas
2073 5029 2348 5097 partitur;
2386 5049 2620 5102 quarum
2654 5037 2822 5089 altera
2857 5053 3049 5092 versus
3075 5037 3343 5091 Euxinum
3369 5042 3453 5093 in-

1878 5123 2064 5188 cessit,
2091 5123 2257 5178 altera
2288 5125 2697 5196 AmianOpolim
2721 5131 3021 5186 contendit.
3047 5131 3223 5189 Moses
3246 5146 3450 5205 autem,

1879 5206 1985 5271 ubi
2011 5217 2269 5287 cognovit
2317 5222 2623 5275 exercitum
2659 5237 2818 5275 stium
2858 5223 3220 5282 Mahometem
3258 5229 3309 5282 iu
3338 5231 3452 5284 duo

1875 5311 2091 5382 agmina
2123 5312 2375 5368 divisisse
2405 5327 2424 5364 :
2457 5313 2613 5379 illud,
2644 5317 2788 5386 quod
2816 5319 2882 5371 ad
2911 5318 3184 5376 Euxinum
3211 5323 3446 5379 Pontqu

1878 5403 2237 5472 properabat,
2293 5404 2635 5474 insequitur,
2695 5411 3153 5481 assequiturque;
3213 5431 3450 5485 cumque

1877 5495 2050 5548 ambae
2111 5494 2376 5566 oppositae
2407 5498 2551 5554 acies
2576 5502 3012 5570 concuriissent,
3046 5505 3322 5576 Mosisque
3351 5525 3449 5563 co-

1877 5589 1978 5656 pia:
2007 5588 2164 5642 victm
2197 5587 2458 5652 fuissent.
2510 5592 2575 5644 ad
2605 5591 2966 5651 Machontetis
3002 5609 3186 5667 partes
3217 5602 3451 5655 transie-

1354 5733 1642 5794 Ismaelis
1676 5733 1975 5795 Bullialdi
2027 5743 2220 5796 notua.

289 5849 385 5926 (5|)
412 5855 532 5910 Πᾶν
550 5857 617 5909 τὸ
639 5857 708 5908 ἐν
734 5857 1029 5922 μετώποις
1062 5859 1306 5926 γραφέν.
1347 5856 1508 5910 Jtuta
1536 5867 1770 5912 mentem

236 5909 599 5981 Musuimanira:
651 5909 953 5997 religionis,
1006 5909 1188 5995 'q'uae'
1233 5930 1772 5998 prwdestinationem

1881 5859 2245 5932 inevitabilem
2269 5863 2489 5929 astruit,
2522 5862 2766 5932 nihilque
2793 5880 2856 5918 ex
2901 5866 3140 5922 hominis
3169 5865 3450 5930 voluntate

1882 5929 2050 5983 libera
2085 5934 2198 5984 fieri
2225 5937 2439 5986 asserit.
