3798 6666
105 475 112 480 ’
210 471 313 534 869

1388 476 1764 536 HISTORIA
1807 477 2180 536 BYZANTIN
2197 483 2258 535 πὶ.

3359 481 3465 546 870

206 595 460 646 ἄσπονδον
496 593 727 664 ἔχθραν,
769 594 965 664 μηνύει
1003 594 1081 664 τῷ
1118 598 1417 666 Μαχουμὲτ
1462 599 1538 666 τῷ
1574 597 1777 667 ἀδελφῷ

1902 612 2031 648 num
2086 597 2348 649 adversus
2402 597 2745 650 (linistianos
2803 599 2930 652 odio
2985 600 3461 670 implacztliilieum

206 687 361 740 αὑτοῦ
393 687 472 740 ἔτι
515 689 728 755 διάγων
758 690 814 740 ἐν
848 689 1095 758 Προύσῃ,
1128 691 1188 742 τὸ
1218 691 1394 742 ἐλθεῖν
1421 693 1498 752 εἰς
1523 691 1584 742 τὸ
1615 693 1785 742 Σκου-

202 779 384 847 τάριον
407 793 423 810 ⁶
465 780 562 831 καὶ
589 782 619 832 6
657 781 914 847 βασιλεὺς
955 782 1053 834 σὺν
1086 783 1339 854 τριήρεσι
1388 784 1694 836 διαϐιϐάσει
1727 785 1785 834 ἐν

203 873 264 941 τῇ
315 871 922 926 Κωνσταντινουπόλει.
981 874 1116 926 Ἀπὸ
1165 875 1221 927 δὲ
1270 875 1788 928 Κωνσταντινουπό-

203 962 330 1024 λεως
373 963 608 1034 βοηθείᾳ
642 963 782 1015 Θεοῦ
829 967 922 1018 καὶ
962 964 1057 1016 τοῦ
1111 965 1374 1034 βασιλέως
1426 966 1785 1035 ἐξερχόμενος

203 1057 670 1126 συμπλακήσεται
701 1061 777 1128 τῷ
805 1061 1076 1131 τυράννῳ.
1109 1061 1217 1114 Καὶ
1249 1063 1296 1113 εί
1332 1061 1429 1130 μὲν
1470 1061 1528 1112 τὸ
1558 1063 1658 1130 τῆς
1692 1062 1785 1114 τύ-

202 1166 292 1216 χης
321 1151 412 1200 ἐπὶ
455 1151 549 1202 τὸν
581 1150 853 1220 τύραννον
892 1153 1071 1223 ῥέψει.
1103 1155 1134 1224 ή
1175 1154 1330 1214 πόλις
1367 1154 1602 1206 πάντοτε
1636 1154 1781 1206 Ero:-

205 1257 292 1306 μσς
320 1240 477 1294 ἔσται
511 1243 598 1305 είς
633 1244 904 1313 ὑποδοχὴν
938 1246 1106 1297 αὑτοῦ
1135 1259 1151 1277 ⁶
1192 1245 1257 1300 El
1290 1245 1358 1298 δὲ
1387 1248 1778 1311 τούναντίον,

203 1334 229 1385 6
249 1335 338 1386 καὶ
359 1335 744 1403 ἑπιθυμητέν
767 1338 911 1406 ἡμῖν
931 1339 1085 1400 ἐστι,
1104 1338 1213 1407 τῆς
1235 1339 1555 1410 ᾐγεμονίας
1579 1341 1786 1408 ἐγκρα-

200 1424 296 1489 τὴς
329 1427 594 1496 γενήσῃ,
630 1430 729 1482 και
764 1431 844 1495 ὡς
872 1431 1016 1498 ἐμὸς
1046 1433 1176 1498 υίὸς
1204 1431 1343 1500 ἔσῃ.
1385 1434 1444 1486 ’0
1474 1433 1532 1486 δὲ
1567 1435 1784 1503 Μαχου-

205 1520 292 1587 μὲτ
342 1518 594 1581 ἀκούσας
647 1527 776 1584 τοὺς
836 1524 1028 1589 λόγους
1077 1523 1320 1588 τούτους,
1371 1526 1466 1577 καὶ
1501 1525 1783 1594 πρόθυμος

201 1611 502 1677 γενόμενος,
537 1612 844 1680 προθύμως
882 1616 964 1677 είς
991 1616 1050 1668 τὸ
1082 1618 1415 1687 Σιιουτάριον
1445 1617 1644 1687 ἤλαυνε
1673 1621 1781 1669 πά-

203 1719 290 1765 σας
317 1703 415 1766 τὰς
448 1704 627 1758 αὐτοῦ
655 1704 942 1774 δυνάμεις.
987 1706 1044 1762 '0
1079 1709 1134 1761 δὲ
1185 1709 1443 1776 βασιλεὺς
1484 1709 1672 1779 μαθὼν
1697 1711 1782 1764 ὅτι

197 1791 350 1864 ἦλθεν
412 1799 493 1859 εἰς
544 1800 610 1851 τὸ
665 1800 867 1872 πέραν,
893 1802 992 1865 τὰς
1040 1804 1285 1873 τριήρεις
1346 1803 1600 1872 ἑτοίμους
1644 1805 1784 1875 ἔχων

199 1890 354 1958 περᾷ,
389 1889 596 1960 καὶτῷ
630 1893 932 1964 Μαχουμὲτ
967 1894 1229 1965 ἐντυχὼν.
1283 1899 1380 1951 καὶ
1410 1898 1602 1964 λόγους
1631 1902 1781 1970 ἐνόρ-

197 1998 315 2042 κους
341 1981 527 2034 λαϐὼν
567 1986 668 2036 καὶ
698 1986 845 2050 δοὺς,
873 1988 1019 2056 περᾷ
1050 1987 1141 2039 τὸν
1173 1988 1475 2058 Μαχουμὲτ
1509 1993 1606 2044 σὺν
1633 1991 1784 2062 αὐτῷ

198 2073 270 2134 cl;
299 2074 908 2130 Κωνσταντινούπολιν.
946 2079 1057 2131 Καὶ
1094 2079 1342 2149 μεγάλην
1385 2081 1696 2152 πανήγυριν
1728 2084 1785 2134 ἐν

197 2166 254 2232 τῇ
311 2165 507 2234 εἰσόδῳ
549 2169 792 2238 ποιήσας
845 2168 874 2220 6
925 2169 1182 2239 βασιλεὺς
1235 2174 1387 2242 τρεῖς
1426 2174 1660 2244 ἡμέρας.
1713 2177 1782 2244 τῇ

199 2256 428 2330 τετάρτῃ
469 2258 652 2324 ἔξεισι
682 2261 784 2330 τῆς
821 2262 1030 2324 πόλεως
1060 2264 1088 2315 6
1116 2264 1374 2334 Μεχεμὲτ
1408 2265 1507 2318 σὺν
1538 2266 1688 2336 πάσῃ
1716 2270 1783 2337 τῇ

199 2353 420 2422 στρατιᾷ
469 2351 649 2406 αὐτοῦ
700 2353 796 2407 καὶ
831 2355 929 2407 σὺν
971 2355 1178 2424 ὀλίγοις
1230 2357 1594 2425 στρατιώταις
1647 2360 1782 2414 Ῥω-

203 2442 370 2509 μαῐοις
393 2458 408 2473 ·
435 2445 536 2496 καὶ
573 2444 861 2513 συμμίξας
893 2446 970 2512 τῷ
1000 2447 1173 2516 Μωσῇ
1208 2449 1443 2520 ἡττήθη.
1484 2450 1583 2504 καὶ
1617 2451 1786 2522 ἡττη-

199 2533 302 2596 θεὶς
345 2536 671 2604 κατέφυγεν
699 2538 758 2589 ιν
807 2540 875 2607 τῇ
906 2537 1082 2592 πόλει.
1125 2539 1184 2592 '0
1212 2539 1268 2592 δὲ
1319 2539 1579 2610 βασιλεὺς
1624 2543 1785 2612 θερα-

201 2626 392 2690 πεύσας
414 2628 588 2682 αὑτὸν
616 2629 706 2682 διὰ
734 2629 911 2696 λόγων
933 2631 1291 2698 σοφιστικῶν,
1317 2634 1412 2686 καὶ
1435 2637 1783 2706 πραγμάτων

201 2721 611 2788 στρατιωτικῶν
644 2715 719 2776 ὧν
770 2722 1078 2788 ἀπώλεσεν,
1121 2727 1443 2794 ἐπεμελεῖτο
1483 2728 1649 2782 πάλιν
1685 2730 1781 2782 τοῦ

159 2797 166 2807 ’
202 2809 424 2874 ὶξελθείν
462 2813 529 2864 ἑκ
578 2813 866 2882 δευτέρου,
904 2817 998 2868 καὶ
1041 2820 1434 2888 συμπλακῆναι
1467 2819 1545 2889 τῷ
1583 2821 1780 2892 Μωσῇ.

211 2902 263 2956 ’0
299 2905 353 2957 δὲ
389 2907 609 2976 Μωσῆς
643 2906 878 2972 ἐξελθὼν
908 2909 972 2961 ὲκ
1010 2910 1118 2961 τῶν
1139 2911 1304 2981 ὁρίων
1337 2913 1783 2970 Κωνσταντινου-

206 2995 427 3063 πόλεως,
457 2999 609 3068 ἔχων
641 3001 820 3054 πάντα
849 3001 939 3055 τὸν
971 3002 1188 3056 δυτικδν
1217 3008 1451 3075 στρατὸν
1487 3009 1583 3060 σὺν
1611 3009 1778 3079 αὐτῷ,

205 3092 657 3159 παρεσκευάζετο
686 3095 828 3147 κατὰ
859 3094 954 3148 τοῦ
989 3097 1245 3167 Μεχεμὲτ
1286 3100 1378 3152 καὶ
1413 3101 1512 3170 τῆς
1547 3104 1778 3168 πόλεως.

213 3179 470 3248 Ἐξελθὼν
506 3185 568 3238 δὲ
615 3186 781 3240 πάλιν
819 3189 885 3240 ὲκ
915 3189 1174 3260 δευτέρου
1211 3193 1238 3243 6
1267 3193 1521 3263 Μεχεμὲτ
1554 3198 1651 3249 καὶ
1677 3199 1781 3250 πά-

1895 701 2105 754 gerere.
2169 685 2532 740 Mahometem
2578 687 2798 741 fratrem
2863 689 3037 756 ipsius
3099 690 3283 745 Prusm
3335 702 3466 748 tunc

1895 778 2071 830 adhuc
2089 778 2369 845 degentem
2402 788 2602 844 monet,
2645 790 2702 832 ut
2726 778 3034 834 Scutarium
3055 785 3297 847 accedat,
3323 785 3466 838 unde

1894 868 2429 936 ConsmntinOpoltm
2479 867 2795 922 triremibus
2854 869 3221 936 imperatoriis
3246 874 3463 940 trajite-

1892 973 2030 1025 ret;
2089 962 2565 1028 ConstantinOpoli
2635 963 2830 1016 deinde
2891 964 3199 1019 faventibus
3259 964 3369 1018 Deo
3399 981 3462 1018 ac

1893 1054 2230 1123 imperatore
2265 1071 2519 1124 egressus
2556 1071 2734 1126 pugna
2760 1071 2884 1108 cum
2923 1067 3152 1126 tyranno
3184 1059 3462 1122 experire-

1894 1156 2014 1200 tur:
2053 1147 2127 1201 ita
2173 1157 2229 1200 ut
2255 1147 2354 1215 ipsi
2387 1149 2517 1199 urbs
2543 1148 2608 1199 ad
2645 1142 2760 1201 tute
2793 1164 2849 1201 se
2872 1149 3240 1217 recipiendum
3266 1160 3463 1218 pateat,

1892 1239 1937 1292 si
1965 1250 2198 1309 tyranno
2227 1238 2450 1292 fortuna
2491 1240 2776 1292 arriserit:
2831 1238 2924 1293 Sin
2959 1242 3130 1293 minus
3159 1242 3213 1292 id
3231 1244 3464 1310 contige-

1891 1331 1962 1383 rit
2042 1332 2198 1398 (quod
2249 1332 2478 1400 impense
2527 1333 2674 1385 nobis
2710 1335 3047 1402 optandum),
3107 1335 3463 1401 principatum

1893 1425 2222 1491 adipisceris,
2269 1437 2316 1479 et
2340 1427 2488 1490 mihi,
2515 1443 2617 1480 non
2641 1443 2786 1480 secus
2813 1443 2874 1480 ac
2907 1428 3073 1487 liberi,
3110 1429 3301 1480 chorus
3335 1429 3460 1480 eris.

1889 1518 1988 1570 Ηίς
2015 1519 2214 1573 auditis
2253 1519 2432 1574 alacer
2479 1531 2876 1589 pmmptusqne
2903 1520 3078 1574 factus
3105 1519 3460 1581 Mahometes.

1890 1622 2248 1675 quascunque
2282 1606 2471 1676 copias
2508 1609 2763 1670 habebat,
2799 1607 3117 1661 Svutarium
3171 1609 3312 1661 ουιώ
3335 1611 3459 1661 stim

1891 1700 2066 1751 duxit.
2101 1697 2401 1767 Imperator
2435 1715 2586 1767 ergo,
2625 1701 2713 1752 ubi
2735 1716 2856 1752 cum
2895 1718 2923 1752 a
2950 1702 3186 1754 tvenisse
3211 1703 3274 1753 ad
3306 1717 3459 1753 oram

1891 1791 2196 1858 appositam
2231 1791 2446 1854 didicit,
2480 1793 2822 1855 triremibus,
2862 1809 3001 1858 quas
3027 1795 3327 1846 instructas
3361 1795 3460 1846 ha-

1894 1883 2081 1946 bebat,
2143 1898 2210 1936 eo
2245 1884 2484 1951 trajicit;
2516 1893 2570 1936 et
2619 1901 2739 1936 cum
2784 1885 3087 1940 Mahomete
3133 1885 3459 1952 tollm'lillts,

1821 1965 1864 2022 Β
1894 1983 2086 2028 mutuo
2121 1975 2482 2044 jurejurando
2539 1976 2641 2030 lide
2695 1976 2974 2044 utrimque
3021 1977 3305 2038 obstricta.
3335 1993 3459 2032 eum

1888 2069 2422 2140 Constantinopolim
2460 2086 2642 2124 secum
2697 2071 2865 2124 vehit.
2921 2070 3222 2141 Exceptum
3259 2073 3460 2126 celebri

1887 2177 2084 2229 pompa
2115 2163 2280 2216 tridui
2324 2162 2500 2232 spatio
2532 2162 2824 2232 magniﬁce
2865 2163 3059 2216 habuit
3090 2179 3105 2217 :
3145 2171 3342 2232 quarto
3370 2167 3464 2219 de-

1890 2268 2034 2305 tuum
2064 2252 2152 2305 die
2199 2251 2534 2306 Mahometes
2568 2255 2703 2307 urbe
2738 2253 3016 2322 egreditur
3041 2269 3166 2309 cum
3209 2254 3446 2309 Ulli\'C|‘$\

1887 2345 2129 2398 exercitu
2177 2355 2231 2398 et
2272 2360 2436 2415 parva
2474 2362 2636 2400 manu
2671 2347 2903 2400 militum
2950 2347 3462 2402 Rormeorumzini-

1888 2446 2050 2502 taque
2081 2435 2188 2507 52
2218 2453 2339 2490 cum
2384 2435 2533 2492 Mose
2572 2453 2755 2506 pugna
2795 2438 2971 2492 victus
3029 2439 3078 2492 in
3115 2439 3306 2493 urbem
3336 2439 3460 2509 luga

1885 2545 1946 2583 se
1982 2533 2212 2598 recepit.
2263 2531 2403 2584 Tum
2466 2533 2765 2600 imperator
2797 2533 3039 2585 animum
3074 2533 3220 2588 illius
3249 2550 3458 2587 sermo-

1888 2624 2049 2678 nibus
2069 2631 2214 2694 aptts
2242 2628 2418 2680 erexit
2447 2642 2462 2691 ;
2498 2627 2818 2695 curavitque
2850 2635 3172 2695 apparatum
3204 2627 3457 2680 bellium

1886 2717 2085 2772 iterum
2136 2719 2451 2781 instaurari,
2501 2727 2556 2772 et
2615 2719 2816 2772 amissa
2874 2720 3150 2783 resarciri,
3216 2733 3273 2773 ut
3333 2735 3457 2774 cum

1887 2809 2034 2864 Mose
2073 2810 2190 2864 acie
2241 2811 2422 2862 denuo
2471 2808 2808 2878 conﬂigeret.
2849 2808 2918 2863 At
2944 2809 3120 2864 Moses
3159 2827 3224 2865 ex
3262 2812 3462 2865 linibus

1885 2901 2516 2969 Cirrtstantinopolitanis
2547 2900 2907 2956 occiduarum
2955 2903 3238 2971 regionum
3269 2917 3460 2955 omnes

1883 2994 2074 3060 copias
2112 2992 2362 3058 deduxit,
2393 2995 2678 3060 aciemque
2707 2994 2972 3048 adversus
3017 3003 3070 3048 et
3098 2993 3457 3048 Mahomett-m

1884 3095 1939 3139 et
1965 3085 2152 3138 urbem
2213 3086 2496 3140 instruxit.
2552 3085 2734 3140 Altera
2777 3087 2942 3155 igitur
2987 3087 3104 3142 vice
3161 3102 3461 3156 erumpens

1885 3177 2240 3243 Mahometes,
2294 3193 2514 3248 accepta
2554 3181 2748 3232 ilertttn
2787 3181 2938 3233 clade
2978 3180 3030 3233 in
3069 3182 3256 3236 urbem
3315 3182 3462 3237 refu-

205 3271 281 3326 λιν
331 3276 566 3348 ἡττήθη,
604 3280 703 3332 καὶ
730 3279 896 3334 πάλιν
938 3284 995 3334 ἐν
1030 3285 1095 3352 τῇ
1153 3283 1306 3338 πόλει
1338 3286 1642 3355 κατέφυγε,
1688 3291 1777 3343 καὶ

1885 3274 1984 3344 git,
2011 3275 2416 3345 fugientemque
2440 3274 2738 3343 imperator
2758 3274 3006 3342 suscipit.
3042 3272 3198 3330 Tunc
3227 3287 3461 3330 mtestus

208 3367 354 3421 πάλιν
379 3372 407 3423 6
440 3371 708 3440 βασιλεὺς
739 3374 904 3426 αὐτὸν
953 3375 1273 3441 ὑπεδέξατο.
1308 3378 1442 3431 Τότε
1463 3380 1492 3432 6
1523 3381 1780 3452 Μεχεμὲτ

207 3461 258 3511 ὲν
289 3461 564 3535 ἀδημονίᾳ
594 3465 857 3532 γεγονὼς,
886 3468 980 3519 καὶ
1004 3467 1102 3537 τὴν
1131 3469 1230 3537 τῆς
1257 3470 1428 3540 τύχης
1466 3475 1782 3544 μεταφορὰν

206 3553 272 3615 ὡς
298 3555 601 3628 σφενδόνης
631 3559 900 3627 στρεπτὸν
933 3561 1306 3631 ἡγησάμενος,
1333 3566 1524 3635 εἴρηκε
1565 3567 1642 3636 τῷ
1679 3568 1782 3638 βα-

212 3647 370 3700 σιλεί-
402 3649 480 3702 Σὺ
530 3651 676 3719 μὲν,
731 3651 916 3719 πάτερ
971 3653 1122 3722 ἅγιε,
1180 3655 1624 3726 ζυγοσταθμῶν,
1681 3661 1782 3713 καί

207 3739 554 3802 πρὸὄλέπων
587 3740 696 3805 τὰς
725 3745 1121 3812 πλάστιγγος.
1149 3747 1260 3798 οὐκ
1292 3747 1476 3815 ἀφίης
1503 3767 1626 3818 μοι,
1660 3749 1782 3803 ἅνω

210 3830 298 3882 καὶ
347 3831 508 3884 κάτω
535 3832 657 3900 τὴν
708 3834 905 3903 τύχην
953 3835 1128 3903 ὀρῶν,
1185 3837 1293 3891 τοῦ
1341 3841 1708 3910 προδοθῆναι
1739 3843 1779 3910 ἢ

209 3922 620 3993 παραδοθῆναι
664 3943 765 3995 μοι
814 3929 923 3980 τὸν
951 3928 1170 3997 ἐχθρὸν
1197 3931 1336 3999 παρ’
1379 3934 1590 4002 αὐτῆς.
1635 3935 1781 4004 Ἐγὼ

209 4009 462 4082 δὲλέγω,
509 4017 642 4073 πᾶν
671 4019 737 4071 τὸ
777 4018 849 4072 ἐν
878 4019 1176 4089 μετώποις
1211 4025 1440 4093 mayer-
1470 4027 1581 4097 (61)
1641 4028 1781 4094 ἐνὸς

209 4102 456 4162 ἑκάστου
509 4109 793 4178 δακτύλῳ
825 4113 975 4167 Θεοῦ
1019 4115 1438 4184 ἀπαραιτήτως·
1481 4121 1780 4187 apathiae-

209 4211 312 4252 ται.
342 4197 662 4255 Κέλευσον
692 4199 805 4257 οὖν
825 4222 930 4274 μοι
977 4205 1100 4259 σὺν
1133 4206 1250 4272 τοῖς
1285 4208 1454 4276 ἐμοῖς
1485 4212 1600 4275 τὴν
1628 4212 1779 4279 πρὸς

218 4289 516 4359 Ἀδριανοῦ
539 4296 857 4364 φέρουσαν
877 4299 1084 4365 τρίϐον
1103 4299 1402 4368 ἄρξασθαι
1423 4319 1433 4329 ·
1471 4302 1568 4356 καὶ
1585 4306 1780 4372 μόνον

209 4379 380 4448 εὔχου
409 4404 507 4454 μοι
547 4387 629 4451 ὡς
660 4387 858 4456 πατὴρ
913 4389 1069 4454 υίὸν,
1102 4390 1258 4446 καθὰ
1294 4393 1389 4447 καὶ
1423 4394 1562 4463 εἰμὶ,
1592 4396 1662 4448 τὰ
1711 4395 1780 4448 δὲ

204 4470 495 4535 μέλλοντα
534 4476 619 4542 τῷ
653 4478 775 4544 Θεῷ
801 4479 1054 4548 μελέτω.
1087 4481 1224 4535 Τότε
1252 4483 1280 4534 6
1311 4483 1572 4552 βασιλεὺς
1615 4487 1780 4540 ἁκού-

214 4578 301 4627 σας
325 4568 448 4631 τοὺς
477 4569 676 4639 λόγους
706 4571 896 4636 αὑτοῦ,
925 4574 1022 4626 καὶ
1061 4575 1426 4645 περιπλακεὶς
1466 4578 1650 4642 αὑτὸν,
1685 4581 1776 4633 καὶ

1886 3376 1939 3420 et
1965 3369 2181 3428 anxius,
2245 3376 2504 3433 reputans
2555 3364 2849 3428 fortunam,
2910 3381 3065 3435 teque
3114 3381 3178 3421 ac
3212 3365 3457 3430 fundam,

1887 3458 2207 3512 mutabilem
2238 3457 2643 3526 vulnbilemque
2683 3472 2805 3512 esse
2828 3496 2843 3520 ,
2882 3457 2967 3510 his
3000 3457 3186 3512 verbis
3223 3458 3457 3528 impera-

1888 3557 2058 3600 torem
2121 3549 2458 3616 alloquitur:
2496 3547 2598 3612 Tu,
2646 3557 2799 3615 pater
2831 3558 3033 3615 sancte,
3082 3550 3174 3618 qui
3195 3564 3458 3604 momenta

1884 3658 2062 3694 rerum
2083 3643 2378 3709 perpendis,
2407 3641 2738 3708 lancinmque
2776 3644 3099 3711 reciprocam
3124 3643 3456 3696 librationem

1882 3735 2152 3802 prwvides,
2188 3749 2305 3785 cum
2339 3735 2611 3799 fortunam
2666 3733 3033 3802 contempleris
3072 3751 3264 3805 susque
3298 3739 3459 3806 deque

1883 3839 1964 3876 res
1999 3839 2143 3875 meas
2182 3839 2383 3875 versare
2408 3864 2421 3887 ,
2453 3837 2556 3875 non
2582 3823 2810 3875 dimittts
2852 3839 2951 3889 me,
2988 3834 3041 3877 ut
3071 3826 3186 3890 ipsa
3221 3843 3300 3879 me
3329 3845 3452 3896 pro—

1882 3917 1996 3980 dat,
2059 3927 2150 3968 aut
2200 3919 2253 3968 iu
2317 3932 2503 3968 manus
2536 3933 2677 3970 meas
2699 3918 2900 3970 hostem
2949 3921 3075 3971 mihi
3117 3922 3316 3973 tradat.
3349 3921 3457 3990 Ego

1881 4022 2000 4060 vero
2055 4019 2102 4060 te
2137 4022 2316 4059 coram
2351 4007 2447 4059 hoc
2509 4024 2688 4060 assero
2715 4023 2734 4061 :
2787 4009 3042 4078 quidquid
3101 4011 3157 4063 in
3191 4016 3454 4079 [rontilrus

1881 4101 2294 4167 uniuscujusque
2327 4104 2492 4152 nostri
2515 4099 2604 4152 Dei
2628 4100 2792 4169 digito
2818 4104 3076 4170 scriptum
3107 4114 3208 4167 est,
3238 4106 3290 4157 id
3322 4106 3456 4158 irre-

1880 4188 2112 4240 vocabile
2150 4203 2281 4251 esse,
2308 4205 2370 4241 ac
2400 4191 2697 4242 necessario
2719 4200 3041 4244 eventurum.
3077 4193 3270 4249 Jubeas
3294 4197 3456 4264 igitur

1878 4297 1960 4334 me
1990 4297 2107 4334 cum
2140 4283 2390 4336 omnibus
2417 4287 2546 4337 meis
2580 4286 2745 4354 copiis
2776 4287 2934 4351 viam,
2964 4303 3079 4356 qure
3113 4290 3453 4358 Adrianopo-

1880 4375 1971 4428 lim
2001 4377 2169 4440 ducit,
2202 4393 2470 4446 capessere
2496 4380 2662 4432 :mihi
2697 4379 2831 4436 bona
2859 4380 3140 4451 faustaque
3163 4384 3454 4438 solummo-

1879 4468 1947 4520 do
2004 4485 2220 4536 precare
2261 4480 2310 4523 et
2345 4480 2489 4538 apta,
2532 4482 2590 4524 ut
2620 4483 2827 4541 patrem
2879 4473 2994 4540 filio
3051 4476 3218 4538 decet.
3259 4477 3444 4545 futura

1881 4576 2000 4613 vero
2029 4560 2127 4615 Dei
2155 4564 2498 4630 providentia:
2527 4567 2921 4626 permittamus.
2955 4566 3112 4624 Hunc
3137 4584 3449 4626 sermonem

211 4652 610 4728 ἀσπασάμενος,
632 4664 724 4716 καὶ
743 4663 960 4717 δεῖπνον
991 4665 1326 4735 εὐτρεπίσας
1346 4669 1644 4740 πολυτελῆ.
1679 4671 1774 4724 καὶ

1886 4655 1974 4707 ubi
2057 4656 2264 4708 audivit
2363 4657 2686 4724 imperatOr,
2735 4659 2915 4728 ipsutn
2994 4662 3314 4732 complexus
3389 4679 3456 4717 ac

211 4753 548 4816 χαρμονικῶς
595 4754 1000 4824 εὐφρανθέντες
1028 4772 1042 4785 ο
1086 4758 1300 4820 πρωῒας
1337 4759 1436 4828 ἤδη
1470 4761 1774 4830 γενομένης

211 4834 392 4898 ἔξεισιν
412 4845 438 4894 ὁ
455 4845 604 4913 Μεχε
615 4845 714 4914 μὲτ
733 4847 830 4916 τῆς
847 4846 1082 4912 πόλεως,
1101 4849 1193 4899 καὶ
1215 4851 1295 4911 είς
1318 4848 1411 4901 δύο
1431 4850 1666 4920 μερίσας
1684 4851 1772 4906 τὸν

216 4933 447 4998 στρατὸν,
474 4939 535 4990 τὸ
561 4937 662 5007 μὲν
689 4937 748 4990 ἓν
771 4939 934 5008 μέρος
959 4940 1096 5010 πρὸς
1126 4941 1195 4992 τὰ
1218 4941 1312 4993 τοῦ
1343 4941 1597 5006 Εὐξείνου
1627 4944 1769 5014 μέρη

214 5018 432 5093 ἔπεμψε,
465 5029 527 5082 τὸ
556 5029 615 5082 δὲ
660 5029 790 5083 ἄλλο
831 5031 966 5101 πρὸς
1017 5032 1119 5101 τὴν
1162 5031 1443 5104 ’Δδριανοῡ
1498 5036 1772 5104 φέρουσαν

217 5109 388 5169 ὥδευε.
424 5119 556 5174 Τότε
587 5123 616 5174 6
669 5122 876 5191 Μωσῆς
911 5123 1076 5176 πάλιν
1128 5124 1395 5191 ἀκούσας,
1440 5126 1536 5179 καὶ
1584 5127 1776 5197 μαθὼν

218 5204 319 5269 πῶς
346 5213 420 5274 είς
445 5214 536 5268 δύο
565 5216 887 5286 κατατομὰς
921 5217 988 5269 τὰ
1018 5217 1229 5284 φοσάτα
1257 5218 1505 5288 ἐμέρισε,
1533 5220 1605 5273 τὰ
1638 5221 1773 5291 πρὸς

219 5296 297 5348 τὸν
329 5305 516 5358 πόντον
577 5307 720 5379 μέρη
774 5309 1039 5361 ἐδίωκενο
1099 5312 1194 5363 καὶ
1251 5310 1316 5382 δὴ
1371 5313 1774 5368 ὲπεισπεσὸντα

222 5389 368 5460 ἄμφω
396 5401 459 5453 τὰ
492 5403 858 5471 στρατόπεδα,
901 5404 997 5456 καὶ
1035 5404 1084 5456 οἱ
1115 5404 1210 5458 τοῦ
1244 5406 1419 5474 Μωσῆ
1450 5407 1776 5477 ἡττηθέντες

225 5485 342 5553 πρὸς
367 5491 452 5545 τὸν
480 5496 734 5564 Μεχεμὲτ
767 5494 1105 5565 ἡθροίζοντο.
1151 5496 1209 5547 '0
1242 5497 1295 5548 δὲ
1332 5499 1616 5562 ἀσπασίως
1648 5500 1778 5553 ὓπε-

225 5573 405 5646 δέχετο.
447 5585 505 5638 Ὀ
540 5588 597 5640 δὲ
649 5589 856 5657 Μωσῆς
889 5588 947 5638 τὸ
991 5590 1220 5655 γεγονὸς
1259 5588 1402 5654 ἰδὼν,
1437 5591 1533 5643 καὶ
1578 5591 1638 5642 τὸ
1677 5592 1776 5661 τῆς

1881 4745 2227 4800 deosculatus
2275 4756 2389 4800 est:
2441 4762 2596 4802 creua
2633 4749 2830 4804 deinde
2852 4751 3077 4820 opipare
3106 4764 3160 4806 et
3195 4753 3342 4807 laute
3372 4755 3455 4808 in-

1880 4847 2111 4900 structa,
2149 4839 2352 4893 hilares
2377 4851 2429 4894 et
2457 4841 2562 4894 lazti
2593 4844 2754 4910 genio
2794 4846 3158 4900 indulserunt.
3198 4845 3326 4901 Orta
3353 4848 3449 4902 de-

1880 4947 2025 4986 mum
2058 4933 2176 4987 luce
2199 4933 2332 4987 urbe
2349 4937 2479 4989 exiit
2511 4935 2869 5002 Mahometes,
2903 4941 3198 5010 copiasque
3220 4941 3272 4995 in
3297 4941 3453 4996 acies

1880 5027 2039 5081 binas
2073 5028 2349 5095 partitur;
2387 5047 2621 5101 quarum
2655 5034 2823 5086 altera
2857 5050 3049 5089 versus
3076 5034 3343 5088 Euxinum
3369 5038 3454 5090 in-

1881 5121 2065 5186 cessit,
2091 5121 2257 5176 altera
2289 5123 2698 5194 Amianopolim
2721 5128 3022 5183 contendit.
3047 5128 3223 5186 Moses
3246 5143 3452 5202 autem,

1881 5205 1986 5270 ubi
2012 5215 2269 5286 cognovit
2319 5220 2623 5274 exercitum
2660 5235 2818 5272 suum
2858 5221 3221 5279 Mahometem
3259 5226 3452 5281 induo

1876 5310 2090 5380 agmina
2123 5311 2376 5366 divisisse
2407 5325 2425 5363 :
2459 5311 2613 5377 illud,
2644 5315 2788 5384 quod
2817 5316 2883 5368 ad
2911 5315 3184 5373 Euxinum
3212 5321 3447 5376 Pontum

1879 5401 2237 5470 properabat,
2294 5403 2636 5472 insequitur,
2696 5408 3154 5478 assequiturqne;
3213 5429 3451 5482 cumque

1877 5493 2051 5546 amba
2111 5492 2376 5563 opposita:
2408 5497 2552 5552 acies
2575 5500 3013 5569 concurrissent,
3047 5502 3323 5574 Mosisque
3352 5523 3450 5561 co-

1877 5587 1978 5655 pia:
2007 5586 2164 5640 victae
2197 5585 2459 5651 fuissent.
2511 5591 2575 5643 ad
2606 5590 2967 5649 Machometis
3003 5606 3187 5665 partes
3217 5599 3452 5653 transie-

1355 5731 1642 5793 lsmaelis
1677 5732 1974 5793 Bullialdi
2026 5742 2220 5795 notis.

287 5848 384 5917 (6i)
413 5854 533 5908 Πᾶν
552 5855 618 5908 τὸ
641 5855 708 5906 ἐν
734 5856 1029 5922 μετώποις
1062 5858 1307 5924 γραφέν.
1347 5855 1509 5910 Juxta
1537 5866 1771 5911 mentem

232 5909 600 5980 MuSuhnanic-a:
652 5909 954 5996 religionis,
1007 5909 1188 5995 'q't'ue'
1233 5929 1772 5997 prwdestinationem

1881 5857 2246 5932 inevitabilem
2269 5862 2490 5928 astruit,
2523 5861 2766 5932 nihilque
2793 5879 2856 5918 ex
2901 5864 3140 5921 hominis
3170 5864 3451 5928 voluntate

1882 5929 2050 5982 libera
2085 5932 2198 5982 ﬁeri
2226 5934 2440 5986 asserit.
