3798 6596
489 400 591 463 887

1978 406 2196 470 DUCAE
3586 411 3678 496 εει

422 526 425 531 ’
479 542 721 600 venerat,
751 535 1080 609 illorumque
1109 536 1311 595 vexillo
1348 545 1406 595 et
1454 538 1761 613 insignibus
1792 556 1852 598 se
1906 549 2040 599 tuta«

2153 544 2504 616 ὑποκόπτων,
2538 550 2636 605 καὶ
2692 550 2796 624 τὴν
2844 553 3089 627 σημαίαν
3131 552 3317 613 αὐτῶν
3358 558 3556 631 φέρων·
3597 568 3675 622 καὶ

480 626 660 681 batur.
692 622 833 683 Vere
855 629 1040 700 itaque
1068 630 1396 689 adventante
1428 633 1678 689 triremes
1703 635 1891 690 decem
1942 635 2049 704 ipsi

478 718 878 786 instruxerunt,
928 736 1066 791 quas
1100 722 1155 777 in
1204 723 1442 780 statione
1495 724 1804 781 habuerunt
1825 727 1878 781 in
1932 727 2056 782 sinu

478 808 780 874 Adriatico.
815 812 962 867 circa
980 813 1266 882 Eubmam,
1306 814 1521 871 Cretam
1543 828 1596 872 et
1617 817 1877 890 Cycladas
1900 818 2055 875 insu-

478 900 579 955 las.
612 896 889 959 Triremes
914 918 1080 975 porro
1108 920 1311 977 septem
1332 906 1608 964 Tenedum
1636 924 1810 981 usque
1833 912 2057 981 naviga-

478 999 628 1056 runt,
660 992 735 1048 ita
761 1004 819 1049 ut
842 997 897 1050 in
932 992 1176 1053 hostium
1191 1008 1541 1069 conspectum
1568 1004 1815 1058 venirent
1842 1003 2053 1059 :fauci-

478 1084 577 1140 bus
598 1086 793 1142 deinde
810 1086 1146 1159 Hellesponti
1176 1095 1465 1162 superatis,
1492 1094 1853 1165 Lampsacum
1879 1111 2052 1166 usque

482 1190 799 1245 pervenere.
833 1180 1061 1236 Turcica
1091 1190 1221 1239 tunc
1245 1185 1434 1241 classis
1485 1203 1648 1258 supra
1701 1189 1921 1245 modum
1971 1192 2052 1246 in-

478 1278 703 1334 structa,
736 1271 1025 1328 stationem
1057 1273 1290 1331 habebat
1319 1277 1371 1331 in
1396 1286 1558 1347 portu
1578 1278 1923 1351 Callipoleos.
1943 1284 2047 1354 61

460 1359 828 1430 .Depreltenso
863 1365 1080 1422 interim
1110 1368 1227 1422 velo
1259 1383 1367 1424 uno
1419 1371 1634 1438 exiguo,
1678 1372 1826 1441 quod
1860 1390 1889 1430 e
1910 1374 2052 1430 Con-

478 1457 914 1524 stantinopoleos
944 1468 1105 1529 portu
1140 1460 1397 1527 solverat,
1447 1464 1701 1533 quodque
1755 1465 2047 1523 Turcicum

2162 639 2559 706 καταλαϐόντος
2602 643 2699 699 τοῦ
2730 646 2891 719 ἔαρος
2921 649 3258 719 ηὐτρέπισαν
3291 652 3387 705 καὶ
3420 653 3557 707 αὐτοὶ
3580 674 3669 727 τρι-

2157 729 2314 801 ήρεις
2342 732 2512 787 δέκα·
2562 734 2659 788 καὶ
2706 740 3071 808 προσέχοντες
3112 737 3252 812 ἦσαν
3307 744 3395 795 τὸν
3434 744 3675 812 Ἀδριανοῦ

2157 822 2356 876 κόλπον
2382 822 2518 894 (80),
2564 824 2821 895 Εὔϐοιαν,
2865 831 3117 903 Κρήτην,
3162 832 3257 886 καὶ
3292 834 3387 897 τὰς
3432 835 3675 901 Κυκλάδας

2156 916 2392 984 νήσουςο
2423 916 2674 973 ἐλθοῦσαι
2708 921 2764 974 δέ
2794 924 3046 993 τριήρεις
3089 925 3227 979 έπτὰ
3260 928 3422 997 μέχρι
3464 929 3675 993 Τενέδου,

2153 1006 2534 1078 ἠϐουλήθησαν
2584 1012 2853 1081 ἐμφανεῖς
2886 1017 3142 1082 γενέσθαι
3188 1022 3305 1083 τοῖς
3352 1021 3575 1089 ἐχθροῖς,
3602 1024 3678 1077 καὶ

2155 1098 2487 1165 εἰσελθόντες
2512 1104 2614 1174 τὴν
2654 1104 3044 1183 Ἑλλήσποντον
3072 1110 3334 1180 διέϐησαν
3366 1114 3522 1183 μέχρι
3553 1115 3679 1183 Δαμ-

2152 1189 2355 1259 ψάκου.
2389 1194 2499 1246 Καὶ
2523 1194 2580 1248 δέ
2605 1182 2854 1267 τριήρεις
2874 1200 2983 1255 τῶν
3003 1200 3262 1271 Τούρκων
3300 1182 3513 1257 ἵσταντο
3540 1206 3592 1257 ἐν
3617 1204 3678 1276 τῷ

2153 1282 2334 1351 λιμένι
2364 1286 2820 1352 Καλλιουπόλεως
2852 1290 3070 1360 ἕτοιμαι
3112 1294 3193 1354 είς
3213 1292 3425 1363 ἐξοχὴν.
3455 1295 3519 1349 Δί
3552 1298 3680 1366 τριή-

2157 1392 2272 1446 ρεις
2305 1375 2360 1429 δὲ
2411 1377 2522 1431 τῶν
2558 1379 2861 1433 Βενετικῶν
2906 1383 3115 1453 ὁρῶσαι
3157 1385 3327 1439 ίστίον
3377 1385 3435 1439 ἒν
3486 1391 3679 1457 σμικρὸν

2152 1468 2556 1538 κατερχόμενον
2586 1470 2695 1523 ἀπὸ
2724 1472 3321 1543 Κωνσταντινούπολιν,
3358 1480 3453 1532 καὶ
3496 1479 3680 1535 δοκοῦν·

478 1546 844 1615 conjiciebant
880 1548 1097 1606 Venetae
1123 1553 1320 1610 classis
1349 1560 1513 1610 duces
1546 1572 1560 1610 :
1587 1557 1861 1613 triremem
1882 1573 2049 1613 unam

472 1639 541 1692 ad
574 1639 703 1693 illud
736 1641 1009 1712 navigium
1036 1645 1400 1702 invadendum
1423 1648 1669 1704 mittunt.
1691 1649 1746 1705 Id
1767 1667 1890 1705 cum
1913 1650 2040 1707 Tur-

2153 1650 2246 1703 τοῦ
2276 1650 2467 1705 λαϐεῖν
2499 1653 2656 1706 αὐτό.
2687 1655 2750 1708 οι
2782 1655 2838 1709 δὲ
2882 1656 3119 1728 napum
3152 1660 3391 1728 ὁρῶντες
3418 1639 3681 1732 relegatu-

471 1731 520 1785 εἰ
549 1734 986 1802 conspexissent,
1015 1738 1116 1791 rati
1150 1754 1317 1794 unum
1353 1756 1382 1794 e
1412 1742 1525 1797 suis
1552 1758 1693 1809 esse,
1724 1745 1867 1813 quod
1906 1744 2040 1800 inse-

2150 1756 2264 1800 νον,
2322 1743 2416 1794 καὶ
2449 1743 2767 1809 εἰκάζοντες
2820 1748 2881 1799 τὸ
2938 1747 3272 1819 διωκόμενον
3323 1750 3503 1803 αὐτῶν
3550 1747 3682 1813 εἶναι,

471 1824 799 1892 qucbantur,
813 1826 996 1881 Veneti
1018 1829 1163 1885 illius
1179 1840 1285 1887 tuta
1296 1834 1382 1887 ndi
1399 1848 1567 1889 causa
1584 1837 1862 1890 triremem
1880 1851 2040 1891 unam

2153 1832 2344 1896 ἐξῆλθε
2378 1834 2472 1887 καὶ
2519 1835 2576 1899 ἐξ
2620 1837 2798 1891 αὐτῶν
2849 1840 3015 1911 ἑτέρα
3066 1842 3319 1911 τριήρης.
3382 1842 3682 1909 δεφενδεῦσιι

472 1914 525 1968 in
572 1917 739 1971 altum
787 1920 901 1975 vela
965 1920 1142 1978 facere
1200 1925 1418 1994 jubent.
1451 1927 1705 1982 Lesbium
1739 1944 1904 1999 porro
1932 1938 2040 1984 erat

2157 1922 2326 1977 θέλων
2356 1926 2507 1981 αὑτό.
2553 1928 2764 1983 Ἐκεῖνο
2796 1931 2851 1983 δέ
2881 1927 2951 2001 ἦν
2987 1932 3215 1985 Λέσϐιον
3251 1934 3441 1985 πλοῖον
3468 1934 3683 2003 κατερχό-

469 2004 936 2080 Constantinopoli
963 2012 1287 2083 profectum.
1331 2018 1518 2073 Veneti
1563 2020 1745 2090 itaque
1772 2028 2040 2076 cernentes

2156 2033 2320 2085 μενον
2347 2018 2459 2071 ἀπὸ
2494 2020 3095 2079 Κωνσταντινούπολιν.
3140 2025 3368 2088 Ἰδόντες
3399 2024 3454 2078 δὲ
3484 2026 3530 2078 oi
3559 2026 3682 2078 Βενι-

470 2093 731 2153 Turcicas
756 2100 1004 2157 triremes
1022 2114 1177 2173 portu
1199 2105 1373 2172 exire,
1400 2107 1465 2161 ad
1491 2119 1696 2164 catena:
1715 2109 1890 2164 instar
1906 2110 2040 2165 ordi-

2149 2109 2294 2162 τικοὶ
2340 2110 2438 2173 τὰς
2481 2116 2735 2184 τριήρεις
2779 2115 2892 2168 τῶν
2928 2117 3213 2187 Τούρκων,
3268 2118 3429 2189 δίκην
3479 2117 3683 2187 ὁρμαθῶ

2150 2197 2421 2267 ἐξιούσας,
2472 2202 2745 2271 ὥρμησαν
2800 2210 2925 2260 κατ’
2952 2207 3156 2276 αὐτῶν,
3213 2209 3313 2262 καὶ
3368 2210 3429 2262 τὸ
3482 2210 3685 2263 ἐνυάλιον

2152 2293 2388 2363 ἦχησαν,
2442 2296 2882 2365 συνεπλάκησαν.
2920 2300 3144 2367 Πρῶτον
3184 2303 3286 2372 μὲν
3321 2302 3386 2369 δὴ
3421 2304 3682 2373 προσκρού-

2150 2400 2346 2448 σαντες
2374 2386 2473 2455 τὴν
2502 2385 2599 2440 τοῦ
2634 2389 2881 2460 ἀμιραλῆ
2914 2392 3255 2461 Τζαλίσπεγι
3292 2394 3516 2464 τριήρη,
3541 2394 3682 2448 ᾶπαν-

2147 2493 2247 2539 τας
2276 2478 2512 2547 ἀφειδῶς
2539 2480 2874 2551 έξεθέρισαν,
2906 2483 3002 2536 καὶ
3025 2484 3192 2537 αὐτὸν
3221 2485 3583 2553 Τζαλίσπεγιν
3609 2503 3680 2555 με·

2147 2567 2307 2639 ληδδν
2354 2571 2655 2643 κατέτεμον
2676 2590 2690 2604 ·
2725 2568 2849 2630 εἶτα
2878 2575 3039 2641 ἄλλος
3076 2576 3249 2647 ἄλλην
3296 2579 3681 2649 ἐπεμϐαίνοντες

2144 2661 2329 2725 πάσας
2382 2664 2692 2733 παρέλαϐον
2719 2705 2736 2730 ,
2791 2666 3041 2738 ἀνηλεῶς
3095 2670 3533 2738 κατατέμνοντες
3583 2670 3681 2731 τοὺς

2145 2751 2424 2823 Τούρκους
2462 2754 2689 2809 ἐνώπιον
2718 2758 2827 2811 τῶν
2872 2759 3153 2828 γυναικῶν
3233 2761 3335 2815 καὶ
3378 2762 3486 2815 τῶν
3514 2760 3681 2815 παίδων

2144 2842 2349 2907 αὐτῶν,
2381 2845 2604 2914 μακρὰν
2635 2846 2939 2916 ἀπέχοντες
2962 2846 3065 2919 τὴν
3103 2849 3162 2901 ἐν
3190 2848 3583 2902 Καλλιουπόλει
3606 2849 3681 2915 ξη-

2145 2932 2247 3004 ρὰν
2276 2933 2352 2998 ὡς
2380 2936 2560 3005 μίλιον
2605 2936 2686 2990 ἐν.
2723 2940 2787 2991 0i
2821 2939 2876 2992 δὲ
2926 2939 3209 2993 Βενετικοὶ
3245 2941 3353 3012 ἥδη
3405 2940 3533 3011 πρὸς
3554 2939 3681 2992 ἐσπέο

2152 1574 2245 1621 τες
2274 1559 2577 1627 Τουρκικὸν
2612 1556 2773 1625 εἶναι,
2808 1565 3088 1621 στέλλουσι
3138 1568 3268 1636 μίαν
3301 1569 3411 1623 τῶν
3449 1572 3680 1640 τριήρων

468 2202 538 2242 ne
558 2201 792 2258 servato,
829 2193 880 2246 in
907 2195 1053 2264 ipsas
1079 2195 1329 2253 feruntur
1359 2216 1375 2253 :
1410 2208 1483 2265 et,
1505 2216 1628 2256 cum
1654 2201 1944 2259 classicum
1965 2216 2052 2258 ce-

468 2279 749 2345 cinissent,
776 2300 1012 2355 pugnam
1046 2288 1262 2345 ineunt.
1289 2290 1475 2347 Primo
1528 2293 1733 2354 impetu
1775 2295 2048 2350 triremem

479 2373 712 2429 amiralii
757 2376 894 2432 Giali
929 2379 1053 2451 Begi
1084 2383 1381 2451 appellunt,
1413 2385 1467 2439 in
1515 2400 1746 2457 eamque
1778 2387 2051 2443 irruentes

465 2477 658 2520 omnes
697 2470 1012 2535 promiscue
1043 2470 1191 2526 ferro
1214 2474 1449 2538 cmdunt,
1480 2475 1767 2546 ipsumque
1788 2478 1926 2533 Giali
1951 2478 2050 2533 Be-

464 2569 590 2625 gum
614 2558 953 2614 membratim
968 2563 1344 2620 conciderunt.
1362 2566 1516 2622 Alius
1529 2569 1790 2624 deindein
1805 2570 1963 2624 aliam
1980 2571 2050 2624 ir-

464 2648 573 2702 ruit
596 2657 652 2702 et
670 2649 861 2705 insilit:
882 2654 1137 2710 omnibus
1154 2656 1387 2728 denique
1406 2658 1717 2715 triremibus
1733 2661 1927 2730 captis,
1950 2661 2047 2716 itu-

472 2740 707 2795 maniter
726 2742 941 2799 Turcos
959 2746 1293 2803 frustulatim
1313 2750 1653 2821 discindunt,
1671 2754 2044 2822 spectantibus

469 2847 659 2888 eorum
693 2836 1018 2907 conjugibus
1043 2849 1099 2895 et
1123 2841 1310 2899 liberis
1324 2842 1651 2915 Callipoleos
1676 2845 1877 2911 littore,
1899 2847 2042 2917 quod

466 2940 496 2979 a
529 2925 674 2991 loco,
711 2928 800 2982 ubi
829 2944 1007 3000 pugna
1047 2934 1343 2991 commissa
1373 2945 1475 3003 est,
1504 2938 1723 2993 milliari
1782 2953 1893 2993 uno
1931 2940 2043 2996 dis-
2145 2932 2247 3004 ράν
2276 2933 2352 2998 ὡς
2380 2936 2560 3005 μίλιον
2605 2936 2686 2990 ἓν·
2723 2940 2787 2991 Οῑ
2821 2939 2876 2992 δὲ
2926 2939 3209 2993 Βενετικοὶ
3245 2941 3353 3012 ἥδη
3405 2940 3533 3011 πρὸς
3554 2939 3681 2992 έσπέ²
3720 3018 3727 3024 _

469 3025 567 3071 tat.
603 3012 873 3075 Inclinato
896 3021 1008 3092 jam
1032 3025 1121 3079 die
1150 3023 1343 3082 Veneti
1367 3031 1606 3100 receptui
1627 3037 1851 3097 canunt,
1882 3031 2040 3085 trire-

2147 3042 2245 3095 ραν
2280 3026 2373 3080 τοῦ
2407 3027 2671 3099 πολεμεῖν
2704 3031 3055 3101 σιγήσαντες,
3084 3033 3309 3097 καὶτὰς
3336 3034 3572 3103 τριήρεις
3598 3032 3681 3083 τῶν

464 3122 690 3177 meaque
719 3120 927 3180 septem
948 3122 1001 3168 et
1026 3115 1216 3186 viginti
1242 3117 1505 3175 Turcicas
1535 3136 1660 3175 cum
1695 3122 1809 3177 suis
1848 3122 1902 3178 in
1936 3122 2037 3179 Te-

2147 3117 2403 3187 Τούρκων
2432 3119 2509 3184 ὡς
2537 3121 2619 3186 κζ’
2646 3122 2738 3175 τὸν
2763 3122 3021 3194 ἀριθμὸν,
3056 3126 3153 3178 καὶ
3178 3123 3280 3187 τὰς
3305 3125 3485 3179 αὐτῶν
3510 3125 3681 3193 πτερὼ-

464 3199 665 3254 nedum
694 3203 923 3257 insulam
960 3206 1094 3261 velis
1123 3208 1308 3277 pansis
1353 3210 1650 3268 deducunt.
1708 3212 2037 3285 Portumque

2147 3226 2357 3274 σαντες,
2393 3212 2674 3284 κατῄεσαν
2707 3215 2792 3278 είς
2831 3213 3061 3270 Τένεδον
3096 3216 3279 3287 νῆσον.
3335 3219 3512 3273 Κάκεῖ
3552 3221 3680 3289 ὁρμι-

463 3292 716 3363 ingressi,
743 3296 1001 3353 omnibus
1029 3308 1285 3356 accurate
1316 3304 1597 3371 perpensis
1628 3313 1683 3361 et
1734 3309 2034 3378 perspectis

2147 3300 2366 3364 σθέντες
2395 3303 2453 3355 ἐν
2483 3303 2562 3371 τῷ
2590 3303 2792 3373 λιμένι,
2825 3304 2921 3358 καὶ¹
2942 3305 3309 3374 ἐξετάσαντες
3335 3308 3590 3379 ἀκριϐῶς,
3609 3308 3678 3362 καὶ

462 3384 675 3440 Turcos
718 3399 909 3443 omnes
955 3388 1186 3444 seorsim
1234 3402 1549 3452 contractos
1600 3398 1917 3455 confodere.
1971 3401 2032 3456 In

2147 3394 2479 3464 χωρίσαντες
2508 3394 2635 3457 τοὺς
2683 3395 2973 3466 Ὑούρκους
3011 3398 3263 3463 ἅπαντας
3315 3400 3571 3470 ἔσφαξαν.
3608 3399 3680 3463 είς

461 3474 809 3535 Christianos
868 3480 1029 3536 aliter
1080 3483 1581 3559 anquisitum:qui
1636 3490 1781 3545 enim
1831 3494 2033 3564 captivi

2147 3484 2197 3538 δέ
2223 3485 2347 3548 τοὺς
2377 3486 2743 3555 Χριστιανοὺς
2778 3488 2976 3560 ἑτέραν
3016 3490 3246 3561 ἔρευναν
3284 3492 3676 3565 ἐρευνήσαντες’

462 3568 742 3640 vinctique
770 3570 823 3625 in
856 3572 1176 3629 triremibus
1209 3575 1619 3645 detinebantur,
1644 3581 1711 3637 iis
1742 3583 1851 3638 vita
1904 3600 2034 3641 con-

2147 3578 2232 3631 sul.
2258 3577 2384 3643 τοὺς
2431 3578 2531 3647 μὲν
2560 3579 2854 3652 ἀγγαρικῷ
2902 3582 3094 3653 τρόπῳ
3139 3584 3499 3654 είσαχθέντας
3544 3586 3596 3638 ἐν
3622 3582 3675 3653 τῷ

461 3674 618 3715 cessa
647 3671 751 3715 est.
773 3662 853 3717 Illi
886 3679 1032 3732 vero,
1062 3667 1159 3735 qui
1190 3679 1415 3742 accepta
1442 3674 1715 3738 mercede,
1769 3682 1864 3730 aut
1900 3693 2037 3747 quo-

2147 3671 2333 3741 στόλῳ,
2361 3672 2460 3741 τὴν
2490 3670 2636 3740 ζωὴν
2662 3672 3030 3745 ἐδωρήσαντο,
3056 3677 3186 3740 τοὺς
3212 3675 3269 3731 δέ
3292 3678 3388 3732 διὰ
3443 3678 3669 3749 προσόδων

460 3751 546 3806 vis
574 3753 685 3808 alio
709 3756 936 3824 praemio
968 3758 1139 3825 ducti,
1171 3775 1390 3830 operam
1427 3778 1583 3820 suam
1606 3777 1797 3834 sponte
1824 3769 2037 3824 locave-

2147 3763 2363 3832 καὶτῆς
2388 3762 2659 3834 τυχούσης
2719 3760 2979 3835 προνοίας
3022 3768 3236 3832 πάντας
3281 3770 3675 3825 ἀνεσκολόπισσν

462 3855 606 3911 rant,
634 3847 820 3903 cuncti
847 3849 898 3903 in
926 3849 1104 3905 insula
1127 3851 1347 3931 Tenedo
1370 3857 1666 3927 suspendio
1687 3858 1867 3915 aﬂecti
1886 3870 2036 3916 sunt.

2147 3854 2197 3907 iv
2231 3856 2297 3924 τῇ
2334 3854 2566 3925 Τενέδῳ.
2604 3855 2714 3910 Καὶ
2747 3851 2815 3928 ἦν
2853 3856 2983 3911 ἰδεῖν
3008 3859 3244 3931 γυρόθεν
3274 3862 3382 3931 τὴν
3408 3863 3582 3917 πᾶσαν
3607 3858 3674 3926 vﬁ-

463 3936 728 4008 Tuncque
756 3954 981 3997 eernere
1001 3951 1119 3999 erat
1151 3960 1250 4013 per
1278 3955 1452 4002 totum
1516 3950 1710 4006 insula:
1771 3953 2035 4007 ambitum

2147 3961 2234 3998 σον
2273 3944 2348 4008 ὡς
2372 3946 2659 4016 ἀμπέλους
2680 3946 2782 4010 τὰς
2807 3949 3071 4019 φούρκας,
3100 3950 3195 4005 καὶ
3218 3950 3295 4014 ὡς
3328 3951 3560 4023 βότρυας
3580 3950 3674 4012 τοὺς

465 4027 648 4084 furcas
682 4030 749 4084 ad
777 4031 952 4087 instar
974 4032 1164 4089 vilium
1201 4035 1521 4107 dispositas,
1582 4041 1651 4094 ab
1702 4042 1784 4097 eis
1834 4042 2035 4112 depen-

2148 4038 2210 4090 ἐν
2245 4037 2437 4101 αὑταῖς
2468 4041 2874 4111 κρεμαμένους.
2906 4040 2970 4093 Δί
2995 4040 3051 4094 δέ
3073 4042 3331 4113 τριήρεις
3354 4041 3674 4098 κατελθοῦσσι

461 4119 668 4184 dentis,
702 4122 866 4178 veluti
892 4140 1163 4192 racemos,
1193 4129 1481 4185 cadavera.
1527 4129 1634 4186 Ubi
1685 4132 1901 4189 Cretam
1943 4150 2038 4206 ap-

2147 4128 2198 4181 ὲν
2233 4129 2430 4201 Κρήτη
2460 4130 2587 4193 τοὺς
2632 4130 2734 4198 μὲν
2781 4131 2840 4183 ἐν
2888 4131 3025 4203 αὐτῇ
3073 4134 3142 4203 τῇ
3174 4134 3350 4204 νήσῳ,
3404 4134 3525 4196 τοὺς
3559 4132 3606 4184 δδ
3632 4129 3675 4183 iv

461 4212 719 4280 puleruut
736 4215 985 4272 triremes
1008 4215 1245 4284 Venetae,
1266 4219 1565 4277 Christiani
1588 4225 1787 4293 captivi
1805 4227 2038 4297 remiges

2147 4218 2366 4291 Εὐϐοία,
2398 4221 2524 4286 τοὺς
2587 4222 2644 4275 δέ
2700 4223 2757 4275 έν
2807 4223 3031 4294 Βενετίᾳ
3080 4224 3541 4299 διέσπειραν,καὶ
3566 4225 3674 4293 ᾑρη-

460 4306 657 4372 partim
689 4322 782 4376 per
807 4322 927 4363 eam
950 4310 1181 4364 insulam
1212 4312 1510 4380 distributi,
1544 4316 1740 4385 partim
1785 4334 1882 4388 per
1929 4319 2040 4377 Eu-

2147 4312 2340 4382 μένους
2373 4312 2569 4380 ἐρέτας
2601 4312 2968 4383 Χριστιανοὺς
3018 4316 3391 4387 ὑπάρχοντας.
3434 4314 3677 4387 Χειμῶνος

460 4397 639 4453 bmam
698 4401 896 4466 sparsi,
932 4400 1186 4459 Venetias
1216 4419 1436 4474 quoque
1486 4410 1679 4476 partim
1740 4414 2039 4470 transvecti

2147 4405 2197 4458 δὲ
2250 4403 2643 4473 παρελθόντος,
2693 4407 2787 4459 καὶ
2832 4408 2928 4462 τοῦ
2982 4409 3143 4477 ἔαρος
3184 4409 3495 4479 ἀρχομένου
3544 4405 3676 4459 πάλιν

460 4498 610 4543 sunt.
642 4488 772 4544 Post
802 4501 1047 4548 exactam
1069 4494 1262 4549 deinde
1282 4495 1540 4561 hiemem,
1559 4498 1890 4573 ineunteque
1912 4520 2039 4560 vere

2147 4496 2254 4553 ἀπὸ
2283 4495 2536 4559 Βενετίας
2563 4498 2809 4569 τριήρεις
2834 4513 2848 4528 ⁸
2882 4501 2977 4554 καὶ
3025 4501 3084 4555 ἐν
3121 4499 3501 4569 Ἑλλησπόντῳ
3536 4495 3677 4550 εἰσελ-

457 4581 652 4638 classis
682 4584 890 4639 Veneta
925 4597 1084 4656 portu
1108 4587 1466 4645 Venetiarum
1502 4592 1701 4648 iterum
1751 4596 1937 4662 solvit,
1989 4605 2040 4653 et

2149 4588 2340 4644 θοῦσαι
2367 4564 2750 4660 ἠϐουλήθησαν
2784 4591 3122 4662 παραλαϐεῖν
3160 4564 3505 4661 τὸν-πύργον
3534 4589 3613 4641 τὸν
3635 4588 3677 4637 ἐν
3756 4646 3763 4667 ⁸

464 4672 878 4745 Hellespontum
915 4680 1164 4748 ingressa
1201 4682 1417 4748 turrim,
1441 4699 1564 4754 quae
1593 4685 1881 4757 Lampsaci
1920 4697 2040 4745 erat

2147 4681 2436 4753 Λαμψάκῳ
2460 4680 2519 4735 ὃν
2544 4683 2835 4752 ἀνήγειρεν
2877 4685 2905 4736 ὁ
2942 4683 3335 4754 Μουσουλμὰν,
3368 4681 3464 4736 καὶ
3497 4680 3579 4734 διὰ
3607 4678 3676 4732 οσ-

460 4779 491 4818 a
526 4765 872 4823 Musulmano
898 4778 1202 4837 exstructa,
1226 4780 1419 4828 tentat.
1444 4772 1487 4828 E
1522 4775 1837 4833 triremibus
1855 4777 2040 4850 itaque

2147 4769 2353 4842 λάσσης
2399 4772 2837 4843 ἀκροϐολισμοὺς
2870 4775 3223 4845 ποιήσαντες,
3259 4775 3348 4828 διὰ
3394 4774 3559 4844 ξηρᾶς
3600 4770 3675 4822 οὐκ

456 4871 578 4911 eam
607 4854 793 4913 Veneti
816 4870 1128 4931 Oppugnant
1156 4873 1208 4917 et
1229 4866 1504 4934 quatiunt,
1533 4882 1657 4922 cum
1682 4869 1734 4922 in
1758 4870 1911 4926 littus
1944 4888 2036 4929 ex-

461 4950 721 5004 scendere
751 4951 1145 5020 nequivissent.
1176 4954 1384 5011 Aderat
1414 4959 1561 5013 enim
1592 4960 1704 5016 illic
1736 4961 2027 5032 Chamzas,

460 5038 718 5109 Bajazitis
741 5040 1068 5099 Mesazontis
1085 5043 1273 5112 frater,
1291 5062 1416 5101 cum
1439 5051 1682 5105 exercitu
1706 5052 1890 5108 decem
1911 5056 2032 5110 mil-

457 5129 590 5185 lium
622 5139 676 5188 et
703 5132 939 5202 amplius
971 5136 1227 5203 militum,
1258 5138 1352 5208 qui
1384 5137 1717 5197 Venetorum
1756 5145 2031 5202 incessum

458 5222 805 5279 observabat.
840 5224 944 5291 Qui
974 5243 1099 5282 cum
1135 5244 1268 5286 suos
1312 5242 1546 5292 conatus
1597 5234 1781 5294 initas
1840 5252 2032 5296 cerne-

458 5323 601 5381 rent,
652 5313 1184 5389 Constantinopolim
1238 5322 1445 5387 abiere,
1508 5325 1675 5381 turris
1748 5328 2034 5384 obsidione

459 5406 664 5463 omissa
695 5425 711 5463 :
739 5424 902 5478 quam
934 5411 1311 5469 semidirutam
1341 5431 1406 5469 ac
1444 5427 1759 5487 quassatam
1803 5419 2034 5491 relique-

460 5507 629 5554 runt:
653 5509 797 5555 tecto
824 5501 996 5572 ipsius
1020 5518 1050 5558 a
1079 5505 1281 5560 vertice
1313 5505 1381 5563 ad
1413 5506 1581 5563 itnum
1612 5507 1867 5576 decusso,
1894 5521 1948 5565 et
1967 5512 2033 5567 ad

2144 4864 2495 4936 ἠδυνήθησαν
2525 4864 2764 4930 ἐξελθεῖν
2787 4881 2802 4897 ·
2830 4861 2900 4937 ἦν
2940 4865 3050 4935 γὰρ
3082 4867 3369 4936 προσέχων
3398 4868 3425 4917 ὀ
3458 4861 3674 4933 Χαμζᾶς.

2136 4957 2166 5010 ὁ
2191 4957 2415 5027 ἁδελφὸς
2434 4957 2529 5010 τοῦ
2554 4957 2838 5027 Παγιαζὴτ
2859 4957 2951 5010 τοῦ
2974 4958 3343 5021 Μεσάζοντος,
3372 4956 3469 5009 σὺν
3489 4951 3673 5023 στρατῷ

2138 5051 2381 5122 χιλιάδας
2402 5050 2532 5103 δέκα
2574 5052 2669 5105 καὶ
2686 5051 2868 5105 πλέον.
2899 5049 2985 5111 Ὠς
3004 5050 3061 5103 δέ
3083 5046 3220 5103 εἶδον
3242 5052 3291 5103 oi
3309 5051 3375 5101 Bs
3385 5048 3577 5101 νετικοὶ
3596 5059 3676 5113 μη-

2136 5140 2226 5194 δὲν
2244 5140 2412 5211 μηδὲν
2441 5140 2720 5204 ἀνύοντες,
2744 5140 2977 5207 ἀφίεσαν
2993 5140 3177 5205 αὑτὸν,
3198 5143 3294 5193 καὶ
3310 5141 3391 5201 εἰς
3415 5140 3674 5190 Κωνσταν·

2139 5231 2285 5286 τίνου
2313 5229 2527 5297 ἔπλεον,
2559 5229 2951 5293 καταλιπόντες
2984 5229 3149 5283 αὑτὸν
3184 5229 3568 5299 ὴμίθραυστον,
3600 5219 3671 5271 καὶ

2139 5326 2203 5380 τδ
2229 5325 2420 5393 στέγος
2447 5322 2615 5377 αὐτοῦ
2664 5321 3127 5389 καταϐάλλοντες,
3174 5320 3284 5374 ἀπὸ
3317 5316 3557 5373 κάτωθεν
3588 5312 3673 5371 ἕως

2140 5420 2273 5483 ἂνω,
2322 5415 2646 5486 κοσκινηδὸν
2699 5417 3148 5485 κατετρύπησαν.
3201 5412 3336 5465 Τότε
3390 5412 3421 5463 ὁ
3471 5401 3672 5472 quat

2145 5510 2268 5564 ίδὼν
2322 5510 2419 5571 τὰς
2451 5508 2701 5579 τριήρεις
2735 5505 3119 5573 ἐκλειπούσας,
3170 5505 3331 5569 αὐτὸς
3359 5503 3482 5567 τοὺς
3531 5495 3675 5565 τοόεν

1661 5601 1952 5663 Ismaelis
1986 5600 2291 5663 Bullialdi
2334 5606 2533 5660 notas.

535 5709 680 5790 (ξο).
718 5713 1035 5790 ’ᾼὸριανςοῦ
1101 5718 1355 5790 κόλπον,
1427 5712 1730 5790 improprie
1793 5720 2027 5790 appellat

460 5781 683 5839 Adriani
707 5781 909 5841 simini.
942 5786 1089 5841 Mare
1120 5789 1456 5842 Adriaticum
1503 5781 1572 5843 ab
1616 5781 1764 5845 'urbe
1822 5781 2020 5846 Hadria

2135 5736 2233 5790 per
2262 5720 2452 5798 _si_nnt_n_
2478 5719 2819 5798 Adriaticum
2847 5719 2938 5776 hic
2968 5717 3194 5798 intelligi
3248 5732 3396 5798 mare
3456 5710 3661 5798 Ιιηξίξιξιξς

2132 5780 2275 5860 quod
2302 5790 2548 5860 Siciliam
2574 5802 2629 5845 et
2653 5791 3083 5860 Peloponnesum
3123 5780 3378 5844 interﬂuit
3411 5803 3425 5841 :
3452 5796 3499 5839 et
3530 5780 3666 5835 hodie

460 5865 660 5910 nomen
691 5856 874 5922 habet,
910 5872 1013 5915 non
1062 5860 1130 5916 ab
1181 5859 1443 5915 Adriano.
1486 5859 1798 5922 Notandum
1856 5876 2018 5933 porro
2124 5856 2165 5917 a
2184 5860 2364 5920 nautis
2392 5861 2433 5914 il
2473 5859 2628 5932 Golfo
2663 5856 2842 5917 adhuc
2881 5860 3205 5934 appellatur.
