3798 6618
119 465 122 468 ’
212 458 307 521 869

1353 453 1728 514 HISTORIA
1771 451 2224 510 BYZANTIN.\.
2823 473 2830 480 -
3324 446 3431 532 870

209 580 443 633 ἄσπονδον
476 577 693 646 ἔχθραν,
735 574 931 646 μηνύει
967 573 1046 643 τῷ
1083 576 1382 644 Μαχουμὲτ
1427 576 1503 643 τῷ
1539 572 1754 643 ἅδε).φῷ

1867 587 1996 623 num
2051 571 2314 622 adversus
2368 568 2711 620 (lhtiseianns
2769 568 2896 621 odio
2950 568 3426 638 in‘iplaczthilieum

209 673 352 725 αὐτοῦ
382 672 455 724 ἔτι
494 673 695 737 διάγων
725 671 780 720 ἐν
815 669 1061 738 Προύσῃ,
1093 671 1154 720 τὸ
1183 669 1362 721 ἐλθεῖν
1386 671 1464 729 εἰς
1488 669 1549 719 rb
1581 669 1750 718 Σκου-

206 765 410 832 τάριον·
449 763 538 815 καὶ
563 764 590 814 6
625 761 882 828 βασιλεὺς
922 761 1019 814 σὺν
1053 763 1305 832 τριήρεσι
1354 761 1660 814 διαϐιϐάσει
1693 761 1751 810 ὲν

207 859 263 926 τῇ
310 854 890 907 Κωνσταντινουπόὶει.
949 855 1082 906 Ἀπὸ
1132 853 1188 906 δὲ
1237 851 1755 906 Κωνσταντινουπό-

207 948 324 1009 item;
364 947 581 1016 βοηθείᾳ
612 943 750 997 Θεοῦ
797 946 890 998 καὶ
930 943 1024 996 τοῦ
1079 943 1341 1013 βασιλέως
1394 943 1753 1012 ἐξερχόμενος

207 1041 638 1110 συμπλακήσεται
669 1041 746 1109 τῷ
773 1040 1044 1111 τυράννῳ.
1077 1040 1185 1093 Καὶ
1217 1041 1264 1091 εἰ
1299 1039 1397 1108 μὲν
1438 1039 1496 1090 τὸ
1525 1039 1626 1106 τῆς
1660 1037 1754 1090 τύ-

207 1151 290 1201 χης
317 1135 400 1184 ἐπὶ
440 1133 527 1185 τὸν
556 1132 822 1202 τύραννον
862 1133 1039 1203 ῥέψει,
1071 1134 1103 1202 ή
1144 1132 1298 1192 πόλις
1334 1132 1570 1184 πάντοτε
1604 1131 1750 1182 Ero:-

208 1243 290 1291 μσς
316 1225 462 1278 ἔσται
492 1226 572 1287 είς
604 1226 874 1294 ὑποδοχὴν
908 1225 1075 1278 αὐτοῦ
1104 1239 1120 1256 ⁸
1160 1224 1226 1278 El
1259 1223 1327 1276 δὲ
1356 1225 1747 1288 τούναντίον,

206 1318 332 1370 ὅκα)
352 1318 714 1386 ἐπιθυμητὸν
737 1318 881 1387 ἡμῖν
901 1318 1054 1379 ἐστι,
1073 1316 1182 1386 τῆς
1205 1318 1524 1389 ἡγεμονίας
1548 1317 1756 1386 ἐγκρα-

204 1409 294 1474 τὴς
324 1410 570 1477 γενήσῃ.
601 1411 700 1464 και
735 1413 815 1476 ὡς
843 1411 987 1478 ἐμὸς
1015 1411 1146 1476 ιιιὸς
1174 1411 1313 1478 ἔσῃ.
1355 1412 1413 1463 Ὀ
1443 1410 1502 1462 δὲ
1537 1411 1754 1479 Μαχου-

208 1505 290 1572 μὲτ
335 1501 570 1563 ἀκούσας
620 1507 748 1565 τοὺς
807 1504 999 1569 λόγους
1047 1502 1291 1566 τούτους,
1343 1503 1436 1554 καὶ
1472 1502 1754 1571 πρόθυμος

204 1595 485 1661 γενόμενος,
517 1593 816 1662 προθύμως
854 1596 934 1657 εἰς
962 1595 1022 1648 τὸ
1053 1597 1386 1665 Σκουτάριον
1416 1595 1616 1664 ῆλαυνε
1644 1597 1752 1645 πά-

205 1704 287 1749 σας
312 1687 404 1750 τὰς
434 1687 601 1741 αὐτοῦ
629 1686 914 1756 δυνάμεις.
958 1685 1016 1742 '0
1050 1688 1106 1740 δὲ
1157 1687 1415 1754 βασιλεὺς
1456 1686 1643 1756 μαθὼν
1669 1687 1754 1740 ὅτι

201 1775 343 1848 ἦλθεν
401 1781 477 1842 εἰς
524 1783 586 1834 τὸ
639 1781 839 1853 πέραν,
866 1782 964 1846 τὰς
1013 1783 1257 1852 τριήρεις
1319 1781 1573 1850 ἑτοίμους
1617 1782 1756 1852 ἔχων

201 1874 347 1942 περᾷ,
379 1873 471 1926 καὶ
496 1874 572 1942 τῷ
603 1875 904 1944 Μαχουμὲτ
940 1873 1202 1944 ἐντυχὼν.
1255 1876 1353 1929 καὶ
1383 1876 1574 1941 λόγους
1603 1878 1754 1946 ἐνόρ-

200 1982 311 2028 κους
334 1965 508 2018 λαδὼν
545 1968 642 2018 καὶ
671 1967 819 2031 δοὺς,
846 1968 992 2037 περᾷ
1023 1967 1114 2019 τὸν
1146 1967 1449 2037 Μαχουμὲτ
1482 1969 1578 2021 σὺν
1606 1967 1757 2038 αὐτῷ

199 2057 268 2118 εἰς
295 2057 882 2111 Κωνσταντινούπο).ιν.
921 2059 1031 2111 Καὶ
1068 2058 1316 2127 μεγάλην
1358 2059 1670 2129 πανήγυριν
1701 2060 1758 2110 ὲν

199 2150 254 2216 τῇ
307 2149 490 2217 εἰσόδῳ
529 2151 767 2219 ποιήσας
819 2149 848 2201 6
899 2149 1156 2219 βασιλεὺς
1208 2152 1361 2221 τρεῖς
1400 2151 1635 2221 ἡμέρας,
1687 2152 1757 2220 τῇ

200 2240 415 2313 τετάρτῃ
453 2241 627 2306 ἔξεισι
657 2242 759 2311 τῆς
796 2242 1004 2304 πόλεως
1035 2243 1063 2294 6
1091 2243 1348 2312 Μεχεμὲτ
1383 2242 1482 2296 σὺν
1513 2243 1663 2312 πάσῃ
1691 2245 1758 2312 τῇ

200 2334 626 2404 στρατιᾷ-αὑτοῦ
675 2334 772 2389 καὶ
807 2336 905 2388 σὺν
947 2335 1153 2403 ὀλίγοις
1206 2334 1570 2403 στρατιώταις
1622 2336 1758 2391 Ῥωσ

202 2426 361 2493 μαῐοις
383 2442 397 2456 ·
423 2427 518 2478 καὶ
551 2425 836 2494 συμμίξας
869 2426 945 2493 τῷ
975 2427 1150 2496 Μωσῇ
1185 2427 1419 2498 ἡττήθη,
1460 2427 1558 2481 καὶ
1593 2429 1762 2498 ἡττη-

197 2518 297 2580 θεὶς
337 2519 648 2586 κατέφυγεν
677 2519 734 2570 ιν
784 2521 851 2588 τῇ
883 2517 1060 2571 πόλει.
1101 2519 1161 2572 '0
1189 2518 1245 2570 δὲ
1295 2518 1555 2589 βασιλεὺς
1600 2520 1761 2589 θερα-

200 2610 382 2674 πεύσας
402 2611 568 2663 αὐτὸν
595 2610 684 2664 διὰ
711 2610 888 2677 λόγων
911 2610 1268 2678 σοφιστικῶν,
1294 2612 1388 2664 καὶ
1412 2613 1759 2684 πραγμάτων

200 2704 591 2772 στρατιωτικῶν
621 2697 697 2758 ὧν
747 2702 1056 2766 ἀπώλεσεν,
1099 2705 1421 2772 ἐπεμελεῖτο
1461 2705 1626 2758 πάλιν
1662 2705 1758 2758 τοῦ

157 2782 167 2793 ’
199 2794 412 2858 ἐξελθεῖν
448 2795 512 2847 ἐκ
559 2794 844 2864 δευτέρου,
883 2796 976 2848 καὶ
1020 2798 1412 2866 συμπλακῆναι
1445 2796 1523 2866 τῷ
1561 2797 1758 2868 Μωσῇ.

207 2887 258 2940 '0
293 2889 344 2941 δὲ
380 2891 590 2958 Μωσῆς
623 2887 856 2953 ἐξελθὼν
887 2890 951 2941 ὲκ
989 2889 1096 2941 τῶν
1117 2889 1283 2960 ὁρίων
1316 2890 1761 2945 Κωνσταντινου-

202 2979 414 3046 πόλεως,
443 2981 590 3050 ἔχων
620 2983 800 3036 πάντα
829 2982 919 3036 τὸν
950 2982 1167 3035 δυτικὸν
1196 2985 1430 3053 στρατὸν
1465 2985 1562 3036 σὺν
1589 2986 1758 3054 αὐτῷ,

200 3074 636 3144 παρεσκευάζετο
667 3075 808 3128 κατὰ
839 3074 934 3128 τοῦ
971 3076 1224 3146 Μεχεμδτ
1265 3077 1358 3130 καὶ
1393 3078 1492 3148 τῆς
1527 3081 1758 3144 πόλεως.

208 3164 456 3232 Ἐξελθὼν
490 3168 550 3220 δὲ
596 3167 761 3221 πάλιν
800 3170 866 3220 ὲκ
895 3169 1154 3238 δευτέρου
1191 3171 1218 3222 6
1247 3171 1502 3240 Μεχεμὲτ
1535 3175 1632 3225 καὶ
1657 3174 1762 3226 πά-

1860 675 2071 730 gerere,
2135 659 2498 712 Mahometem
2544 657 2765 711 fratrem
2829 658 3004 726 ipsius
3065 657 3249 712 Prusa:
3301 669 3432 714 tunc

1861 752 2037 804 adhuc
2054 751 2335 819 degentem
2369 759 2570 814 monet,
2613 761 2668 803 ut
2693 749 3001 803 Seutarium
3022 753 3264 814 accedat,
3290 751 3432 804 unde

1861 841 2396 908 Constantinopolim
2447 839 2762 892 triremibus
2822 837 3188 904 imperatoriis
3213 840 3431 907 trajite-

1861 948 1997 1001 ret;
2056 933 2533 1000 ConstantinOpoli
2603 933 2798 986 deinde
2859 933 3167 988 faventibus
3226 931 3336 985 Deo
3368 947 3430 984 ac

1861 1029 2198 1097 imperatore
2233 1042 2487 1096 egressus
2523 1042 2702 1097 pugna
2729 1040 2852 1079 cum
2891 1036 3121 1094 tyranno
3153 1026 3430 1089 experire-

1862 1130 1982 1175 tur:
2022 1121 2095 1174 ita
2142 1131 2198 1173 ut
2223 1121 2323 1188 ipsi
2355 1121 2485 1172 urbs
2511 1119 2577 1170 ad
2613 1113 2729 1171 tute
2761 1134 2817 1170 se
2841 1117 3209 1185 recipiendum
3235 1126 3432 1185 pateat,

1861 1215 1906 1266 si
1934 1224 2167 1283 tyranno
2196 1211 2418 1265 fortuna
2459 1211 2745 1272 arriserit;
2799 1207 2894 1264 Sin
2928 1210 3099 1261 minus
3129 1209 3182 1260 id
3200 1210 3434 1276 contige-

1861 1306 1931 1358 rit
2011 1306 2167 1372 (quod
2218 1305 2447 1372 impense
2496 1303 2643 1356 nobis
2679 1304 3017 1372 optandum),
3077 1303 3433 1368 principatum

1863 1400 2192 1466 adipisceris,
2239 1410 2286 1452 et
2310 1399 2458 1461 mihi,
2485 1414 2588 1451 non
2612 1413 2756 1450 secus
2783 1413 2844 1449 ac
2877 1396 3044 1455 liberi.
3080 1395 3270 1448 chorus
3305 1395 3430 1446 eris.

1860 1493 1958 1546 His
1985 1493 2184 1546 auditis
2224 1492 2403 1546 alacer
2448 1502 2847 1560 promptusque
2874 1489 3049 1542 factus
3076 1487 3431 1547 Mahometes,

1861 1596 2220 1650 quascunque
2253 1579 2442 1648 copias
2479 1580 2734 1640 habebat,
2770 1577 3089 1631 Srutzu-ium
3142 1575 3283 1628 conti
3306 1577 3430 1628 stim

1863 1675 2038 1725 duxit.
2074 1671 2373 1740 Imperator
2407 1686 2558 1738 ergo,
2596 1671 2685 1722 ubi
2707 1687 2828 1722 cum
2867 1687 2895 1722 a
2921 1669 3157 1722 tvenisse
3182 1669 3246 1721 ad
3278 1683 3430 1720 mam

1864 1765 2168 1832 appositam
2203 1763 2419 1826 didicit,
2453 1764 2794 1824 triremibus,
2834 1777 2974 1828 quas
3000 1763 3300 1814 instructas
3333 1761 3433 1812 ha-

1867 1857 2054 1919 bebat,
2115 1871 2183 1910 e0
2217 1856 2416 1924 trajicit
2443 1871 2457 1920 ;
2489 1864 2543 1908 et
2592 1871 2712 1906 cum
2757 1855 3060 1908 Mahomete
3106 1853 3433 1918 tollorutus,

1793 1940 1837 1998 Β
1868 1959 2058 2002 mutuo
2094 1947 2455 2018 jurejurando
2511 1947 2614 2000 tide
2668 1946 2947 2014 utrimque
2994 1945 3278 2006 obstricta.
3309 1959 3432 1998 eum

1861 2042 2395 2112 Constantinopolim
2433 2057 2615 2095 secum
2671 2041 2839 2094 vehit.
2895 2039 3196 2110 Exceptum
3232 2039 3432 2093 celebri

1862 2152 2058 2204 pompa
2089 2136 2255 2189 tridui
2299 2133 2474 2203 spatio
2506 2132 2798 2203 magniﬁce
2840 2133 3033 2186 habuit
3065 2147 3080 2185 :
3119 2139 3316 2200 quarto
3344 2133 3438 2186 de-

1865 2243 2009 2280 Inuttt
2039 2225 2127 2278 die
2174 2223 2509 2278 Nahornetes
2542 2226 2678 2277 urbe
2713 2223 2990 2292 egreditur
3016 2237 3142 2278 cum
3183 2221 3420 2275 universi

1862 2319 2104 2373 exercitu
2152 2328 2206 2371 et
2247 2333 2410 2387 parva
2449 2333 2612 2370 manu
2646 2317 2879 2369 militum
2925 2315 3437 2369 Romteorumzini-

1863 2421 2026 2477 taque
2057 2409 2163 2480 52
2194 2425 2316 2462 cum
2359 2407 2509 2463 Mose
2547 2423 2731 2476 pugna
2771 2407 2948 2461 victus
3005 2407 3054 2460 in
3091 2406 3282 2460 urbem
3312 2405 3436 2475 iuga

1862 2519 1922 2558 se
1958 2507 2189 2572 recepit.
2239 2503 2379 2556 Tum
2443 2505 2741 2571 imperator
2774 2501 3016 2554 animum
3050 2501 3197 2554 illius
3226 2516 3434 2554 Sermo-

1864 2598 2026 2652 nibus
2045 2605 2191 2667 aptis
2219 2600 2395 2652 erexit
2424 2614 2438 2663 ;
2475 2597 2795 2665 curavitque
2827 2603 3150 2664 apparatum
3181 2595 3434 2648 bellicum

1863 2692 2063 2746 iterum
2113 2692 2428 2752 instaurari.
2479 2699 2534 2744 et
2593 2690 2794 2743 amissa
2853 2689 3128 2751 resarciri,
3194 2699 3250 2740 ut
3311 2702 3434 2740 eum

1865 2785 2012 2838 Mose
2051 2784 2168 2837 acie
2219 2783 2400 2835 denuo
2449 2779 2786 2849 conﬂigeret.
2827 2778 2896 2832 At
2922 2777 3098 2833 Moses
3138 2795 3202 2832 ex
3240 2779 3440 2832 tinibus

1864 2873 2494 2942 Censtantinopolitanis
2526 2870 2886 2926 occiduarum
2934 2871 3216 2940 regionum
3247 2884 3438 2922 omnes

1862 2968 2053 3035 copias
2091 2965 2341 3030 deduxit,
2373 2966 2657 3032 aciemque
2685 2964 2951 3017 adversus
2996 2971 3050 3016 et
3078 2961 3436 3014 Mahometem

1863 3070 1918 3114 et
1944 3059 2131 3112 urbem
2192 3057 2476 3112 instruxit.
2531 3056 2713 3111 Altera
2757 3056 2922 3124 igitur
2967 3056 3084 3109 vice
3141 3069 3440 3122 erumpens

1864 3152 2220 3215 Mahornetes,
2274 3164 2494 3220 accepta
2534 3152 2729 3203 iterum
2767 3150 2918 3202 clade
2958 3149 3010 3201 in
3049 3149 3236 3202 urbem
3295 3148 3442 3204 refu-

198 3257 273 3312 λιν
321 3258 550 3330 ἡττήθη,
587 3261 684 3314 καὶ⁹
711 3260 877 3314 πάλιν
919 3263 976 3313 ἐν
1011 3265 1076 3331 τῇ
1135 3262 1286 3315 πόλει
1318 3264 1622 3332 κατέφυγε,
1668 3266 1760 3319 καὶ

1866 3249 1965 3318 git,
1991 3248 2396 3320 fugientemque
2421 3245 2717 3314 imperator
2737 3242 2987 3311 suscipit.
3023 3240 3178 3297 Tunc
3208 3254 3442 3297 maestus

201 3352 344 3405 πάλιν
369 3356 395 3407 6
428 3355 689 3423 βασιλεὺς
721 3354 885 3407 αὐτὸν
935 3354 1255 3419 ὑπεδέξατο.
1289 3356 1422 3408 Τότε
1444 3357 1474 3409 6
1503 3357 1762 3428 Μεχεμὲτ

199 3447 250 3497 ὲν
280 3446 549 3518 ἁδημονίᾳ
577 3446 839 3514 γεγονὼς,
868 3447 962 3498 καὶ
986 3446 1084 3516 τὴν
1113 3447 1213 3515 τῆς
1239 3447 1409 3518 τύχης
1447 3451 1764 3520 μεταφορὰν

199 3539 263 3600 ὡς
290 3538 584 3610 σφενδόνης
613 3539 882 3608 στρεπτὸν
915 3541 1290 3610 ἡγησάμενος,
1315 3543 1506 3612 εἴρηκε
1547 3543 1625 3613 τῷ
1662 3543 1764 3614 βα-

202 3632 358 3685 σιλεῖ·
390 3633 466 3685 Σὺ
515 3633 658 3701 μὲν.
714 3631 900 3699 πάτερ
955 3632 1105 3702 ἅγιε,
1163 3633 1607 3702 ζυγοσταθμῶν,
1664 3635 1765 3689 καὶ

199 3723 540 3788 προϐλέπων
572 3722 678 3786 τὰς
708 3726 1104 3791 πλάστιγγας,
1133 3725 1244 3777 οὐκ
1276 3724 1460 3792 ἀφίης
1486 3743 1610 3793 μοι,
1643 3725 1766 3779 ἅνω

200 3817 287 3868 καὶ
335 3815 494 3868 κάτω
520 3813 641 3882 τὴν
691 3815 889 3884 τύχην
937 3815 1112 3882 ὀρῶν,
1169 3815 1278 3869 τοῦ
1325 3818 1693 3886 προδοθῆναι
1724 3819 1764 3886 ἢ

200 3907 605 3978 παραδοθῆναι
649 3924 749 3976 μοι
799 3909 908 3960 τὸν
935 3908 1155 3976 ἐχθρὸν
1182 3909 1320 3976 παρ’
1363 3911 1575 3978 αὐτῆς.
1620 3911 1766 3980 Ἐγὼ

199 3996 449 4068 δὲλέγω,
497 3998 627 4055 πᾶν
656 3999 722 4052 τὸ
763 3998 834 4052 ἐν
864 3998 1162 4069 μετώποις
1197 4002 1426 4070 γγιαφὲν
1455 4003 1567 4074 (61)
1627 4003 1766 4070 ἐνὸς

198 4089 443 4146 ἑκάστου
496 4091 779 4159 δακτύλῳ
811 4093 961 4148 Θεοῦ
1005 4094 1424 4161 ἀπαραιτήτως·
1466 4097 1767 4164 προϐήσε-

195 4200 300 4238 ται.
330 4182 648 4237 Κέλευσον
679 4179 792 4238 οὖν
812 4201 916 4254 μοι
963 4184 1086 4238 σὺν
1119 4184 1236 4250 τοῖς
1272 4185 1440 4254 ἐμοῖς
1471 4188 1586 4252 τὴν
1615 4188 1766 4255 πρὸς

205 4277 504 4345 Ἀδριανοῦ
529 4277 844 4346 φέρουσαν
864 4278 1071 4345 τρίϐον
1090 4278 1389 4346 ἄρξασθαι
1409 4295 1419 4307 ·
1458 4278 1556 4332 καὶ
1572 4282 1766 4348 μόνον

194 4368 368 4436 εὔχου
397 4387 495 4438 μοι
537 4369 616 4432 ὡς
647 4367 846 4436 πατὴρ
901 4368 1057 4433 υἱὸν,
1089 4368 1245 4424 καθὰ
1281 4371 1377 4424 καὶ
1410 4370 1550 4440 εἰμὶ,
1579 4372 1650 4424 τὰ
1699 4370 1767 4423 δὲ

190 4458 484 4525 μέλλοντα
524 4457 606 4524 τῷ
641 4458 763 4524 Θεῷ
790 4458 1042 4528 μελέτω.
1075 4459 1211 4513 Τότε
1240 4461 1268 4512 6
1299 4460 1560 4531 βασιλεὺς
1603 4463 1768 4516 ἀκού-

197 4567 287 4614 σας
311 4553 436 4615 τοὺς
466 4552 664 4620 λόγους
695 4552 886 4616 αὐτοῦ,
915 4553 1011 4606 καὶ
1049 4553 1415 4623 περιπλακεὶς
1454 4555 1639 4618 αὑτὸν,
1673 4555 1764 4608 καὶ

1867 3351 1920 3395 et
1945 3343 2162 3402 anxius,
2226 3347 2486 3405 reputans
2537 3335 2830 3397 fortunam,
2892 3349 3046 3404 teque
3095 3349 3160 3388 ac
3193 3333 3438 3396 fundam,

1869 3432 2189 3485 mutabilem
2219 3428 2624 3496 volubilemque
2663 3441 2786 3482 esse
2810 3465 2825 3490 ,
2864 3425 2949 3478 his
2982 3425 3168 3479 verbis
3205 3425 3439 3494 impera-

1870 3532 2039 3575 torem
2103 3521 2440 3588 alloquitur:
2478 3518 2580 3582 Tu,
2629 3527 2781 3586 pater
2814 3526 3015 3583 sancte,
3065 3517 3156 3585 qui
3177 3529 3440 3570 momenta

1867 3631 2045 3668 rerum
2065 3614 2360 3682 perpendis,
2390 3611 2720 3678 lanciumque
2759 3613 3082 3680 reciprocam
3107 3610 3438 3663 librationem

1865 3709 2135 3777 praevides,
2171 3722 2289 3757 cum
2323 3706 2595 3771 fortunam
2649 3702 3017 3771 contempleris
3056 3718 3248 3772 susque
3281 3705 3443 3771 deque

1866 3814 1948 3851 res
1983 3813 2127 3849 muas
2166 3811 2367 3848 versare
2392 3835 2405 3859 ,
2437 3809 2540 3846 non
2565 3793 2794 3845 dimittis
2835 3809 2935 3858 me,
2972 3802 3026 3845 ut
3056 3795 3170 3858 ipsa
3206 3810 3284 3845 me
3313 3810 3436 3861 pro-

1867 3891 1980 3956 dat,
2044 3899 2135 3942 aut
2184 3892 2238 3941 in
2302 3904 2488 3940 manus
2521 3903 2660 3940 nteas
2683 3887 2884 3939 hostem
2934 3889 3059 3938 nti/ti
3102 3889 3301 3939 tradat.
3333 3886 3441 3956 Ego

1866 3998 1986 4035 vero
2040 3993 2088 4034 te
2122 3995 2302 4034 coram
2337 3979 2432 4031 hoc
2494 3993 2718 4031 assero:
2773 3978 3027 4046 quidquid
3086 3979 3143 4030 in
3177 3981 3440 4046 [rontrtrus

1867 4075 2280 4141 uniuscujusque
2313 4076 2478 4125 nostri
2501 4071 2589 4124 Dei
2613 4071 2778 4140 digito
2803 4073 3062 4139 scripturn
3093 4081 3193 4133 est,
3224 4073 3276 4124 id
3307 4072 3442 4124 irre-

1868 4162 2098 4214 vocabile
2137 4176 2268 4224 esse,
2294 4177 2356 4214 ac
2387 4161 2682 4214 necessario
2705 4169 3028 4214 eventurum.
3064 4161 3256 4216 Jubeas
3280 4163 3442 4230 igitur

1865 4271 1947 4309 me
1977 4271 2094 4308 cum
2127 4256 2377 4309 omnibus
2404 4259 2534 4308 meis
2567 4257 2732 4324 copiis
2763 4257 2922 4319 viam,
2950 4272 3065 4324 qua:
3100 4257 3440 4324 Adrianopo-

1868 4349 1959 4402 lim
1989 4350 2157 4413 ducit,
2189 4365 2458 4419 capessere
2484 4350 2649 4404 :milti
2684 4350 2818 4406 bona
2847 4349 3128 4419 faustaque
3151 4351 3442 4404 solummo-

1867 4442 1935 4494 do
1992 4457 2208 4510 precare
2248 4452 2298 4495 et
2333 4451 2477 4510 opta,
2520 4453 2578 4494 ut
2608 4453 2816 4511 patrem
2867 4442 2982 4510 ﬁlio
3037 4444 3206 4504 decet,
3247 4443 3432 4511 futura

1869 4550 1988 4587 vero
2017 4532 2116 4588 Dei
2143 4535 2486 4603 providentia:
2516 4537 2909 4597 permittamus.
2943 4534 3100 4591 Hunc
3125 4551 3437 4591 sermonem

195 4641 714 4713 ἀσπασάμενος,καὶ
732 4644 949 4697 δεῖπνον
980 4620 1315 4714 εὐτρεπίσας
1335 4646 1634 4717 πολυτελῆ.
1668 4647 1764 4699 καὶ
1796 4620 1840 4675 D
1875 4629 1963 4681 “hi
2046 4628 2254 4680 θυάίνίι
2352 4629 2675 4695 ίίηροτθιονο
2723 4629 2904 4696 ῘΡ8¹¹¹¹¹
2983 4628 3302 4698 complems
3378 4643 3444 4682 ac

194 4736 537 4803 χαρμονικῶς
585 4735 989 4806 εὖφρανθέντες
1018 4751 1032 4764 ο
1075 4737 1290 4798 πρωῖας
1326 4735 1427 4805 ἤδη
1459 4736 1764 4806 γενομένης

194 4824 381 4888 ἔξεισιν
401 4829 427 4878 6
444 4827 704 4895 Μεχεμὲτ
723 4828 821 4896 τῆς
838 4826 1072 4890 πόλεως,
1092 4827 1184 4878 καὶ
1206 4828 1286 4889 είς
1309 4826 1402 4878 δύο
1421 4827 1656 4896 μερίσας
1673 4827 1762 4880 τὸν

197 4919 436 4987 στρατὸν,
465 4920 524 4972 τὸ
551 4919 653 4988 μὲν
680 4919 739 4970 ἓν
763 4919 924 4988 μέρος
949 4918 1086 4989 πρὸς
1117 4918 1186 4971 τὰ
1209 4919 1302 4970 τοῦ
1334 4918 1588 4982 Εὐξείνου
1618 4919 1760 4989 μέρη

196 5009 422 5080 ἔπεμψε,
455 5011 518 5064 τὸ
547 5011 606 5064 δὲ
651 5010 781 5064 ἄλλο
823 5011 958 5080 πρὸς
1008 5011 1110 5080 τὴν
1153 5009 1434 5081 Ἀδριανοῦ
1489 5011 1763 5080 φέρουσαν

196 5100 375 5155 ὥδευε.
414 5103 548 5156 Τότε
579 5105 608 5156 ό
661 5102 868 5171 Μωσῆς
903 5101 1068 5155 πάλιν
1120 5101 1386 5167 ἀκούσας,
1431 5101 1528 5155 καὶ
1576 5101 1768 5172 μαθὼν

198 5194 304 5258 πῶς
332 5199 408 5259 είς
435 5197 529 5250 δύο
558 5195 879 5266 κατατομὰς
914 5196 980 5248 τὰ
1011 5196 1222 5263 φοσάτα
1249 5195 1498 5264 ἐμέρισε,
1525 5195 1597 5248 τὰ
1630 5195 1765 5265 πρὸς

198 5287 281 5338 τὸν
315 5291 509 5341 πόντον
570 5288 714 5358 μέρη
768 5288 1032 5340 ἐδίωκεν·
1092 5290 1187 5340 καὶ
1245 5287 1309 5358 δὴ
1363 5288 1767 5342 ὲπεισπεσόντα

200 5383 355 5450 ἄμφω
385 5384 450 5436 τὰ
485 5381 852 5452 στρατόπεδα,
895 5383 992 5434 καὶ
1029 5382 1078 5434 οἱ
1108 5382 1203 5434 τοῦ
1237 5382 1412 5450 Μωσῆ
1442 5381 1770 5452 ἡττηθέντες

203 5475 328 5544 πρὸς
353 5477 444 5530 τὸν
473 5476 728 5545 Μεχεμὲτ
761 5473 1099 5544 ἡθροίζοντο.
1145 5473 1203 5524 'O
1236 5473 1288 5524 δὲ
1326 5475 1610 5537 ἀσπασίως
1642 5475 1772 5527 ὓπε-

202 5566 394 5637 δέχετο.
439 5568 499 5620 Ὀ
535 5569 591 5621 δὲ
644 5568 850 5636 Μωσῆς
883 5566 943 5617 τὸ
987 5566 1214 5633 γεγονὸς
1254 5565 1395 5630 ἰδὼν,
1431 5567 1528 5618 καὶ
1573 5566 1633 5618 τὸ
1671 5566 1771 5635 τῆς

1870 4717 2216 4773 deosculatus
2264 4727 2379 4771 est:
2430 4732 2586 4772 ctena
2623 4719 2819 4773 deinde
2841 4718 3066 4787 opipare
3095 4731 3149 4773 et
3183 4719 3332 4773 laute
3361 4721 3445 4773 in-

1870 4822 2102 4872 structa,
2139 4811 2342 4864 hilares
2366 4821 2420 4864 et
2447 4811 2553 4865 laeti
2584 4813 2745 4881 genio
2785 4813 3148 4868 indulserunt.
3188 4812 3316 4868 Orta
3343 4815 3440 4868 de-

1869 4920 2016 4959 mum
2049 4906 2167 4959 luce
2189 4905 2323 4958 urbe
2339 4907 2470 4959 exiit
2501 4905 2860 4971 Mahometes,
2895 4909 3190 4978 copiasque
3211 4909 3264 4962 in
3289 4907 3444 4962 acies

1871 5001 2030 5055 binas
2065 4999 2340 5068 partitur;
2379 5017 2613 5072 quorum
2646 5003 2814 5056 altera
2849 5019 3041 5058 versus
3068 5002 3335 5055 Euxinum
3361 5005 3445 5056 in-

1871 5095 2058 5160 cessit,
2084 5094 2250 5148 altera
2280 5095 2690 5164 Amianopolim
2713 5097 3014 5152 contendit.
3039 5097 3216 5153 Moses
3239 5109 3443 5167 autem,

1873 5179 1978 5243 ubi.
2005 5187 2261 5258 cognovit
2311 5191 2616 5244 exercitum
2653 5204 2811 5242 suum
2850 5189 3214 5246 Mahometem
3251 5192 3302 5246 in
3331 5194 3445 5247 duo

1869 5282 2084 5353 agmina
2116 5283 2369 5337 divisisse
2399 5296 2418 5334 :
2452 5282 2606 5347 illud,
2637 5283 2781 5354 quod
2809 5284 2876 5336 ad
2904 5283 3177 5340 Eiixinum
3205 5287 3440 5342 Pontum

1872 5373 2231 5444 properabat,
2287 5373 2629 5443 insequitur,
2689 5375 3147 5445 assequiturque;
3207 5394 3444 5448 cumque

1872 5467 2046 5519 ambae
2105 5463 2370 5536 opposita:
2402 5467 2546 5522 acies
2570 5467 3006 5535 concurrissent,
3041 5469 3317 5540 Mosisque
3346 5489 3444 5526 co-

1873 5561 1973 5629 piae
2002 5559 2159 5613 victae
2192 5556 2453 5621 fuissent.
2505 5561 2570 5613 ad
2601 5559 2962 5617 Machametis
2998 5573 3182 5633 partes
3213 5565 3447 5619 transie-

1350 5707 1638 5769 lsmaelis
1672 5705 1970 5768 Bullialdi
2023 5713 2216 5766 noue.

267 5837 373 5905 (6|)
403 5835 529 5890 Πᾶν
548 5836 614 5889 τὸ
637 5836 704 5886 ἐν
731 5835 1026 5901 μετώποις
1059 5835 1304 5901 γραφέν.
1345 5831 1505 5905 Juxta
1532 5841 1767 5905 mentem

207 5904 597 5962 Musulmanira:
649 5906 950 5976 religionis,
1039 5920 1163 5972 qme
1229 5904 1769 5973 prwdestinationem

1877 5831 2242 5886 inevitabilem
2265 5833 2487 5898 astruit,
2519 5831 2763 5900 nihilque
2790 5847 2852 5886 ex
2898 5833 3137 5889 hominis
3167 5831 3446 5892 voluntate

1878 5902 2047 5955 libera
2082 5905 2195 5955 ﬁeri
2223 5906 2436 5956 assum.
