3798 6618
449 419 551 483 887
1630 482 1633 485 .
1939 418 2157 482 DUCB
3559 412 3655 498 883'

382 547 386 551 “
440 561 682 619 venerat,
712 553 1042 626 illorumque
1070 552 1273 611 vexillo
1310 560 1368 611 et
1416 552 1723 628 insignibus
1753 569 1813 612 se
1868 562 2011 611 tuta-

2119 554 2464 626 ὑποκόπτων,
2498 558 2597 615 καὶ
2653 559 2758 632 τήν
2805 561 3049 634 σημαίαν
3092 563 3270 618 αὐτῶν
3322 563 3527 635 φέρων*
3570 571 3652 624 καὶ

442 646 622 701 batur.
656 640 794 701 Vere
817 647 1002 718 itaque
1030 646 1357 703 adventante
1390 648 1640 703 triremes
1666 648 1853 703 decem
1905 647 2011 716 ipsi

2124 649 2521 715 καταλαϐόντος
2564 652 2661 707 τοῦ
2691 654 2853 726 ἔαρος
2882 656 3221 725 ηὖτρέπισαν
3252 657 3351 710 καὶ
3385 657 3529 710 αὐτοὶ
3553 676 3647 730 τρια

440 738 841 803 instruxerunt,
890 753 1028 809 quas
1062 738 1117 793 in
1166 739 1405 794 statione
1457 739 1767 794 habuerunt
1787 740 1841 794 in
1895 739 2014 794 sinu

2119 741 2277 812 ήρεις
2305 742 2437 797 δέκα
2459 758 2474 773 °
2523 743 2621 797 καὶ
2669 747 3033 816 προσέχοντες
3073 744 3216 819 ἦσαν
3268 748 3360 800 τὸν
3400 748 3652 815 ’Δδριανοῦ

442 829 742 891 Adriatico.
778 829 925 884 circa
942 830 1229 897 Eubmam,
1268 830 1484 886 Cretam
1506 842 1559 886 et
1579 831 1840 903 Cycladas
1864 832 2014 887 insu-

2120 832 2319 887 κόλπον
2344 833 2480 905 (80),
2526 833 2783 903 Εὔϐοιαν,
2827 838 3079 909 Κρήτην,
3125 838 3351 902 καὶτὰς
3399 839 3653 904 Κυκλάδας

440 920 543 974 las.
575 916 852 977 ’l‘riremes
878 935 1044 993 porro
1071 936 1275 993 septem
1296 922 1571 979 Tenedum
1600 938 1773 994 usque
1796 924 2014 993 naviga-

2119 927 2355 995 νήσους·
2386 926 2638 982 ἐλθοῦσαι
2671 929 2728 983 δέ
2757 932 3009 1001 τριήρεις
3051 931 3192 985 ἑπτὰ
3225 933 3388 1003 μέχρι
3432 932 3653 996 Τενέδου,

442 1018 592 1075 runt,
624 1012 698 1067 ita
724 1022 783 1068 ut
806 1014 861 1068 in
896 1009 1141 1070 hostium
1155 1023 1505 1084 conspectum
1531 1018 1778 1072 venirent
1806 1016 2014 1071 :fauci~

2119 1017 2498 1089 ἠϐουλήθησαν
2547 1021 2817 1090 ἐμφανεῖς
2850 1024 3106 1089 γενέσθαι
3152 1027 3269 1089 τοῖς
3316 1025 3548 1094 ἐχθροῖς,
3576 1026 3657 1079 καὶ

442 1103 542 1159 bus
562 1105 757 1160 deinde
774 1103 1110 1177 Hellesponti
1140 1111 1430 1178 superatis,
1457 1108 1816 1179 Lampsacum
1843 1123 2014 1179 usque

2120 1109 2451 1175 εἰσελθόντες
2476 1112 2578 1183 τὴν
2618 1112 3008 1186 Ἑλλήσποντον
3036 1116 3298 1185 διέϐησαν
3330 1118 3493 1187 μέχρι
3524 1118 3657 1185 Adp-

448 1210 763 1265 pervenere.
797 1198 1026 1254 Turcica
1056 1206 1186 1255 tunc
1210 1200 1399 1256 classis
1450 1217 1613 1272 supra
1665 1202 1886 1258 modum
1936 1204 2014 1258 in-

2119 1200 2319 1270 ψάκου.
2354 1204 2463 1256 Καὶ
2488 1204 2544 1258 δὲ
2570 1190 2819 1275 τριήρεις
2839 1207 2949 1262 τῶν
2968 1206 3229 1277 Τοῠρκων
3264 1209 3483 1262 ῐτταντο
3513 1209 3565 1261 ἐν
3592 1206 3656 1279 τῷ

444 1297 668 1353 structa,
701 1289 990 1346 stationem
1022 1290 1255 1347 habebat
1284 1293 1337 1346 in
1360 1302 1523 1362 portu
1544 1293 1889 1365 Callipoleos.
1908 1297 2012 1367 61

2119 1294 2299 1362 λιμένι
2329 1294 2786 1360 Καλλιουπόλεως
2817 1298 3035 1367 ἕτοιμαι
3077 1300 3158 1360 είς
3180 1297 3391 1368 ἐξοχήν.
3424 1298 3489 1354 ΑΙ
3524 1301 3658 1369 τριή-

445 1379 794 1449 Deprehenso
829 1383 1047 1439 interim
1076 1384 1193 1439 velo
1225 1399 1333 1439 uno
1385 1386 1600 1453 exiguo,
1644 1386 1791 1455 quod
1826 1403 1855 1443 e
1876 1387 2014 1443 Con-

2122 1403 2237 1457 ρεις
2271 1386 2325 1440 δὲ
2376 1387 2488 1441 τῶν
2524 1388 2827 1441 Πενετικῶν
2873 1390 3081 1460 ὁρῶσαι
3123 1391 3292 1444 ίστίον
3342 1390 3402 1444 ἐν
3456 1392 3658 1461 σμικρὸν

445 1475 881 1543 stantinopoleos
911 1484 1071 1546 portu
1106 1477 1363 1542 solverat,
1414 1478 1668 1547 quodque
1721 1478 2014 1536 Turcicum

2119 1478 2523 1548 κατερχόμενον
2552 1479 2661 1532 ἀπὸ
2690 1481 3287 1548 Κωνσταντινούπολιν,
3324 1484 3421 1536 καὶ
3466 1482 3658 1537 δοκοῦν-

445 1565 811 1634 conjiciebant
845 1566 1064 1623 Venena
1090 1569 1287 1626 classis
1316 1576 1479 1625 duces
1512 1587 1527 1624 :
1554 1571 1828 1626 triremem
1849 1585 2014 1626 unam

2119 1585 2211 1632 τες
2240 1570 2544 1637 Τουρκικὸν
2579 1564 2740 1634 εἷναι,
2775 1572 3055 1628 στέλλουσι
3104 1574 3236 1642 μίαν
3267 1574 3379 1627 τῶν
3419 1575 3659 1644 τριήρεων

440 1659 508 1712 ad
541 1658 671 1712 illud
704 1659 977 1729 navigium
1004 1662 1367 1717 invadendum
1390 1662 1637 1719 mittunt.
1658 1663 1713 1719 ld
1734 1680 1857 1719 cum
1880 1663 2014 1719 Tur-

2120 1661 2213 1715 τοῦ
2243 1661 2435 1715 λαϐεῖν
2467 1662 2623 1715 αὐτό.
2654 1663 2717 1716 Ol
2750 1663 2806 1717 δὲ
2850 1663 3085 1735 Τοῦρκοι
3118 1665 3359 1734 ὁρῶντες
3386 1666 3447 1717 τὸ
3472 1666 3661 1734 δρῶμε-

439 1750 488 1804 (·ἰ
517 1753 954 1821 conspexissent,
983 1755 1084 1808 rati
1118 1771 1285 1809 unum
1321 1771 1349 1810 e
1380 1757 1493 1812 suis
1520 1773 1661 1823 esse,
1692 1757 1835 1827 quod
1873 1757 2014 1812 inse-

2119 1768 2232 1811 νον,
2290 1753 2384 1804 καὶ
2417 1752 2735 1817 εἰκάζοντες
2788 1755 2850 1806 τὸ
2906 1754 3238 1825 διωκόμενον
3288 1754 3475 1808 αὐτῶν
3524 1750 3661 1817 εἶναι,

439 1844 767 1912 qucbantur,
781 1844 964 1899 Veneti
986 1846 1132 1902 illius
1147 1849 1350 1903 tutandi
1367 1863 1536 1904 causa
1552 1850 1831 1903 triremem
1848 1863 2012 1903 unam

2121 1842 2312 1907 ἐξῆλθε
2346 1844 2441 1897 καὶ
2487 1844 2545 1909 ἐξ
2588 1846 2766 1899 αὐτῶν
2818 1847 2982 1918 ἑτέρα
3032 1848 3284 1917 τριήρης,
3349 1845 3662 1914 δεφενόεὖσαι

440 1934 494 1988 in
541 1936 708 1990 altum
755 1938 870 1992 vela
933 1937 1111 1994 facere
1169 1942 1386 2009 jubent.
1419 1942 1674 1996 Lesbium
1708 1957 1873 2012 porro
1900 1949 2014 1996 erat

2125 1933 2294 1987 θέλων
2325 1936 2476 1990 αὑτό.
2521 1937 2733 1992 Ἐκεῖνο
2765 1938 2820 1991 δὲ
2850 1934 2920 2009 ἦν
2955 1939 3183 1992 Λέσϐιον
3219 1939 3411 1991 πλοῖον
3438 1937 3664 2005 κατερχό-

438 2024 905 2098 Cotistantinopoli
933 2029 1256 2100 profectum.
1300 2033 1487 2087 Veneti
1532 2034 1714 2103 itaque
1741 2041 2014 2088 cernentes

2124 2044 2289 2096 μενον
2316 2028 2427 2081 ἀπὸ
2463 2029 3063 2086 Κωνσταντινούπολιν.
3108 2031 3334 2092 ’ἰδόντες
3368 2028 3425 2083 δὲ
3456 2030 3505 2081 οι
3534 2030 3663 2082 Βενι-

440 2113 701 2171 Turcicas
726 2119 973 2174 triremes
992 2130 1148 2189 portu
1169 2120 1343 2187 exire,
1370 2122 1435 2176 ad
1461 2133 1666 2178 catenae
1684 2123 1859 2177 instar
1875 2122 2014 2177 ordi«

2120 2121 2263 2172 τικοὶ
2308 2120 2407 2183 τάς
2450 2124 2705 2192 τριήρεις
2749 2122 2862 2175 τῶν
2898 2123 3182 2193 Τούρκων,
3235 2123 3399 2193 δίκην
3452 2120 3664 2192 ὁρμαθοὸ

438 2222 509 2262 ne
529 2220 762 2276 servato,
799 2210 850 2264 in
877 2212 1023 2281 ipsas
1049 2212 1299 2268 feruntur
1329 2231 1344 2268 :
1379 2223 1454 2280 et,
1474 2230 1598 2270 cum
1624 2215 1914 2272 classicum
1935 2228 2014 2270 ce-

2120 2207 2390 2277 ἐξιούσας,
2442 2211 2715 2280 ὥρμησαν
2769 2217 2895 2268 κατ’
2922 2214 3125 2282 αὐτῶν,
3184 2215 3278 2267 καὶ
3335 2215 3401 2267 τὸ
3455 2214 3666 2267 ἐνυάλιον

439 2299 719 2364 ciuissent,
747 2317 983 2372 pugnam
1018 2305 1233 2360 ineunt.
1260 2305 1446 2362 Primo
1498 2307 1704 2367 impetu
1745 2308 2014 2362 triremem

2122 2304 2359 2375 ἤχησαν.
2412 2304 2853 2374 συνεπλάκησαν.
2890 2307 3114 2375 Πρῶτον
3155 2308 3254 2378 μὲν
3286 2307 3355 2374 δὴ
3392 2307 3663 2377 προσκρού-

450 2392 683 2448 amiralii
728 2393 865 2449 Giali
900 2397 1025 2467 Begi
1056 2398 1352 2468 appellunt,
1384 2400 1438 2454 in
1486 2414 1717 2471 eamque
1750 2400 2014 2455 irruentes

2120 2411 2317 2458 σαντες
2345 2395 2445 2465 τὴν
2473 2394 2571 2449 τοῦ
2605 2397 2853 2467 ἁμιραλῆ
2885 2398 3223 2467 Τζαλίσπεγι
3259 2399 3491 2468 τριήρη,
3516 2399 3663 2452 ᾶπαν-

436 2497 630 2538 omnes
668 2487 983 2554 promiscue
1015 2486 1163 2542 ferro
1185 2490 1420 2553 cmdunt.
1451 2489 1738 2560 ipsumque
1759 2490 1898 2546 Ciali
1924 2490 2014 2544 Be-

2119 2504 2218 2549 τας
2247 2487 2484 2557 ἀφειδῶς
2510 2488 2846 2558 ὲξεθέρισαν,
2878 2490 2974 2543 καὶ
2996 2490 3163 2544 αὑτὸν
3192 2490 3561 2557 Τζαλίσπεγιν
3588 2506 3662 2559 με·

437 2589 562 2644 gum
586 2576 925 2632 membratim
939 2580 1316 2635 conciderunt.
1334 2581 1488 2637 Alius
1501 2583 1763 2637 deindein
1777 2582 1935 2636 aliam
1952 2582 2014 2636 ir-

2119 2578 2278 2650 ληδδν
2326 2580 2661 2651 κατέτεμον·
2696 2576 2822 2637 εἶτα
2851 2582 3009 2647 ἀλλος
3047 2582 3218 2652 ἀλλην
3263 2584 3663 2653 ἐπεμϐαίνοντες

437 2668 546 2721 ruit
568 2675 624 2721 et
643 2668 833 2723 insilit:
854 2671 1110 2727 omnibus
1126 2672 1359 2743 denique
1378 2672 1690 2729 triremibus
1705 2674 1900 2743 captis,
1922 2673 2014 2728 im-

2119 2672 2301 2734 πάσας
2355 2673 2665 2742 παρέλαϐον
2691 2713 2708 2738 ,
2763 2674 3013 2745 ἀνηλεῶς
3068 2675 3509 2744 κατατέμνοντες
3562 2674 3663 2735 τοὺς

445 2759 679 2813 ntaniter
698 2760 914 2817 Turcos
932 2762 1266 2819 l'rustulatim
1286 2765 1626 2835 discindunt,
1644 2765 2014 2835 spectantibus

2119 2762 2397 2834 Τούρκους
2434 2763 2662 2818 ἐνώπιον
2690 2766 2799 2819 τῶν
2845 2766 3126 2835 γυναικῶν
3204 2766 3302 2820 καὶ
3347 2767 3462 2820 τῶν
3491 2764 3664 2819 παίδων

442 2866 633 2908 eorum
666 2854 992 2925 coniugibus
1016 2865 1072 2911 et
1097 2857 1283 2914 liberis
1298 2858 1625 2930 Callipoleos
1649 2859 1851 2923 littore,
1873 2858 2014 2929 quod

2119 2852 2321 2917 αὐτῶν,
2355 2854 2578 2923 μακρὰν
2608 2853 2913 2924 ἀπέχοντες
2936 2852 3038 2925 τὴν
3076 2855 3136 2907 ἐν
3163 2854 3562 2907 Καλλιουπόλει
3586 2853 3664 2919 ξη-

440 2960 471 2998 a
503 2945 649 3010 loco,
684 2947 774 3001 ubi
803 2962 981 3017 pugna
1021 2950 1317 3006 commissa
1346 2959 1450 3017 est,
1478 2952 1696 3006 milliari
1756 2965 1867 3006 uno
1905 2952 2014 3007 dis-

2119 2943 2221 3014 ρὰν
2250 2944 2326 3009 ὡς
2353 2945 2534 3015 μίλιον
2579 2945 2660 2999 ἐν.
2696 2947 2760 3000 Οἱ
2794 2946 2851 2999 δὲ
2900 2945 3182 3000 Βενετικοὶ
3215 2946 3319 3017 ἥδη
3371 2945 3511 3016 πρὸς
3534 2943 3664 2997 ἐσπέ-
3704 3020 3712 3028 υ

444 3044 542 3090 tat.
578 3031 847 3093 Inclinato
870 3038 982 3109 iam
1007 3040 1095 3095 die
1124 3039 1317 3099 Veneti
1340 3044 1580 3115 receptui
1602 3050 1826 3110 canunt,
1857 3043 2014 3097 trire-

2119 3053 2219 3106 ραν
2254 3036 2348 3090 τοῦ
2381 3036 2645 3107 πολεμεῖν
2679 3039 3030 3109 σιγήσαντες,
3058 3038 3277 3101 καὶτὰς
3303 3039 3550 3108 τριήρεις
3578 3035 3664 3088 τῶν

439 3141 665 3195 meaque
695 3137 902 3198 septem
923 3139 977 3185 et
1000 3132 1191 3202 viginti
1216 3133 1480 3189 Turcicas
1510 3149 1635 3189 cum
1670 3135 1784 3190 suis
1822 3135 1877 3190 in
1910 3134 2012 3191 Te-

2119 3127 2378 3197 Τούρκων
2406 3128 2483 3193 ὡς
2512 3130 2595 3194 κζ’
2621 3130 2712 3183 τὸν
2738 3129 2996 3201 ἀριθμὸν,
3031 3132 3127 3184 καὶ
3152 3129 3252 3193 τὰς
3272 3130 3461 3183 αὐτῶν
3487 3129 3663 3197 πτερὼ-

439 3218 640 3272 nedum
668 3221 899 3275 insulam
935 3223 1069 3278 velis
1098 3224 1284 3293 pansis
1329 3225 1626 3281 deducunt.
1683 3224 2012 3297 Portumque

2119 3237 2332 3284 σαντες,
2368 3221 2649 3294 κατῄεσαν
2682 3222 2766 3286 είς
2806 3220 3037 3277 Τένεδον
3071 3222 3255 3293 νῆσον.
3301 3224 3488 3277 Κάκεῖ
3529 3225 3662 3294 όρμι-

439 3312 693 3382 ingressi,
719 3313 977 3369 omnibus
1005 3323 1260 3371 accurate
1291 3318 1573 3386 perpensis
1603 3326 1659 3375 et
1710 3321 2010 3390 perspectis

2119 3311 2342 3375 σθέντες
2371 3313 2429 3364 ἐν
2459 3312 2538 3379 τῷ
2566 3312 2769 3382 λιμένι,
2801 3312 2897 3366 καὶ
2918 3312 3276 3381 ἐξετάσαντες
3302 3313 3570 3384 ἀκριϐῶς,
3588 3313 3661 3366 καὶ

438 3403 652 3459 Turcos
695 3417 885 3460 omnes
931 3405 1162 3461 seorsim
1210 3417 1525 3466 contractos
1576 3410 1893 3467 confodere.
1947 3413 2008 3467 In

2119 3404 2456 3475 χωρίσαντες
2484 3403 2612 3466 τοὺς
2659 3402 2950 3474 Τούρκους
2986 3405 3239 3469 ἃπαντας
3284 3404 3550 3474 ἔσφαξαν.
3587 3403 3662 3467 εἰς

438 3493 785 3552 Christianos
846 3497 1006 3553 aliter
1057 3498 1557 3573 anquisitum:qui
1613 3503 1757 3558 enim
1808 3505 2009 3576 captivi

2119 3495 2173 3550 δέ
2200 3495 2323 3558 τοὺς
2354 3495 2720 3565 Χριστιανοὺς
2755 3496 2953 3567 ἑτέραν
2992 3496 3222 3568 ἔρευναν
3261 3496 3660 3569 ἐρευνήσαντεςο

439 3587 719 3658 vinctique
747 3588 801 3642 in
833 3589 1153 3646 triremibus
1187 3590 1596 3659 detinebantur,
1621 3595 1688 3650 iis
1720 3596 1829 3651 vita
1881 3612 2012 3653 con-

2119 3587 2361 3652 καὶτοὺς
2408 3586 2508 3656 μὲν
2537 3587 2831 3659 ἀγγαρικῷ
2879 3588 3073 3659 τρόπῳ
3116 3590 3477 3659 είσαχθέντας
3523 3591 3575 3642 ἐν
3603 3586 3658 3657 τῷ

439 3693 595 3734 cessa
625 3688 728 3734 est.
750 3680 831 3734 llli
864 3696 1010 3749 vero,
1040 3683 1137 3751 qui
1167 3694 1392 3757 accepta
1419 3687 1693 3751 mercede,
1746 3695 1842 3742 aut
1878 3704 2015 3759 quo-

438 3770 524 3825 vis
552 3771 664 3826 alio
686 3774 914 3843 praemio
946 3775 1117 3842 ducti,
1148 3791 1368 3845 operam
1405 3793 1561 3834 suam
1584 3790 1776 3848 sponte
1802 3782 2015 3836 locave-

440 3874 584 3930 rant,
613 3865 799 3921 cuncti
825 3866 876 3920 in
905 3866 1083 3921 insula
1105 3867 1326 3946 Tenedo
1348 3871 1645 3941 suspendio
1666 3870 1846 3927 allecti
1864 3881 2015 3928 sunt.

442 3956 707 4027 Tuncque
735 3972 960 4014 cernere
980 3968 1098 4015 erat
1130 3976 1228 4029 per
1257 3970 1431 4017 totum
1494 3964 1689 4019 insulae
1751 3966 2015 4019 ambitum

444 4047 627 4103 furcas
662 4048 729 4103 ad
757 4049 931 4105 instar
953 4049 1143 4105 vilium
1180 4051 1501 4122 dispositas,
1561 4054 1631 4108 ab
1681 4055 1763 4109 eis
1813 4054 2014 4125 depen-

2117 3681 2309 3751 στόλῳ,
2339 3682 2438 3751 τὴν
2468 3679 2614 3749 ζωὴν
2639 3681 3008 3752 ἐδωρήσαντο,
3034 3682 3163 3745 τοὺς
3188 3680 3247 3736 δέ
3267 3682 3357 3736 διὰ
3416 3682 3654 3753 προσόδων

2116 3774 2210 3825 καὶ
2243 3773 2341 3842 τῆς
2366 3771 2637 3842 τυχούσης
2696 3766 2957 3842 προνοίας
2999 3774 3214 3837 πάντας
3259 3774 3659 3829 ἀνεσκολόπισσν

2117 3865 2177 3918 ἐν
2210 3866 2276 3934 τῇ
2313 3863 2545 3934 Τενέδῳ.
2582 3863 2692 3918 Καὶ
2726 3858 2794 3936 ἦν
2832 3863 2962 3917 ίδεῖν
2987 3864 3222 3937 γυρόθεν
3252 3866 3353 3935 τὴν
3378 3868 3563 3921 πᾶσαν
3589 3864 3659 3931 vi,“-

2118 3972 2213 4008 σον
2252 3955 2327 4019 ὡς
2351 3954 2638 4026 ἀμπέλους
2660 3954 2761 4018 τάς
2786 3956 3050 4026 φούρκας,
3080 3956 3174 4010 καὶ
3197 3955 3271 4019 ὡς
3300 3955 3541 4027 βότρυας
3560 3953 3659 4016 τοὺς

2128 4049 2189 4100 ἐν
2224 4048 2417 4111 αὐταῖς
2448 4049 2853 4119 κρεμαμένους.
2885 4047 2949 4099 Δί
2975 4046 3031 4100 δὲ
3052 4048 3305 4118 τριήρεις
3327 4046 3659 4102 κατελθοῦσσι

2118 4139 2178 4192 ἐν
2213 4139 2410 4210 Κρήτῃ
2441 4138 2567 4202 τοὺς
2612 4138 2714 4207 μὲν
2761 4138 2819 4190 ἐν
2867 4137 3005 4209 αὐτῇ
3053 4140 3122 4208 τῇ
3153 4139 3325 4210 νήσῳ,
3378 4138 3505 4200 τοὺς
3540 4136 3588 4189 δέ
3614 4135 3659 4186 ἐν

2120 4229 2347 4301 Εὐϐοίᾳ,
2378 4230 2505 4295 τοὺς
2568 4230 2624 4283 δὲ
2681 4232 2737 4283 ἐν
2787 4230 3011 4300 Βενετία
3062 4230 3401 4302 διέσπειραν,
3428 4230 3522 4283 καὶ
3547 4229 3659 4299 ᾑρη-

441 4139 648 4203 dentia,
682 4140 847 4196 veluti
872 4157 1143 4208 racemos,
1173 4144 1461 4199 cadavera.
1507 4143 1614 4200 Ubi
1665 4145 1882 4201 Cretam
1924 4162 2019 4218 ap-

442 4231 700 4300 pulerunt
717 4234 966 4289 triremes
988 4232 1226 4300 Venetae,
1246 4234 1546 4291 Christiani
1568 4238 1768 4307 captivi
1786 4239 2019 4308 remiges

442 4325 638 4392 partim
669 4340 763 4395 per
788 4340 908 4381 eant
931 4327 1162 4380 insulam
1192 4327 1492 4395 distributi,
1525 4329 1721 4398 partim
1767 4346 1863 4401 per
1911 4331 2014 4388 Eu-

2122 4323 2321 4393 μένους
2354 4321 2549 4390 ἐρέτας
2582 4321 2948 4391 Χριστιανοὺς
3000 4322 3367 4392 ὑπάρχοντας.
3411 4319 3663 4392 Χειμῶνος

441 4417 621 4473 bteam
679 4418 878 4484 sparsi,
913 4416 1168 4475 Venetias
1197 4435 1418 4489 quoque
1467 4423 1661 4490 partim
1722 4426 2014 4482 transvecti

2120 4415 2179 4468 δέ
2232 4412 2624 4483 παρελθόντος,
2674 4414 2768 4467 καὶ
2814 4414 2909 4468 τοῦ
2964 4415 3124 4483 ἔαρος
3165 4412 3475 4483 ἀρχομένου
3525 4410 3661 4463 πάλιν

442 4517 592 4563 sunt.
624 4507 753 4563 Post
784 4518 1029 4564 exactam
1051 4510 1244 4564 deinde
1264 4511 1523 4575 hiemem,
1542 4512 1872 4585 ineunteque
1894 4532 2014 4572 vere

2127 4506 2236 4563 ἀπὸ
2265 4504 2518 4568 Βενετίας
2546 4506 2791 4577 τριήρεις
2815 4520 2829 4536 ⁸
2862 4508 2959 4561 καὶ
3007 4507 3066 4561 ἐν
3102 4504 3482 4574 Ἑλλησπόντῳ
3517 4500 3661 4555 εἰσελ-

439 4600 634 4656 classis
665 4601 872 4657 Veneta
908 4614 1067 4673 portu
1091 4602 1448 4659 Venetiarum
1485 4606 1683 4662 iterum
1734 4608 1920 4673 solvit,
1970 4617 2014 4664 el

2131 4599 2323 4654 θοῦσαι
2350 4575 2732 4669 ἠϐουλήθησαν
2765 4598 3104 4668 παραλαϐεῖν
3143 4596 3235 4650 τὸν
3277 4596 3487 4666 πύργον
3516 4594 3596 4646 τὸν
3618 4591 3662 4642 ἐν
3744 4650 3751 4673 Ι

447 4692 861 4763 Hellespontum
898 4697 1147 4764 ingressa
1183 4697 1400 4763 turrim,
1424 4713 1547 4768 qua:
1576 4698 1864 4769 Lampsaci
1903 4708 2014 4757 erat

2128 4690 2419 4762 Λαμψάκῳ
2443 4690 2501 4744 ὃν
2527 4691 2818 4761 ἀνήγειρεν
2860 4692 2887 4743 ό
2924 4688 3315 4759 Μουσουλμάν,
3348 4685 3445 4741 καὶ
3480 4685 3561 4739 διὰ
3590 4682 3662 4737 θα·

443 4799 474 4838 a
510 4784 855 4841 Musulmano
881 4794 1185 4853 exstructa,
1209 4795 1402 4843 tentat.
1428 4787 1470 4842 E
1506 4788 1820 4845 triremibus
1839 4789 2014 4861 itaque

2130 4780 2336 4852 λάσσης
2382 4781 2820 4852 ἀκροϐολισμοὺς
2853 4781 3206 4851 ποιήσαντες,
3243 4780 3330 4833 διὰ
3376 4778 3541 4849 ξηρᾶς
3582 4775 3661 4827 οὐκ

440 4890 561 4931 eam
590 4874 777 4931 Veneti
799 4886 1112 4949 Oppugnant
1139 4888 1193 4933 et
1213 4879 1488 4947 quatiunt,
1518 4895 1641 4935 cum
1666 4881 1717 4935 in
1742 4882 1895 4938 littus
1928 4900 2014 4940 ex-

2128 4874 2479 4947 ἡδυνήθησαν
2509 4872 2748 4938 ἐξελθεῖν
2771 4888 2786 4903 ·
2814 4868 2883 4944 ἦν
2924 4871 3033 4941 γὰρ
3066 4872 3352 4941 προσέχων
3380 4873 3407 4922 ό
3441 4866 3659 4964 Χαμζᾶἱι

445 4969 705 5022 scendere
735 4968 1129 5038 nequivissent.
1161 4969 1368 5026 Aderat
1399 4972 1545 5026 enim
1577 4973 1688 5028 illic
1721 4973 2011 5043 Cltamzas,

2121 4967 2150 5021 ό
2175 4967 2400 5037 ἁδελφὸς
2419 4965 2513 5019 τοῦ
2539 4964 2823 5035 Παγιαζὴτ
2844 4963 2936 5017 τοῦ
2958 4963 3327 5027 Μεσάςοντος,
3356 4961 3454 5015 σὺν
3475 4961 3659 5029 στρατῷ

445 5057 703 5127 Bajazitis
725 5058 1053 5115 Mesazontis
1070 5059 1258 5127 frater,
1276 5077 1400 5115 cum
1424 5063 1667 5118 exercitu
1691 5065 1875 5120 decem
1896 5067 2014 5121 mil-

2122 5061 2365 5132 χιλιάδας
2386 5059 2517 5112 δέκα
2559 5060 2654 5113 καὶ¹
2671 5059 2852 5113 πλέον.
2884 5056 2969 5118 Ὠς
2989 5056 3046 5109 δὲ
3068 5052 3207 5109 εἶδον
3227 5058 3275 5108 oi
3295 5053 3561 5106 Βενετιιιοὶ
3579 5064 3661 5117 μην

443 5149 575 5204 lium
607 5159 661 5206 et
688 5150 924 5219 amplius
956 5152 1213 5218 militum,
1243 5153 1337 5223 qui
1370 5152 1703 5210 Venetorum
1742 5157 2014 5214 incessum

2122 5151 2211 5205 δὲν
2229 5149 2397 5221 μηδὲν
2426 5149 2705 5213 ἀνύοντες,
2729 5147 2962 5214 ἀφίεσαν
2978 5145 3163 5211 αὐτὸν,
3183 5147 3280 5198 καὶ
3296 5146 3376 5206 εἱς
3401 5144 3659 5195 Κωνσταν·

444 5241 791 5297 observabat.
826 5242 929 5308 Qui
960 5260 1084 5299 cum
1121 5260 1254 5301 suos
1298 5256 1531 5305 conatus
1583 5247 1767 5306 irritos
1826 5264 2014 5307 cerne-

2125 5241 2271 5296 τίνου
2299 5239 2513 5306 ἔπλεον,
2545 5237 2937 5300 καταλιπόντες
2970 5235 3135 5289 αὑτὸν
3171 5234 3552 5305 ήμίθραυστον,
3583 5223 3657 5276 καὶ

445 5342 587 5399 rent,
638 5331 1170 5404 Constantinopolim
1225 5337 1431 5401 abiere,
1494 5338 1662 5394 turris
1735 5339 2014 5395 obsidione

2126 5336 2189 5390 τδ
2215 5335 2407 5403 στέγος
2433 5330 2601 5386 αὑτοῦ
2650 5328 3115 5394 καταϐάλλοντες,
3161 5325 3270 5379 ἀπὸ
3304 5321 3541 5379 κάτωθεν
3571 5316 3657 5374 ἕως

446 5424 651 5481 omissa
683 5442 698 5480 :
726 5440 889 5495 quam
922 5427 1297 5482 semidirutam
1329 5444 1393 5484 ac
1432 5440 1745 5500 quassatam
1790 5432 2014 5501 relique-

2126 5430 2260 5493 ἀνω,
2308 5424 2633 5495 κοσκινηδὸν
2685 5424 3135 5492 κατετρῠπησαν.
3188 5418 3326 5470 Τότε
3380 5417 3411 5468 ό
3459 5405 3656 5501 Impias

448 5524 616 5573 runt:
640 5525 785 5572 tecto
812 5517 984 5587 ipsius
1008 5533 1037 5573 a
1067 5518 1268 5575 vertice
1301 5520 1369 5577 ad
1400 5499 1569 5578 imum
1599 5521 1854 5588 decusso,
1881 5499 1935 5576 et
1954 5522 2014 5578 ad

2132 5520 2255 5574 ἰδὼν
2309 5519 2406 5580 τὰς
2438 5517 2689 5587 τριήρεις
2722 5512 3106 5579 ἐκλειπούσας,
3158 5510 3321 5574 αὐτὸς
3350 5508 3470 5572 τοὺς
3517 5499 3659 5569 Μεθ’

1648 5612 1939 5675 Ismaelis
1974 5610 2279 5674 Bullialdi
2322 5615 2520 5669 notas.

523 5727 639 5799 (80)
707 5730 1024 5798 Ἀδριανοῦ
1090 5732 1343 5789 κόλπον.
1415 5732 1718 5803 improprie
1781 5732 2016 5857 appellat
2124 5746 2222 5801 per
2255 5730 2440 5811 sinum
2466 5727 2808 5784 Adriaticum
2834 5726 2927 5782 hic
2955 5723 3183 5805 intelligi
3238 5737 3388 5803 mare
3445 5715 3645 5791 Iuniani.

523 5799 672 5854 Lriani
696 5801 898 5857 sinum.
932 5801 1078 5856 Mare
1108 5804 1445 5857 Adriaticum
1492 5806 1560 5857 ab
1619 5807 1753 5857 urbe
1834 5801 2009 5857 ladria
2121 5801 2264 5857 quod
2292 5799 2537 5856 Siciliam
2563 5810 2619 5853 et
2642 5798 3073 5857 Peloponnesum
3112 5794 3372 5849 interﬂuit
3403 5807 3415 5846 :
3442 5801 3488 5845 el
3518 5783 3645 5839 Ιιοάιε

449 5783 672 5856 Adriani
696 5783 898 5857 sinum.
917 5783 1078 5856 hiare
1108 5783 1753 5880 a.'i'é§£iiéu.{{_§s'bnis
1783 5783 2013 5857 inituri;
2121 5783 2270 5870 {,qu
2292 5799 2619 5880 §iciliatn_et
2642 5783 3372 5880 Peloponnesumlinteilluit
3403 5807 3415 5846 :
3442 5801 3488 5845 et
3518 5783 3649 5839 11οάιὲ

449 5883 649 5928 nomen
680 5873 864 5938 habet,
900 5888 1003 5930 non
1052 5876 1120 5931 ab
1170 5875 1432 5930 Adriano.
1476 5873 1786 5935 Notandum
1844 5887 2008 5946 porro
2114 5866 2154 5928 ἱ
2173 5870 2354 5929 nautis
2382 5870 2421 5923 il
2463 5868 2617 5941 Col[o
2652 5866 2832 5924 adhuc
2871 5866 3195 5941 appellatur.
