3854 6596
648 450 675 478 Ι

237 516 334 586 9ῖ3

1388 502 1768 568 HISTORIA
1807 496 2262 564 ΒΥΖΑΝΤΙΝΑ.

3344 486 3452 554 974

239 633 434 701 γιρων·
464 627 492 680 ό
534 623 590 678 δὲ
637 621 893 689 Ἰωᾶννης
936 621 965 674 δ
1003 615 1259 692 βασιλεὺς
1311 622 1596 693 ἠσχολεῖτο
1640 620 1777 691 πρὸς

1900 617 2192 673 taletudine
2231 612 2466 676 aulictus
2498 612 2552 667 in
2591 609 2912 667 veneranda:
2939 603 3229 681 (Virginis)
3259 619 3456 658 mona-

237 722 299 778 τὰ
321 718 583 790 ἀντίμαχα
611 715 714 786 τῆς
758 712 986 780 πόλεως,
1011 715 1107 768 καὶ
1139 713 1305 784 μέρος
1334 715 1444 768 τῶν
1473 714 1777 783 ἀρχόντων,
1832 765 1861 798 ο

237 815 322 869 καὶ
349 812 408 867 τδ
442 808 805 883 βασμουλ-ικδν
845 807 996 863 ἅπαν
1029 808 1369 878 κατεϐόησαν
1419 808 1563 861 κατὰ
1611 807 1781 861 αὐτοῦ

239 903 409 975 ὕϐρεις
463 903 556 958 καὶ
603 901 878 969 λοιδορίας
917 901 1217 971 ἐκχέοντες.
1252 900 1388 955 Τότε
1440 903 1468 955 ὁ
1520 900 1780 969 βασιλεὺς

237 995 452 1059 ἀκούσας
478 995 578 1066 τὴν
595 995 838 1067 ταραχὴν
870 994 1064 1066 ἠρώτα
1100 997 1157 1048 τί
1188 994 1248 1048 τὺ
1279 996 1590 1064 γενόμενον.
1629 995 1691 1047 Oi
1723 994 1783 1046 δὲ

240 1089 568 1158 παρέστησαν
615 1087 765 1158 αὑτῷ
813 1088 906 1141 τὸν
946 1087 1238 1157 ἄνθρωπον
1289 1086 1652 1156 διηγούμενον
1713 1087 1784 1140 τὰ

240 1183 354 1250 περὶ
391 1181 489 1247 τῆς
539 1182 852 1252 προδοσίας.
881 1181 1063 1236 Θέλων
1105 1181 1162 1234 δὲ
1211 1183 1240 1234 ό
1295 1182 1554 1251 βασιλεὺς
1607 1199 1782 1235 κατα-

238 1271 458 1342 πραῧναι
489 1272 666 1343 ὅχλον,
696 1273 954 1328 ἐκέλευσε
1005 1274 1428 1346 περιορισοῆναι
1461 1274 1555 1330 τὸν
1581 1272 1781 1326 Θεολό-

238 1381 341 1434 γον,
379 1365 464 1416 καὶ
515 1367 612 1417 σὺν
656 1364 806 1434 αύτῷ
856 1366 945 1420 τὸν
990 1365 1257 1435 προδότην
1307 1363 1494 1431 αὑτοῦ,
1545 1365 1632 1418 ἵνα
1685 1366 1783 1425 τὴν

238 1452 407 1522 αὔριον
433 1454 597 1525 rem
632 1454 734 1524 τὴν
780 1455 1058 1524 ἀλήθειαν.
1092 1457 1156 1509 Oi
1183 1455 1242 1509 δὲ
1282 1455 1502 1527 Κρῆτες
1540 1455 1693 1520 ὄντες
1725 1456 1783 1508 ὲν

237 1549 294 1617 τῇ
331 1546 573 1617 βασιλικῇ
602 1547 743 1619 πύλῃ
774 1548 1037 1618 φύλακες,
1076 1549 1172 1603 καὶ
1215 1549 1553 1612 ἀκούσαντες
1586 1548 1657 1602 τὰ
1686 1549 1783 1619 τῆς

236 1637 504 1706 προδοσίας
539 1639 776 1709 ἔδραμον
819 1639 1070 1708 λέγοντες
1105 1641 1184 1712 τῷ
1226 1640 1438 1711 βασιλεί
1479 1637 1644 1712 (ἦσαν
1675 1640 1784 1712 γὰρ

235 1730 278 1782 ol
304 1728 505 1800 Κρῆτες
557 1732 644 1784 ἀεὶ
680 1732 995 1786 πιστότατοι
1042 1735 1138 1786 καὶ
1183 1733 1348 1803 ζῆλον
1395 1733 1539 1790 θεῖον
1568 1734 1785 1805 ἔχοντες

237 1818 358 1890 πρὸς
386 1819 451 1874 τὰ
496 1821 694 1891 τεμένη
741 1822 938 1889 ἁγίων,
971 1824 1066 1876 καὶ
1102 1825 1186 1886 εις
1215 1823 1286 1878 τὰ
1334 1825 1485 1892 σφῶν
1531 1825 1784 1895 λείψανα,

235 1909 319 1961 καὶ
351 1909 427 1972 εις
459 1908 519 1962 τὺ
549 1909 823 1978 βασίλειον
869 1911 968 1982 τῆς
1001 1913 1258 1978 πόλεως),
1291 1913 1446 1968 εἷπον
1476 1912 1568 1970 οὖν
1596 1918 1783 1988 αὐτῷ·

1883 711 2056 766 sterio
2074 709 2378 774 habitabat,
2410 705 2671 762 discessit
2697 704 3035 774 Theologus,
3077 701 3319 756 Joannes
3349 699 3455 752 int-

1883 811 2128 872 perator,
2177 801 2270 871 qui
2323 799 2393 857 ad
2431 797 2864 871 propulsandum
2901 796 3139 850 hostimn
3187 794 3451 862 impetum

1883 892 2130 948 intentus
2162 902 2304 952 erat.
2333 893 2604 962 primores
2648 887 2799 944 urbis
2833 889 3066 958 aliquot,
3095 887 3338 955 levisque
3364 898 3457 938 ar-

1887 996 2111 1039 matura:
2142 986 2341 1040 milites
2383 985 2548 1040 simul
2607 983 2960 1037 vociferando
3004 980 3372 1036 contumelias
3404 986 3459 1030 et

1883 1079 2084 1148 probra
2105 1079 2160 1132 in
2192 1093 2312 1132 eum
2340 1077 2638 1147 jztciebant.
2673 1074 2785 1130 Hoc
2815 1074 3049 1130 tumultu
3078 1073 3322 1137 cognito,
3346 1069 3461 1124 Ma-

1886 1169 2014 1223 nuel
2049 1169 2179 1238 quid
2225 1159 2538 1238 contigerit,
2577 1167 2879 1238 interrogat
2909 1185 2922 1221 :
2960 1177 3073 1220 tum
3106 1165 3198 1234 qui
3229 1165 3460 1218 aderant

1885 1276 2010 1316 eum
2043 1263 2135 1331 qui
2185 1261 2550 1330 proditioaem
2589 1268 2904 1327 aperuerat,
2949 1272 3134 1312 coram
3199 1258 3320 1322 ipso
3367 1253 3461 1308 ad-

1881 1353 2118 1409 ducunt.
2167 1352 2490 1406 Tumultum
2527 1353 2719 1407 sedare
2769 1353 2936 1406 istum
2972 1351 3187 1405 volebat
3219 1349 3458 1410 Manuel,

1879 1443 2162 1511 jussitque
2192 1440 3168 1512 Theologumejusqueaccusatorem
3200 1438 3250 1491 in
3277 1446 3458 1492 Custo-

1885 1535 1976 1589 dia
2012 1535 2225 1600 haberi,
2260 1545 2321 1589 ut
2372 1536 2640 1605 postridie
2674 1534 2806 1603 quid
2839 1533 2917 1588 rei
2954 1533 3046 1598 sit,
3078 1533 3228 1585 clare
3261 1545 3465 1600 acgnn-

1884 1642 2042 1682 scere
2091 1631 2284 1698 possit.
2322 1626 2612 1682 Cretenses
2669 1641 2833 1694 porro
2879 1625 2970 1694 qui
3009 1625 3074 1678 ad
3113 1624 3462 1692 imperatoris

1888 1724 2100 1786 portam
2128 1717 2496 1783 excubabant,
2534 1717 2722 1772 audito
2763 1717 2830 1770 de
2874 1716 3184 1786 proditione
3216 1729 3463 1777 rumore,

1889 1823 2012 1863 eum
2038 1809 2329 1864 allocuturi
2360 1825 2632 1864 concursu
2656 1809 2798 1862 facto
2824 1808 3026 1863 adeunt
3060 1807 3462 1876 (ﬁdeliSsimam

1891 1917 2288 1973 usquequaque
2336 1917 2558 1971 operam
2612 1909 2947 1961 navaverunt
2977 1899 3288 1962 Cretenses,
3334 1913 3466 1968 erga

234 1995 302 2054 Ὦ
342 1976 628 2070 βασιλεῦ,
675 2003 890 2059 ἄδικόν
921 1976 1073 2060 εστι
1117 1976 1276 2076 ήμᾶς
1330 2004 1626 2078 προτιμᾶν
1675 1976 1793 2078 tin-

1900 1994 2090 2063 templa
2112 2004 2429 2050 sanctorum
2449 2009 2750 2063 eorumque
2775 1993 3036 2062 reliquias
3060 2006 3247 2044 amore.
3279 1989 3468 2044 divino

235 2092 402 2146 πόλιν
435 2094 589 2162 ὑπὲρ
630 2094 748 2164 τὴν
792 2097 1230 2168 ἐνεγκαμένην,
1279 2099 1380 2154 καὶ
1427 2102 1636 2156 ποθεῖν
1682 2099 1791 2159 τοῦ

233 2184 521 2255 ἐκκεῖσθαι
573 2189 643 2242 τό
687 2187 837 2259 aliaet
888 2191 1062 2260 ἡμῶν
1088 2194 1243 2262 ὑπὲρ
1273 2193 1383 2264 τῆς
1424 2196 1795 2260 ,βασιλευούο

232 2291 340 2344 ant;
360 2294 374 2308 '
406 2280 465 2333 οι
519 2270 593 2332 δ”
624 2282 1013 2350 αὐτόχθονες,
1045 2285 1148 2338 καὶ
1177 2283 1260 2340 ὀι
1302 2285 1370 2340 τὸ
1419 2287 1696 2352 εὐδοξεῖν
1725 2288 1793 2344 ἐκ

234 2369 440 2435 ταύτης
487 2370 758 2438 ἔχοντες.
798 2369 953 2428 εἶναι
1005 2376 1294 2441 προδόται
1327 2378 1446 2432 τῶν
1485 2381 1660 2433 θείων
1681 2399 1796 2449 μυ·

233 2460 500 2528 στηριων,
542 2462 640 2516 καὶ
673 2460 780 2529 τῆς
801 2463 1124 2531 ,βασιλεως
1161 2481 1301 2521 σου.
1344 2467 1655 2524 Κέλευσον
1683 2466 1796 2526 οὖν

235 2549 327 2604 ἵνα
360 2552 806 2620 παραδώσωσιν
838 2557 927 2621 εὶς
976 2557 1181 2626 χεῷας
1208 2560 1380 2628 ήμῶν
1424 2563 1531 2617 τὸν
1577 2564 1792 2618 Θεολόο

233 2658 352 2710 γον,
385 2645 484 2698 καὶ
515 2645 692 2715 ἡμεῖς
718 2647 1091 2719 ἐξετάσομεν
1112 2652 1366 2720 ἀκριϐῶς
1397 2655 1468 2708 τὰ
1493 2657 1623 2724 περὶ
1666 2657 1797 2711 τού-

234 2751 348 2790 του.
384 2737 442 2790 Ὀ
483 2738 545 2791 δὲ
579 2738 834 2808 βασιλεὺς
885 2740 1248 2811 ἀπεκρίνατοο
1299 2743 1439 2812 Ἐγὼ
1488 2747 1588 2816 μὲν
1617 2747 1796 2801 δειλιῶ

237 2827 304 2897 μή
345 2845 458 2892 πως
503 2831 650 2884 κατὰ
703 2830 896 2900 φθόνον
933 2833 1239 2888 κινδυνεύει
1283 2836 1309 2887 ό
1361 2837 1649 2906 ἄνθρωπος
1675 2854 1690 2869 °
1727 2841 1796 2893 Ei

234 2919 333 2987 γὰρ
378 2921 719 2990 ἐγίνωσκον
776 2922 864 2976 ὅτι
921 2923 994 2976 ἐν
1042 2924 1298 2994 ἀληθείᾳ
1355 2928 1651 2995 στρεόλύς
1695 2926 1794 3001 ἦν,

232 3011 373 3080 αὐτῇ
431 3012 504 3080 τῇ
566 3012 686 3081 ὥρᾳ
735 3013 1127 3076 κατεδίκαζον
1183 3019 1485 3087 αἰσχίστῳ
1537 3022 1794 3088 θανάτῳ.

237 3103 437 3170 ’Ἄρατε
498 3101 619 3160 οὖν
680 3107 850 3176 ὑμεῖς
906 3109 1005 3162 καὶ
1057 3109 1397 3178 ἑξετάσετε,
1433 3114 1533 3168 καὶ
1588 3119 1639 3169 εὶ
1685 3117 1801 3184 μὲν

230 3194 431 3261 ἀθῶος,
467 3199 694 3266 ᾶφετεο
743 3202 794 3253 sl
839 3199 1058 3269 aetat
1111 3201 1192 3267 τῷ
1235 3205 1490 3272 κρίματι,
1533 3209 1800 3263 τισάσθω

230 3284 336 3352 τὴν
392 3289 699 3357 τιμωρίαν.
749 3290 1024 3355 Λαϐόντες
1093 3291 1185 3346 οὖν
1242 3294 1334 3347 τὴν
1379 3295 1644 3365 Θεολόγον
1701 3301 1796 3352 καὶ
1826 3325 1868 3382 c

232 3375 587 3441 ἐξετάσαντες
629 3379 896 3446 ἀκριϐῶς,
928 3381 1025 3434 καὶ
1077 3382 1169 3436 διὰ
1223 3386 1527 3455 τιμωριῶν,
1562 3391 1659 3442 καὶ
1709 3389 1798 3444 διὰ

235 3470 467 3538 σημείων
496 3470 686 3537 τινῶν,
714 3467 788 3527 ὧν
830 3475 1229 3546 ἐρευνήσαντες
1266 3477 1429 3547 εὖρον
1468 3480 1526 3533 ὲν
1559 3481 1636 3550 τῷ
1662 3481 1799 3552 οῐκῳ

234 3559 385 3611 αὑτοῦ
429 3559 668 3630 διάφορα
722 3562 892 3634 σκεύη
947 3565 1128 3634 χρυσᾶ
1154 3582 1215 3618 τε
1281 3567 1378 3621 καὶ
1416 3569 1658 3641 ἀργυρᾶ,
1706 3572 1801 3624 καὶ

234 3649 614 3719 χρυσοΰφαντα
649 3651 854 3718 πέπλα,
891 3656 987 3708 καὶ
1037 3657 1354 3727 ἐγγράφους
1394 3660 1702 3727 ἀποδείξεις
1731 3664 1800 3727 ἃς

233 3747 399 3801 ἐποίει
441 3747 584 3802 κατὰ
631 3746 727 3801 τοῦ
765 3748 1069 3818 βασιλέως·
1108 3751 1178 3805 τὰ
1225 3750 1284 3804 δὲ
1331 3752 1499 3824 σκεύη
1554 3753 1801 3812 ἐδίδοσαν

233 3841 376 3911 παρὰ
402 3840 497 3894 τοῦ
528 3840 794 3912 βασιλέως
826 3841 902 3906 ὡς
935 3843 1391 3914 ὰποκομισόμενα
1423 3847 1500 3917 τῷ
1545 3848 1798 3919 Τούρκῳ,

232 3931 258 3981 ὀ
285 3931 327 3984 δ’
358 3933 519 3996 αὐτὸς
569 3933 890 4002 ἐνοσφίζετο
932 3935 1107 3988 ταῦτα
1128 3953 1143 3968 ο
1173 3937 1296 3989 τότε
1351 3939 1401 3991 οἱ
1459 3939 1678 4009 Κρῆτες
1709 3941 1804 3994 σύ-

238 4040 423 4090 ραντες
453 4027 619 4080 αὐτὸν
659 4027 748 4080 διὰ
780 4027 881 4098 τῆς
911 4027 1189 4099 λεωφόρου
1232 4029 1340 4093 ἓως
1369 4031 1468 4101 τῆς
1497 4033 1676 4104 πύλης
1703 4037 1802 4105 τῆς

234 4116 537 4185 βασιλικῆς,
566 4121 684 4172 ἐκεῖ
725 4121 854 4183 τοὺς
893 4120 1207 4190 ὀφθαλμοὺς
1249 4119 1630 4193 ὲξορύττουσιν
1664 4127 1802 4198 ἀνη-

234 4210 360 4274 λεῶς
391 4213 488 4267 καὶ
515 4211 939 4285 ἀπανθρώπωςο
982 4215 1128 4269 οὕτω
1167 4217 1276 4288 γὰρ
1322 4219 1630 4290 ἐξέγλυψαν
1676 4223 1804 4287 τοὺς

233 4302 540 4374 ὀφθαλμοὺς
584 4304 772 4370 αὐτοῦ,
805 4305 882 4369 ὡς
925 4306 1062 4377 μηδὲ
1114 4307 1289 4361 τύπον
1333 4310 1628 4379 φαίνεσθαι
1680 4313 1804 4381 βλε-

235 4398 417 4465 φάρων
460 4397 493 4467 ἢ
531 4396 820 4466 δέρματος.
850 4396 1114 4462 Βαλόντες
1151 4399 1336 4452 τοίνυν
1377 4402 1435 4454 ἐν
1474 4405 1541 4473 τῇ
1585 4404 1802 4477 φυλακῇ

233 4489 480 4558 inreptet
525 4491 764 4558 ἡμέραις
808 4490 1084 4544 ἁπέθανε’
1130 4491 1230 4560 τὴν
1285 4493 1342 4545 δὲ
1403 4495 1582 4549 οἰκίαν
1635 4497 1802 4551 αὑτοῦ

232 4575 605 4649 δημεύσαντες
661 4582 974 4652 ἐνέπρησαν
1043 4581 1212 4638 πολὺν
1271 4587 1546 4656 θησαυρὸν
1604 4589 1805 4659 γέμου-

235 4685 349 4726 σαν.

312 4940 370 4992 ’0
399 4940 626 5010 Μουρὰτ
671 4939 764 4996 οὖν
793 4943 1036 5007 ἀκούσας
1075 4944 1168 4999 τὸν
1201 4944 1434 5002 θάνατον
1481 4950 1577 5005 τοῦ
1611 4951 1804 5006 Θεολό-

233 5047 350 5098 γου,
396 5037 492 5086 καὶ
539 5033 623 5097 τίς
665 5034 699 5105 ἡ
745 5035 898 5088 αἰτία
925 5035 1021 5089 τοῦ
1079 5037 1264 5107 φόνου,
1301 5041 1557 5112 ἐθυμώθη
1604 5060 1661 5096 τε
1711 5047 1808 5098 καὶ

234 5123 503 5194 ἐλυπήθη,
537 5127 633 5180 καί
673 5145 820 5190 τινες
866 5130 1191 5202 παρέδωκαν
1243 5133 1325 5195 εἰς
1375 5135 1560 5200 αύτὶν,
1608 5136 1685 5199 ὼς
1725 5139 1808 5191 ὅτι

236 5217 404 5280 αἴτιος
441 5218 536 5270 τοῦ
571 5219 732 5287 φόνου
777 5219 871 5272 τοῦ
906 5222 1174 5291 Κώρακσς
1207 5225 1307 5277 οὐκ
1348 5221 1416 5296 ἦν
1450 5227 1611 5290 ἄλλος
1643 5232 1690 5282 εὶ
1729 5230 1806 5300 μὴ

235 5308 450 5378 Μιχαὴλ
473 5311 500 5362 ὁ
535 5310 769 5381 Πύλλης.
802 5306 974 5374 Οὗτος
1020 5314 1128 5383 γὰρ
1156 5317 1183 5364 ὁ
1213 5313 1522 5388 Πόλληςῆν
1557 5317 1616 5382 ἐξ
1651 5319 1810 5387 Ἐφέ-

270 5418 328 5452 ου
363 5403 638 5471 Ῥωμαίος
680 5405 830 5470 γένει
880 5404 966 5476 [τὸ
1007 5407 1206 5478 γένοςΙ,
1235 5408 1296 5460 τὸ
1346 5409 1512 5474 σέϐας
1543 5408 1808 5478 Χριστια-

265 5493 341 5556 bc,
369 5494 466 5564 τὴν
499 5495 671 5569 τύχην
711 5496 771 5560 ἐξ
811 5498 1049 5564 εὐγενῶν
1092 5500 1189 5566 τῆς
1234 5500 1406 5569 αὐτῆς
1437 5502 1646 5565 πόλεως
1668 5520 1682 5534 ο
1708 5505 1808 5576 τὴν

238 5585 429 5653 τέχνην
462 5590 554 5639 καὶ
587 5589 646 5640 τὸ
672 5591 1014 5659 ἐπιτήδευμα
1056 5591 1306 5661 γραφεὺς
1351 5596 1408 5646 ὲν
1451 5594 1529 5664 τῷ
1560 5596 1806 5668 παλατὶῳ

239 5678 326 5726 τοῦ
357 5679 628 5746 ἡγεμόνος
678 5683 736 5732 ἐν
789 5683 1083 5750 γράμμασι
1123 5684 1456 5752 Ῥωμαϊκοῖς
1491 5689 1586 5740 καὶ
1639 5688 1807 5758 Ἀραο

240 5764 410 5829 ϐικοῖς
441 5787 457 5801 ο
511 5770 609 5840 τὴν
657 5771 855 5840 πρᾶξιν
905 5775 996 5825 καὶ
1041 5773 1131 5824 τὸν
1181 5776 1384 5843 τρόπον
1439 5776 1801 5848 δύσχρηστος,

241 5855 456 5925 λάγνος,
490 5862 719 5925 ἄσωτος,
749 5865 838 5915 καὶ
871 5863 1244 5932 παμϐἑϐηλος.
1279 5859 1448 5928 Οὗτος
1479 5868 1654 5920 συνὼν
1679 5871 1804 5922 τότε

237 5949 310 6016 τῷ
346 5949 615 6020 τυράννῳ,
652 5953 978 6018 παρέδωκαν
1028 5953 1189 6005 αὐτὸν
1237 5953 1506 6024 λέγοντες,
1541 5956 1621 6008 ὅτι
1651 5950 1804 6020 οὗτος

1893 2085 2217 2156 ﬂagrabant,
2237 2085 2502 2150 urbisque
2537 2087 2876 2156 maiestatem
2916 2083 3327 2153 imperatoriam
3363 2080 3468 2137 sal-

1893 2193 2018 2232 vam
2054 2193 2178 2236 esse
2205 2179 2556 2234 vehementer
2594 2178 2948 2247 cupiebant);
2976 2176 3053 2231 illi
3093 2177 3280 2246 itaque
3313 2174 3469 2230 dixe-

1895 2276 2024 2322 runt
2065 2287 2078 2323 :
2113 2268 2439 2339 Imperator,
2471 2270 2616 2324 haud
2648 2286 2856 2340 aequam
2884 2279 2960 2324 est
2998 2270 3135 2323 hanc
3163 2271 3343 2322 urbem
3371 2286 3470 2337 ρας

1895 2362 2014 2415 tria:
2048 2378 2141 2416 nos
2160 2363 2432 2432 praferre,
2469 2374 2519 2417 et
2549 2363 2826 2434 sanguinis
2858 2364 3023 2417 nostri
3055 2379 3149 2430 pro
3181 2364 3339 2431 hujus
3377 2379 3470 2414 ur-

1895 2454 1975 2509 bis
1997 2456 2358 2520 intra-“ratariae
2385 2457 2548 2511 tutela
2580 2473 2674 2510 nos
2713 2473 2825 2511 esse
2851 2458 3101 2526 prodigos
3137 2474 3150 2510 :
3189 2455 3470 2527 indigenas

1895 2565 2036 2612 vero,
2072 2552 2262 2620 quique
2301 2553 2481 2622 gratia
2511 2560 2560 2604 et
2615 2553 2943 2606 auctoritate
2971 2553 3029 2605 in
3063 2567 3128 2605 ea
3162 2551 3363 2616 valent,
3391 2551 3473 2603 di-

1897 2642 2016 2694 vina
2048 2646 2301 2710 mysteria
2323 2645 2706 2716 imperiumque
2735 2653 2882 2699 tuum
2913 2646 3135 2714 prodere
3168 2645 3312 2698 vel'e.
3340 2643 3472 2697 lube

1897 2733 2063 2802 igitur
2089 2733 2406 2805 Theologum
2433 2737 2582 2791 nobis
2612 2739 2776 2805 trudi,
2809 2738 3044 2793 exantini
3073 2749 3333 2791 accurato
3367 2752 3472 2790 rem

1900 2833 2068 2878 totam
2122 2827 2488 2897 subjiciemus.
2542 2829 2848 2894 Respondit
2902 2833 3202 2900 imperator
3261 2829 3474 2884 Manno]

1899 2917 2079 2972 vereri
2111 2933 2192 2980 se.
2229 2926 2288 2973 ut
2321 2919 2526 2974 invidia
2559 2936 2856 2990 Oppressus
2880 2923 2984 2978 iste
3013 2903 3068 2978 ni
3102 2923 3227 2977 vita:
3256 2925 3474 2992 pericu-

1903 3005 2011 3058 lum
2046 3005 2376 3070 adducatur,
2415 3008 2610 3080 hisque
2639 3012 2769 3065 talia
2800 3015 2966 3068 verba
3002 3013 3207 3084 adjecit
3243 3032 3255 3066 :
3290 3015 3352 3068 Si
3399 3029 3468 3067 re-

1901 3113 2025 3151 rera
2057 3100 2411 3168 cognovissent
2440 3103 2654 3157 sceleris
2685 3104 2918 3173 cujusvis
2954 3123 3124 3168 reum,
3156 3108 3331 3161 subito
3364 3119 3475 3160 tur-

1901 3189 2126 3257 pissima
2149 3198 2316 3245 mat‘te
2348 3209 2466 3246 eum
2505 3195 2841 3251 multassem.
2872 3198 2944 3252 De
2979 3198 3072 3255 il.'o
3100 3202 3278 3270 itaque
3306 3202 3476 3254 vincto

1904 3281 2223 3346 cognoscite,
2255 3291 2304 3334 et
2335 3285 2681 3351 qumtionem
2737 3287 2940 3343 habete.
2977 3285 3248 3359 Siquidem
3297 3294 3478 3348 insons

1901 3370 2082 3439 fuerit,
2121 3371 2398 3428 absolvite.
2443 3373 2503 3429 Si
2534 3393 2654 3430 rcus
2686 3380 2979 3450 peragitur,
3012 3399 3192 3449 paruas
3227 3385 3364 3441 luat.
3407 3387 3480 3441 De

1903 3462 2182 3535 Theologo
2208 3466 2397 3536 igitur,
2424 3469 2518 3537 qui
2553 3469 2606 3522 in
2641 3471 3032 3540 vinculiserat,
3059 3474 3353 3546 diligenter
3382 3496 3479 3536 an-

1902 3557 2140 3626 quiritur
2181 3562 2469 3615 tormentis
2518 3561 2778 3617 adhibitis
2813 3581 2829 3618 :
2886 3575 2938 3619 et
2978 3567 3180 3622 indicia
3226 3573 3478 3640 quaedam

1901 3660 2090 3705 exacte
2125 3651 2534 3720 inquirentibus
2588 3663 2905 3722 patuerunt,
2964 3658 3204 3714 inventis
3247 3662 3303 3718 in
3355 3664 3478 3734 ejus

1903 3741 2068 3797 domo
2114 3745 2263 3800 vasis
2329 3746 2532 3811 aureis,
2571 3748 2961 3816 argenteisque
3021 3755 3476 3822 quamplurimis.

1905 3835 2144 3890 vestibus
2159 3836 2322 3890 etiam
2345 3851 2479 3890 auro
2505 3837 2754 3899 intextis,
2775 3839 3000 3908 scriptis
3031 3842 3255 3912 insuper
3283 3847 3334 3899 in
3371 3848 3477 3901 im-

1904 3938 2210 3995 peratorem
2274 3926 2418 3980 haud
2479 3926 2642 3981 dubie
2692 3931 3041 3998 compositis.
3094 3933 3189 3987 Illa
3223 3938 3480 4005 equidem

1907 4030 2032 4071 vasa
2089 4017 2158 4071 ab
2222 4017 2549 4086 imperatore
2582 4019 2686 4088 ipsi
2725 4020 2926 4076 tradita
2961 4033 3143 4090 erant,
3179 4037 3238 4082 ut
3280 4027 3480 4085 Turcis
3578 4021 3582 4024 ’

1905 4121 2093 4178 postea
2131 4113 2382 4176 donaret,
2430 4127 2552 4182 quae.
2580 4112 2725 4167 furto
2762 4115 3002 4172 admisso
3032 4119 3172 4186 apud
3203 4137 3261 4176 se
3292 4127 3448 4178 occul
3477 4162 3485 4163 η

1906 4204 2078 4257 tabat.
2103 4203 2254 4257 Tune
2285 4204 2574 4262 Cretentes
2605 4208 2669 4261 ad
2691 4219 2904 4278 portam
2954 4213 3140 4282 palatii
3183 4216 3483 4287 imperato-

1907 4297 1984 4350 ris
2017 4297 2098 4349 via
2139 4305 2338 4362 tracto,
2396 4302 2588 4356 oculos
2647 4301 2869 4356 immani
2926 4314 2980 4359 et
3033 4307 3102 4362 ab
3139 4309 3482 4369 humanitate

1907 4402 2136 4457 prorsus
2170 4390 2345 4443 aliena
2375 4393 2608 4457 saevitia,
2640 4394 2929 4452 eﬂbdiunt.
2965 4396 3114 4463 Quos
3146 4403 3225 4456 sic
3254 4407 3478 4459 exscul-

1907 4489 2157 4548 pserunt,
2205 4491 2260 4532 ut
2309 4496 2378 4533 ne
2422 4484 2648 4552 vestigia
2707 4485 2928 4554 quidem
2963 4490 3352 4559 palpebrarum
3393 4498 3480 4551 Vri

1913 4570 2072 4641 104
2128 4573 2270 4627 cutis
2324 4585 2676 4642 apparerent.
2714 4578 3007 4648 Conjcclus
3035 4582 3232 4640 deinde
3264 4587 3315 4642 in
3353 4605 3484 4642 car-

1835 4673 2088 4728 Dcerem
2152 4673 2274 4733 post
2329 4665 2570 4718 triduum
2631 4669 2903 4726 moritur:
2961 4673 3194 4744 ejusque
3260 4678 3480 4746 domus,

1911 4756 2096 4808 multis
2129 4757 2402 4811 thesauris
2430 4759 2520 4828 qui
2554 4759 2607 4812 iu
2637 4774 2700 4813 ea
2750 4774 2902 4816 erant
2939 4765 3189 4835 direptis,
3224 4769 3482 4828 inccndio

1908 4846 2139 4902 deletur.

1979 4939 2258 4994 Intellecta
2281 4941 2545 5014 Theologi
2569 4945 2735 5010 caede,
2764 4949 2993 5018 ejusque
3015 4968 3204 5019 causa,
3242 4956 3482 5016 Morates

1909 5032 1986 5088 ira
2014 5049 2079 5089 ac
2118 5035 2307 5090 dolore
2338 5052 2606 5094 accensus
2645 5050 2760 5107 est;
2790 5045 2879 5096 cui
2921 5058 3225 5116 suggerunt
3255 5052 3478 5119 quidam

1909 5125 2074 5179 alium
2108 5142 2214 5180 non
2246 5143 2369 5184 esse
2408 5130 2568 5197 hujus
2615 5133 2781 5188 caedis
2840 5148 3119 5190 auctorem
3153 5121 3349 5210 praeter
3378 5144 3483 5200 Mi-

1909 5218 2153 5272 chaelent
2187 5219 2400 5288 Pyllim.
2451 5220 2548 5276 llic
2598 5224 2780 5294 Pylles
2818 5227 3087 5296 Ephesius
3129 5243 3248 5288 erat
3283 5251 3486 5305 genere

1910 5308 2186 5374 Routarus,
2227 5314 2331 5365 ritu
2365 5312 2740 5382 Christianus,
2782 5333 2848 5372 ex
2885 5319 3037 5376 illius
3088 5326 3240 5378 urbis
3277 5325 3483 5382 familia

1909 5403 2384 5459 nobilioriundus.
2428 5406 2704 5464 Romaica:
2733 5421 2787 5466 et
2819 5415 3066 5470 Arabica:
3105 5417 3304 5487 linguae
3341 5421 3484 5488 peri-

1913 5503 2000 5549 tus
2030 5497 2297 5564 scriptum
2333 5497 2385 5551 in
2423 5500 2665 5568 prazfccti
2705 5504 2910 5572 palatio
2941 5505 3196 5562 faciebat.
3239 5509 3480 5568 Moribus

1911 5601 2074 5655 porro
2107 5590 2384 5658 corruptis
2421 5607 2484 5646 ac
2518 5594 2807 5664 improbis,
2839 5597 3053 5651 luxuria
3109 5615 3171 5653 ac
3209 5602 3482 5673 intempe-

1911 5681 2092 5734 rantia
2124 5680 2427 5748 dimuebat,
2482 5688 2820 5755 onminoque
2865 5690 3130 5758 profanus
3168 5703 3302 5747 erat.
3343 5695 3482 5752 Eunt

1912 5771 1967 5826 in
1997 5775 2214 5843 tyranni
2245 5775 2367 5828 aula
2393 5784 2521 5829 tunc
2549 5789 2854 5833 versantem
2887 5781 3188 5849 adducunt,
3208 5799 3476 5857 arguunt-

1910 5879 2016 5932 que
2056 5865 2374 5934 imperatori
2421 5868 2678 5932 Mattucli,
2730 5879 2790 5924 ut
2832 5871 3008 5929 Corax
3045 5877 3357 5948 Theologus
3389 5899 3485 5937 ur—

1912 5956 2033 6011 bcm
2065 5952 2551 6028 proditurus'erat,
2601 5962 2830 6032 epistola
2865 5966 3190 6035 patefecisse
3213 5987 3226 6038 ;
3251 5973 3485 6042 ejusque
