3854 6670
349 419 456 480 679

1869 430 2087 495 [ΑΜΕ

2617 377 2668 386 ν...

3498 455 3589 518 9ϊῦ

345 539 613 604 Ciueites,
651 541 737 595 his
770 542 1144 612 nequidquam
1187 548 1446 612 territus,
1490 551 1738 606 exercitu
1761 554 1901 608 etian

2032 554 2216 623 ράπαν
2251 555 2328 626 μὴ
2361 555 2596 623 δειλιῶν,
2631 557 2772 627 ἔχων
2809 557 3041 628 στρατὸν
3075 559 3283 627 ίκανδν,
3322 563 3420 616 καὶ
3447 565 3590 630 αὐτὸς

345 645 539 698 n~agno
571 631 906 698 conscripto,
958 651 1135 704 usque
1187 639 1252 690 ad
1297 638 1569 710 Thyatira:
1620 658 1809 711 agrum
1860 647 1916 699 in

340 735 633 774 occursum
682 721 874 779 Halilis
903 727 1278 795 progreditur.
1317 729 1554 801 Uterque
1593 744 1776 788 castra
1807 751 1922 792 me-

343 819 491 864 tatus
521 821 624 876 est,
654 813 725 866 ita
762 823 819 867 ut
844 831 902 869 se
932 817 1164 872 invicem
1218 822 1623 892 conspicerent,
1664 840 1764 880 nec
1795 827 1920 896 plus

343 906 539 961 stadiis
599 908 846 977 quinque
910 911 1058 966 inter
1086 928 1144 967 se
1197 915 1490 972 distarent.
1560 919 1665 974 Ubi
1715 921 1911 985 illuxit,

345 996 415 1049 ab
459 1007 697 1064 utraque
729 1011 886 1069 parte
937 1005 1231 1060 classicum
1270 1011 1510 1076 canitur,
1547 1013 1664 1066 acie
1714 1013 1914 1069 deinde

345 1091 643 1153 instructa,
678 1096 1095 1166 agminibusque
1124 1101 1318 1156 ordine
1366 1105 1675 1172 dispositis,
1724 1108 1916 1174 junior

345 1185 583 1237 filiorum
619 1187 875 1251 Cineitis,
909 1193 1001 1258 qui
1035 1191 1245 1257 Curiis,
1277 1195 1327 1249 id
1367 1207 1450 1251 εει
1473 1196 1682 1265 Lupus,
1710 1215 1914 1266 cogno-

341 1278 676 1343 minabatur,
726 1281 1006 1338 scutiferis
1056 1285 1288 1354 aliisque
1346 1291 1566 1356 turmis,
1619 1307 1758 1361 quas
1813 1295 1916 1348 du-

339 1365 517 1432 cebat,
566 1369 806 1439 stipatus
854 1374 906 1426 in
954 1375 1142 1431 hostes
1178 1378 1478 1442 invehitur,
1517 1398 1614 1451 per
1645 1384 1912 1440 mediam-

337 1473 444 1522 que
503 1474 695 1514 eorum
759 1465 932 1518 aciem
990 1467 1318 1532 perfractam
1373 1474 1517 1526 viam
1577 1475 1704 1539 sibi,
1765 1478 1914 1532 velut

336 1564 488 1616 aper,
533 1553 811 1620 patefecit.
849 1556 919 1610 At
958 1558 1204 1626 legiones
1240 1570 1294 1616 et
1328 1567 1544 1632 agmina
1599 1567 1793 1622 Ilalilis
1823 1584 1914 1623 cc-

335 1641 515 1697 dendo
566 1647 790 1703 ordines
824 1664 853 1702 a
894 1651 1089 1720 primis
1118 1653 1184 1707 ad
1239 1655 1463 1710 ultimos
1508 1659 1787 1726 aperiunt,
1834 1661 1908 1715 ita

335 1744 394 1786 nt
425 1735 570 1790 haud
607 1754 805 1808 magno
849 1742 1054 1797 damno
1124 1745 1280 1798 illato
1326 1750 1718 1816 penetraverit.
1771 1751 1907 1806 Tum

336 1824 477 1881 llalil
517 1831 774 1900 imperito
803 1835 909 1889 isto
944 1851 1008 1891 ac
1058 1838 1134 1891 rei
1192 1839 1448 1895 militaris
1482 1841 1672 1908 ignaro
1713 1843 1906 1913 deprc-

336 1920 533 1990 heuso,
594 1927 786 1996 copias
836 1943 968 1982 suas
1027 1929 1083 1984 in
1161 1932 1340 1986 locum
1424 1943 1636 1988 arctum
1723 1939 1910 1992 confe-

334 2014 461 2066 stim
521 2017 1097 2091 traduxit,jussitque
1167 2023 1289 2078 alba
1342 2027 1542 2094 capitis
1590 2039 1907 2098 tegumenta

333 2107 678 2163 abscondere
731 2111 1002 2178 singulos,
1045 2114 1256 2169 Curtim
1321 2118 1511 2172 eadem
1573 2120 1659 2173 via
1693 2135 1901 2186 recres.

333 2214 528 2252 surum
572 2203 849 2272 op’natus.
889 2206 1134 2262 Ciueites
1193 2208 1409 2263 interim
1464 2213 1698 2280 primam
1756 2210 1906 2265 llali-

331 2288 401 2343 lis
429 2291 600 2346 aciem
643 2293 849 2349 adoriri
896 2305 1122 2364 paratus
1174 2301 1374 2366 stabat,
1424 2301 1554 2355 dum
1604 2303 1768 2356 simul
1828 2318 1908 2359 re-

334 2398 524 2437 means
584 2384 771 2440 Curtis
836 2389 1085 2465 ultimam
1146 2392 1558 2462 aggrederetur.
1627 2394 1906 2451 Metuebat

330 2477 504 2538 enim,
544 2494 633 2541 ne,
670 2480 713 2533 si
744 2480 857 2550 ipse
890 2491 1039 2538 recta
1076 2482 1285 2538 Curtim
1323 2496 1652 2556 sequeretur
1713 2488 1769 2542 in
1806 2489 1905 2542 ho-

335 2579 451 2624 stes
487 2573 650 2626 etiam
683 2574 889 2637 illatus.
935 2585 1132 2632 caetera
1178 2579 1394 2648 agmina
1419 2581 1816 2647 dilaberentur,
1850 2594 1905 2639 et

331 2660 494 2716 llalili
538 2680 597 2718 se
626 2664 1340 2738 adiungerent:propterea
1403 2673 1645 2728 statione
1691 2690 1790 2728 sua
1843 2691 1905 2730 se

327 2771 437 2809 non
465 2758 714 2812 movebat
750 2758 957 2813 Curtim
981 2763 1376 2831 exspectando.
1417 2763 1514 2820 llic
1539 2776 1722 2821 autem
1749 2768 1901 2822 inso-

329 2845 506 2901 lenter
538 2849 866 2918 superbieus
898 2867 1022 2905 cum
1063 2854 1311 2921 equitatu
1343 2857 1668 2926 exterisque
1719 2861 1904 2915 militi-

333 2938 439 2994 bus
485 2938 634 2995 lento
686 2945 1559 3019 gressurevertebaturJamque
1593 2952 1901 3007 stadiorum

329 3029 517 3085 decem
554 3033 752 3089 itinere
797 3039 1005 3092 cursim
1039 3038 1317 3103 confecto,
1338 3041 1518 3098 obviis
1562 3044 1905 3113 quibuscun-

328 3140 434 3191 qm:
463 3127 644 3191 cmsis,
677 3139 844 3191 recta,
875 3145 982 3200 qua
1021 3144 1341 3200 perrexerat
1371 3135 1478 3199 via,
1541 3139 1724 3191 rediit.
1757 3138 1900 3192 Con—

2025 645 2304 715 ὲξὲρχεται
2334 648 2428 700 καὶ
2476 651 2835 719 προσυπαντᾷ
2876 648 2955 719 τῷ
3007 649 3176 704 Χαλὶλ
3206 652 3268 705 ἐν
3294 652 3376 722 τῷ
3405 654 3592 727 κάμπῳ

2024 737 2132 790 τῶν
2188 737 2523 808 Θυατείρων.
2587 740 2698 793 Καὶ
2753 739 3118 804 τεντώσαντες
3189 743 3289 797 ἀπ’
3356 744 3590 813 ἀλλήλων

2022 831 2252 897 ἀντικρὺ
2281 830 2576 902 ἀπέχοντες
2604 830 2680 894 ώς
2724 832 2916 886 στάδια
2948 832 3106 885 πέντε
3133 874 3148 896 ,
3181 835 3335 904 τιρωῖ
3372 835 3592 903 σαλπίγο

2024 936 2137 986 γων
2165 923 2488 992 ἠχησάντων
2519 923 2849 994 ἀμφοτέρων
2874 925 2984 978 τῶν
3016 926 3222 994 μερῶν,
3254 927 3356 980 καὶ
3387 928 3592 980 πάντων

2022 1009 2304 1078 ἐνορδίνως
2334 1011 2616 1077 ταξάντων
2644 1013 2742 1075 τὰς
2777 1014 3089 1082 φάλαγγας,
3121 1017 3150 1068 6
3179 1016 3451 1085 νεώτερος
3491 1017 3592 1072 τῶν

2021 1101 2156 1153 υίῶν
2190 1102 2380 1168 αὐτοῦ,
2416 1103 2475 1166 ὃς
2527 1105 2623 1158 καὶ
2674 1105 2931 1176 Κούρτης
2985 1093 3486 1176 ἐπωνομάζετοξός
3511 1110 3592 1163 λέ.

2019 1209 2177 1255 γεται
2222 1193 2406 1258 λύκος,
2441 1195 2638 1249 εἴσεισι
2686 1198 2782 1250 σὺν
2834 1201 2944 1260 τοῖς
2991 1199 3390 1269 ἀσπιδοφόροις
3437 1202 3592 1254 αὐτοῦ

1986 1284 2115 1336 ’καὶ
2164 1283 2241 1352 τῷ
2277 1284 2449 1353 λοιπῷ
2496 1285 2764 1355 τάγματι,
2799 1289 2892 1340 καὶ
2924 1289 2982 1341 ἑν
3012 1289 3164 1358 μέσῳ
3197 1289 3300 1356 τῆς
3358 1293 3595 1360 παρατά-

2019 1374 2178 1440 Εεως,
2211 1374 2398 1446 ῶσπερ
2433 1370 2495 1439 ὗς
2538 1379 2733 1446 ἄγριος
2777 1379 2952 1449 διέϐη.
2997 1380 3079 1434 Τά
3109 1380 3168 1432 δέ
3192 1383 3474 1449 τάγματα,
3502 1384 3592 1433 καὶ

2017 1468 2066 1519 οἱ
2111 1467 2378 1535 λεγεῶνες
2420 1470 2514 1522 τοῦ
2564 1470 2734 1522 Χαλὶλ
2764 1473 3270 1542 παραχωρήσαντες
3305 1472 3401 1524 καὶ
3439 1471 3588 1524 τόπον

2017 1555 2198 1618 δόντες
2240 1559 2423 1629 διέϐη,
2458 1560 2624 1628 μέσον
2655 1561 2846 1632 ὀλίγην
2895 1561 3102 1632 ζημίαν
3156 1565 3415 1633 ποιήσας.
3455 1563 3589 1616 ’0δέ

2017 1650 2209 1715 Χαλὶλ,
2243 1650 2366 1705 ίδὼν
2416 1653 2478 1704 τὸ
2529 1653 2752 1722 ἄτεχνον
2799 1653 2987 1720 αὐτοῦ,
3052 1655 3144 1707 καὶ
3198 1655 3588 1724 ἀστράτευτον,

2019 1744 2318 1812 μετέστησε
2368 1744 2440 1796 τὰ
2495 1746 2885 1815 στρατεύματα
2935 1748 2993 1799 ἐν
3042 1747 3212 1816 ὀλίγῳ
3248 1747 3400 1814 τόπῳ
3431 1745 3507 1809 ώς
3535 1749 3588 1798 ἐν

2018 1833 2253 1904 παρόδῳ,
2278 1836 2372 1888 καὶ
2426 1835 2682 1889 ἐκέλευσε
2731 1837 2834 1900 τάς
2879 1837 3078 1900 λευκάς
3109 1838 3434 1908 καλύπτρας
3464 1838 3588 1891 ὑπο-

2013 1924 2277 1994 κρύπτειν
2326 1926 2419 1980 τὸν
2469 1928 3012 2000 καθένα,ῠῠπολαϐὼν
3057 1930 3205 1982 ὅτιὸ
3233 1928 3488 2000 Κούρτης
3535 1930 3588 1982 ἐν

2014 2017 2327 2088 ὑποστροφῇ
2362 2019 2524 2071 πάλιν
2572 2021 2672 2090 τὴν
2721 2021 2896 2092 αὐτὴν
2940 2022 3059 2075 ὁδὸν
3087 2022 3433 2091 διαϐήσεται.
3464 2021 3586 2086 Tt:-

2011 2111 2211 2180 νεήτης
2273 2112 2374 2179 μὲν
2404 2113 2592 2165 ἵστατο
2647 2114 3188 2184 παρητοιμασμένος,
3246 2115 3323 2176 ὡς
3387 2115 3514 2167 ὅταν
3559 2113 3587 2164 6

2009 2201 2261 2274 Κούρτης
2308 2205 2696 2276 ἐπαναστρέψῃ
2740 2207 2819 2268 εἰς
2865 2205 2962 2276 τὴν
3014 2208 3302 2275 οὐραγίαν,
3340 2207 3464 2260 τότε
3499 2209 3587 2260 καὶ

2012 2294 2173 2356 αὐτὸς
2201 2294 2393 2366 ἐξέλθῃ
2429 2299 2784 2365 συναντήσων
2826 2298 2906 2368 τῷ
2931 2298 3122 2352 Χαλίλ.
3164 2298 3451 2366 Ἐφοϐεἰτο
3482 2299 3585 2366 γὰρ

2013 2387 2089 2454 μή
2127 2404 2242 2449 πως
2300 2387 2525 2441 ὄπισθεν
2569 2389 2661 2441 καὶ
2702 2389 2865 2452 αὐτὸς
2900 2389 3071 2443 ἐλθὼν
3099 2389 3196 2442 τοῦ
3228 2390 3474 2459 Κούρτη,
3510 2391 3584 2454 είς

2007 2477 2098 2530 τὸν
2123 2477 2307 2531 λοιπ-ιν
2329 2479 2559 2548 στρατὸν
2597 2481 2826 2551 γένηταί
2864 2499 2950 2545 τις
2978 2483 3254 2553 διάρροια,
3287 2484 3385 2535 καὶ
3415 2483 3583 2552 ῥίψω-

2010 2588 2096 2622 σιν
2152 2572 2233 2633 εἰς
2283 2571 2372 2624 τὸν
2405 2572 2600 2624 Χαλίλ.
2643 2574 2750 2626 Καὶ
2801 2573 2891 2627 διὰ
2933 2573 3094 2628 τοῦτο
3130 2574 3192 2627 ού
3245 2578 3579 2644 μετεκινεῖτο

2009 2664 2324 2734 προσδοκῶν
2376 2666 2466 2718 τὸν
2518 2666 2793 2736 Κούρτην.
2855 2669 2914 2722 '0
2973 2668 3031 2722 δέ
3082 2667 3338 2737 Κούρτης
3389 2669 3577 2731 ἀλαζο-

2007 2759 2435 2827 νευόμενος,καὶ
2489 2759 2791 2830 ἀγερωχῶν
2842 2761 2939 2813 σὺν
2992 2759 3070 2829 τῷ
3125 2760 3281 2830 ἵππῳ
3321 2761 3417 2812 καὶ
3469 2763 3574 2823 τοῖς

2007 2849 2218 2919 ἑτέροις
2260 2849 2560 2920 όμαίχμοσι
2597 2851 2963 2920 στρατιώταις
3004 2852 3272 2920 ἐϐράδυνε
3306 2852 3573 2920 στρέφων.

2009 2943 2115 2994 Καὶ
2164 2942 2227 3012 δὴ
2272 2943 2433 3012 μέχρι
2490 2941 2721 2995 σταδίων
2753 2941 2888 2996 δέκα
2927 2942 3125 3012 δρόμον
3173 2943 3448 3012 περάσας,
3489 2941 3575 2996 καὶ

2005 3035 2132 3098 τοὺς
2180 3034 2556 3098 συναντῶντας
2606 3033 2989 3102 κατασφάξας,
3017 3033 3266 3103 ἐστράφη
3303 3034 3440 3102 πρὸς
3481 3035 3573 3100 τὴν

2007 3125 2246 3192 εὐθεῖαν,
2286 3127 2353 3198 ἢν
2388 3128 2539 3197 διέϐη
2575 3129 2803 3192 ἐκεῖνος,
2838 3127 2976 3181 ὀδόν.
3011 3127 3121 3180 Καὶ
3159 3123 3286 3178 ἰδὼν
3309 3127 3372 3178 ἐν
3399 3127 3573 3195 ἐμφα-

331 3225 629 3284 spectaqne
667 3218 726 3272 in.
756 3219 905 3274 edito
930 3223 1049 3277 loco
1085 3240 1282 3292 magna
1315 3226 1552 3281 militum
1589 3245 1777 3294 manu,
1807 3246 1901 3284 au-

2010 3223 2092 3273 νεῖ
2122 3220 2272 3292 τόπῳ
2325 3219 2667 3291 στρατιώτας
2716 3219 2968 3285 πολλοὺς,
3020 3225 3114 3272 καὶ
3145 3219 3398 3289 ὀργάνων
3426 3213 3572 3306 ἦχον,

328 3305 450 3360 dito
485 3307 740 3362 tubarum
797 3325 983 3376 cantu,
1037 3313 1324 3384 signisque
1359 3317 1630 3373 similibus
1667 3321 1750 3375 his
1782 3337 1904 3390 quae

327 3400 383 3454 in
418 3400 590 3469 patris
631 3402 716 3455 sui
751 3404 999 3458 exercitu
1036 3415 1216 3471 erant,
1269 3408 1423 3471 visis,
1475 3420 1683 3478 patrem
1738 3429 1900 3468 suum

326 3512 356 3546 ιι
395 3503 546 3562 tergo
600 3496 854 3552 hostibus
887 3498 1178 3565 institisse,
1233 3508 1289 3555 et
1336 3503 1390 3556 in
1444 3502 1624 3573 fugam
1682 3505 1902 3561 llalilim

327 3589 567 3645 vertisse
615 3600 792 3644 retur.
850 3591 920 3668 At
971 3607 1095 3646 cum
1147 3595 1376 3663 propius
1436 3599 1763 3654 accessisset
1811 3602 1905 3656 ho-

326 3695 558 3752 alesque
583 3698 680 3738 eos
699 3698 818 3737 esse
848 3687 1220 3754 cognovisset,
1247 3687 1389 3744 ﬂexo
1417 3706 1562 3758 equo
1595 3702 1743 3762 terga
1777 3694 1899 3760 dat,

325 3782 381 3827 et
436 3781 494 3826 ut
546 3772 703 3843 lepus
746 3772 959 3844 fugiens
1009 3779 1351 3832 retrocessit.
1391 3778 1547 3848 107
1575 3778 1895 3849 Fugientem

329 3864 562 3920 insecuti
613 3876 742 3920 sunt
800 3866 998 3921 velites
1050 3868 1284 3923 canibus
1335 3870 1646 3926 volantibus
1704 3871 1898 3926 celeri-

325 3967 440 4011 tate
478 3973 660 4025 pares,
712 3957 980 4026 brevique
1032 3974 1201 4014 cursu
1260 3959 1473 4029 Lupum
1527 3963 1894 4030 comprehen-

325 4063 446 4099 sum
489 4047 650 4100 llalili
693 4047 993 4103 adducunt.
1042 4050 1198 4104 illius
1232 4067 1398 4105 mora:
1445 4052 1740 4121 impatiens
1777 4063 1897 4109 erat

324 4137 592 4202 Ciueites,
645 4139 789 4208 quod
846 4141 1059 4194 otiosus
1109 4141 1331 4195 interim
1369 4145 1584 4198 ‘starct.
1641 4145 1768 4210 Qui,
1803 4147 1897 4202 ubi

326 4232 592 4285 intellexit
628 4232 799 4286 lilium
837 4247 998 4286 suum
1031 4239 1085 4286 in
1126 4233 1370 4288 hostium
1418 4252 1615 4291 manus
1643 4239 1899 4294 devenis-

327 4341 552 4388 se,cum
591 4325 814 4395 reliquis
838 4328 1010 4397 copiis
1034 4335 1267 4391 montes,
1293 4327 1386 4396 qui
1415 4326 1703 4399 Smyrnam
1765 4347 1895 4400 spe.

324 4420 498 4488 ct'ant,
532 4423 728 4485 repetit
763 4440 776 4476 :
809 4436 1013 4491 perque
1042 4422 1162 4476 vias
1187 4422 1390 4476 arduas
1443 4433 1496 4476 et
1545 4423 1795 4479 difficiles
1827 4440 1895 4480 eo

323 4529 500 4584 usque
539 4513 763 4576 incedit,
803 4512 978 4567 donec
1013 4513 1064 4565 in
1099 4527 1279 4566 arcem
1313 4514 1611 4582 quamdam
1669 4516 1894 4570 nomine

2009 3313 2105 3365 ml
2143 3313 2384 3383 σημαίας
2417 3313 2607 3383 ὁμοίας
2635 3310 2732 3364 τοῦ
2767 3310 2972 3380 πατρὸς
2999 3309 3188 3375 αὑτοῦ,
3219 3306 3401 3374 ἔδοξεν
3437 3308 3516 3360 δτι
3545 3305 3573 3358 ὁ

2010 3405 2191 3476 πατὴρ
2255 3405 2418 3458 αὑτοῦ
2487 3404 2771 3472 ἐξόπισθεν
2831 3404 3182 3475 ὲτροπώσατο
3234 3402 3328 3454 τὸν
3387 3399 3571 3454 Χαλί).

2020 3498 2276 3567 Ἐγγίσας
2305 3497 2396 3551 οὖν
2426 3500 2518 3551 τὸν
2550 3499 2837 3559 τότιτονρια)⁸
2862 3496 3134 3566 γνωρίσας
3161 3496 3246 3547 ὅτι
3268 3495 3318 3546 οξ
3355 3494 3574 3546 ὑπενανο

2006 3590 2111 3643 τίοι
2157 3591 2318 3654 εἰσὶν,
2365 3589 2607 3660 στρέψας
2657 3589 2756 3652 τάς
2807 3589 2966 3661 ἡνίας
3021 3588 3116 3640 καὶ
3165 3585 3573 3655 ὁπισθυδρόμως

2005 3682 2265 3748 ἐλαύνων,
2297 3682 2494 3750 ἔφευγε
2537 3681 2638 3752 μὲν
2673 3681 2748 3740 ὡς
2787 3681 3022 3749 λαγωδς,
3051 3679 3309 3733 ἐδιώκετο
3340 3677 3397 3731 δὲ
3427 3677 3572 3745 παρὰ

2003 3775 2114 3828 τῶν
2161 3774 2539 3844 ταχυδρόμων,
2575 3773 2651 3836 ώς
2689 3772 2834 3825 εῐποι
2864 3789 2970 3837 τις,
3004 3770 3324 3842 άεροϐάτων
3375 3770 3568 3823 κυνῶν.

2018 3867 2076 3919 '0
2121 3867 2178 3920 δέ
2211 3866 2442 3936 Τζινεῆτ
2488 3867 2580 3919 ἐπὶ
2625 3867 2693 3936 τῇ
2727 3864 2965 3936 τοσαύτῃ
2993 3864 3166 3936 ἀργίᾳ
3199 3865 3568 3934 ἐδυσχέραινε.

2011 3962 2103 4024 Ὠς
2131 3963 2187 4014 ἐν
2210 3961 2375 4030 ὀλίγῳ
2401 3959 2493 4014 οὖν
2520 3959 2766 4031 ὴγρεύθη
2797 3960 2827 4012 ὁ
2845 3943 3060 4025 λύκος,
3089 3959 3184 4012 καὶ
3218 3958 3471 4027 παρέστη
3498 3955 3569 4022 τῷ

2003 4053 2196 4108 Χαλίλ.
2246 4054 2306 4107 ’0
2332 4052 2390 4106 δὲ
2423 4051 2676 4124 Τζινεὴτ,
2715 4051 2902 4122 μαθὼν
2931 4053 3032 4122 τὴν
3067 4049 3163 4104 τοῦ
3195 4050 3314 4103 ι)ίοῦ
3349 4049 3565 4112 ἅλωσιν,

2010 4148 2281 4216 στραφεὶς
2346 4145 2444 4199 σὺν
2504 4144 2582 4214 τῷ
2633 4135 2808 4198 λοιπῶ
2857 4143 3092 4215 στρατῷ,
3150 4143 3220 4196 τά
3279 4141 3419 4211 πρὸς
3477 4142 3567 4209 τὴν

2005 4239 2261 4308 Σμύρνην
2287 4239 2409 4309 δρη,
2444 4238 2538 4291 καὶ
2564 4237 2869 4299 δυσϐάτους
2910 4237 3110 4298 τόπους
3143 4235 3441 4298 διέϐαινεν,
3472 4235 3568 4296 ἕως

2003 4325 2064 4384 οὗ
2097 4330 2428 4398 κατηντήκει
2462 4329 2520 4379 ἐν
2542 4327 2802 4397 πολιχνίῳ
2832 4325 2941 4379 τινὶ
2985 4325 3200 4395 ’Υψηλὴ
3236 4323 3566 4392 ἐπονομαζό-

2004 4438 2167 4490 μενον
2235 4421 2369 4490 (51).
2435 4413 2562 4490 Εἶχε
2629 4419 2740 4490 γὰρ
2805 4417 2939 4471 αὐτὸ
2983 4416 3563 4487 προμεμελετημένον,

2001 4513 2094 4565 καὶ
2162 4511 2344 4573 καλῶς
2397 4509 2802 4580 ἡσφαλισμένον
2857 4509 2916 4559 ἐν
2984 4505 3214 4576 ἅρμασι,
3265 4508 3356 4558 καὶ
3433 4506 3568 4565 νέοις

323 4606 596 4676 llypselen
631 4604 998 4674 pervenisset.
1025 4603 1162 4659 lluic
1198 4616 1325 4659 ante
1357 4606 1890 4662 omnianeecssaria

2010 4603 2226 4676 quua‘z],
2272 4605 2366 4656 καὶ
2421 4601 2654 4671 παντοίᾳ
2694 4602 2892 4670 τροφῇ.
2926 4595 3035 4652 Ἦν
3084 4599 3142 4652 δέ
3191 4599 3254 4651 τὸ
3297 4598 3568 4668 πολίχνιον

323 4698 666 4769 providerat,
696 4698 956 4752 curribus
995 4707 1048 4752 ct
1085 4699 1322 4766 navigiis
1352 4699 1646 4761 munierat,
1695 4716 1895 4755 convc-

324 4795 428 4848 ctEs
465 4794 630 4848 etiam
685 4792 1025 4848 omnimodis
1082 4793 1327 4850 cibariis.
1378 4791 1554 4846 Situm
1610 4808 1776 4862 porro
1811 4805 1896 4848 est

323 4886 427 4939 hoc
478 4894 720 4940 castrum
772 4885 839 4939 ad
885 4885 1180 4954 quemdam
1220 4885 1386 4940 lonia:
1427 4884 1632 4949 sinum,
1703 4883 1892 4938 Samo-

321 4994 426 5044 que
459 4978 774 5046 oppositum
813 4978 867 5031 in
904 4977 1023 5048 ipso
1061 4978 1231 5031 maris
1257 4973 1465 5031 littere.
1505 4975 1645 5030 llalil
1680 4977 1890 5032 interea

323 5069 495 5124 lilium
523 5071 697 5138 ipsius
717 5069 928 5123 Curtim
963 5069 1172 5124 catenis
1198 5068 1394 5124 ferreis
1423 5068 1667 5123 vinctum
1698 5069 1892 5123 Adria-

321 5163 566 5232 llOpolim
620 5164 684 5215 ad
727 5163 968 5214 Amiram
1020 5160 1206 5223 mittit,
1254 5160 1422 5213 veluti
1465 5161 1741 5226 primitias
1767 5176 1888 5213 mox

321 5255 460 5310 falce
496 5251 839 5307 rescindendi
875 5249 1124 5306 Cincilis.
1166 5251 1409 5315 Curtim,
1443 5254 1892 5321 avunculumun

319 5346 440 5416 ejus
479 5346 737 5399 llamzam
777 5359 940 5410 supra
999 5354 1365 5399 memoratum
1400 5345 1614 5401 vinctos
1653 5347 1891 5414 Callipo-

321 5443 412 5497 lim
442 5440 657 5496 Amiras
688 5437 922 5491 lllorates
955 5435 1103 5491 misit
1136 5453 1150 5489 :
1206 5437 1390 5506 ibique
1426 5437 1656 5491 manicis
1697 5437 1892 5493 ferreis

323 5533 596 5606 impositis
629 5533 680 5585 in
722 5544 1002 5584 carcerem
1040 5528 1298 5584 detrusit.
1333 5529 1478 5582 llalil
1522 5529 1720 5584 deinde
1756 5532 1891 5583 Iler-

2002 4695 2159 4749 τοῦτο
2187 4697 2245 4748 ἐν
2279 4695 2358 4748 ἐνὶ
2391 4694 2579 4761 κόλπῳ
2602 4692 2703 4760 τῆς
2730 4691 3010 4760 θαλάσσης
3059 4689 3202 4744 κατὰ
3231 4690 3332 4759 τὴν
3361 4689 3568 4742 Ἰωνίαν

2003 4789 2264 4841 ἀπέναντι
2311 4788 2475 4854 νήσου
2521 4784 2727 4854 Σάμου,
2762 4783 2911 4836 ἔνδον
2961 4782 3074 4853 (ὕὲ)
3126 4783 3224 4851 τῆς
3271 4781 3563 4850 θαλάσσης.

2002 4881 2248 4948 Ηύλίσθη
2303 4878 2398 4932 οὖν
2449 4880 2586 4932 ἐκεῖ.
2638 4877 2696 4930 '0
2746 4877 2803 4930 δέ
2835 4874 3007 4929 Χαλὶλ
3066 4874 3276 4928 στέλλει
3330 4875 3427 4926 τὸν
3459 4874 3567 4926 υίδν

2001 4973 2169 5030 αὐτοῦ
2201 4972 2452 5038 Κούρτην
2508 4969 2849 5040 σιδηρόδετον
2897 4969 2956 5020 ἐν
2987 4965 3272 5037 Ἅδριανοῦ
3310 4966 3449 5035 πρὸς
3480 4966 3566 5017 τὸν

2013 5067 2281 5134 ’Λμηρᾶν,
2337 5063 2412 5125 ὡς
2445 5062 2702 5132 ἀπαρχὴν
2753 5059 2848 5113 τοῦ
2883 5059 3147 5129 θερισμοῦ
3194 5058 3427 5128 Τζινεὴτ
3472 5075 3563 5111 και

1999 5161 2120 5229 λήν.
2163 5159 2222 5210 '0
2256 5159 2312 5210 δὲ
2355 5158 2603 5226 Ἀμηρᾶς
2647 5155 2854 5224 Μωράτ
2883 5153 3097 5207 στέλλει
3123 5153 3316 5205 τοῦτον
3346 5153 3562 5221 δέσμιον

2003 5252 2141 5322 μετὰ
2193 5250 2288 5303 τοῦ
2340 5249 2487 5302 θείου
2541 5248 2708 5302 αὑτοῦ
2759 5249 2984 5317 Χαμζᾶ,
3016 5247 3075 5301 δν
3114 5249 3142 5298 ὁ
3169 5246 3324 5314 λόγος
3357 5246 3564 5314 φθάσας

1999 5345 2290 5412 ἐδήλωσεν,
2320 5343 2379 5394 ἐν
2408 5345 2474 5411 τῇ
2511 5341 2925 5404 Καλλιουπόλει,
2965 5342 3055 5393 καὶ
3107 5337 3562 5408 χειροδεσμήσανο

1998 5454 2112 5502 τες,
2141 5438 2235 5491 καὶ
2285 5436 2734 5505 σιδηροδήσαντες
2780 5433 2973 5486 ἐϐαλον
3005 5433 3197 5494 αὐτοὺς
3233 5433 3290 5483 ἐν
3326 5431 3404 5500 τῷ
3431 5431 3562 5497 πύρ-

1999 5547 2104 5599 γῳ.
2145 5529 2205 5583 '0
2233 5529 2289 5582 δὲ
2317 5529 2489 5582 Χαλὶλ
2518 5527 2706 5590 διαϐὰ,
2739 5527 2832 5580 τὸν
2873 5525 3120 5595 "Epp-ova
3159 5523 3433 5591 ποταμὸν,
3469 5522 3558 5574 καὶ

1496 5645 1785 5706 Ismaelis
1827 5646 2120 5708 Bullialdi
2171 5653 2355 5707 notae.

393 5771 505 5840 (5|)
549 5770 706 5841 ’Υψη
730 5768 792 5838 ιθ,
848 5769 1387 5841 ἐπονομαζόμενον.
1419 5767 1612 5823 Turcis
1645 5769 1883 5835 appella-

326 5840 690 5904 turAla-Sar,
739 5843 818 5896 vel
842 5842 1142 5901 Alachisar,
1173 5840 1223 5893 id
1256 5850 1360 5901 est,
1401 5844 1568 5892 altum
1615 5853 1877 5894 cas‘trum.

325 5911 571 5984 llypsiliu
592 5929 771 5982 quoqu
798 5933 804 5941 ·
834 5929 954 5966 eam
984 5919 1342 5984 vocant,uuae
1371 5921 1556 5966 nostro
1600 5911 1874 5966 maritima

1985 5779 2167 5894 essiﬂi
2201 5839 2393 5896 Gtossa
2425 5837 2668 5894 interliu.
2698 5839 2753 5891 ἐι
2785 5836 2952 5905 ἀκτῇ.
