3854 6624
94 481 98 489 ’
127 475 210 540 989

1217 477 1599 542 HISTORIA
1635 479 2092 545 BYZANTIN‘A.

3220 482 3331 546 9'98

129 590 275 652 πόλεις
304 586 562 650 πλείστας.
588 586 684 641 καὶ
726 589 1081 655 κατασκευὰς
1105 589 1332 658 πολλὰς,
1389 594 1631 664 ἐμήνυσε

1756 606 2096 666 :omparatus
2149 595 2417 651 rationem
2457 594 2618 650 unius
2664 594 2738 650 ad
2789 603 3018 651 centum-
3063 593 3324 651 habebat.

129 683 191 750 τῷ
214 682 396 752 Μωρὰτ
433 679 522 733 τοῦ
550 681 726 735 nam
757 683 848 735 ἴνα
882 682 1100 738 δὼσωσι
1134 683 1227 740 τὸν
1262 685 1522 754 πόλεμον.
1574 687 1638 740 Oi

126 775 172 828 δὲ
189 772 317 837 ἐντὸς
343 773 549 826 ἵσταντο
569 775 915 844 ἐκδεχόμενοι
965 775 1067 839 τὰς
1092 778 1343 849 τριήρεις
1385 777 1496 831 ἀπὸ
1539 777 1640 846 τῆς

127 865 352 926 Βινετίας.
376 864 480 918 Καὶ
504 866 530 918 6
555 865 764 932 Μωρὰτ
796 862 951 937 ἦλθε,
995 868 1094 922 καὶ
1136 871 1204 923 τὰ
1261 869 1356 922 τοῦ
1393 870 1639 938 πολέμου

125 955 272 1019 καλῶς
319 957 725 1020 κατεσκεύαστο,
782 962 876 1014 καὶ
929 961 987 1015 ai
1026 963 1279 1032 τριήρεις
1313 963 1414 1016 οὐκ
1472 959 1637 1034 ἦσαν.

126 1044 231 1098 Τότε
257 1047 282 1099 6
304 1047 498 1118 Μωρᾶτ
527 1049 764 1120 ἐκήρυξε
797 1052 885 1107 διὰ
918 1054 1019 1122 τῆς
1060 1054 1387 1121 σάλπιγγος,
1420 1054 1596 1121 λέγων
1621 1070 1636 1084 ο

135 1141 241 1195 Ἰδοὺ
267 1142 443 1211 δίδωμι
489 1146 666 1199 πάντα
721 1147 790 1200 τὰ
823 1149 882 1200 ὲν
908 1150 977 1217 τῇ
1033 1148 1189 1201 πόλει
1235 1148 1410 1219 ταύτῃ
1471 1149 1638 1218 ὑμᾶς,

125 1235 303 1304 ἄνδρας.
329 1239 603 1303 γυναῖκας,
635 1239 846 1304 παιδία,
880 1241 1144 1310 ἄργυρον,
1179 1242 1384 1312 χρυσόν
1415 1259 1430 1276 ο
1480 1241 1642 1310 μόνον

124 1324 200 1396 τὴν
219 1327 352 1381 πόλιν
380 1330 497 1398 ἐμοὶ
527 1330 715 1398 ἄφετε.
747 1334 881 1386 Τότε
902 1336 1231 1406 ὴχησάντων
1257 1336 1365 1390 τῶν
1387 1336 1641 1406 ὀργάνων

125 1417 312 1470 καὶτῶν
343 1419 622 1490 κλιμάκων
660 1423 930 1478 τεθέντων
964 1425 1040 1496 (τί
1083 1428 1190 1496 γὰρ
1250 1423 1397 1498 εἶχον
1431 1428 1640 1498 πρᾶξαι

126 1510 442 1576 πεντακόσιοι,
473 1512 504 1582 ἢ
527 1515 712 1584 χίλιοι,
743 1516 1051 1588 ἢδισχίλιοι
1088 1520 1286 1588 ἄνδρες
1314 1521 1375 1573 ἐν
1396 1521 1638 1593 τοσαύτῃ

124 1600 275 1663 πόλεις
302 1605 460 1663 Μόλις
497 1607 604 1674 γὰρ
645 1610 702 1659 ὲν
748 1609 880 1664 δέκα
903 1612 1266 1682 προμαχῶσιν
1297 1608 1377 1676 εἷς
1400 1614 1639 1684 τζαγρα-

125 1693 247 1756 ϐόλος
273 1695 478 1768 ίστατο).
517 1702 818 1767 ἐπιϐάντες
862 1705 958 1759 οὖν
987 1710 1107 1769 τοῖς
1157 1707 1418 1777 κλίμαξιν
1458 1709 1642 1762 αύΘω-

126 1787 196 1855 ρδν
224 1788 349 1853 ἐντὸς
401 1792 742 1863 εὑρέθησανο
783 1798 878 1850 καὶ
931 1797 1246 1862 ἀνοίξαντες
1281 1799 1412 1868 μίαν
1440 1798 1638 1870 πύλην,

127 1879 183 1943 ὥς
206 1883 386 1952 σμῆνος
424 1884 698 1954 μελισσῶν
730 1888 879 1951 ἄπας
909 1891 937 1942 6
971 1891 1206 1961 στρατὸς
1238 1891 1389 1954 ἐντὸς
1441 1891 1637 1962 εἰσῄει.

123 1966 284 2041 Καὶῆν
313 1973 432 2026 ἰδεῖν
462 1973 616 2039 ξένον
641 1978 828 2047 τέρας,
873 1979 1074 2048 ἄνδρας
1105 1981 1201 2035 καὶ
1220 1984 1513 2050 γυναῖκας,
1542 1983 1641 2038 σὺν

124 2062 235 2126 νέοις
251 2066 336 2118 καὶ
359 2068 645 2137 παρθένοις
666 2070 895 2142 ἀφήλιξι
923 2075 1019 2127 καὶ
1065 2071 1440 2145 βρεφυλλίοις.
1464 2077 1643 2144 ὁρμα-

123 2153 263 2218 θοῦςό
287 2158 463 2223 καθεὶς
483 2161 594 2214 τῶν
631 2163 847 2216 ἱππέων
875 2165 1018 2235 ἔχων
1050 2169 1108 2219 ὲν
1131 2167 1324 2236 χερσὶν
1355 2167 1640 2228 ἕλκοντας.

123 2245 253 2299 Αὐτοὶ
278 2247 328 2300 δὲ
362 2251 504 2304 Οὐαί
543 2253 706 2321 μόνον
767 2255 1050 2326 ἑλκόμενοι
1102 2257 1354 2327 ἔκραζον,
1398 2258 1494 2310 καὶ
1545 2257 1645 2310 οἰκ

120 2330 172 2405 ἦν
199 2340 222 2391 δ
247 2339 424 2404 ιλεῶν,
451 2343 574 2408 οὐδὲ
603 2343 816 2415 ὀρέγων
872 2350 1032 2416 χεῖρα
1069 2347 1345 2417 βοηθείας.
1391 2349 1646 2420 Ἀπαρχὴ

123 2430 259 2502 κακὴ.
307 2437 394 2488 καὶ
427 2436 684 2502 ἀπαίσιος
725 2440 836 2492 τῶν
893 2442 1196 2510 μελλόντων
1231 2443 1422 2496 κακῶν
1473 2446 1530 2496 ὲν
1577 2446 1644 2514 τῇ

124 2519 456 2599 βασιλευούσῃ.
523 2529 962 2600 Ἐγυμνὼθηςαν
1036 2529 1197 2598 οἴκοι,
1267 2533 1646 2604 ἠρημώθησαν

124 2613 232 2677 ναοὶ,
285 2617 588 2688 ικκλησιῶν
657 2622 1014 2694 εὖπρέπειαι,
1084 2626 1353 2695 κειμήλια
1414 2627 1538 2698 ἱερὰ
1589 2629 1648 2682 ὲν

124 2705 252 2770 Χερθὶ
287 2710 509 2778 μιαρῶν,
545 2711 810 2782 παρθένοι
863 2714 1063 2786 σεμναὶ
1107 2717 1164 2769 ὲν
1193 2716 1466 2784 ἀγκάλαις
1503 2717 1649 2770 ἀσώ-

123 2813 228 2850 τωνο
252 2804 491 2867 γυναῖκες
545 2807 789 2874 εὐγενεῖς
836 2808 895 2861 ἐν
941 2810 1130 2879 χερσὶν
1184 2810 1420 2877 ἀγενῶν,
1451 2811 1546 2864 καὶ
1580 2811 1650 2864 τὰ

125 2890 264 2945 πάντα
307 2898 464 2951 κακά.
525 2897 630 2961 Ti;
693 2902 789 2954 καὶ
827 2901 990 2968 πῶς;
1044 2903 1140 2956 καὶ
1192 2903 1369 2970 διατί;
1424 2905 1523 2956 Διὰ
1551 2903 1651 2967 τὰς

121 2981 350 3055 ἁμαρτίας
397 2989 575 3058 ἡμῶν.
604 2990 695 3045 Ἐν
729 2994 830 3064 μιᾷ
879 2989 977 3048 οὖν
1026 2995 1209 3066 ἡμέρᾳ
1259 2996 1560 3050 κενωθεῖσα
1615 2998 1651 3068 ἡ

120 3077 311 3148 τοσαύτη
344 3081 493 3144 πόλις
524 3083 742 3149 ἔμεινεν
767 3083 998 3155 ἔρημος.
1036 3085 1096 3138 Ὀ
1127 3087 1184 3139 δὲ
1215 3085 1441 3156 ἡγεμὼν
1462 3083 1652 3158 ἁθροίο

121 3182 198 3226 σας
222 3173 277 3222 ἐκ
308 3173 411 3226 τῶν
444 3175 614 3245 πέριξ
640 3177 857 3246 χωρίων
883 3179 980 3230 καὶ
1024 3178 1236 3232 πόλεων
1294 3180 1652 3248 ὲγκατοίκους

120 3259 356 3331 Τούρκους
383 3269 476 3322 σὺν
517 3271 741 3338 γυναιξὶ
785 3273 889 3326 καὶ·
919 3272 1135 3336 τέκνοις
1191 3272 1522 3343 κατέστησε,
1557 3291 1650 3326 κε-

118 3352 310 3419 λεύσας’
365 3361 429 3413 Εἴ
473 3379 562 3426 τις
611 3363 718 3417 τῶν
759 3363 1059 3434 Ῥωμαίων
1102 3365 1527 3434 ἑξαγορασθείη,
1557 3366 1653 3418 καὶ

119 3441 486 3521 ἐλευθερωθείη,
513 3455 692 3523 ἐχέτω
733 3455 922 3509 ἄδειαν
953 3456 1049 3510 τοῦ
1092 3457 1274 3510 ἐλθεῖν
1310 3458 1406 3510 καὶ
1431 3458 1654 3528 οἰκῆσαι

121 3538 250 3592 πάλιν
278 3543 330 3596 ἑν
371 3546 505 3614 αὐτῇ
563 3551 629 3618 τῇ
665 3548 844 3604 πόλει.
871 3551 950 3604 Τὰ
998 3550 1056 3603 δὲ
1105 3551 1214 3605 τῶν
1246 3552 1656 3621 ’μοναστηρίων

121 3635 448 3708 κρειττότερα,
481 3632 561 3694 ὧν
591 3641 649 3695 αἱ
698 3642 881 3711 φῆμαι
933 3643 1214 3713 πανταχοῦ
1263 3644 1652 3714 ἐκηρύττοντο.

119 3722 306 3797 ἐποίησε
332 3731 551 3801 βωμοὺς
583 3733 687 3803 τῆς
740 3734 924 3787 αὐτῶν
981 3735 1304 3807 θρησκείας,
1365 3737 1511 3807 πλὴν
1559 3735 1654 3789 τοῦ

119 3817 225 3871 ναοῦ
246 3821 334 3876 τοῦ
365 3826 614 3894 μεγάλου
645 3827 924 3897 μάρτυρος
953 3827 1294 3897 Δημητρίου.
1325 3829 1439 3882 Καὶ
1467 3829 1576 3897 γὰρ
1599 3831 1658 3882 ὲν

120 3911 241 3981 αὐτῷ
270 3915 546 3985 εἰσελθὼν,
583 3921 676 3971 καὶ
704 3919 876 3983 Θύσας
909 3920 1065 3989 κριὸν
1090 3920 1186 3973 ἕνα
1212 3921 1448 3984 οἰκείαις
1468 3921 1658 3991 χερσὶν

120 4007 444 4075 προσηύξατο,
485 4007 609 4064 εἶτα
636 4011 895 4065 ἐκέλευσε
928 4012 1020 4065 τοῦ
1069 4007 1208 4064 εἶναι
1239 4013 1299 4064 ἐν
1334 4012 1497 4082 χερσὶ
1550 4012 1659 4066 τῶν

120 4094 424 4162 Χριστιανῶν
476 4104 617 4173 (60).
656 4103 804 4174 Πλὴν
834 4107 931 4160 καὶ
965 4105 1057 4158 τὸν
1085 4103 1180 4158 τοῦ
1226 4105 1398 4173 τάφου
1433 4104 1656 4174 κόσμον,

120 4191 191 4242 καὶ
219 4193 304 4246 τοῦ
336 4197 484 4259 ναοῦ,
511 4199 611 4250 καὶ
641 4196 750 4252 τῶν
781 4197 996 4251 ἀδύτων
1039 4196 1256 4251 ἅπαντα
1313 4197 1364 4249 οἱ
1422 4196 1658 4267 Τοῧρκοι

119 4285 448 4355 {voce-iothe,
479 4295 702 4364 τοίχους
725 4275 914 4362 δμόνον
967 4293 1200 4361 ἀφέντες
1235 4291 1450 4356 κενούς.
1482 4293 1658 4346 Ἀπά-

119 4391 197 4444 ρας
214 4381 263 4434 δὲ
282 4384 340 4435 ἐκ
355 4387 450 4455 τῆς
473 4384 882 4456 Θεσσαλονίκης
904 4380 1072 4455 ἦλθεν
1100 4384 1159 4437 ὲν
1180 4383 1654 4455 ’Δδριανουητόλεμ

117 4463 226 4518 Μετ’
257 4469 432 4540 ὀλίγον
464 4474 522 4527 δὲ
576 4475 627 4526 οἱ
661 4473 944 4526 Βενετικοὶ
975 4474 1282 4536 στείλαντες
1330 4475 1662 4544 ἀποκρισια-

116 4558 238 4626 piso;
264 4565 522 4638 ἐποίησαν
554 4569 804 4640 εἰρήνην,
839 4568 1170 4639 φοϐούμενοι
1201 4569 1402 4640 μήπως
1423 4567 1658 4621 ὀλέσωσι

116 4656 191 4706 καὶ
211 4658 300 4727 τὴν
317 4658 572 4716 Εὔϐοιαν.

1741 690 2033 758 Apparatis
2056 691 2223 743 etiam
2258 690 2427 744 scalis
2466 688 2850 757 machinisque
2885 687 3101 744 bellicis
3123 704 3327 758 quam-

1741 781 2015 851 plurimis,
2054 781 2312 836 Moralem
2356 780 2543 835 venire
2573 780 2851 844 hortatur,
2903 788 2961 834 ιιι
3005 795 3328 850 expugnan-

1741 877 1864 930 dam
1896 873 2086 928 urbem
2116 874 2458 928 adoriantur.
2487 873 2766 928 Triremes
2808 873 3031 926 interitu
3085 871 3326 928 Venetiis

1743 968 2156 1039 exspectabant,
2187 967 2279 1033 qui
2313 969 2455 1021 intra
2495 966 2688 1021 urbem
2729 965 2944 1021 obsessi
2973 967 3324 1020 tenebantur.

1741 1057 1993 1113 Accessit
2025 1073 2158 1125 ergo
2189 1055 2452 1121 Morates,
2483 1063 2537 1109 et
2601 1061 2800 1109 cuncta
2854 1054 3023 1123 perite
3065 1062 3324 1123 apparata

1741 1149 1975 1214 invenit,
2007 1163 2107 1203 nec
2155 1147 2546 1218 comparebant
2586 1149 2862 1201 triremes.
2896 1145 3058 1202 Tunc
3091 1147 3328 1202 Morates

1742 1243 1999 1298 tubicinis
2029 1259 2164 1298 voce
2206 1244 2330 1296 talia
2391 1242 2659 1296 militibus
2693 1240 2905 1294 edixit:
2945 1239 3084 1296 Ecce
3120 1241 3327 1304 omnia,
3409 1311 3422 1320 κ

1744 1353 1867 1407 qua:
1908 1337 1962 1390 in
2000 1336 2100 1389 hac
2122 1338 2254 1390 urbe
2288 1344 2442 1396 sunt,
2481 1335 2640 1390 vobis
2667 1335 2934 1398 concedo,
2967 1334 3134 1399 viros,
3169 1335 3330 1388 femi-

1744 1445 1866 1491 nas,
1898 1444 2118 1499 pueros,
2155 1438 2444 1494 argentum
2502 1435 2556 1482 et
2610 1443 2805 1481 aurum
2837 1445 2851 1492 ;
2887 1427 3079 1481 urbem
3121 1427 3330 1480 solum-
3405 1427 3450 1446 τ

1745 1524 1909 1576 ιιιοιΙο
1935 1521 2066 1576 mihi
2106 1530 2314 1590 partam
2342 1521 2486 1576 volo.
2523 1520 2620 1574 llis
2670 1536 2768 1590 per
2805 1519 3104 1574 tubicinem
3153 1519 3330 1589 publi-

1746 1613 1912 1680 catis,
1953 1612 2211 1667 tubarum
2251 1614 2476 1682 clangor
2501 1613 2696 1672 cietur.
2738 1620 2792 1666 et
2819 1611 2980 1666 scalae
3028 1611 3202 1666 muris
3231 1611 3328 1665 ad-

1746 1712 2058 1758 moventur.
2096 1703 2284 1774 (Quid,
2322 1719 2532 1774 qumso,
2565 1705 2878 1773 quingenti,
2915 1701 3088 1766 mille,
3115 1702 3201 1757 vel
3245 1697 3364 1757 his‘

1748 1795 1899 1849 mille
1929 1795 2031 1850 viri
2071 1795 2125 1849 in
2169 1808 2279 1849 tam
2314 1811 2511 1865 magna
2545 1795 2682 1850 urbe
2716 1802 2975 1862 praestare
3029 1795 3333 1864 poterant?

1746 1901 1870 1941 cum
1899 1886 1986 1940 vix
2015 1901 2157 1940 unus
2198 1886 2517 1956 sagittarius
2553 1885 2608 1938 in
2633 1884 2822 1939 decent
2865 1885 3112 1940 turribus
3169 1886 3333 1938 ades-

1743 1977 1872 2046 set.)
1916 1978 2093 2033 Scalis
2125 1979 2310 2047 itaque
2364 1978 2418 2032 in
2453 1981 2640 2033 muros
2701 1978 3014 2041 subierunt,
3070 1989 3122 2031 et
3169 1977 3333 2042 simul

1747 2073 1802 2128 in
1834 2073 2026 2128 urbem
2050 2088 2109 2127 se
2153 2073 2550 2140 conjecerunt:
2583 2080 2636 2127 et
2696 2088 2790 2142 per
2828 2079 3109 2142 portarum
3165 2084 3333 2123 unam

1747 2166 1816 2220 ab
1849 2166 1930 2220 eis
1990 2166 2318 2234 patefactam
2379 2173 2526 2220 totus
2580 2166 2886 2242 exercitus,
2916 2165 3062 2220 velut
3105 2178 3332 2218 examen

1747 2273 1912 2329 apum
1944 2258 2193 2312 intravit.
2227 2258 2642 2314 Obversabatur
2665 2267 2798 2311 tunc
2819 2257 3001 2313 oculis
3044 2263 3337 2326 spectacu-

1747 2352 1858 2406 lum
1894 2351 2147 2421 prodigio
2175 2349 2372 2404 simile.
2415 2351 2676 2419 Equitum
2709 2348 2912 2418 singuli
2964 2357 3189 2403 catenas
3214 2360 3332 2402 ma-

1747 2446 2202 2510 nibustenentes,
2259 2444 2429 2510 viros,
2462 2443 2720 2508 feminas,
2777 2456 2979 2510 pueros
3012 2440 3334 2509 puellasque

1749 2523 2085 2607 impuberes,
2141 2547 2194 2590 et
2234 2535 2472 2591 infantes
2525 2535 2683 2604 112
2739 2545 2863 2606 post
2912 2549 2972 2588 se
3023 2534 3334 2588 trahelant.

1750 2629 1854 2695 Qui
1881 2629 2240 2684 trahebantur
2267 2628 2408 2682 hanc
2443 2629 2614 2684 solam
2668 2643 2884 2690 vocem,
2963 2626 3053 2680 Vw
3112 2627 3336 2680 emitte-

1750 2714 1902 2781 bant,
1931 2731 2032 2770 nec
2055 2724 2174 2770 erat
2205 2715 2298 2784 qui
2326 2731 2517 2771 eorum
2558 2717 2799 2772 miseriis
2831 2726 3172 2783 tangeretnr,
3214 2729 3335 2768 ma-

1752 2826 1953 2865 numve
2002 2811 2327 2881 adiutricem
2389 2814 2762 2882 protenderet.
2816 2809 3017 2864 Malum
3074 2824 3236 2864 omen
3282 2816 3336 2863 et

1753 2897 2605 2974 funcStunicalamitatumqna:
2645 2903 2765 2958 urbi
2814 2903 3088 2972 imperiali
3129 2902 3338 2972 impen-

1751 2995 1974 3051 debant.
2036 2995 2270 3065 Direpta:
2318 3005 2450 3051 sunt
2503 2995 2731 3059 domus,
2784 2995 3026 3050 desolata
3088 2994 3336 3063 templa;

1751 3089 2108 3144 ecclesiarqu
2140 3098 2460 3145 ornamenta
2491 3102 2542 3145 et
2566 3085 2724 3145 sact'a
2755 3105 2885 3144 vasa
2923 3088 3179 3142 manibus
3223 3092 3340 3156 pol-

1754 3183 2199 3253 lutisimpiornm
2263 3191 2604 3239 contrectata
2641 3189 2832 3237 sunt:
2873 3181 3114 3249 virgines
3175 3193 3340 3234 vene-

1675 3301 1722 3364 c
1755 3275 1944 3330 randae
1977 3275 2029 3330 in
2063 3275 2346 3344 amplexus
2387 3277 2790 3347 impudicorum
2834 3290 3072 3330 venere:
3116 3273 3342 3328 feminas

1759 3369 1968 3424 nobiles
1992 3369 2314 3438 ignobilium
2348 3370 2620 3440 mancipia
2646 3369 2801 3425 facta:
2826 3377 2989 3433 sunt;
3011 3367 3196 3423 omnia
3222 3374 3343 3420 tan-

1756 3463 1878 3518 dem
1902 3462 2043 3516 mala
2076 3478 2173 3520 eos
2205 3465 2532 3518 obruerunt.
2598 3463 2739 3530 Quid
2787 3462 2937 3517 hoc?
2976 3460 3254 3532 quomodo
3287 3468 3344 3515 et

1757 3566 1930 3622 quare
1966 3553 2214 3608 accidit?
2241 3553 2474 3624 Propter
2499 3562 2729 3626 peccata
2767 3563 2982 3608 nostra.
3020 3553 3191 3608 Unius
3243 3553 3346 3622 igi-

1759 3652 1849 3697 tur
1875 3643 1981 3698 diei
2009 3644 2188 3714 spatio
2217 3651 2366 3699 tanta
2402 3646 2535 3701 urbs
2589 3644 2856 3700 omnibus
2897 3644 3094 3720 incolis
3124 3643 3342 3708 orbata,

1759 3738 2002 3794 desolata
2050 3737 2272 3808 penitus
2311 3737 2487 3794 stetit.
2542 3737 2614 3792 At
2644 3736 2884 3793 Morates
2934 3736 3230 3804 imperator
3275 3750 3345 3790 ex

1758 3830 1896 3887 vicis
1917 3838 1972 3885 et
2018 3828 2240 3898 oppidis
2291 3829 2560 3898 proximis
2612 3841 2791 3884 novos
2851 3826 3080 3882 colonos
3129 3825 3346 3880 TIII'COS

1761 3939 1884 3978 cum
1916 3921 2182 3978 uxoribus
2211 3930 2267 3978 et
2307 3921 2498 3976 liberis
2535 3921 2591 3975 in
2625 3935 2746 3976 eam
2783 3919 3031 3975 deduxit.
3072 3919 3343 3974 Praeterea

1761 4014 1953 4077 edixit,
1989 4023 2066 4078 ut,
2097 4014 2144 4068 si
2198 4013 2326 4082 quis
2357 4012 2731 4077 Romanorum,
2789 4009 3188 4085 redemptionis
3249 4023 3346 4063 so-
3429 4027 3434 4036 ι

1762 4107 1876 4162 luto
1915 4106 2114 4176 pretio,
2141 4105 2196 4160 in
2225 4105 2541 4160 libertatem
2575 4103 2917 4174 postliminio
2943 4101 3234 4165 rediisset,’
3290 4098 3347 4154 in

1761 4213 1881 4252 eam
1927 4198 2115 4252 venire
2168 4206 2225 4252 et
2280 4212 2474 4252 secure
2513 4196 2766 4251 habitare
2802 4204 3009 4266 posset.
3063 4191 3350 4262 Praecipua

1763 4285 2124 4355 monasteria,
2175 4305 2413 4362 quorum
2468 4288 2614 4345 fama
2668 4288 2903 4345 celebris
2954 4288 3157 4357 ubique
3203 4293 3346 4349 erat,

1764 4397 1878 4438 suae
1902 4381 2154 4448 religioni
2186 4381 2411 4451 templa.
2449 4387 2648 4451 prater
2672 4379 2906 4450 insignis
2957 4377 3217 4450 martyris
3247 4375 3350 4432 Dc-

1765 4476 1945 4531 metrii
1972 4475 2137 4541 aedes,
2157 4473 2518 4530 consecravit.
2539 4473 2801 4540 Quamvis
2820 4472 2962 4528 enim
2987 4471 3039 4527 id
3060 4472 3345 4541 ingressus

1765 4566 2028 4635 templum
2066 4564 2182 4620 suis
2213 4565 2470 4620 manibus
2508 4565 2734 4619 arietem
2763 4563 3124 4622 immolasset.
3149 4562 3352 4617 Deum-

1696 4640 1740 4695 D
1771 4671 1876 4727 que
1896 4666 2152 4726 precatus
2169 4663 2338 4722 esset,
2355 4655 2688 4712 Christianis
2705 4663 2890 4708 tamen
2918 4653 3133 4709 restitui
3159 4663 3350 4723 postea

112 4745 264 4813 jussit.
321 4753 717 4810 Ornamentum
757 4769 886 4810 vero
963 4755 1208 4825 sepuch
1269 4763 1324 4808 et
1373 4753 1652 4809 memoriae
1690 4751 1971 4821 martyris,
2039 4748 2234 4819 templi
2297 4757 2352 4803 et
2407 4749 2700 4820 adytorum
2756 4748 3131 4818 quodcunque
3189 4753 3333 4805 erat.

116 4837 248 4897 Turci
277 4845 433 4902 furati
475 4856 630 4911 sunt,
688 4847 1197 4916 parietibuS'nudis
1267 4843 1620 4901 solummodo
1689 4846 1925 4901 relictis.
1971 4843 2366 4898 Thessalonica
2420 4842 2621 4897 deinde
2675 4841 2949 4896 abscessit
3001 4841 3238 4896 Morates
3286 4847 3343 4894 et

117 4931 488 5009 Adrianopolitn
513 4941 792 5009 repetivit.
841 4939 1055 4995 Paucos
1089 4948 1214 5010 post
1273 4940 1414 4996 dies?
1440 4937 1635 4994 Veneti
1675 4938 1891 5009 legatos
1921 4937 1989 4992 ad
2024 4953 2148 4992 eum
2178 4937 2432 5001 mittunt,
2462 4934 2556 5006 qui
2622 4949 2813 5004 pacem
2878 4941 3336 5003 composuerunt,

117 5041 234 5088 metu
263 5037 476 5092 adducti
504 5051 572 5091 ne
594 5035 798 5089 Euboea
830 5034 935 5089 sibi
970 5034 1195 5103 insuper
1226 5029 1562 5103 eriperetur.

179 5211 259 5267 Ἑν
276 5215 330 5269 δὲ
354 5221 472 5278 ταῖς
498 5218 735 5289 ἡμέραις
760 5217 999 5279 ἱκείναις
1019 5214 1232 5286 ἠγέρθη
1270 5231 1355 5277 τις
1385 5213 1498 5267 τῶν
1526 5211 1661 5265 υἱῶν

117 5299 194 5351 τοῦ
221 5302 434 5372 βαῖϐόδα
463 5309 702 5381 Βλαχίας
729 5307 986 5373 Μύλτζου
1009 5307 1144 5377 (61),
1165 5303 1278 5377 εἶχε
1296 5307 1403 5376 γὰρ
1429 5305 1662 5370 πολλοὺς

1832 5211 1934 5265 Per
1959 5210 2011 5264 id
2033 5225 2253 5279 quoque
2282 5216 2500 5277 tempus
2527 5206 2716 5278 Mylcae
2752 5205 3054 5261 Walaehiae
3105 5206 3354 5262 vaivodae

1764 5303 2053 5358 nothorum
2088 5303 2324 5358 filiorum
2355 5301 2569 5372 (quales
2599 5300 2802 5356 multos
2834 5299 3031 5356 Veneri
3056 5299 3353 5357 admodum

1294 5553 1583 5616 lsmaelis
1619 5549 1916 5615 Bullialdi
1947 5558 2140 5613 nolm.

165 5795 452 5874 ~(Wlfﬂin:
475 5801 767 5856 ἐκέλευσε
794 5797 948 5855 εἶναι
968 5801 1038 5854 ἐν
1067 5800 1252 5874 χερσῖ-
1268 5799 1676 5874 τῶνῌΧριο-τια-

121 5869 246 5944 τῶν.
278 5869 386 5927 Hoc
412 5874 838 5944 notavitAuctor
863 5883 1068 5937 noster,
1089 5872 1348 5944 quoniam
1366 5870 1670 5944 Turcorum

127 5941 354 5999 instituto
396 5943 679 6024 adversari
713 5942 1006 6028 videtur;
1069 5941 1190 6022 qui
1221 5941 1667 6025 Christianorum

1782 5803 2004 5871 templa.
2043 5801 2098 5873 in
2132 5801 2336 5870 quibus
2359 5813 2554 5870 preces
2617 5808 2747 5853 suas
2791 5792 3171 5873 recitaret-int,
3227 5791 3356 5862 lege

1781 5873 1931 5926 vetiti
1971 5872 2263 5925 restituere
2289 5885 2348 5925 se
2384 5884 2543 5938 posse
2595 5874 2815 5938 negant,

1853 5942 1963 6013 (Gl)
1993 5932 2688 6008 ΤοῡβατϐόδαἯλαχίαξ
2725 5933 3025 5999 Μύλτζου.
3060 5935 3133 5993 Ut
3189 5932 3353 5990 Duc:
