3854 6588
110 533 129 592 Ῑ
140 534 168 587 (Ἰ
178 534 246 595 53

1267 536 1634 597 ΗΙδΤΟΒῖΑ
1678 536 2117 599 ΒΥΖΑΝΤΙΝΑ.

3208 532 3340 595 ΠΜ

93 645 335 713 χαλάσας
366 644 432 697 τὰ
465 643 631 712 ἱστία,
668 647 871 718 πέτραν
900 648 1278 715 ἀκοντίσαντες
1324 653 1377 706 οι
1431 653 1526 705 τοῦ
1572 654 1668 706 κά·

1776 653 2042 707 traxisset
2081 672 2094 706 ε
2129 652 2182 705 in
2249 668 2442 705 navem
2504 653 2653 707 illam
2716 650 2935 717 globum
2973 650 3208 718 ingentis
3236 665 3344 703 nio-

102 751 261 801 στρου
292 736 665 807 ὑπερμεγέθη,
697 739 794 807 τὴν
839 739 973 794 ναῦν
1007 740 1281 811 διέρρηξε,
1321 745 1415 796 καὶ
1463 744 1664 797 εἰσδυο-

99 828 230 893 μένῃ
264 827 338 893 τῷ
373 827 520 895 βυθῷ
555 831 582 881 ὁ
616 829 887 899 ναύαρχος
919 833 1015 884 σὺν
1044 832 1249 892 λοιποῖς
1292 834 1581 900 τριάκοντα
1610 835 1665 886 ὲν

95 919 304 986 ἀκατίῳ
357 921 618 988 ἑμϐἀντες
681 923 903 988 ἐξῆλθον
963 926 1023 976 ὲν
1075 924 1153 993 τῷ
1207 925 1456 993 αἰγιαλῷ.
1505 926 1568 977 Oi
1609 926 1665 978 at

97 1013 327 1077 Τοῦρκοι
360 1016 613 1071 λαϐόντες
643 1019 855 1090 αὐτοὺς⁸
896 1023 990 1072 καὶ
1024 1021 1290 1092 δήσαντες
1333 1022 1431 1085 τὰς
1479 1025 1665 1091 χεῖρας

98 1104 342 1166 καὶτοὺς
382 1109 685 1177 τραχήλους
722 1114 781 1165 ὲν
832 1112 1040 1176 ἁλύσει,
1101 1116 1437 1181 περάσαντες
1490 1114 1564 1176 ὡς
1608 1116 1666 1165 ὲν

102 1201 196 1266 μιᾷ
232 1202 409 1269 σειρᾷ,
448 1203 668 1265 τούτους
690 1204 828 1271 πρὸς
844 1206 934 1257 τὸν
967 1206 1208 1273 ἡγεμόνα
1236 1205 1521 1275 ἀπήγαγον
1546 1206 1663 1258 τότε

97 1290 154 1339 ὲν
185 1293 549 1363 Διδυμοτείγῳ
582 1297 856 1364 διάγοντα.
907 1300 1223 1353 Ἑκέλευσεν
1263 1299 1355 1353 οὖν
1380 1300 1503 1361 τοὺς
1529 1299 1665 1351 πάν-

96 1396 192 1442 τας
215 1383 719 1454 ἀπκεφαλισθῆναι
756 1403 769 1418 ⁸
794 1388 886 1440 τὸν
910 1388 965 1442 δδ
996 1389 1265 1459 ναύαρχον
1307 1390 1362 1440 ἐν
1400 1389 1477 1457 τῷ
1513 1388 1667 1458 πάλῳ

100 1470 185 1524 διὰ
215 1473 311 1526 τοῦ
338 1475 644 1545 ἀφξδρῶνος
672 1480 771 1547 τὴν
792 1481 972 1550 ψυχὴν
1018 1481 1342 1551 ἀπορὤαι,
1400 1482 1495 1533 καὶ
1538 1482 1666 1533 ἀτά-

101 1577 233 1628 φους
268 1566 507 1630 ἀφεῖναι,
534 1559 628 1630 οὓς
646 1571 740 1623 καὶ
764 1567 903 1623 εἶδον
929 1570 1059 1638 ἐγὼ,
1097 1570 1215 1639 μεθ’
1244 1571 1454 1641 ἡμέρας
1480 1569 1669 1636 ὀλίγας

97 1654 211 1707 ἐκεῖ
241 1656 565 1727 διαγομένου
601 1679 723 1730 μου.
770 1663 974 1716 Ἐλθὼν
1023 1665 1080 1719 δι
1128 1665 1235 1719 ἀπὸ
1285 1664 1665 1732 Διδυμοτοίχου

97 1748 156 1798 ἐν
196 1748 636 1817 Ἀδριανουπόλει
658 1755 736 1824 τῷ
790 1757 1103 1826 Ἰανουαρίῳ
1162 1759 1311 1827 μηνὶ,
1362 1761 1456 1812 καὶ
1491 1758 1667 1809 πᾶσαν

99 1844 395 1896 σκευασίαν
426 1846 727 1917 πολεμικὴν
758 1848 1073 1917 ἑτοιμάσας.
1101 1849 1199 1917 τὴν
1248 1850 1477 1918 χωνείαν
1533 1848 1600 1916 ἢν
1640 1846 1668 1898 ὁ

34 1982 37 1983 ,
94 1932 349 2003 τεχνίτης
390 1935 597 2000 ἐκεῖνος
645 1940 1065 2004 κατεσκεύασεν,
1114 1939 1387 2009 ἦϐουλήθη
1441 1939 1667 2007 δοκιμά-

1767 746 1833 799 lis
1892 745 2169 815 lapideum
2234 744 2559 814 praesidiarii
2614 745 2958 798 emiserunt:
2993 742 3153 809 cujus
3227 742 3338 792 ictu

1765 847 2025 903 quassata
2090 852 2153 889 ac
2203 838 2377 889 fracta
2430 840 2479 888 in
2539 835 2869 904 profundum
2924 836 3172 887 demersa
3234 840 3340 885 est.

1766 926 2090 980 Navarchus
2132 936 2185 980 et
2231 931 2453 995 triginta
2519 928 2609 980 alii
2678 928 2857 981 ncalio
2922 941 3227 980 conscenso
3285 926 3338 977 iu

1767 1020 1917 1074 littus
1974 1021 2216 1073 evadunt
2261 1037 2273 1071 :
2313 1035 2453 1088 quos
2507 1021 2941 1086 comprehensos
2990 1017 3153 1072 anci
3217 1032 3330 1069 ma-

1767 1115 1929 1167 nibus
1961 1124 2011 1165 et
2045 1115 2188 1166 collo
2247 1113 2463 1167 catenis
2530 1113 2749 1180 injectis
2806 1112 3050 1165 vinciunt
3087 1119 3183 1175 ;et
3235 1122 3342 1161 una

1766 1217 1960 1261 catena
2012 1221 2207 1260 omnes
2267 1208 2482 1261 vinctos
2538 1206 2986 1277 Didymotichum
3034 1203 3098 1256 ad
3135 1202 3345 1272 princi-

1767 1312 1911 1365 pem,
1951 1298 2043 1365 qui
2084 1307 2196 1350 tum
2253 1298 2324 1351 ibi
2362 1299 2704 1363 morabatur,
2767 1297 3003 1351 ducunt.
3046 1293 3141 1346 llis
3170 1292 3345 1343 omni-

1765 1386 1870 1441 bus
1920 1396 2084 1454 caput
2115 1389 2411 1456 amputari,
2441 1389 2775 1443 navarchnm
2819 1387 3013 1440 adacto
3062 1396 3344 1452 perannm

1765 1478 1891 1547 palo
1930 1480 2139 1543 necari,
2208 1480 2601 1547 lnsepnltaqnc
2662 1494 2851 1533 eorum
2911 1479 3180 1532 cadavera
3210 1490 3344 1544 pro-

1763 1571 1856 1639 jici
1900 1571 2084 1639 jussit,
2135 1588 2258 1641 quae
2308 1589 2515 1641 paucos
2566 1581 2689 1641 post
2729 1571 2875 1635 dies,
2928 1571 3037 1624 illis
3090 1570 3144 1622 in
3203 1566 3343 1621 locis

1768 1671 1900 1717 tunc
1958 1678 2151 1732 agens,
2211 1662 2342 1717 vidi.
2412 1664 2801 1734 Didymoticho
2860 1670 3155 1732 postquam
3209 1658 3348 1712 abiit

1767 1754 2179 1823 Adrianopolim
2237 1753 2502 1810 Januario
2564 1757 2810 1815 labente,
2875 1755 3173 1822 omniaque
3222 1748 3346 1804 bel-

1767 1846 1872 1901 lica
1932 1847 2302 1901 instrumenta
2358 1849 2651 1916 apparavit
2680 1864 2693 1913 ;
2727 1856 3061 1901 tormentum
3088 1862 3093 1867 ·
3123 1857 3339 1898 :eneum

1768 1936 1837 1989 ab
1897 1937 1990 1989 illo
2054 1937 2267 1991 artiﬁce
2318 1937 2503 1991 fusum
2565 1937 2802 2005 probare
2853 1944 2907 1989 et
2958 1934 3197 2004 experiri
3246 1947 3348 1985 vo-

96 2039 204 2077 σαι.
241 2026 358 2080 Καὶ
377 2027 440 2094 δὴ
466 2031 821 2098 παραστήσας
868 2032 1038 2101 αὐτήν
1074 2032 1406 2101 τεχνηέντως
1461 2030 1667 2097 ἐμπρτν

1773 2026 1895 2080 luit.
1963 2027 2102 2081 Illud
2169 2044 2302 2097 ergo
2347 2029 2644 2093 machinis,
2702 2039 2827 2081 ante
2881 2034 3097 2093 portam
3176 2021 3351 2088 majo-

95 2115 218 2168 σθεν
242 2119 346 2187 τῆς
371 2121 615 2191 μεγάλης
653 2123 825 2192 πύλης
857 2124 957 2193 τῆς
1000 2124 1170 2188 αὐλῆς
1218 2122 1328 2175 τῶν
1368 2122 1664 2188 παλατίων,

88 2208 193 2261 τῶν
223 2212 359 2281 παρ’
386 2212 549 2266 αὐτοῦ
583 2215 641 2266 τὸ
666 2215 781 2278 ἔτος
812 2216 987 2268 ἐκεῖνο
1012 2215 1340 2269 κτισθέντων
1366 2231 1383 2247 ο
1430 2215 1532 2267 καὶ
1565 2216 1667 2283 τὴν

94 2301 302 2371 πέτραν
342 2303 521 2367 καλῶς
554 2304 745 2369 ἔνθεὶς,
780 2307 873 2361 καλ⁵
901 2309 1001 2375 τὴν
1046 2306 1275 2376 βοτάνην
1324 2305 1665 2375 σταθμήσας,

92 2395 188 2464 τὴν
220 2397 417 2463 αὔριον
440 2398 662 2465 ἔμελλεν
683 2399 967 2452 ἀπολύσων
1017 2399 1208 2470 αὐτὴν,
1249 2398 1345 2451 καὶ
1405 2399 1464 2450 ιν
1517 2397 1669 2469 πάσῃ

91 2489 156 2557 τῇ
208 2487 651 2558 Ἀδριανουπόλει
679 2491 910 2561 φανερὸν
951 2489 1191 2558 ἐγένετο,
1219 2488 1316 2543 τοῦ
1370 2488 1512 2542 κατὰ
1544 2486 1671 2540 νοῦν

95 2579 238 2647 ἔχειν
268 2582 371 2649 τὴν
395 2581 524 2651 βοὴν
552 2583 647 2636 καὶ
679 2583 770 2636 τὸν
822 2582 1028 2637 κτύπον
1074 2585 1165 2639 τδν
1221 2580 1665 2652 οὐρανόϐροντονν

94 2671 180 2725 ἴνα
211 2674 291 2742 μὴ
324 2673 580 2744 ἐξαίφνης
606 2673 985 2737 ὲνωτισθέντες
1012 2674 1157 2736 τινὲς
1184 2675 1392 2741 ἄφωνοι
1418 2671 1665 2742 μείνωσι,

92 2765 188 2818 καὶ
207 2767 466 2832 γυναῖκες
488 2766 549 2817 ὲν
594 2766 796 2834 γαστρὶ
845 2765 1066 2833 ἔχουσαι
1109 2765 1177 2817 τὰ
1212 2763 1425 2834 ἔμϐρυα
1470 2762 1668 2817 ἀπολέ-

98 2873 251 2910 σωσι.
289 2856 443 2925 Πρωῒ
474 2856 566 2911 οῦν
596 2856 772 2926 βαλὼν
805 2857 917 2927 πῦρ
956 2859 1013 2909 ἐν
1043 2859 1107 2927 τῇ
1146 2855 1362 2926 βοτάνῃ,
1416 2855 1511 2907 καὶ
1559 2854 1669 2907 δια-

96 2949 500 3018 θερμανθέντος
550 2950 642 3004 τοῦ
691 2949 1018 3021 πνεύματος,
1076 2951 1172 3003 καὶ
1223 2951 1669 3021 ἑκκρουσαμένης

92 3045 189 3112 τῆς
240 3045 474 3113 πέτρας,
526 3043 771 3111 ἀπελύθη
828 3045 927 3113 τῆς
961 3044 1186 3113 χωνείας
1211 3047 1306 3097 σὺν
1351 3043 1470 3114 ἤχῳ
1513 3043 1669 3112 βαρεῖ

95 3135 387 3205 ἀεροϐάτῳ
418 3136 713 3207 πληροῦντι
744 3136 836 3191 τὸν
877 3138 1012 3206 ἀέρα
1047 3136 1258 3190 καπνοῦ
1289 3136 1382 3189 καὶ
1412 3137 1666 3204 ὁμίχλης.

102 3226 164 3279 Ἥ
196 3227 254 3280 δὲ
285 3227 381 3296 βοὴ
412 3227 640 3296 ἀφίκετο
669 3228 828 3298 μέχρι
867 3228 1099 3305 σταδίων
1129 3223 1172 3299 ρ’
1193 3227 1252 3280 τὸ
1290 3226 1461 3297 μῆκος
1487 3242 1503 3260 ’
1550 3230 1579 3281 ὁ
1612 3227 1670 3279 δὲ

88 3320 233 3383 λίθος
268 3320 435 3374 ἔπεσε
473 3320 747 3390 μακρόθεν
778 3320 872 3374 τοῦ
903 3320 1195 3388 ἀφεθέντος
1245 3320 1416 3375 τόπου
1445 3320 1521 3384 ὡς
1582 3320 1670 3389 μί-

87 3414 197 3467 λιον
222 3413 314 3468 ἐν.
352 3413 440 3466 Ἐν
461 3412 519 3466 δὲ
547 3413 700 3483 τόπῳ
724 3412 801 3482 τῷ
832 3413 1053 3469 πεσόντι
1088 3415 1301 3479 ἑγένενο
1335 3412 1523 3484 βόθρος
1546 3413 1670 3466 ὅσον

88 3506 327 3575 ὀργυιᾶς
358 3506 504 3576 μιᾶς.
544 3506 798 3576 Τοσαύτη
833 3507 982 3559 ἐστὶν
1010 3508 1043 3576 ή
1088 3506 1314 3575 δύναμις
1343 3505 1443 3571 τῆς
1473 3506 1670 3575 ἀναμι-

90 3600 187 3671 γῆς
221 3600 340 3654 τῶν
373 3600 611 3670 βοτάνων
641 3603 741 3670 τῆς
771 3598 1161 3669 ἀκοντιζούσης
1190 3598 1283 3652 τὸν
1306 3596 1474 3652 λίθον.

162 3788 355 3857 Ἐχων
377 3780 471 3838 οῦν
494 3783 718 3854 ἡγεμὼν
759 3783 852 3835 καὶ
884 3784 943 3836 ἐν
980 3782 1137 3835 νυκτὶ
1193 3780 1289 3835 καὶ
1338 3779 1522 3859 ήμέρᾳ
1574 3777 1672 3847 τὴν

90 3880 275 3931 πᾶσαν
304 3874 587 3945 φροντίδα,
628 3872 725 3927 καὶ
757 3871 1027 3942 μέριμναν
1052 3867 1379 3936 κοιτώμενος
1410 3868 1506 3921 καὶ
1552 3867 1672 3920 ἁνι-

94 3978 389 4044 στάμενος,
444 3973 539 4024 καὶ
585 3967 736 4031 ἐντὸς
785 3965 887 4035 τῆς
941 3962 1121 4034 αὐλῆς⁸
1158 3962 1326 4017 αὐτοῦ
1375 3962 1470 4015 καὶ
1491 3960 1669 4024 ἐκτὸς,

93 4069 233 4137 ποίῳ
264 4063 514 4132 πολέμῳ,
538 4061 636 4115 καὶ
679 4059 807 4128 ποίᾳ
841 4058 1059 4127 μηχανῇ
1100 4053 1319 4121 καθέξει
1370 4054 1471 4122 τὴν
1520 4053 1675 4107 Κων-

95 4155 587 4213 σταντινούπολινο
648 4142 911 4214 πολλάκις
957 4150 1196 4220 ἑσπέρας
1220 4146 1520 4216 γενομένης
1575 4145 1674 4199 σὺν

90 4255 233 4319 δυσὶ,
259 4250 361 4304 καὶ
391 4248 573 4319 μόνοις
607 4246 882 4310 ἱππεύων,
926 4244 984 4297 εν
1023 4242 1203 4306 ἄλλοις
1240 4241 1405 4305 πεζὸς
1460 4241 1673 4295 ἃπασαν

86 4347 186 4418 τὴν
229 4340 518 4414 ’Δδριανοῦ
548 4341 606 4392 ὲν
642 4338 882 4407 σχήματι
917 4332 1249 4406 στρατιώτου
1277 4332 1673 4403 μετερχόμενος

87 4436 314 4492 ἀκούων
366 4432 436 4485 τὰ
484 4428 755 4498 λεγόμενα
805 4428 937 4494 περὶ
986 4423 1173 4479 αὐτοῦ.
1247 4423 1370 4477 Ἐὰν
1402 4423 1513 4492 γὰρ
1562 4422 1672 4475 τῶν

86 4528 306 4583 πολλῶν
334 4542 417 4588 τις
449 4520 747 4576 κατέλαϐεν
770 4521 826 4571 ὲν
858 4518 933 4583 νῷ
964 4518 1048 4571 ὅτι
1098 4515 1323 4586 ἡγεμών
1388 4518 1527 4577 ἐστι.
1573 4514 1671 4568 καὶ

88 4618 378 4693 ⁴ι’χϐοιδλήθη
417 4611 861 4685 προσαγορεῦσαι
911 4609 1077 4663 αὑτὸν
1105 4608 1201 4661 σὺν
1232 4606 1479 4677 εὐφημία
1529 4605 1671 4660 κατὰ

1694 3368 1740 3431 C

1774 2134 1888 2174 rem
1949 2120 2203 2174 vestibuli
2247 2119 2468 2185 adium,
2523 2135 2661 2189 quas
2719 2120 2823 2174 hoc
2860 2119 2979 2187 ipso
3013 2130 3157 2170 anno
3197 2113 3352 2183 prin-

1772 2228 1904 2283 ceps
1967 2221 2343 2274 exstruxerat,
2407 2214 2474 2267 ab
2542 2214 2758 2266 artiﬁce
2813 2211 3155 2264 adducitur:
3207 2204 3349 2275 lapis

1771 2308 1845 2371 ei,
1908 2306 2267 2375 pulverisque
2357 2306 2571 2377 pondus
2635 2318 2966 2374 perpensum
3020 2303 3349 2357 immittun—

1774 2407 1863 2451 tur
1896 2414 1911 2463 ;
1947 2398 2328 2467 postridieque
2382 2397 2560 2467 ignem
2593 2397 2954 2465 injiciendum
2985 2408 3108 2448 esse
3152 2392 3349 2445 Adria-

1770 2492 2101 2561 nopolitanis
2117 2492 2374 2546 omnibus
2402 2491 2865 2560 signiﬁcatur;ut
2920 2494 3163 2557 quantus
3190 2484 3339 2537 futu-

1771 2600 1866 2640 rus
1889 2596 2007 2638 erat
2038 2584 2222 2651 fragor
2248 2599 2314 2639 ac
2338 2584 2609 2651 strepitus
2639 2584 2849 2637 tonitru
2878 2580 3101 2642 similis.
3125 2577 3345 2643 moniti,

1773 2677 1959 2733 nullus
2013 2694 2079 2731 eo
2127 2676 2339 2739 audito,
2395 2692 2598 2745 pavore
2626 2690 2695 2729 ex
2759 2673 3060 2743 improviso
3120 2670 3346 2740 percul-

1772 2786 1892 2835 sus,
1954 2768 2114 2840 ιω
2166 2778 2355 2822 mutus
2389 2768 2543 2821 ﬂeret
2570 2783 2585 2831 ;
2612 2774 2674 2820 ut
2705 2766 2876 2819 etiam
2914 2762 3176 2816 mulieres
3208 2773 3348 2826 pra!-

1772 2872 2003 2933 gnantes
2039 2873 2253 2931 partum
2298 2861 2495 2914 abortu
2546 2873 2652 2911 non
2694 2857 3019 2926 ahjicerent.
3084 2851 3240 2905 Mane
3262 2865 3352 2904 er—

1772 2970 1839 3025 go
1903 2969 2141 3009 accenso
2192 2953 2439 3022 pulvere,
2497 2959 2551 3003 et
2590 2951 2732 3001 intra
2784 2944 3140 3001 bomliardam
3196 2940 3347 2995 cale-

1774 3048 1921 3100 facto
1983 3046 2204 3115 spiritu,
2254 3045 2391 3114 lapis
2450 3043 2724 3096 horrendo
2766 3055 2891 3093 cum
2953 3051 3092 3091 sono
3133 3034 3345 3088 emitti-

1774 3148 1863 3191 tur
1900 3152 1913 3189 :
1951 3148 2211 3205 totusque
2271 3150 2366 3189 aer
2415 3136 2565 3187 iunio
2612 3142 2669 3186 et
2728 3130 2965 3198 caligine
3017 3128 3345 3196 completur.

1773 3230 1851 3283 Ad
1918 3230 2281 3285 centesimum
2335 3239 2504 3294 porro
2551 3222 2795 3277 stadium
2832 3221 3022 3289 fragor
3062 3228 3348 3284 sonusque

1773 3328 2141 3394 pervenerunt
2172 3337 2185 3373 :
2215 3318 2466 3386 lapisque
2520 3316 2585 3369 ad
2633 3312 2876 3368 milliare
2925 3325 3100 3380 usque
3151 3324 3349 3371 unum,

1775 3431 1805 3469 a
1849 3417 1966 3468 loco
2004 3411 2149 3466 unde
2208 3411 2449 3465 emissus
2512 3408 2633 3469 fuit,
2696 3407 2842 3461 latus
2897 3415 3003 3460 est.
3068 3403 3169 3459 Ubi
3229 3412 3352 3455 tan-

1774 3511 1893 3565 dem
1930 3506 2151 3571 cecidit,
2194 3505 2262 3559 ad
2298 3505 2503 3576 orgyite
2563 3504 2732 3557 unius
2787 3500 3133 3556 altitudinem
3162 3498 3217 3552 in
3239 3506 3352 3550 ter-

1772 3615 1888 3654 ram
1950 3596 2473 3667 penetravitztanta
2557 3594 2636 3648 vis
2680 3602 2767 3646 est
2839 3592 3009 3660 hujus
3079 3588 3349 3659 pulveris,

1772 3706 1884 3762 quo
1919 3690 2128 3759 lapides
2196 3688 2547 3743 emittuntur.

1846 3780 1944 3837 llis
2016 3780 2263 3853 intentus
2330 3779 2589 3847 princeps
2650 3784 2817 3830 noctu
2857 3784 2913 3830 et
2971 3772 3235 3835 interdiu,
3293 3771 3349 3825 in

1773 3876 1916 3931 lecto
1961 3875 2175 3942 jaceus,
2200 3884 2251 3928 et
2287 3885 2575 3942 postquam
2643 3877 2964 3924 surrexerat
3022 3870 3074 3921 in
3145 3865 3352 3936 palatio

1775 3968 2001 4030 sedens,
2051 3968 2134 4022 vel
2198 3968 2351 4021 foras
2404 3966 2671 4035 incedens
2704 3966 2908 4019 anxius
2965 3978 3028 4016 ac
3082 3960 3353 4016 sollicitus

1775 4062 1961 4116 animo
2054 4062 2330 4127 versabat,
2382 4059 2662 4132 quomodo
2715 4057 3143 4129 oppugnandam
3203 4056 3353 4110 Con-

1774 4154 2676 4224 stantinOpolini'aggrederetur,
2747 4166 2974 4222 quaque
3051 4160 3171 4205 arte
3226 4163 3348 4203 eam

1772 4257 2135 4317 expugnaret.
2192 4246 2542 4301 Adventante
2611 4259 2844 4315 vespera
2888 4242 3108 4298 duobus
3159 4240 3350 4297 ascitis

1774 4340 2070 4394 comitibus
2123 4340 2263 4394 alias
2306 4353 2452 4407 equo
2516 4347 2739 4399 vectus,
2792 4336 2929 4390 alias
2987 4333 3153 4405 pedes
3209 4335 3356 4387 luee-

1773 4433 1931 4493 rlens.
1996 4446 2095 4501 per
2144 4440 2312 4486 totam
2380 4430 2801 4500 Adrianopolim
2883 4429 3074 4483 habitu
3127 4425 3354 4481 militari

1776 4524 2018 4592 simplici
2073 4539 2220 4591 saepe
2278 4524 2622 4590 ambulabat,
2680 4524 2777 4593 qui
2851 4522 3013 4593 vulgo
3070 4533 3355 4577 sermones

1777 4616 1845 4671 de
1898 4631 1957 4670 se
1988 4616 2371 4683 iactabantur,
2434 4618 2849 4686 exploraturus.
2906 4614 2961 4669 Si
3020 4614 3147 4684 quis
3186 4627 3356 4683 porro

89 4716 150 4768 τδ
183 4710 444 4780 σύνηθες,
472 4708 569 4760 καὶ
596 4704 759 4766 αὐτὸς
788 4701 1037 4771 αῦθωρον
1075 4699 1296 4771 καιρίαν
1349 4697 1519 4751 ιδίδου
1571 4696 1670 4765 τὴν

1777 4706 2024 4777 plebeius
2090 4708 2335 4777 agnitum
2382 4709 2691 4777 principem
2732 4708 3009 4768 salutare,
3057 4705 3355 4773 faustaque

93 4806 317 4874 πληγὴν
341 4803 417 4871 μὴ
446 4799 783 4868 φειδόμενος,
814 4796 890 4865 μὴ
926 4793 1090 4847 ἐλεῶν
1114 4808 1129 4823 ο
1183 4790 1299 4844 ἀλλ’
1353 4788 1544 4857 ὥσπερ
1592 4804 1678 4852 τις

89 4899 306 4971 ψύλλαν
361 4892 664 4960 συντρίϐων
706 4886 1024 4944 αἰσθάνεταί
1066 4902 1213 4949 τινος
1264 4884 1481 4954 ἡδονῆς,
1533 4880 1679 4935 οὕτω

94 4992 191 5044 καί
219 4982 382 5049 οὗτος
409 4983 585 5051 οἰκεία
610 4982 754 5051 χειρὶ
796 4981 1057 5048 φονεύων,
1080 4978 1109 5030 ὁ
1137 4974 1299 5045 φόνου
1328 4975 1499 5040 ἄξιος,
1528 4974 1679 5042 topo-

95 5080 318 5144 σίζετο·
357 5074 458 5145 μιᾷ
506 5071 599 5125 οῦν
630 5071 740 5124 τῶν
769 5068 977 5124 νυκτῶν
1033 5069 1159 5137 περὶ
1209 5066 1469 5137 δευτέραν
1510 5065 1679 5133 φύλα·

90 5172 193 5242 κήν
232 5168 451 5229 στείλας
482 5165 591 5218 τῶν
622 5162 721 5231 τῆς
750 5162 923 5230 αὐλῆς
947 5160 1207 5230 φυλάκων
1257 5160 1412 5223 τινας
1462 5158 1674 5229 ἢγαγεν

90 5265 184 5317 τδν
217 5260 393 5317 Χαλὶλ
428 5258 639 5313 Πασίαν
675 5272 690 5287 ο
725 5254 973 5317 ἐλθόντες
998 5252 1081 5317 δὲ,
1118 5255 1212 5307 καὶ
1240 5255 1349 5314 τοῖς
1369 5251 1559 5307 τούτου
1583 5252 1676 5304 εύ-

91 5349 307 5418 νούχοις
338 5346 584 5409 εἰπόντες
632 5344 695 5397 τὸ
728 5344 980 5413 μήνυμα,
1030 5342 1186 5395 αὐτοὶ
1235 5342 1293 5394 ὲν
1326 5341 1405 5411 τῷ
1458 5340 1675 5395 κοιτῶνι

93 5439 431 5498 εἰσελθόντες
463 5435 823 5506 ἀπήγγειλαν,
869 5432 989 5496 πῶς
1020 5432 1049 5484 ὁ
1099 5431 1322 5501 ήγτμὼν
1370 5431 1523 5484 καλεῖ
1577 5430 1677 5484 αύ-

90 5532 186 5583 τὸν
224 5548 239 5563 ·
266 5528 430 5591 αύτδς
481 5528 539 5581 δὲ
590 5528 890 5595 σύντρομος
945 5524 1232 5593 γενόμενος
1288 5522 1677 5593 ἀπαγορεύσας

94 5622 317 5686 ἑαυτὸν,
353 5622 447 5673 καὶ
477 5619 577 5689 τήν
602 5620 842 5687 γυναῖκα
867 5618 961 5671 καὶ
987 5617 1153 5670 τέκνα
1182 5616 1679 5683 κατασπασάμενος

97 5717 292 5787 ἀπῄει,
317 5716 503 5786 φέρων
538 5712 659 5784 μεθ’
696 5710 861 5765 αὑτοῦ
887 5710 1070 5763 δίσκον
1100 5708 1198 5761 ἕνα
1230 5708 1465 5779 χρυσοῦν
1495 5709 1677 5780 πλήρη

1776 4802 2016 4871 precari,
2068 4809 2130 4855 ut
2184 4817 2305 4857 mos
2339 4812 2446 4865 est,
2510 4802 2778 4857 voluisset
2816 4820 2830 4856 :
2864 4801 2954 4855 ille
2997 4799 3209 4853 nullius
3253 4792 3358 4852 rul-

1777 4902 1961 4948 sertua
2017 4893 2224 4948 lethale
2272 4894 2475 4948 vulnus
2532 4893 2724 4948 statim
2794 4892 3129 4963 indigebat:
3176 4898 3230 4946 et
3293 4895 3357 4945 ut
3442 4924 3447 4929 -

1776 4985 1961 5054 quivis
2040 4986 2283 5055 pulioem
2365 4988 2706 5039 conterendo
2761 4986 3099 5055 voluptatem
3151 4985 3350 5053 carpit,

1776 5079 1858 5141 sic
1913 5080 2042 5143 iste,
2107 5087 2285 5133 morte
2333 5079 2539 5149 dignus
2581 5080 2861 5149 equidem,
2897 5093 2996 5135 sua
3061 5094 3228 5133 manu
3267 5078 3356 5131 in-

1780 5172 2109 5226 terficiendo
2182 5172 2585 5226 delectabatur.
2656 5171 2829 5227 Nocte
2882 5172 3141 5243 quadam,
3208 5172 3352 5226 circa

1775 5266 2077 5319 secundam
2140 5266 2473 5328 custodiam,
2532 5266 2744 5335 aliquot
2796 5267 2935 5320 aula:
3019 5282 3132 5321 sua:
3191 5264 3357 5321 satel-

1776 5358 1925 5421 lites,
1991 5358 2086 5425 qui
2155 5358 2376 5412 Halilim
2415 5358 2647 5414 Bassam
2678 5358 2745 5412 ad
2801 5373 2861 5413 se
2908 5359 3198 5421 ducerent,
3229 5359 3357 5412 mit-

1775 5446 1863 5498 tit.
1938 5444 2003 5499 Hi
2063 5447 2289 5500 domtrm
2359 5448 2508 5501 illius
2604 5448 2880 5513 veniunt,
2959 5456 3014 5499 et
3079 5445 3355 5500 eunuchis

1776 5537 2035 5589 mandata
2085 5539 2357 5608 principis
2379 5549 2689 5603 exponunt,
2740 5538 2834 5608 qui
2884 5537 3201 5592 cubiculum
3236 5537 3352 5592 heri

1778 5628 1863 5681 sui
1915 5629 2155 5700 ingrcssi
2190 5634 2491 5701 principem
2533 5648 2656 5687 eum
2690 5634 2756 5686 ad
2790 5648 2850 5687 se
2890 5645 3181 5687 accersere
3215 5646 3355 5685 nun-

1777 5718 1941 5775 tiant.
2008 5720 2317 5789 Trepidans
2353 5728 2561 5796 itaque,
2617 5725 3131 5794 conclamalamque
3208 5722 3357 5776 salu-

1334 5825 1623 5888 lsmaelis
1657 5830 1957 5897 Bullialdi
2000 5846 2183 5900 noue.

93 5933 938 6016 Cettstaiitinopolt'nt_incolum“
996 5932 1205 5999 reverti,
1240 5932 1292 5985 in
1338 5932 1458 5987 navi
1495 5934 1673 6001 optimi
1713 5937 1812 5991 viri
1837 5940 2057 5997 Antonii
2095 5944 2273 6011 Ritzii,
2308 5946 2402 6016 qui
2428 5957 2607 6014 postea
2638 5957 2852 6015 propter
2911 5945 3111 6001 Christi
3190 5942 3352 6012 ﬁdem

94 6011 414 6076 martyrium
449 6009 689 6076 pertulit.

1672 6125 1731 6134 e.‘

1854 6114 1998 6129 ,ιιι-ι-.
