  <div class='ocr_page' id='page_1' title='image "/cluster/home/n/w/nwhite01/storage/ocr_20150623/157/hvd.32044019307677/723.png"; bbox 0 0 3980 6612; ppageno 0'>
   <div class='ocr_carea' id='block_1_1' title="bbox 470 345 609 408">
    <p class='ocr_par' dir='ltr' id='par_1_1' title="bbox 470 345 609 408">
     <span class='ocr_line' id='line_1_1' title="bbox 470 345 609 408; baseline 0 -1"><span class='ocrx_word' id='word_1_1' title='bbox 470 345 609 408; x_wconf 71' lang='lat'><strong>1163</strong></span> 
     </span>
    </p>
   </div>
   <div class='ocr_carea' id='block_1_2' title="bbox 1973 345 2198 406">
    <p class='ocr_par' dir='ltr' id='par_1_2' title="bbox 1973 345 2198 406">
     <span class='ocr_line' id='line_1_2' title="bbox 1973 345 2198 406; baseline -0.004 -1"><span class='ocrx_word' id='word_1_2' title='bbox 1973 345 2198 406; x_wconf 81' lang='lat' dir='ltr'><strong>DUC/E</strong></span> 
     </span>
    </p>
   </div>
   <div class='ocr_carea' id='block_1_3' title="bbox 3590 336 3739 403">
    <p class='ocr_par' dir='ltr' id='par_1_3' title="bbox 3590 336 3739 403">
     <span class='ocr_line' id='line_1_3' title="bbox 3590 336 3739 403; baseline -0.007 0"><span class='ocrx_word' id='word_1_3' title='bbox 3590 336 3739 403; x_wconf 64' lang='grc'>1164</span> 
     </span>
    </p>
   </div>
   <div class='ocr_carea' id='block_1_4' title="bbox 465 446 2025 525">
    <p class='ocr_par' dir='ltr' id='par_1_4' title="bbox 465 452 2021 525">
     <span class='ocr_line' id='line_1_4' title="bbox 465 452 2021 525; baseline -0.003 -16"><span class='ocrx_word' id='word_1_4' title='bbox 465 455 801 525; x_wconf 73' lang='lat' dir='ltr'><strong>titantlatque</strong></span> <span class='ocrx_word' id='word_1_5' title='bbox 862 462 920 509; x_wconf 88' lang='lat' dir='ltr'><strong>nt</strong></span> <span class='ocrx_word' id='word_1_6' title='bbox 954 453 1219 509; x_wconf 86' lang='lat' dir='ltr'><strong>tributum</strong></span> <span class='ocrx_word' id='word_1_7' title='bbox 1252 452 1499 519; x_wconf 83' lang='lat' dir='ltr'><strong>all‘erant,</strong></span> <span class='ocrx_word' id='word_1_8' title='bbox 1555 453 1767 509; x_wconf 76' lang='lat' dir='ltr'><strong>caeteris</strong></span> <span class='ocrx_word' id='word_1_9' title='bbox 1815 468 1873 509; x_wconf 90' lang='lat' dir='ltr'><strong>se</strong></span> <span class='ocrx_word' id='word_1_10' title='bbox 1924 467 2021 523; x_wconf 88' lang='lat' dir='ltr'><strong>pro</strong></span> 
     </span>
    </p>
   </div>
   <div class='ocr_carea' id='block_1_5' title="bbox 2132 446 3741 525">
    <p class='ocr_par' dir='ltr' id='par_1_5' title="bbox 2157 446 3741 524">
     <span class='ocr_line' id='line_1_5' title="bbox 2157 446 3741 524; baseline -0.004 -18"><span class='ocrx_word' id='word_1_11' title='bbox 2157 454 2255 524; x_wconf 77' lang='grc' dir='ltr'><strong>φὺς</strong></span> <span class='ocrx_word' id='word_1_12' title='bbox 2312 451 2559 506; x_wconf 81' lang='grc' dir='ltr'><strong>Ἰωάννου</strong></span> <span class='ocrx_word' id='word_1_13' title='bbox 2624 450 2914 522; x_wconf 80' lang='grc' dir='ltr'>Κομνηνοῦ</span> <span class='ocrx_word' id='word_1_14' title='bbox 2970 448 3066 502; x_wconf 82' lang='grc' dir='ltr'><strong>τοῦ</strong></span> <span class='ocrx_word' id='word_1_15' title='bbox 3131 446 3741 519; x_wconf 75' lang='grc' dir='ltr'>προϐεϐασιλευκότο;’</span> 
     </span>
    </p>
   </div>
   <div class='ocr_carea' id='block_1_6' title="bbox 466 545 2043 618">
    <p class='ocr_par' dir='ltr' id='par_1_6' title="bbox 466 545 2043 618">
     <span class='ocr_line' id='line_1_6' title="bbox 466 545 2043 618; baseline -0.001 -15"><span class='ocrx_word' id='word_1_16' title='bbox 466 556 788 618; x_wconf 75' lang='lat' dir='ltr'><strong>spec-turum</strong></span> <span class='ocrx_word' id='word_1_17' title='bbox 826 562 968 604; x_wconf 81' lang='lat' dir='ltr'><strong>esse.</strong></span> <span class='ocrx_word' id='word_1_18' title='bbox 993 546 1086 601; x_wconf 88' lang='lat' dir='ltr'><strong>lsti</strong></span> <span class='ocrx_word' id='word_1_19' title='bbox 1113 562 1235 601; x_wconf 90' lang='lat' dir='ltr'><strong>cum</strong></span> <span class='ocrx_word' id='word_1_20' title='bbox 1268 548 1323 601; x_wconf 90' lang='lat' dir='ltr'><strong>in</strong></span> <span class='ocrx_word' id='word_1_21' title='bbox 1361 545 1699 602; x_wconf 85' lang='lat' dir='ltr'><strong>Walachiam</strong></span> <span class='ocrx_word' id='word_1_22' title='bbox 1759 547 2043 616; x_wconf 88' lang='lat' dir='ltr'><strong>pervenis-</strong></span> 
     </span>
    </p>
   </div>
   <div class='ocr_carea' id='block_1_7' title="bbox 464 637 2043 709">
    <p class='ocr_par' dir='ltr' id='par_1_7' title="bbox 464 637 2043 709">
     <span class='ocr_line' id='line_1_7' title="bbox 464 637 2043 709; baseline -0.001 -16"><span class='ocrx_word' id='word_1_23' title='bbox 464 649 606 702; x_wconf 75' lang='lat' dir='ltr'><strong>sent,</strong></span> <span class='ocrx_word' id='word_1_24' title='bbox 638 654 757 709; x_wconf 68' lang='lat' dir='ltr'><strong>quae</strong></span> <span class='ocrx_word' id='word_1_25' title='bbox 789 638 839 691; x_wconf 92' lang='lat' dir='ltr'><strong>in</strong></span> <span class='ocrx_word' id='word_1_26' title='bbox 878 638 1146 692; x_wconf 81' lang='lat' dir='ltr'><strong>mandatis</strong></span> <span class='ocrx_word' id='word_1_27' title='bbox 1166 638 1456 699; x_wconf 82' lang='lat' dir='ltr'><strong>habebant,</strong></span> <span class='ocrx_word' id='word_1_28' title='bbox 1483 637 1725 693; x_wconf 69' lang='lat' dir='ltr'><strong>vaivodae</strong></span> <span class='ocrx_word' id='word_1_29' title='bbox 1768 638 2043 692; x_wconf 89' lang='lat' dir='ltr'><strong>nuntiant.</strong></span> 
     </span>
    </p>
   </div>
   <div class='ocr_carea' id='block_1_8' title="bbox 462 728 2046 799">
    <p class='ocr_par' dir='ltr' id='par_1_8' title="bbox 462 728 2046 799">
     <span class='ocr_line' id='line_1_8' title="bbox 462 728 2046 799; baseline -0.001 -16"><span class='ocrx_word' id='word_1_30' title='bbox 462 732 532 783; x_wconf 79' lang='lat' dir='ltr'><strong>At</strong></span> <span class='ocrx_word' id='word_1_31' title='bbox 578 731 671 784; x_wconf 90' lang='lat' dir='ltr'><strong>ille</strong></span> <span class='ocrx_word' id='word_1_32' title='bbox 729 729 1157 799; x_wconf 85' lang='lat' dir='ltr'><strong>comprehensos</strong></span> <span class='ocrx_word' id='word_1_33' title='bbox 1211 731 1405 784; x_wconf 88' lang='lat' dir='ltr'><strong>mortis</strong></span> <span class='ocrx_word' id='word_1_34' title='bbox 1465 730 1785 793; x_wconf 85' lang='lat' dir='ltr'><strong>inhumano,</strong></span> <span class='ocrx_word' id='word_1_35' title='bbox 1848 728 2046 783; x_wconf 84' lang='lat' dir='ltr'><strong>acerbo</strong></span> 
     </span>
    </p>
   </div>
   <div class='ocr_carea' id='block_1_9' title="bbox 465 821 2041 892">
    <p class='ocr_par' dir='ltr' id='par_1_9' title="bbox 465 821 2041 892">
     <span class='ocr_line' id='line_1_9' title="bbox 465 821 2041 892; baseline -0.001 -15"><span class='ocrx_word' id='word_1_36' title='bbox 465 824 722 892; x_wconf 74' lang='lat' dir='ltr'><strong>turpique</strong></span> <span class='ocrx_word' id='word_1_37' title='bbox 756 837 976 892; x_wconf 78' lang='lat' dir='ltr'><strong>genere,</strong></span> <span class='ocrx_word' id='word_1_38' title='bbox 1013 824 1136 891; x_wconf 89' lang='lat' dir='ltr'><strong>palo</strong></span> <span class='ocrx_word' id='word_1_39' title='bbox 1170 836 1268 891; x_wconf 90' lang='lat' dir='ltr'><strong>per</strong></span> <span class='ocrx_word' id='word_1_40' title='bbox 1294 837 1459 877; x_wconf 89' lang='lat' dir='ltr'><strong>anum</strong></span> <span class='ocrx_word' id='word_1_41' title='bbox 1499 822 1792 877; x_wconf 80' lang='lat' dir='ltr'><strong>transfixus</strong></span> <span class='ocrx_word' id='word_1_42' title='bbox 1835 821 2041 876; x_wconf 82' lang='lat' dir='ltr'><strong>affecit.</strong></span> 
     </span>
    </p>
   </div>
   <div class='ocr_carea' id='block_1_10' title="bbox 463 911 2044 983">
    <p class='ocr_par' dir='ltr' id='par_1_10' title="bbox 463 911 2044 983">
     <span class='ocr_line' id='line_1_10' title="bbox 463 911 2044 983; baseline -0.001 -15"><span class='ocrx_word' id='word_1_43' title='bbox 463 915 731 983; x_wconf 85' lang='lat' dir='ltr'><strong>Superato</strong></span> <span class='ocrx_word' id='word_1_44' title='bbox 758 912 954 967; x_wconf 89' lang='lat' dir='ltr'><strong>deinde</strong></span> <span class='ocrx_word' id='word_1_45' title='bbox 990 911 1242 966; x_wconf 86' lang='lat' dir='ltr'><strong>Danubio</strong></span> <span class='ocrx_word' id='word_1_46' title='bbox 1293 912 1467 980; x_wconf 85' lang='lat' dir='ltr'><strong>copiis</strong></span> <span class='ocrx_word' id='word_1_47' title='bbox 1524 928 1710 969; x_wconf 89' lang='lat' dir='ltr'><strong>secum</strong></span> <span class='ocrx_word' id='word_1_48' title='bbox 1758 912 1940 968; x_wconf 91' lang='lat' dir='ltr'><strong>ductis</strong></span> <span class='ocrx_word' id='word_1_49' title='bbox 1987 913 2044 967; x_wconf 91' lang='lat' dir='ltr'><strong>in</strong></span> 
     </span>
    </p>
   </div>
   <div class='ocr_carea' id='block_1_11' title="bbox 471 1002 2046 1076">
    <p class='ocr_par' dir='ltr' id='par_1_11' title="bbox 471 1002 2046 1076">
     <span class='ocr_line' id='line_1_11' title="bbox 471 1002 2046 1076; baseline 0.002 -20"><span class='ocrx_word' id='word_1_50' title='bbox 471 1005 677 1076; x_wconf 69' lang='lat' dir='ltr'><strong>Dystraa</strong></span> <span class='ocrx_word' id='word_1_51' title='bbox 710 1006 982 1075; x_wconf 77' lang='lat' dir='ltr'><strong>regionem</strong></span> <span class='ocrx_word' id='word_1_52' title='bbox 1019 1004 1287 1071; x_wconf 80' lang='lat' dir='ltr'><strong>excurrit,</strong></span> <span class='ocrx_word' id='word_1_53' title='bbox 1308 1002 1641 1074; x_wconf 82' lang='lat' dir='ltr'><strong>turbamque</strong></span> <span class='ocrx_word' id='word_1_54' title='bbox 1682 1005 1879 1059; x_wconf 69' lang='lat' dir='ltr'><strong>inﬁma:</strong></span> <span class='ocrx_word' id='word_1_55' title='bbox 1934 1005 2046 1074; x_wconf 88' lang='lat' dir='ltr'><strong>ple-</strong></span> 
     </span>
    </p>
   </div>
   <div class='ocr_carea' id='block_1_12' title="bbox 462 1093 2046 1165">
    <p class='ocr_par' dir='ltr' id='par_1_12' title="bbox 462 1093 2046 1165">
     <span class='ocr_line' id='line_1_12' title="bbox 462 1093 2046 1165; baseline 0.001 -15"><span class='ocrx_word' id='word_1_56' title='bbox 462 1097 552 1151; x_wconf 89' lang='lat' dir='ltr'><strong>bis</strong></span> <span class='ocrx_word' id='word_1_57' title='bbox 590 1096 858 1165; x_wconf 88' lang='lat' dir='ltr'><strong>captivam</strong></span> <span class='ocrx_word' id='word_1_58' title='bbox 897 1096 948 1148; x_wconf 88' lang='lat' dir='ltr'><strong>in</strong></span> <span class='ocrx_word' id='word_1_59' title='bbox 982 1093 1321 1149; x_wconf 88' lang='lat' dir='ltr'><strong>Walachiam</strong></span> <span class='ocrx_word' id='word_1_60' title='bbox 1372 1094 1622 1162; x_wconf 74' lang='lat' dir='ltr'><strong>trajecit;</strong></span> <span class='ocrx_word' id='word_1_61' title='bbox 1676 1110 1815 1165; x_wconf 91' lang='lat' dir='ltr'><strong>quos</strong></span> <span class='ocrx_word' id='word_1_62' title='bbox 1855 1110 2046 1151; x_wconf 89' lang='lat' dir='ltr'><strong>omnes</strong></span> 
     </span>
    </p>
   </div>
   <div class='ocr_carea' id='block_1_13' title="bbox 459 1184 2042 1257">
    <p class='ocr_par' dir='ltr' id='par_1_13' title="bbox 459 1184 2042 1257">
     <span class='ocr_line' id='line_1_13' title="bbox 459 1184 2042 1257; baseline 0 -16"><span class='ocrx_word' id='word_1_63' title='bbox 459 1187 652 1241; x_wconf 87' lang='lat' dir='ltr'><strong>eodem</strong></span> <span class='ocrx_word' id='word_1_64' title='bbox 686 1186 878 1241; x_wconf 90' lang='lat' dir='ltr'><strong>mortis</strong></span> <span class='ocrx_word' id='word_1_65' title='bbox 912 1200 1111 1257; x_wconf 78' lang='lat' dir='ltr'><strong>genere</strong></span> <span class='ocrx_word' id='word_1_66' title='bbox 1154 1186 1259 1256; x_wconf 82' lang='lat' dir='ltr'><strong>pali</strong></span> <span class='ocrx_word' id='word_1_67' title='bbox 1284 1184 1646 1241; x_wconf 80' lang='lat' dir='ltr'><strong>translixione</strong></span> <span class='ocrx_word' id='word_1_68' title='bbox 1672 1185 2042 1255; x_wconf 78' lang='lat' dir='ltr'><strong>plectijussit.</strong></span> 
     </span>
    </p>
   </div>
   <div class='ocr_carea' id='block_1_14' title="bbox 459 1277 2043 1351">
    <p class='ocr_par' dir='ltr' id='par_1_14' title="bbox 459 1277 2043 1351">
     <span class='ocr_line' id='line_1_14' title="bbox 459 1277 2043 1351; baseline -0.001 -16"><span class='ocrx_word' id='word_1_69' title='bbox 459 1280 687 1336; x_wconf 87' lang='lat' dir='ltr'><strong>Finibus</strong></span> <span class='ocrx_word' id='word_1_70' title='bbox 717 1280 823 1334; x_wconf 90' lang='lat' dir='ltr'><strong>illis</strong></span> <span class='ocrx_word' id='word_1_71' title='bbox 856 1293 886 1333; x_wconf 90' lang='lat' dir='ltr'><strong>a</strong></span> <span class='ocrx_word' id='word_1_72' title='bbox 925 1288 1159 1351; x_wconf 80' lang='lat' dir='ltr'><strong>tyranno</strong></span> <span class='ocrx_word' id='word_1_73' title='bbox 1193 1280 1415 1350; x_wconf 88' lang='lat' dir='ltr'><strong>quidam</strong></span> <span class='ocrx_word' id='word_1_74' title='bbox 1471 1279 1581 1332; x_wconf 81' lang='lat' dir='ltr'><strong>dux</strong></span> <span class='ocrx_word' id='word_1_75' title='bbox 1645 1277 2043 1348; x_wconf 64' lang='lat' dir='ltr'><strong>praefectusque</strong></span> 
     </span>
    </p>
   </div>
   <div class='ocr_carea' id='block_1_15' title="bbox 462 1369 2043 1441">
    <p class='ocr_par' dir='ltr' id='par_1_15' title="bbox 462 1369 2043 1441">
     <span class='ocr_line' id='line_1_15' title="bbox 462 1369 2043 1441; baseline 0 -15"><span class='ocrx_word' id='word_1_76' title='bbox 462 1371 824 1435; x_wconf 88' lang='lat' dir='ltr'><strong>constitutus,</strong></span> <span class='ocrx_word' id='word_1_77' title='bbox 853 1371 1072 1441; x_wconf 82' lang='lat' dir='ltr'><strong>egregio</strong></span> <span class='ocrx_word' id='word_1_78' title='bbox 1105 1371 1293 1440; x_wconf 88' lang='lat' dir='ltr'><strong>aliquo</strong></span> <span class='ocrx_word' id='word_1_79' title='bbox 1340 1369 1586 1425; x_wconf 83' lang='lat' dir='ltr'><strong>facinore</strong></span> <span class='ocrx_word' id='word_1_80' title='bbox 1639 1371 1835 1424; x_wconf 82' lang='lat' dir='ltr'><strong>fortem</strong></span> <span class='ocrx_word' id='word_1_81' title='bbox 1873 1384 1931 1425; x_wconf 87' lang='lat' dir='ltr'><strong>se</strong></span> <span class='ocrx_word' id='word_1_82' title='bbox 1981 1384 2043 1426; x_wconf 86' lang='lat' dir='ltr'><strong>ac</strong></span> 
     </span>
    </p>
   </div>
   <div class='ocr_carea' id='block_1_16' title="bbox 461 1458 2043 1531">
    <p class='ocr_par' dir='ltr' id='par_1_16' title="bbox 461 1458 2043 1531">
     <span class='ocr_line' id='line_1_16' title="bbox 461 1458 2043 1531; baseline 0 -15"><span class='ocrx_word' id='word_1_83' title='bbox 461 1462 782 1517; x_wconf 87' lang='lat' dir='ltr'><strong>bellicosum</strong></span> <span class='ocrx_word' id='word_1_84' title='bbox 810 1465 1116 1531; x_wconf 76' lang='lat' dir='ltr'><strong>approbare</strong></span> <span class='ocrx_word' id='word_1_85' title='bbox 1145 1461 1390 1529; x_wconf 89' lang='lat' dir='ltr'><strong>cupiens,</strong></span> <span class='ocrx_word' id='word_1_86' title='bbox 1412 1461 1594 1515; x_wconf 88' lang='lat' dir='ltr'><strong>ductis</strong></span> <span class='ocrx_word' id='word_1_87' title='bbox 1616 1458 1923 1517; x_wconf 84' lang='lat' dir='ltr'><strong>Turcorum</strong></span> <span class='ocrx_word' id='word_1_88' title='bbox 1948 1461 2043 1516; x_wconf 84' lang='lat' dir='ltr'><strong>de-</strong></span> 
     </span>
    </p>
   </div>
   <div class='ocr_carea' id='block_1_17' title="bbox 449 1545 2043 1624">
    <p class='ocr_par' dir='ltr' id='par_1_17' title="bbox 449 1545 2043 1624">
     <span class='ocr_line' id='line_1_17' title="bbox 449 1545 2043 1624; baseline -0.001 -14"><span class='ocrx_word' id='word_1_89' title='bbox 449 1545 585 1610; x_wconf 54' lang='lat' dir='ltr'><strong>‘cem</strong></span> <span class='ocrx_word' id='word_1_90' title='bbox 615 1555 855 1610; x_wconf 86' lang='lat' dir='ltr'><strong>millibus</strong></span> <span class='ocrx_word' id='word_1_91' title='bbox 888 1556 941 1608; x_wconf 90' lang='lat' dir='ltr'><strong>in</strong></span> <span class='ocrx_word' id='word_1_92' title='bbox 974 1553 1312 1608; x_wconf 88' lang='lat' dir='ltr'><strong>Walachiam</strong></span> <span class='ocrx_word' id='word_1_93' title='bbox 1334 1553 1581 1624; x_wconf 87' lang='lat' dir='ltr'><strong>trajecit:</strong></span> <span class='ocrx_word' id='word_1_94' title='bbox 1614 1568 1738 1608; x_wconf 91' lang='lat' dir='ltr'><strong>cum</strong></span> <span class='ocrx_word' id='word_1_95' title='bbox 1770 1554 1887 1610; x_wconf 84' lang='lat' dir='ltr'><strong>istis</strong></span> <span class='ocrx_word' id='word_1_96' title='bbox 1913 1553 2043 1609; x_wconf 78' lang='lat' dir='ltr'><strong>Wa-</strong></span> 
     </span>
    </p>
   </div>
   <div class='ocr_carea' id='block_1_18' title="bbox 460 1647 2043 1720">
    <p class='ocr_par' dir='ltr' id='par_1_18' title="bbox 460 1647 2043 1720">
     <span class='ocr_line' id='line_1_18' title="bbox 460 1647 2043 1720; baseline 0.001 -19"><span class='ocrx_word' id='word_1_97' title='bbox 460 1648 656 1703; x_wconf 88' lang='lat' dir='ltr'><strong>lachus</strong></span> <span class='ocrx_word' id='word_1_98' title='bbox 683 1662 878 1702; x_wconf 89' lang='lat' dir='ltr'><strong>manus</strong></span> <span class='ocrx_word' id='word_1_99' title='bbox 902 1647 1139 1704; x_wconf 86' lang='lat' dir='ltr'><strong>conserit</strong></span> <span class='ocrx_word' id='word_1_100' title='bbox 1171 1662 1235 1703; x_wconf 92' lang='lat' dir='ltr'><strong>ac</strong></span> <span class='ocrx_word' id='word_1_101' title='bbox 1268 1656 1492 1718; x_wconf 78' lang='lat' dir='ltr'><strong>pugnat,</strong></span> <span class='ocrx_word' id='word_1_102' title='bbox 1530 1658 1584 1703; x_wconf 91' lang='lat' dir='ltr'><strong>et</strong></span> <span class='ocrx_word' id='word_1_103' title='bbox 1621 1648 1764 1703; x_wconf 89' lang='lat' dir='ltr'><strong>inter</strong></span> <span class='ocrx_word' id='word_1_104' title='bbox 1793 1664 2043 1720; x_wconf 84' lang='lat' dir='ltr'><strong>pugnan-</strong></span> 
     </span>
    </p>
   </div>
   <div class='ocr_carea' id='block_1_19' title="bbox 456 1739 2038 1811">
    <p class='ocr_par' dir='ltr' id='par_1_19' title="bbox 456 1739 2038 1811">
     <span class='ocr_line' id='line_1_19' title="bbox 456 1739 2038 1811; baseline 0 -16"><span class='ocrx_word' id='word_1_105' title='bbox 456 1741 587 1795; x_wconf 91' lang='lat' dir='ltr'><strong>dum</strong></span> <span class='ocrx_word' id='word_1_106' title='bbox 627 1740 822 1811; x_wconf 87' lang='lat' dir='ltr'><strong>partim</strong></span> <span class='ocrx_word' id='word_1_107' title='bbox 852 1740 1227 1795; x_wconf 86' lang='lat' dir='ltr'><strong>internecione</strong></span> <span class='ocrx_word' id='word_1_108' title='bbox 1257 1740 1420 1805; x_wconf 91' lang='lat' dir='ltr'><strong>delet,</strong></span> <span class='ocrx_word' id='word_1_109' title='bbox 1459 1739 1657 1809; x_wconf 87' lang='lat' dir='ltr'><strong>partim</strong></span> <span class='ocrx_word' id='word_1_110' title='bbox 1675 1740 1829 1796; x_wconf 86' lang='lat' dir='ltr'><strong>vivos</strong></span> <span class='ocrx_word' id='word_1_111' title='bbox 1863 1740 2038 1810; x_wconf 79' lang='lat' dir='ltr'><strong>capit;</strong></span> 
     </span>
    </p>
   </div>
   <div class='ocr_carea' id='block_1_20' title="bbox 457 1830 2037 1901">
    <p class='ocr_par' dir='ltr' id='par_1_20' title="bbox 457 1830 2037 1901">
     <span class='ocr_line' id='line_1_20' title="bbox 457 1830 2037 1901; baseline 0.001 -16"><span class='ocrx_word' id='word_1_112' title='bbox 457 1848 598 1901; x_wconf 87' lang='lat' dir='ltr'><strong>quos</strong></span> <span class='ocrx_word' id='word_1_113' title='bbox 664 1847 856 1887; x_wconf 90' lang='lat' dir='ltr'><strong>omnes</strong></span> <span class='ocrx_word' id='word_1_114' title='bbox 906 1846 1209 1899; x_wconf 88' lang='lat' dir='ltr'><strong>eorumque</strong></span> <span class='ocrx_word' id='word_1_115' title='bbox 1263 1830 1459 1886; x_wconf 91' lang='lat' dir='ltr'><strong>ducem</strong></span> <span class='ocrx_word' id='word_1_116' title='bbox 1523 1831 1781 1887; x_wconf 84' lang='lat' dir='ltr'><strong>Hamzam</strong></span> <span class='ocrx_word' id='word_1_117' title='bbox 1844 1834 2037 1888; x_wconf 89' lang='lat' dir='ltr'><strong>acerba</strong></span> 
     </span>
    </p>
   </div>
   <div class='ocr_carea' id='block_1_21' title="bbox 458 1924 2040 1996">
    <p class='ocr_par' dir='ltr' id='par_1_21' title="bbox 458 1924 2040 1996">
     <span class='ocr_line' id='line_1_21' title="bbox 458 1924 2040 1996; baseline 0.001 -17"><span class='ocrx_word' id='word_1_118' title='bbox 458 1926 565 1995; x_wconf 87' lang='lat' dir='ltr'><strong>pali</strong></span> <span class='ocrx_word' id='word_1_119' title='bbox 594 1939 754 1996; x_wconf 67' lang='lat' dir='ltr'><strong>paena</strong></span> <span class='ocrx_word' id='word_1_120' title='bbox 807 1925 1096 1979; x_wconf 88' lang='lat' dir='ltr'><strong>damnatos</strong></span> <span class='ocrx_word' id='word_1_121' title='bbox 1130 1924 1366 1979; x_wconf 83' lang='lat' dir='ltr'><strong>necavit.</strong></span> <span class='ocrx_word' id='word_1_122' title='bbox 1415 1924 1511 1979; x_wconf 89' lang='lat' dir='ltr'><strong>His</strong></span> <span class='ocrx_word' id='word_1_123' title='bbox 1571 1926 1864 1995; x_wconf 84' lang='lat' dir='ltr'><strong>compertis</strong></span> <span class='ocrx_word' id='word_1_124' title='bbox 1924 1928 2040 1981; x_wconf 82' lang='lat' dir='ltr'><strong>ani-</strong></span> 
     </span>
    </p>
   </div>
   <div class='ocr_carea' id='block_1_22' title="bbox 456 2017 2039 2090">
    <p class='ocr_par' dir='ltr' id='par_1_22' title="bbox 456 2017 2039 2090">
     <span class='ocr_line' id='line_1_22' title="bbox 456 2017 2039 2090; baseline 0.003 -19"><span class='ocrx_word' id='word_1_125' title='bbox 456 2019 528 2072; x_wconf 76' lang='lat' dir='ltr'><strong>ni</strong></span> <span class='ocrx_word' id='word_1_126' title='bbox 565 2018 831 2087; x_wconf 74' lang='lat' dir='ltr'><strong>vertigine</strong></span> <span class='ocrx_word' id='word_1_127' title='bbox 857 2025 911 2071; x_wconf 89' lang='lat' dir='ltr'><strong>et</strong></span> <span class='ocrx_word' id='word_1_128' title='bbox 933 2024 1068 2072; x_wconf 81' lang='lat' dir='ltr'><strong>aestu</strong></span> <span class='ocrx_word' id='word_1_129' title='bbox 1108 2017 1478 2072; x_wconf 81' lang='lat' dir='ltr'><strong>circumactus</strong></span> <span class='ocrx_word' id='word_1_130' title='bbox 1529 2024 1819 2089; x_wconf 88' lang='lat' dir='ltr'><strong>tyrannus,</strong></span> <span class='ocrx_word' id='word_1_131' title='bbox 1848 2020 2039 2090; x_wconf 83' lang='lat' dir='ltr'><strong>copias</strong></span> 
     </span>
    </p>
   </div>
   <div class='ocr_carea' id='block_1_23' title="bbox 454 2107 2040 2179">
    <p class='ocr_par' dir='ltr' id='par_1_23' title="bbox 454 2107 2040 2179">
     <span class='ocr_line' id='line_1_23' title="bbox 454 2107 2040 2179; baseline 0.005 -18"><span class='ocrx_word' id='word_1_132' title='bbox 454 2108 814 2178; x_wconf 84' lang='lat' dir='ltr'><strong>nndequaque</strong></span> <span class='ocrx_word' id='word_1_133' title='bbox 841 2107 907 2161; x_wconf 89' lang='lat' dir='ltr'><strong>ad</strong></span> <span class='ocrx_word' id='word_1_134' title='bbox 932 2117 1151 2163; x_wconf 89' lang='lat' dir='ltr'><strong>centum</strong></span> <span class='ocrx_word' id='word_1_135' title='bbox 1179 2108 1579 2179; x_wconf 78' lang='lat' dir='ltr'><strong>quinquaginta</strong></span> <span class='ocrx_word' id='word_1_136' title='bbox 1629 2111 1864 2167; x_wconf 85' lang='lat' dir='ltr'><strong>militum</strong></span> <span class='ocrx_word' id='word_1_137' title='bbox 1914 2114 2040 2169; x_wconf 91' lang='lat' dir='ltr'><strong>mil-</strong></span> 
     </span>
    </p>
   </div>
   <div class='ocr_carea' id='block_1_24' title="bbox 448 2200 2037 2275">
    <p class='ocr_par' dir='ltr' id='par_1_24' title="bbox 448 2200 2037 2275">
     <span class='ocr_line' id='line_1_24' title="bbox 448 2200 2037 2275; baseline 0.005 -22"><span class='ocrx_word' id='word_1_138' title='bbox 448 2201 523 2254; x_wconf 85' lang='lat' dir='ltr'><strong>lia</strong></span> <span class='ocrx_word' id='word_1_139' title='bbox 588 2200 895 2255; x_wconf 85' lang='lat' dir='ltr'><strong>contrahit:</strong></span> <span class='ocrx_word' id='word_1_140' title='bbox 954 2214 1051 2269; x_wconf 88' lang='lat' dir='ltr'><strong>per</strong></span> <span class='ocrx_word' id='word_1_141' title='bbox 1110 2207 1328 2270; x_wconf 79' lang='lat' dir='ltr'><strong>tempus</strong></span> <span class='ocrx_word' id='word_1_142' title='bbox 1387 2216 1619 2255; x_wconf 84' lang='lat' dir='ltr'><strong>vernum</strong></span> <span class='ocrx_word' id='word_1_143' title='bbox 1679 2203 2037 2275; x_wconf 82' lang='lat' dir='ltr'><strong>Adrianopoli</strong></span> 
     </span>
    </p>
   </div>
   <div class='ocr_carea' id='block_1_25' title="bbox 448 2291 2040 2367">
    <p class='ocr_par' dir='ltr' id='par_1_25' title="bbox 448 2291 2040 2367">
     <span class='ocr_line' id='line_1_25' title="bbox 448 2291 2040 2367; baseline 0.003 -20"><span class='ocrx_word' id='word_1_144' title='bbox 448 2293 728 2362; x_wconf 83' lang='lat' dir='ltr'><strong>profectus</strong></span> <span class='ocrx_word' id='word_1_145' title='bbox 761 2291 827 2346; x_wconf 90' lang='lat' dir='ltr'><strong>ad</strong></span> <span class='ocrx_word' id='word_1_146' title='bbox 862 2291 1093 2345; x_wconf 87' lang='lat' dir='ltr'><strong>Danubii</strong></span> <span class='ocrx_word' id='word_1_147' title='bbox 1112 2292 1283 2361; x_wconf 89' lang='lat' dir='ltr'><strong>ripam</strong></span> <span class='ocrx_word' id='word_1_148' title='bbox 1311 2293 1486 2359; x_wconf 91' lang='lat' dir='ltr'><strong>venit;</strong></span> <span class='ocrx_word' id='word_1_149' title='bbox 1516 2293 1699 2364; x_wconf 91' lang='lat' dir='ltr'><strong>ibique</strong></span> <span class='ocrx_word' id='word_1_150' title='bbox 1723 2297 1923 2350; x_wconf 87' lang='lat' dir='ltr'><strong>castris</strong></span> <span class='ocrx_word' id='word_1_151' title='bbox 1942 2312 2040 2367; x_wconf 80' lang='lat' dir='ltr'><strong>po-</strong></span> 
     </span>
    </p>
   </div>
   <div class='ocr_carea' id='block_1_26' title="bbox 447 2384 2038 2455">
    <p class='ocr_par' dir='ltr' id='par_1_26' title="bbox 447 2384 2038 2455">
     <span class='ocr_line' id='line_1_26' title="bbox 447 2384 2038 2455; baseline 0.005 -18"><span class='ocrx_word' id='word_1_152' title='bbox 447 2386 589 2448; x_wconf 64' lang='lat' dir='ltr'><strong>sitis,</strong></span> <span class='ocrx_word' id='word_1_153' title='bbox 620 2384 795 2439; x_wconf 87' lang='lat' dir='ltr'><strong>donec</strong></span> <span class='ocrx_word' id='word_1_154' title='bbox 817 2384 1086 2439; x_wconf 74' lang='lat' dir='ltr'><strong>universa:</strong></span> <span class='ocrx_word' id='word_1_155' title='bbox 1109 2384 1280 2452; x_wconf 72' lang='lat' dir='ltr'><strong>copia:</strong></span> <span class='ocrx_word' id='word_1_156' title='bbox 1334 2400 1393 2440; x_wconf 91' lang='lat' dir='ltr'><strong>se</strong></span> <span class='ocrx_word' id='word_1_157' title='bbox 1426 2384 1869 2455; x_wconf 73' lang='lat' dir='ltr'><strong>coniunxissent.</strong></span> <span class='ocrx_word' id='word_1_158' title='bbox 1905 2390 2038 2445; x_wconf 81' lang='lat' dir='ltr'><strong>sub—</strong></span> 
     </span>
    </p>
   </div>
   <div class='ocr_carea' id='block_1_27' title="bbox 447 2475 2035 2536">
    <p class='ocr_par' dir='ltr' id='par_1_27' title="bbox 447 2475 2035 2536">
     <span class='ocr_line' id='line_1_27' title="bbox 447 2475 2035 2536; baseline 0.003 -5"><span class='ocrx_word' id='word_1_159' title='bbox 447 2478 610 2531; x_wconf 90' lang='lat' dir='ltr'><strong>stitit.</strong></span> <span class='ocrx_word' id='word_1_160' title='bbox 671 2475 975 2531; x_wconf 85' lang='lat' dir='ltr'><strong>Walachus</strong></span> <span class='ocrx_word' id='word_1_161' title='bbox 1034 2475 1243 2531; x_wconf 83' lang='lat' dir='ltr'><strong>interea</strong></span> <span class='ocrx_word' id='word_1_162' title='bbox 1327 2490 1520 2532; x_wconf 90' lang='lat' dir='ltr'><strong>omnes</strong></span> <span class='ocrx_word' id='word_1_163' title='bbox 1591 2479 1841 2535; x_wconf 76' lang='lat' dir='ltr'><strong>subditos</strong></span> <span class='ocrx_word' id='word_1_164' title='bbox 1908 2496 2035 2536; x_wconf 87' lang='lat' dir='ltr'><strong>suos</strong></span> 
     </span>
    </p>
   </div>
   <div class='ocr_carea' id='block_1_28' title="bbox 448 2569 2034 2643">
    <p class='ocr_par' dir='ltr' id='par_1_28' title="bbox 448 2569 2034 2643">
     <span class='ocr_line' id='line_1_28' title="bbox 448 2569 2034 2643; baseline 0.003 -19"><span class='ocrx_word' id='word_1_165' title='bbox 448 2572 504 2625; x_wconf 90' lang='lat' dir='ltr'><strong>in</strong></span> <span class='ocrx_word' id='word_1_166' title='bbox 538 2580 687 2625; x_wconf 86' lang='lat' dir='ltr'><strong>arcta</strong></span> <span class='ocrx_word' id='word_1_167' title='bbox 713 2570 829 2623; x_wconf 89' lang='lat' dir='ltr'><strong>loca</strong></span> <span class='ocrx_word' id='word_1_168' title='bbox 856 2569 1123 2639; x_wconf 80' lang='lat' dir='ltr'><strong>silvisque</strong></span> <span class='ocrx_word' id='word_1_169' title='bbox 1165 2569 1341 2625; x_wconf 84' lang='lat' dir='ltr'><strong>obsita</strong></span> <span class='ocrx_word' id='word_1_170' title='bbox 1373 2570 1607 2640; x_wconf 83' lang='lat' dir='ltr'><strong>migrare</strong></span> <span class='ocrx_word' id='word_1_171' title='bbox 1631 2571 1818 2641; x_wconf 86' lang='lat' dir='ltr'><strong>jussit.</strong></span> <span class='ocrx_word' id='word_1_172' title='bbox 1851 2573 2034 2643; x_wconf 76' lang='lat' dir='ltr'><strong>Agris-</strong></span> 
     </span>
    </p>
   </div>
   <div class='ocr_carea' id='block_1_29' title="bbox 445 2662 2028 2737">
    <p class='ocr_par' dir='ltr' id='par_1_29' title="bbox 445 2662 2028 2737">
     <span class='ocr_line' id='line_1_29' title="bbox 445 2662 2028 2737; baseline 0.004 -21"><span class='ocrx_word' id='word_1_173' title='bbox 445 2680 551 2734; x_wconf 87' lang='lat' dir='ltr'><strong>que</strong></span> <span class='ocrx_word' id='word_1_174' title='bbox 586 2663 815 2719; x_wconf 81' lang='lat' dir='ltr'><strong>vastatis</strong></span> <span class='ocrx_word' id='word_1_175' title='bbox 850 2662 1085 2731; x_wconf 83' lang='lat' dir='ltr'><strong>pecudes</strong></span> <span class='ocrx_word' id='word_1_176' title='bbox 1111 2669 1417 2732; x_wconf 63' lang='lat' dir='ltr'><strong>ceteraque</strong></span> <span class='ocrx_word' id='word_1_177' title='bbox 1453 2664 1713 2719; x_wconf 83' lang='lat' dir='ltr'><strong>animalia</strong></span> <span class='ocrx_word' id='word_1_178' title='bbox 1764 2666 1830 2719; x_wconf 83' lang='lat' dir='ltr'><strong>ad</strong></span> <span class='ocrx_word' id='word_1_179' title='bbox 1870 2666 2028 2737; x_wconf 80' lang='lat'><strong>195</strong></span> 
     </span>
    </p>
   </div>
   <div class='ocr_carea' id='block_1_30' title="bbox 450 2755 2033 2827">
    <p class='ocr_par' dir='ltr' id='par_1_30' title="bbox 450 2755 2033 2827">
     <span class='ocr_line' id='line_1_30' title="bbox 450 2755 2033 2827; baseline 0.002 -17"><span class='ocrx_word' id='word_1_180' title='bbox 450 2766 634 2827; x_wconf 82' lang='lat' dir='ltr'><strong>partes</strong></span> <span class='ocrx_word' id='word_1_181' title='bbox 696 2756 1006 2817; x_wconf 81' lang='lat' dir='ltr'><strong>interiores.</strong></span> <span class='ocrx_word' id='word_1_182' title='bbox 1058 2757 1359 2811; x_wconf 77' lang='lat' dir='ltr'><strong>Alanorum</strong></span> <span class='ocrx_word' id='word_1_183' title='bbox 1422 2755 1855 2827; x_wconf 88' lang='lat' dir='ltr'><strong>Hunnorumque</strong></span> <span class='ocrx_word' id='word_1_184' title='bbox 1898 2760 2033 2813; x_wconf 92' lang='lat' dir='ltr'><strong>lines</strong></span> 
     </span>
    </p>
   </div>
   <div class='ocr_carea' id='block_1_31' title="bbox 444 2847 2031 2917">
    <p class='ocr_par' dir='ltr' id='par_1_31' title="bbox 444 2847 2031 2917">
     <span class='ocr_line' id='line_1_31' title="bbox 444 2847 2031 2917; baseline 0.003 -17"><span class='ocrx_word' id='word_1_185' title='bbox 444 2847 622 2917; x_wconf 79' lang='lat' dir='ltr'><strong>abegit</strong></span> <span class='ocrx_word' id='word_1_186' title='bbox 658 2861 758 2900; x_wconf 80' lang='lat' dir='ltr'><strong>:se</strong></span> <span class='ocrx_word' id='word_1_187' title='bbox 802 2861 931 2900; x_wconf 88' lang='lat' dir='ltr'><strong>vero</strong></span> <span class='ocrx_word' id='word_1_188' title='bbox 984 2859 1047 2900; x_wconf 91' lang='lat' dir='ltr'><strong>ac</strong></span> <span class='ocrx_word' id='word_1_189' title='bbox 1084 2847 1385 2900; x_wconf 80' lang='lat' dir='ltr'><strong>exercitum</strong></span> <span class='ocrx_word' id='word_1_190' title='bbox 1416 2847 1557 2900; x_wconf 89' lang='lat' dir='ltr'><strong>intra</strong></span> <span class='ocrx_word' id='word_1_191' title='bbox 1594 2847 1761 2903; x_wconf 87' lang='lat' dir='ltr'><strong>silvas</strong></span> <span class='ocrx_word' id='word_1_192' title='bbox 1807 2848 2031 2911; x_wconf 88' lang='lat' dir='ltr'><strong>densas.</strong></span> 
     </span>
    </p>
   </div>
   <div class='ocr_carea' id='block_1_32' title="bbox 443 2938 2033 3011">
    <p class='ocr_par' dir='ltr' id='par_1_32' title="bbox 443 2938 2033 3011">
     <span class='ocr_line' id='line_1_32' title="bbox 443 2938 2033 3011; baseline 0.004 -21"><span class='ocrx_word' id='word_1_193' title='bbox 443 2940 577 2993; x_wconf 83' lang='lat' dir='ltr'><strong>tutis</strong></span> <span class='ocrx_word' id='word_1_194' title='bbox 603 2938 741 2993; x_wconf 85' lang='lat' dir='ltr'><strong>locis</strong></span> <span class='ocrx_word' id='word_1_195' title='bbox 764 2938 1071 3007; x_wconf 89' lang='lat' dir='ltr'><strong>occupatis,</strong></span> <span class='ocrx_word' id='word_1_196' title='bbox 1095 2938 1389 2993; x_wconf 89' lang='lat' dir='ltr'><strong>continuit.</strong></span> <span class='ocrx_word' id='word_1_197' title='bbox 1439 2938 1511 2992; x_wconf 83' lang='lat' dir='ltr'><strong>At</strong></span> <span class='ocrx_word' id='word_1_198' title='bbox 1563 2950 1795 3011; x_wconf 84' lang='lat' dir='ltr'><strong>tyranno</strong></span> <span class='ocrx_word' id='word_1_199' title='bbox 1855 2941 2033 2996; x_wconf 86' lang='lat' dir='ltr'><strong>Danu-</strong></span> 
     </span>
    </p>
   </div>
   <div class='ocr_carea' id='block_1_33' title="bbox 444 3030 2032 3100">
    <p class='ocr_par' dir='ltr' id='par_1_33' title="bbox 444 3030 2032 3100">
     <span class='ocr_line' id='line_1_33' title="bbox 444 3030 2032 3100; baseline 0.001 -14"><span class='ocrx_word' id='word_1_200' title='bbox 444 3032 935 3086; x_wconf 87' lang='lat' dir='ltr'><strong>biumtransvecto</strong></span> <span class='ocrx_word' id='word_1_201' title='bbox 965 3038 1288 3100; x_wconf 88' lang='lat' dir='ltr'><strong>septemque</strong></span> <span class='ocrx_word' id='word_1_202' title='bbox 1346 3030 1562 3086; x_wconf 86' lang='lat' dir='ltr'><strong>dierum</strong></span> <span class='ocrx_word' id='word_1_203' title='bbox 1624 3033 1823 3090; x_wconf 90' lang='lat' dir='ltr'><strong>itinere</strong></span> <span class='ocrx_word' id='word_1_204' title='bbox 1847 3049 2032 3089; x_wconf 87' lang='lat' dir='ltr'><strong>emen-</strong></span> 
     </span>
    </p>
   </div>
   <div class='ocr_carea' id='block_1_34' title="bbox 2067 1788 2115 1849">
    <p class='ocr_par' dir='ltr' id='par_1_34' title="bbox 2067 1788 2115 1849">
     <span class='ocr_line' id='line_1_34' title="bbox 2067 1788 2115 1849; baseline 0 0"><span class='ocrx_word' id='word_1_205' title='bbox 2067 1788 2115 1849; x_wconf 87' lang='lat' dir='ltr'><strong>B</strong></span> 
     </span>
    </p>
   </div>
   <div class='ocr_carea' id='block_1_35' title="bbox 2154 539 3749 608">
    <p class='ocr_par' dir='ltr' id='par_1_35' title="bbox 2154 539 3749 608">
     <span class='ocr_line' id='line_1_35' title="bbox 2154 539 3749 608; baseline -0.006 -9"><span class='ocrx_word' id='word_1_206' title='bbox 2154 546 2372 608; x_wconf 76' lang='grc' dir='ltr'><strong>στείλας</strong></span> <span class='ocrx_word' id='word_1_207' title='bbox 2409 545 2464 598; x_wconf 77' lang='grc' dir='ltr'>δὲ</span> <span class='ocrx_word' id='word_1_208' title='bbox 2495 542 2657 597; x_wconf 78' lang='grc' dir='ltr'>αὐτὸν</span> <span class='ocrx_word' id='word_1_209' title='bbox 2706 544 2764 597; x_wconf 84' lang='grc' dir='ltr'><strong>ἐν</strong></span> <span class='ocrx_word' id='word_1_210' title='bbox 2821 539 3402 595; x_wconf 84' lang='grc' dir='ltr'>Κωνσταντινουπόλει</span> <span class='ocrx_word' id='word_1_211' title='bbox 3461 540 3564 593; x_wconf 72' lang='grc' dir='ltr'>σὺν</span> <span class='ocrx_word' id='word_1_212' title='bbox 3617 542 3749 599; x_wconf 82' lang='grc' dir='ltr'>ταῖς</span> 
     </span>
    </p>
   </div>
   <div class='ocr_carea' id='block_1_36' title="bbox 2150 632 3751 709">
    <p class='ocr_par' dir='ltr' id='par_1_36' title="bbox 2150 632 3751 709">
     <span class='ocr_line' id='line_1_36' title="bbox 2150 632 3751 709; baseline -0.006 -18"><span class='ocrx_word' id='word_1_213' title='bbox 2150 638 2402 709; x_wconf 79' lang='grc' dir='ltr'><strong>τριήρεσι</strong></span> <span class='ocrx_word' id='word_1_214' title='bbox 2430 637 2700 705; x_wconf 70' lang='grc' dir='ltr'>παγγενεὶ</span> <span class='ocrx_word' id='word_1_215' title='bbox 2731 634 2800 705; x_wconf 83' lang='grc' dir='ltr'><strong>μέ</strong></span> <span class='ocrx_word' id='word_1_216' title='bbox 2841 636 3068 705; x_wconf 81' lang='grc' dir='ltr'>ἐτέρους</span> <span class='ocrx_word' id='word_1_217' title='bbox 3094 632 3397 706; x_wconf 79' lang='grc' dir='ltr'>[ἐκύρους],</span> <span class='ocrx_word' id='word_1_218' title='bbox 3424 632 3613 694; x_wconf 80' lang='grc' dir='ltr'>θείους</span> <span class='ocrx_word' id='word_1_219' title='bbox 3644 632 3751 684; x_wconf 77' lang='grc' dir='ltr'>καὶ</span> 
     </span>
    </p>
   </div>
   <div class='ocr_carea' id='block_1_37' title="bbox 2149 724 3751 800">
    <p class='ocr_par' dir='ltr' id='par_1_37' title="bbox 2149 724 3751 800">
     <span class='ocr_line' id='line_1_37' title="bbox 2149 724 3751 800; baseline -0.006 -16"><span class='ocrx_word' id='word_1_220' title='bbox 2149 730 2407 800; x_wconf 80' lang='grc' dir='ltr'>ἀνεψιοὺς</span> <span class='ocrx_word' id='word_1_221' title='bbox 2445 730 2632 795; x_wconf 82' lang='grc' dir='ltr'>αὑτοῦ,</span> <span class='ocrx_word' id='word_1_222' title='bbox 2655 728 2751 781; x_wconf 75' lang='grc' dir='ltr'>καὶ</span> <span class='ocrx_word' id='word_1_223' title='bbox 2780 729 2876 782; x_wconf 77' lang='grc' dir='ltr'>σὺν</span> <span class='ocrx_word' id='word_1_224' title='bbox 2906 730 3019 790; x_wconf 85' lang='grc' dir='ltr'>τοῖς</span> <span class='ocrx_word' id='word_1_225' title='bbox 3054 726 3287 797; x_wconf 78' lang='grc' dir='ltr'>ἄρχουσι</span> <span class='ocrx_word' id='word_1_226' title='bbox 3353 726 3449 779; x_wconf 70' lang='grc' dir='ltr'>καὶ</span> <span class='ocrx_word' id='word_1_227' title='bbox 3482 724 3751 790; x_wconf 73' lang='grc' dir='ltr'>εὐγενέσι</span> 
     </span>
    </p>
   </div>
   <div class='ocr_carea' id='block_1_38' title="bbox 2148 815 3748 891">
    <p class='ocr_par' dir='ltr' id='par_1_38' title="bbox 2148 815 3748 891">
     <span class='ocr_line' id='line_1_38' title="bbox 2148 815 3748 891; baseline -0.005 -15"><span class='ocrx_word' id='word_1_228' title='bbox 2148 821 2243 877; x_wconf 81' lang='grc' dir='ltr'>τοῦ</span> <span class='ocrx_word' id='word_1_229' title='bbox 2276 821 2543 876; x_wconf 84' lang='grc' dir='ltr'>παλατίου</span> <span class='ocrx_word' id='word_1_230' title='bbox 2567 838 2581 852; x_wconf 72' lang='grc' dir='ltr'><strong>ο</strong></span> <span class='ocrx_word' id='word_1_231' title='bbox 2609 821 2794 891; x_wconf 84' lang='grc' dir='ltr'>φέρων</span> <span class='ocrx_word' id='word_1_232' title='bbox 2826 822 2853 874; x_wconf 82' lang='grc' dir='ltr'>ὁ</span> <span class='ocrx_word' id='word_1_233' title='bbox 2884 820 3072 883; x_wconf 70' lang='grc' dir='ltr'>καθεὶς</span> <span class='ocrx_word' id='word_1_234' title='bbox 3110 819 3179 874; x_wconf 76' lang='grc' dir='ltr'><strong>τά</strong></span> <span class='ocrx_word' id='word_1_235' title='bbox 3212 820 3536 889; x_wconf 82' lang='grc' dir='ltr'>ὑπάρχοντα</span> <span class='ocrx_word' id='word_1_236' title='bbox 3565 815 3748 869; x_wconf 77' lang='grc' dir='ltr'>αὑτοῦ</span> 
     </span>
    </p>
   </div>
   <div class='ocr_carea' id='block_1_39' title="bbox 2148 908 3748 983">
    <p class='ocr_par' dir='ltr' id='par_1_39' title="bbox 2148 908 3748 983">
     <span class='ocr_line' id='line_1_39' title="bbox 2148 908 3748 983; baseline -0.006 -15"><span class='ocrx_word' id='word_1_237' title='bbox 2148 915 2279 969; x_wconf 79' lang='grc' dir='ltr'>ἄνευ</span> <span class='ocrx_word' id='word_1_238' title='bbox 2304 912 2413 966; x_wconf 90' lang='grc' dir='ltr'><strong>τῶν</strong></span> <span class='ocrx_word' id='word_1_239' title='bbox 2448 912 2747 983; x_wconf 81' lang='grc' dir='ltr'>ἀκινήτων.</span> <span class='ocrx_word' id='word_1_240' title='bbox 2773 910 2946 973; x_wconf 72' lang='grc' dir='ltr'>Αὐτὸς</span> <span class='ocrx_word' id='word_1_241' title='bbox 2978 910 3035 964; x_wconf 79' lang='grc' dir='ltr'>δὲ</span> <span class='ocrx_word' id='word_1_242' title='bbox 3083 910 3153 964; x_wconf 82' lang='grc' dir='ltr'><strong>τά</strong></span> <span class='ocrx_word' id='word_1_243' title='bbox 3172 909 3274 978; x_wconf 80' lang='grc' dir='ltr'>τῆς</span> <span class='ocrx_word' id='word_1_244' title='bbox 3307 908 3748 980; x_wconf 68' lang='grc' dir='ltr'><strong>Τραπεζοῦντος</strong></span> 
     </span>
    </p>
   </div>
   <div class='ocr_carea' id='block_1_40' title="bbox 2146 998 3746 1073">
    <p class='ocr_par' dir='ltr' id='par_1_40' title="bbox 2146 998 3746 1073">
     <span class='ocr_line' id='line_1_40' title="bbox 2146 998 3746 1073; baseline -0.006 -16"><span class='ocrx_word' id='word_1_245' title='bbox 2146 1004 2328 1069; x_wconf 87' lang='grc' dir='ltr'>καλῶς</span> <span class='ocrx_word' id='word_1_246' title='bbox 2356 1004 2641 1072; x_wconf 81' lang='grc' dir='ltr'><strong>διοικήσας</strong></span> <span class='ocrx_word' id='word_1_247' title='bbox 2673 1002 3066 1072; x_wconf 84' lang='grc' dir='ltr'>ἐπανεστράφη</span> <span class='ocrx_word' id='word_1_248' title='bbox 3096 1001 3288 1073; x_wconf 83' lang='grc' dir='ltr'>χρόνον</span> <span class='ocrx_word' id='word_1_249' title='bbox 3344 1000 3561 1053; x_wconf 74' lang='grc' dir='ltr'>τέλειον</span> <span class='ocrx_word' id='word_1_250' title='bbox 3596 998 3746 1067; x_wconf 80' lang='grc' dir='ltr'>πληο</span> 
     </span>
    </p>
   </div>
   <div class='ocr_carea' id='block_1_41' title="bbox 2150 1092 3744 1168">
    <p class='ocr_par' dir='ltr' id='par_1_41' title="bbox 2150 1092 3744 1168">
     <span class='ocr_line' id='line_1_41' title="bbox 2150 1092 3744 1168; baseline -0.007 -17"><span class='ocrx_word' id='word_1_251' title='bbox 2150 1097 2331 1167; x_wconf 84' lang='grc' dir='ltr'>ρώσας</span> <span class='ocrx_word' id='word_1_252' title='bbox 2360 1100 2441 1160; x_wconf 81' lang='grc' dir='ltr'><strong>είς</strong></span> <span class='ocrx_word' id='word_1_253' title='bbox 2459 1099 2561 1168; x_wconf 82' lang='grc' dir='ltr'>τὴν</span> <span class='ocrx_word' id='word_1_254' title='bbox 2577 1096 2889 1166; x_wconf 73' lang='grc' dir='ltr'><strong>ἀποδημίαν</strong></span> <span class='ocrx_word' id='word_1_255' title='bbox 2912 1096 3105 1167; x_wconf 79' lang='grc' dir='ltr'>αὐτήν.</span> <span class='ocrx_word' id='word_1_256' title='bbox 3120 1094 3212 1149; x_wconf 84' lang='grc' dir='ltr'>Ἐν</span> <span class='ocrx_word' id='word_1_257' title='bbox 3231 1095 3289 1147; x_wconf 74' lang='grc' dir='ltr'>δὲ</span> <span class='ocrx_word' id='word_1_258' title='bbox 3319 1092 3396 1162; x_wconf 84' lang='grc' dir='ltr'><strong>τῷ</strong></span> <span class='ocrx_word' id='word_1_259' title='bbox 3414 1093 3568 1158; x_wconf 65' lang='grc' dir='ltr'>,ςτῇοθ</span> <span class='ocrx_word' id='word_1_260' title='bbox 3592 1094 3744 1161; x_wconf 72' lang='grc' dir='ltr'><strong>πὲμ-</strong></span> 
     </span>
    </p>
   </div>
   <div class='ocr_carea' id='block_1_42' title="bbox 2148 1183 3740 1261">
    <p class='ocr_par' dir='ltr' id='par_1_42' title="bbox 2148 1183 3740 1261">
     <span class='ocr_line' id='line_1_42' title="bbox 2148 1183 3740 1261; baseline -0.006 -19"><span class='ocrx_word' id='word_1_261' title='bbox 2148 1206 2242 1244; x_wconf 90' lang='grc' dir='ltr'><strong>πει</strong></span> <span class='ocrx_word' id='word_1_262' title='bbox 2283 1191 2422 1261; x_wconf 73' lang='grc' dir='ltr'>πρὸς</span> <span class='ocrx_word' id='word_1_263' title='bbox 2470 1190 2563 1243; x_wconf 76' lang='grc' dir='ltr'>τὸν</span> <span class='ocrx_word' id='word_1_264' title='bbox 2601 1188 2826 1260; x_wconf 73' lang='grc' dir='ltr'>βαῖδόδα</span> <span class='ocrx_word' id='word_1_265' title='bbox 2859 1188 3096 1259; x_wconf 83' lang='grc' dir='ltr'>Βλαχὶας</span> <span class='ocrx_word' id='word_1_266' title='bbox 3151 1185 3265 1257; x_wconf 77' lang='lat'><strong>(38)</strong></span> <span class='ocrx_word' id='word_1_267' title='bbox 3303 1183 3740 1255; x_wconf 77' lang='grc' dir='ltr'>ἀποκρισιάριον</span> 
     </span>
    </p>
   </div>
   <div class='ocr_carea' id='block_1_43' title="bbox 2149 1276 3732 1352">
    <p class='ocr_par' dir='ltr' id='par_1_43' title="bbox 2149 1276 3732 1352">
     <span class='ocr_line' id='line_1_43' title="bbox 2149 1276 3732 1352; baseline -0.004 -20"><span class='ocrx_word' id='word_1_268' title='bbox 2149 1278 2375 1350; x_wconf 80' lang='grc' dir='ltr'><strong>μηνύων</strong></span> <span class='ocrx_word' id='word_1_269' title='bbox 2408 1279 2557 1352; x_wconf 82' lang='grc' dir='ltr'>αὐτῷ</span> <span class='ocrx_word' id='word_1_270' title='bbox 2574 1280 2669 1334; x_wconf 81' lang='grc' dir='ltr'><strong>τοῦ</strong></span> <span class='ocrx_word' id='word_1_271' title='bbox 2692 1281 2869 1335; x_wconf 80' lang='grc' dir='ltr'>ἐλθεῖν</span> <span class='ocrx_word' id='word_1_272' title='bbox 2900 1282 2959 1333; x_wconf 86' lang='grc' dir='ltr'><strong>ἐν</strong></span> <span class='ocrx_word' id='word_1_273' title='bbox 3005 1280 3161 1350; x_wconf 86' lang='grc' dir='ltr'>τάχει</span> <span class='ocrx_word' id='word_1_274' title='bbox 3202 1280 3282 1340; x_wconf 86' lang='grc' dir='ltr'><strong>είς</strong></span> <span class='ocrx_word' id='word_1_275' title='bbox 3318 1276 3732 1347; x_wconf 78' lang='grc' dir='ltr'>προσκύνησιν,</span> 
     </span>
    </p>
   </div>
   <div class='ocr_carea' id='block_1_44' title="bbox 2146 1368 3737 1444">
    <p class='ocr_par' dir='ltr' id='par_1_44' title="bbox 2146 1368 3737 1444">
     <span class='ocr_line' id='line_1_44' title="bbox 2146 1368 3737 1444; baseline -0.004 -20"><span class='ocrx_word' id='word_1_276' title='bbox 2146 1371 2286 1442; x_wconf 76' lang='grc' dir='ltr'>ἔχων</span> <span class='ocrx_word' id='word_1_277' title='bbox 2316 1373 2411 1427; x_wconf 81' lang='grc' dir='ltr'>καὶ</span> <span class='ocrx_word' id='word_1_278' title='bbox 2440 1374 2626 1441; x_wconf 81' lang='grc' dir='ltr'>φέρων</span> <span class='ocrx_word' id='word_1_279' title='bbox 2665 1373 2763 1426; x_wconf 69' lang='grc' dir='ltr'>σὺν</span> <span class='ocrx_word' id='word_1_280' title='bbox 2790 1371 2940 1444; x_wconf 72' lang='grc' dir='ltr'>αὐτῷ</span> <span class='ocrx_word' id='word_1_281' title='bbox 2970 1372 3170 1434; x_wconf 86' lang='grc' dir='ltr'>παῖδας</span> <span class='ocrx_word' id='word_1_282' title='bbox 3217 1375 3295 1441; x_wconf 84' lang='grc' dir='ltr'>φ’,</span> <span class='ocrx_word' id='word_1_283' title='bbox 3336 1368 3431 1422; x_wconf 75' lang='grc' dir='ltr'>καὶ</span> <span class='ocrx_word' id='word_1_284' title='bbox 3481 1368 3545 1420; x_wconf 75' lang='grc' dir='ltr'>τὸ</span> <span class='ocrx_word' id='word_1_285' title='bbox 3609 1368 3737 1419; x_wconf 82' lang='grc' dir='ltr'>κατ’</span> 
     </span>
    </p>
   </div>
   <div class='ocr_carea' id='block_1_45' title="bbox 2146 1458 3735 1535">
    <p class='ocr_par' dir='ltr' id='par_1_45' title="bbox 2146 1458 3735 1535">
     <span class='ocr_line' id='line_1_45' title="bbox 2146 1458 3735 1535; baseline -0.001 -19"><span class='ocrx_word' id='word_1_286' title='bbox 2146 1462 2270 1529; x_wconf 74' lang='grc' dir='ltr'>ἔτος</span> <span class='ocrx_word' id='word_1_287' title='bbox 2325 1463 2603 1531; x_wconf 80' lang='grc' dir='ltr'>διδόμενον</span> <span class='ocrx_word' id='word_1_288' title='bbox 2655 1464 2829 1531; x_wconf 81' lang='grc' dir='ltr'>τέλος,</span> <span class='ocrx_word' id='word_1_289' title='bbox 2893 1464 3064 1535; x_wconf 77' lang='grc' dir='ltr'>ἧγουν</span> <span class='ocrx_word' id='word_1_290' title='bbox 3116 1460 3406 1533; x_wconf 82' lang='grc' dir='ltr'>χρυσὶνους</span> <span class='ocrx_word' id='word_1_291' title='bbox 3482 1458 3735 1530; x_wconf 75' lang='grc' dir='ltr'>χιλιάδας</span> 
     </span>
    </p>
   </div>
   <div class='ocr_carea' id='block_1_46' title="bbox 2144 1550 3731 1628">
    <p class='ocr_par' dir='ltr' id='par_1_46' title="bbox 2144 1550 3731 1628">
     <span class='ocr_line' id='line_1_46' title="bbox 2144 1550 3731 1628; baseline -0.007 -18"><span class='ocrx_word' id='word_1_292' title='bbox 2144 1556 2300 1610; x_wconf 81' lang='grc' dir='ltr'>δέκα.</span> <span class='ocrx_word' id='word_1_293' title='bbox 2350 1553 2526 1617; x_wconf 74' lang='grc' dir='ltr'>Αὐτὸς</span> <span class='ocrx_word' id='word_1_294' title='bbox 2584 1554 2641 1609; x_wconf 85' lang='grc' dir='ltr'>δὲ</span> <span class='ocrx_word' id='word_1_295' title='bbox 2698 1555 3035 1628; x_wconf 81' lang='grc' dir='ltr'>ἀπεκρίνατο</span> <span class='ocrx_word' id='word_1_296' title='bbox 3088 1554 3218 1616; x_wconf 79' lang='grc' dir='ltr'>τοὺς</span> <span class='ocrx_word' id='word_1_297' title='bbox 3274 1553 3375 1624; x_wconf 91' lang='grc' dir='ltr'><strong>μέν</strong></span> <span class='ocrx_word' id='word_1_298' title='bbox 3432 1550 3731 1621; x_wconf 80' lang='grc' dir='ltr'>χρυσίνους</span> 
     </span>
    </p>
   </div>
   <div class='ocr_carea' id='block_1_47' title="bbox 2144 1644 3721 1718">
    <p class='ocr_par' dir='ltr' id='par_1_47' title="bbox 2144 1644 3721 1718">
     <span class='ocr_line' id='line_1_47' title="bbox 2144 1644 3721 1718; baseline -0.004 -17"><span class='ocrx_word' id='word_1_299' title='bbox 2144 1649 2403 1718; x_wconf 79' lang='grc' dir='ltr'><strong>ἑτοίμους</strong></span> <span class='ocrx_word' id='word_1_300' title='bbox 2423 1647 2536 1718; x_wconf 77' lang='grc' dir='ltr'>ἔχει</span> <span class='ocrx_word' id='word_1_301' title='bbox 2565 1647 2658 1702; x_wconf 80' lang='grc' dir='ltr'><strong>τοῦ</strong></span> <span class='ocrx_word' id='word_1_302' title='bbox 2687 1648 3033 1713; x_wconf 72' lang='grc' dir='ltr'>δοῦναι.τοὺς</span> <span class='ocrx_word' id='word_1_303' title='bbox 3054 1647 3112 1702; x_wconf 77' lang='grc' dir='ltr'>δὲ</span> <span class='ocrx_word' id='word_1_304' title='bbox 3140 1647 3338 1710; x_wconf 81' lang='grc' dir='ltr'>παῖδας</span> <span class='ocrx_word' id='word_1_305' title='bbox 3367 1645 3431 1699; x_wconf 83' lang='grc' dir='ltr'><strong>ού</strong></span> <span class='ocrx_word' id='word_1_306' title='bbox 3463 1644 3721 1698; x_wconf 63' lang='lat' dir='ltr'><strong>esum-</strong></span> 
     </span>
    </p>
   </div>
   <div class='ocr_carea' id='block_1_48' title="bbox 2142 1735 3731 1812">
    <p class='ocr_par' dir='ltr' id='par_1_48' title="bbox 2142 1735 3731 1812">
     <span class='ocr_line' id='line_1_48' title="bbox 2142 1735 3731 1812; baseline -0.005 -19"><span class='ocrx_word' id='word_1_307' title='bbox 2142 1739 2202 1793; x_wconf 76' lang='grc' dir='ltr'><strong>τὸ</strong></span> <span class='ocrx_word' id='word_1_308' title='bbox 2239 1740 2295 1793; x_wconf 90' lang='grc' dir='ltr'><strong>δέ</strong></span> <span class='ocrx_word' id='word_1_309' title='bbox 2318 1741 2479 1803; x_wconf 84' lang='grc' dir='ltr'>αὐτὸς</span> <span class='ocrx_word' id='word_1_310' title='bbox 2518 1742 2599 1804; x_wconf 86' lang='grc' dir='ltr'><strong>είς</strong></span> <span class='ocrx_word' id='word_1_311' title='bbox 2641 1739 3016 1812; x_wconf 77' lang='grc' dir='ltr'>προσκύνησιν</span> <span class='ocrx_word' id='word_1_312' title='bbox 3050 1738 3145 1794; x_wconf 81' lang='grc' dir='ltr'>καὶ</span> <span class='ocrx_word' id='word_1_313' title='bbox 3167 1737 3325 1793; x_wconf 79' lang='grc' dir='ltr'>τοῦτο</span> <span class='ocrx_word' id='word_1_314' title='bbox 3382 1735 3731 1792; x_wconf 77' lang='grc' dir='ltr'>ἀδυνατώτεο</span> 
     </span>
    </p>
   </div>
   <div class='ocr_carea' id='block_1_49' title="bbox 2146 1829 3727 1905">
    <p class='ocr_par' dir='ltr' id='par_1_49' title="bbox 2146 1829 3727 1905">
     <span class='ocr_line' id='line_1_49' title="bbox 2146 1829 3727 1905; baseline -0.003 -21"><span class='ocrx_word' id='word_1_315' title='bbox 2146 1849 2259 1904; x_wconf 87' lang='grc' dir='ltr'>ρον.</span> <span class='ocrx_word' id='word_1_316' title='bbox 2295 1831 2483 1887; x_wconf 82' lang='grc' dir='ltr'>Ταῦτα</span> <span class='ocrx_word' id='word_1_317' title='bbox 2516 1833 2757 1899; x_wconf 84' lang='grc' dir='ltr'>ἀκούσας</span> <span class='ocrx_word' id='word_1_318' title='bbox 2788 1836 2815 1888; x_wconf 84' lang='grc' dir='ltr'>ὁ</span> <span class='ocrx_word' id='word_1_319' title='bbox 2841 1834 3107 1905; x_wconf 80' lang='grc' dir='ltr'>τύραννος</span> <span class='ocrx_word' id='word_1_320' title='bbox 3130 1830 3406 1903; x_wconf 75' lang='grc' dir='ltr'>ὴγριὼθη,</span> <span class='ocrx_word' id='word_1_321' title='bbox 3444 1830 3541 1883; x_wconf 78' lang='grc' dir='ltr'>καὶ</span> <span class='ocrx_word' id='word_1_322' title='bbox 3578 1829 3727 1882; x_wconf 73' lang='grc' dir='ltr'>στείσ</span> 
     </span>
    </p>
   </div>
   <div class='ocr_carea' id='block_1_50' title="bbox 2141 1924 3726 1997">
    <p class='ocr_par' dir='ltr' id='par_1_50' title="bbox 2141 1924 3726 1997">
     <span class='ocr_line' id='line_1_50' title="bbox 2141 1924 3726 1997; baseline -0.003 -19"><span class='ocrx_word' id='word_1_323' title='bbox 2141 1927 2239 1991; x_wconf 88' lang='grc' dir='ltr'><strong>λας</strong></span> <span class='ocrx_word' id='word_1_324' title='bbox 2286 1925 2384 1981; x_wconf 73' lang='grc' dir='ltr'>ἕνα</span> <span class='ocrx_word' id='word_1_325' title='bbox 2427 1927 2535 1981; x_wconf 88' lang='grc' dir='ltr'><strong>τῶν</strong></span> <span class='ocrx_word' id='word_1_326' title='bbox 2591 1926 2875 1997; x_wconf 76' lang='grc' dir='ltr'>ἐπιφανῶν</span> <span class='ocrx_word' id='word_1_327' title='bbox 2911 1926 3009 1980; x_wconf 79' lang='grc' dir='ltr'><strong>σὺν</strong></span> <span class='ocrx_word' id='word_1_328' title='bbox 3067 1927 3149 1980; x_wconf 56' lang='grc' dir='ltr'><strong>ἐνὶ⁸</strong></span> <span class='ocrx_word' id='word_1_329' title='bbox 3191 1924 3300 1979; x_wconf 84' lang='grc' dir='ltr'><strong>τῶν</strong></span> <span class='ocrx_word' id='word_1_330' title='bbox 3341 1924 3726 1994; x_wconf 77' lang='grc' dir='ltr'>γραμματέων</span> 
     </span>
    </p>
   </div>
   <div class='ocr_carea' id='block_1_51' title="bbox 2139 2013 3725 2091">
    <p class='ocr_par' dir='ltr' id='par_1_51' title="bbox 2139 2013 3725 2091">
     <span class='ocr_line' id='line_1_51' title="bbox 2139 2013 3725 2091; baseline -0.003 -20"><span class='ocrx_word' id='word_1_331' title='bbox 2139 2018 2309 2072; x_wconf 81' lang='grc' dir='ltr'>αὐτοῦ</span> <span class='ocrx_word' id='word_1_332' title='bbox 2339 2013 2518 2085; x_wconf 75' lang='grc' dir='ltr'>εἶπεν,</span> <span class='ocrx_word' id='word_1_333' title='bbox 2569 2019 2834 2089; x_wconf 79' lang='grc' dir='ltr'>Ἀγάγετέ</span> <span class='ocrx_word' id='word_1_334' title='bbox 2881 2036 2973 2091; x_wconf 89' lang='grc' dir='ltr'><strong>μοι</strong></span> <span class='ocrx_word' id='word_1_335' title='bbox 3030 2019 3157 2082; x_wconf 82' lang='grc' dir='ltr'>τοὺς</span> <span class='ocrx_word' id='word_1_336' title='bbox 3196 2017 3420 2087; x_wconf 86' lang='grc' dir='ltr'>φόρους,</span> <span class='ocrx_word' id='word_1_337' title='bbox 3456 2015 3549 2068; x_wconf 73' lang='grc' dir='ltr'>καὶ</span> <span class='ocrx_word' id='word_1_338' title='bbox 3596 2016 3725 2082; x_wconf 72' lang='grc' dir='ltr'>περὶ</span> 
     </span>
    </p>
   </div>
   <div class='ocr_carea' id='block_1_52' title="bbox 2138 2104 3721 2182">
    <p class='ocr_par' dir='ltr' id='par_1_52' title="bbox 2138 2104 3721 2182">
     <span class='ocr_line' id='line_1_52' title="bbox 2138 2104 3721 2182; baseline -0.003 -18"><span class='ocrx_word' id='word_1_339' title='bbox 2138 2110 2247 2164; x_wconf 87' lang='grc' dir='ltr'><strong>τῶν</strong></span> <span class='ocrx_word' id='word_1_340' title='bbox 2270 2109 2475 2165; x_wconf 84' lang='grc' dir='ltr'>λοιπῶν</span> <span class='ocrx_word' id='word_1_341' title='bbox 2508 2109 2619 2181; x_wconf 83' lang='grc' dir='ltr'><strong>ἐγὼ</strong></span> <span class='ocrx_word' id='word_1_342' title='bbox 2649 2110 2948 2182; x_wconf 81' lang='grc' dir='ltr'>σκέψομαι.</span> <span class='ocrx_word' id='word_1_343' title='bbox 2977 2109 3043 2167; x_wconf 83' lang='lat' dir='ltr'><strong>Ol</strong></span> <span class='ocrx_word' id='word_1_344' title='bbox 3091 2110 3149 2164; x_wconf 78' lang='grc' dir='ltr'><strong>δέ</strong></span> <span class='ocrx_word' id='word_1_345' title='bbox 3188 2108 3460 2175; x_wconf 87' lang='grc' dir='ltr'>ἐλθόντες,</span> <span class='ocrx_word' id='word_1_346' title='bbox 3495 2106 3595 2160; x_wconf 72' lang='grc' dir='ltr'>καὶ</span> <span class='ocrx_word' id='word_1_347' title='bbox 3644 2104 3721 2174; x_wconf 76' lang='grc' dir='ltr'>τῷ</span> 
     </span>
    </p>
   </div>
   <div class='ocr_carea' id='block_1_53' title="bbox 2140 2201 3720 2274">
    <p class='ocr_par' dir='ltr' id='par_1_53' title="bbox 2140 2201 3720 2274">
     <span class='ocr_line' id='line_1_53' title="bbox 2140 2201 3720 2274; baseline -0.002 -20"><span class='ocrx_word' id='word_1_348' title='bbox 2140 2203 2333 2274; x_wconf 86' lang='grc' dir='ltr'>Βλάχῳ</span> <span class='ocrx_word' id='word_1_349' title='bbox 2372 2202 2440 2257; x_wconf 80' lang='grc' dir='ltr'><strong>τά</strong></span> <span class='ocrx_word' id='word_1_350' title='bbox 2486 2202 2800 2274; x_wconf 81' lang='grc' dir='ltr'>μηνυθέντα</span> <span class='ocrx_word' id='word_1_351' title='bbox 2830 2202 3195 2274; x_wconf 78' lang='grc' dir='ltr'>δηλώσαντες,</span> <span class='ocrx_word' id='word_1_352' title='bbox 3249 2202 3468 2274; x_wconf 88' lang='grc' dir='ltr'>πρῶτον</span> <span class='ocrx_word' id='word_1_353' title='bbox 3515 2201 3720 2261; x_wconf 66' lang='grc' dir='ltr'>αὐτοὺς</span> 
     </span>
    </p>
   </div>
   <div class='ocr_carea' id='block_1_54' title="bbox 2138 2293 3721 2367">
    <p class='ocr_par' dir='ltr' id='par_1_54' title="bbox 2138 2293 3721 2367">
     <span class='ocr_line' id='line_1_54' title="bbox 2138 2293 3721 2367; baseline 0.001 -19"><span class='ocrx_word' id='word_1_354' title='bbox 2138 2297 2196 2349; x_wconf 83' lang='grc' dir='ltr'><strong>ἐν</strong></span> <span class='ocrx_word' id='word_1_355' title='bbox 2233 2296 2426 2360; x_wconf 83' lang='grc' dir='ltr'>πάλοις</span> <span class='ocrx_word' id='word_1_356' title='bbox 2452 2296 2701 2367; x_wconf 87' lang='grc' dir='ltr'>καθίησι,</span> <span class='ocrx_word' id='word_1_357' title='bbox 2730 2295 2965 2351; x_wconf 85' lang='grc' dir='ltr'>θάνατον</span> <span class='ocrx_word' id='word_1_358' title='bbox 3021 2296 3419 2367; x_wconf 80' lang='grc' dir='ltr'>ἀπάνθρωπον,</span> <span class='ocrx_word' id='word_1_359' title='bbox 3454 2293 3721 2362; x_wconf 73' lang='grc' dir='ltr'>ὀδυνηρὸν</span> 
     </span>
    </p>
   </div>
   <div class='ocr_carea' id='block_1_55' title="bbox 2135 2379 3720 2457">
    <p class='ocr_par' dir='ltr' id='par_1_55' title="bbox 2135 2379 3720 2457">
     <span class='ocr_line' id='line_1_55' title="bbox 2135 2379 3720 2457; baseline 0.001 -23"><span class='ocrx_word' id='word_1_360' title='bbox 2135 2381 2230 2434; x_wconf 81' lang='grc' dir='ltr'>καὶ</span> <span class='ocrx_word' id='word_1_361' title='bbox 2261 2382 2572 2452; x_wconf 79' lang='grc' dir='ltr'>ἀσχήμονα·</span> <span class='ocrx_word' id='word_1_362' title='bbox 2603 2379 2724 2438; x_wconf 75' lang='grc' dir='ltr'>εἷτα</span> <span class='ocrx_word' id='word_1_363' title='bbox 2756 2385 3001 2456; x_wconf 82' lang='grc' dir='ltr'>περάσας</span> <span class='ocrx_word' id='word_1_364' title='bbox 3036 2387 3135 2440; x_wconf 78' lang='grc' dir='ltr'><strong>σὺν</strong></span> <span class='ocrx_word' id='word_1_365' title='bbox 3168 2385 3401 2457; x_wconf 79' lang='grc' dir='ltr'>δυνάμει</span> <span class='ocrx_word' id='word_1_366' title='bbox 3443 2384 3720 2455; x_wconf 78' lang='grc' dir='ltr'>κατέδρα-</span> 
     </span>
    </p>
   </div>
   <div class='ocr_carea' id='block_1_56' title="bbox 2138 2475 3720 2551">
    <p class='ocr_par' dir='ltr' id='par_1_56' title="bbox 2138 2475 3720 2551">
     <span class='ocr_line' id='line_1_56' title="bbox 2138 2475 3720 2551; baseline -0.013 -5"><span class='ocrx_word' id='word_1_367' title='bbox 2138 2491 2239 2546; x_wconf 79' lang='grc' dir='ltr'><strong>μεν</strong></span> <span class='ocrx_word' id='word_1_368' title='bbox 2272 2475 2333 2528; x_wconf 61' lang='grc' dir='ltr'><strong>ἒν</strong></span> <span class='ocrx_word' id='word_1_369' title='bbox 2375 2478 2490 2541; x_wconf 79' lang='grc' dir='ltr'>τοῖς</span> <span class='ocrx_word' id='word_1_370' title='bbox 2538 2478 2732 2549; x_wconf 82' lang='grc' dir='ltr'>μέρεσι</span> <span class='ocrx_word' id='word_1_371' title='bbox 2759 2478 3006 2551; x_wconf 77' lang='grc' dir='ltr'>Δύστρας</span> <span class='ocrx_word' id='word_1_372' title='bbox 3038 2478 3176 2550; x_wconf 83' lang='lat'><strong>(&#39;59),</strong></span> <span class='ocrx_word' id='word_1_373' title='bbox 3209 2479 3307 2533; x_wconf 75' lang='grc' dir='ltr'>καὶ</span> <span class='ocrx_word' id='word_1_374' title='bbox 3358 2477 3553 2531; x_wconf 68' lang='grc' dir='ltr'>πολλὸν</span> <span class='ocrx_word' id='word_1_375' title='bbox 3589 2475 3720 2527; x_wconf 60' lang='lat' dir='ltr'><strong>hev</strong></span> 
     </span>
    </p>
   </div>
   <div class='ocr_carea' id='block_1_57' title="bbox 2137 2563 3715 2642">
    <p class='ocr_par' dir='ltr' id='par_1_57' title="bbox 2137 2563 3715 2642">
     <span class='ocr_line' id='line_1_57' title="bbox 2137 2563 3715 2642; baseline -0.001 -24"><span class='ocrx_word' id='word_1_376' title='bbox 2137 2563 2463 2637; x_wconf 85' lang='grc' dir='ltr'>συρφετώδη</span> <span class='ocrx_word' id='word_1_377' title='bbox 2492 2564 2674 2623; x_wconf 79' lang='grc' dir='ltr'>λαϐὼν</span> <span class='ocrx_word' id='word_1_378' title='bbox 2704 2569 2761 2621; x_wconf 85' lang='grc' dir='ltr'><strong>ἐν</strong></span> <span class='ocrx_word' id='word_1_379' title='bbox 2801 2568 3009 2641; x_wconf 74' lang='grc' dir='ltr'>Βλαχία</span> <span class='ocrx_word' id='word_1_380' title='bbox 3046 2572 3320 2642; x_wconf 89' lang='grc' dir='ltr'>περάσας,</span> <span class='ocrx_word' id='word_1_381' title='bbox 3350 2568 3561 2626; x_wconf 82' lang='grc' dir='ltr'>πάντας</span> <span class='ocrx_word' id='word_1_382' title='bbox 3620 2568 3715 2620; x_wconf 74' lang='grc' dir='ltr'><strong>τὸν</strong></span> 
     </span>
    </p>
   </div>
   <div class='ocr_carea' id='block_1_58' title="bbox 2134 2656 3719 2733">
    <p class='ocr_par' dir='ltr' id='par_1_58' title="bbox 2134 2656 3719 2733">
     <span class='ocr_line' id='line_1_58' title="bbox 2134 2656 3719 2733; baseline 0.002 -23"><span class='ocrx_word' id='word_1_383' title='bbox 2134 2657 2297 2711; x_wconf 82' lang='grc' dir='ltr'>αὐτὸν</span> <span class='ocrx_word' id='word_1_384' title='bbox 2351 2656 2582 2712; x_wconf 87' lang='grc' dir='ltr'>θάνατον</span> <span class='ocrx_word' id='word_1_385' title='bbox 2633 2659 2743 2714; x_wconf 88' lang='grc' dir='ltr'><strong>τῶν</strong></span> <span class='ocrx_word' id='word_1_386' title='bbox 2780 2661 2971 2715; x_wconf 87' lang='grc' dir='ltr'>πάλων</span> <span class='ocrx_word' id='word_1_387' title='bbox 3012 2661 3115 2733; x_wconf 77' lang='grc' dir='ltr'>τὴν</span> <span class='ocrx_word' id='word_1_388' title='bbox 3179 2661 3324 2733; x_wconf 76' lang='grc' dir='ltr'>ζωὴν</span> <span class='ocrx_word' id='word_1_389' title='bbox 3364 2662 3546 2715; x_wconf 81' lang='grc' dir='ltr'>αὐτῶν</span> <span class='ocrx_word' id='word_1_390' title='bbox 3600 2660 3719 2725; x_wconf 80' lang='grc' dir='ltr'>ἐξε-</span> 
     </span>
    </p>
   </div>
   <div class='ocr_carea' id='block_1_59' title="bbox 2136 2749 3716 2826">
    <p class='ocr_par' dir='ltr' id='par_1_59' title="bbox 2136 2749 3716 2826">
     <span class='ocr_line' id='line_1_59' title="bbox 2136 2749 3716 2826; baseline 0.003 -22"><span class='ocrx_word' id='word_1_391' title='bbox 2136 2751 2400 2822; x_wconf 82' lang='grc' dir='ltr'>μὲτρησε.</span> <span class='ocrx_word' id='word_1_392' title='bbox 2455 2752 2565 2807; x_wconf 79' lang='grc' dir='ltr'><strong>Καὶ</strong></span> <span class='ocrx_word' id='word_1_393' title='bbox 2634 2752 2743 2807; x_wconf 90' lang='grc' dir='ltr'><strong>τῶν</strong></span> <span class='ocrx_word' id='word_1_394' title='bbox 2814 2755 3001 2825; x_wconf 76' lang='grc' dir='ltr'>ἄκρων</span> <span class='ocrx_word' id='word_1_395' title='bbox 3054 2755 3282 2810; x_wconf 85' lang='grc' dir='ltr'>ἐκείνων</span> <span class='ocrx_word' id='word_1_396' title='bbox 3332 2749 3413 2820; x_wconf 76' lang='grc' dir='ltr'>εἷς</span> <span class='ocrx_word' id='word_1_397' title='bbox 3466 2757 3716 2826; x_wconf 73' lang='grc' dir='ltr'>ἀρχηγὸς</span> 
     </span>
    </p>
   </div>
   <div class='ocr_carea' id='block_1_60' title="bbox 2131 2840 3718 2920">
    <p class='ocr_par' dir='ltr' id='par_1_60' title="bbox 2131 2840 3718 2920">
     <span class='ocr_line' id='line_1_60' title="bbox 2131 2840 3718 2920; baseline 0.004 -25"><span class='ocrx_word' id='word_1_398' title='bbox 2131 2841 2226 2896; x_wconf 78' lang='grc' dir='ltr'><strong>τοῦ</strong></span> <span class='ocrx_word' id='word_1_399' title='bbox 2253 2844 2543 2914; x_wconf 89' lang='grc' dir='ltr'>τυράννου,</span> <span class='ocrx_word' id='word_1_400' title='bbox 2569 2840 2739 2899; x_wconf 72' lang='grc' dir='ltr'>θέλων</span> <span class='ocrx_word' id='word_1_401' title='bbox 2769 2844 2943 2911; x_wconf 78' lang='grc' dir='ltr'>δεῖξαι</span> <span class='ocrx_word' id='word_1_402' title='bbox 2973 2847 3261 2917; x_wconf 79' lang='grc' dir='ltr'>ἀριστείαν</span> <span class='ocrx_word' id='word_1_403' title='bbox 3287 2848 3433 2913; x_wconf 69' lang='grc' dir='ltr'>τινὰ,</span> <span class='ocrx_word' id='word_1_404' title='bbox 3458 2851 3718 2920; x_wconf 75' lang='grc' dir='ltr'>περάσας</span> 
     </span>
    </p>
   </div>
   <div class='ocr_carea' id='block_1_61' title="bbox 2132 2922 3717 3011">
    <p class='ocr_par' dir='ltr' id='par_1_61' title="bbox 2132 2922 3717 3011">
     <span class='ocr_line' id='line_1_61' title="bbox 2132 2922 3717 3011; baseline 0.006 -25"><span class='ocrx_word' id='word_1_405' title='bbox 2132 2934 2213 2996; x_wconf 87' lang='grc' dir='ltr'><strong>είς</strong></span> <span class='ocrx_word' id='word_1_406' title='bbox 2248 2934 2482 3006; x_wconf 87' lang='grc' dir='ltr'>Βλαχίαν</span> <span class='ocrx_word' id='word_1_407' title='bbox 2513 2936 2612 2990; x_wconf 80' lang='grc' dir='ltr'>σὺν</span> <span class='ocrx_word' id='word_1_408' title='bbox 2635 2936 2842 3007; x_wconf 83' lang='grc' dir='ltr'>χιλιάσι</span> <span class='ocrx_word' id='word_1_409' title='bbox 2875 2922 3012 2992; x_wconf 74' lang='grc' dir='ltr'>δέκα</span> <span class='ocrx_word' id='word_1_410' title='bbox 3057 2938 3345 3011; x_wconf 82' lang='grc' dir='ltr'>Τούρκων.</span> <span class='ocrx_word' id='word_1_411' title='bbox 3376 2942 3470 2995; x_wconf 69' lang='grc' dir='ltr'>καὶ</span> <span class='ocrx_word' id='word_1_412' title='bbox 3499 2942 3717 3011; x_wconf 72' lang='grc' dir='ltr'>συμϐα-</span> 
     </span>
    </p>
   </div>
   <div class='ocr_carea' id='block_1_62' title="bbox 2134 3024 3716 3104">
    <p class='ocr_par' dir='ltr' id='par_1_62' title="bbox 2134 3024 3716 3104">
     <span class='ocr_line' id='line_1_62' title="bbox 2134 3024 3716 3104; baseline 0.004 -26"><span class='ocrx_word' id='word_1_413' title='bbox 2134 3024 2241 3079; x_wconf 85' lang='grc' dir='ltr'>λὼν</span> <span class='ocrx_word' id='word_1_414' title='bbox 2270 3027 2458 3089; x_wconf 82' lang='grc' dir='ltr'>αὐτοῖς</span> <span class='ocrx_word' id='word_1_415' title='bbox 2484 3028 2513 3079; x_wconf 84' lang='grc' dir='ltr'>ὀ</span> <span class='ocrx_word' id='word_1_416' title='bbox 2544 3026 2775 3097; x_wconf 86' lang='grc' dir='ltr'>Βλάχος,</span> <span class='ocrx_word' id='word_1_417' title='bbox 2823 3026 2920 3104; x_wconf 49' lang='lat' dir='ltr'><strong>ob;</strong></span> <span class='ocrx_word' id='word_1_418' title='bbox 2959 3028 3058 3100; x_wconf 70' lang='grc' dir='ltr'>μὲν</span> <span class='ocrx_word' id='word_1_419' title='bbox 3116 3029 3177 3082; x_wconf 78' lang='grc' dir='ltr'><strong>ἐν</strong></span> <span class='ocrx_word' id='word_1_420' title='bbox 3212 3029 3438 3100; x_wconf 79' lang='grc' dir='ltr'>πολέμῳ</span> <span class='ocrx_word' id='word_1_421' title='bbox 3486 3035 3716 3094; x_wconf 80' lang='grc' dir='ltr'>κτείνας</span> 
     </span>
    </p>
   </div>
   <div class='ocr_carea' id='block_1_63' title="bbox 442 3114 2025 3196">
    <p class='ocr_par' dir='ltr' id='par_1_63' title="bbox 442 3122 2023 3191">
     <span class='ocr_line' id='line_1_63' title="bbox 442 3122 2023 3191; baseline 0.002 -14"><span class='ocrx_word' id='word_1_422' title='bbox 442 3138 526 3188; x_wconf 90' lang='lat' dir='ltr'><strong>so,</strong></span> <span class='ocrx_word' id='word_1_423' title='bbox 568 3138 665 3177; x_wconf 88' lang='lat' dir='ltr'><strong>nec</strong></span> <span class='ocrx_word' id='word_1_424' title='bbox 698 3122 947 3177; x_wconf 85' lang='lat' dir='ltr'><strong>homines</strong></span> <span class='ocrx_word' id='word_1_425' title='bbox 976 3138 1075 3176; x_wconf 90' lang='lat' dir='ltr'><strong>nec</strong></span> <span class='ocrx_word' id='word_1_426' title='bbox 1106 3138 1302 3191; x_wconf 83' lang='lat' dir='ltr'><strong>pecora</strong></span> <span class='ocrx_word' id='word_1_427' title='bbox 1342 3134 1729 3191; x_wconf 88' lang='lat' dir='ltr'><strong>occurrerunt,</strong></span> <span class='ocrx_word' id='word_1_428' title='bbox 1765 3126 1911 3181; x_wconf 88' lang='lat' dir='ltr'><strong>nulla</strong></span> <span class='ocrx_word' id='word_1_429' title='bbox 1943 3128 2023 3182; x_wconf 88' lang='lat' dir='ltr'><strong>ci-</strong></span> 
     </span>
    </p>
   </div>
   <div class='ocr_carea' id='block_1_64' title="bbox 2132 3114 3712 3196">
    <p class='ocr_par' dir='ltr' id='par_1_64' title="bbox 2133 3114 3712 3191">
     <span class='ocr_line' id='line_1_64' title="bbox 2133 3114 3712 3191; baseline 0.003 -22"><span class='ocrx_word' id='word_1_430' title='bbox 2133 3115 2367 3183; x_wconf 74' lang='grc' dir='ltr'>ἔκτεινε,</span> <span class='ocrx_word' id='word_1_431' title='bbox 2409 3114 2504 3182; x_wconf 79' lang='grc' dir='ltr'>οὓς</span> <span class='ocrx_word' id='word_1_432' title='bbox 2556 3117 2613 3171; x_wconf 81' lang='grc' dir='ltr'><strong>δέ</strong></span> <span class='ocrx_word' id='word_1_433' title='bbox 2666 3118 2880 3183; x_wconf 78' lang='grc' dir='ltr'>ζῶντας</span> <span class='ocrx_word' id='word_1_434' title='bbox 2917 3121 3179 3190; x_wconf 75' lang='grc' dir='ltr'>ἦγρευσε,</span> <span class='ocrx_word' id='word_1_435' title='bbox 3227 3119 3439 3183; x_wconf 84' lang='grc' dir='ltr'>πάντας</span> <span class='ocrx_word' id='word_1_436' title='bbox 3483 3122 3564 3191; x_wconf 82' lang='grc' dir='ltr'>τῷ</span> <span class='ocrx_word' id='word_1_437' title='bbox 3612 3122 3712 3176; x_wconf 76' lang='grc' dir='ltr'>τοῦ</span> 
     </span>
    </p>
   </div>
   <div class='ocr_carea' id='block_1_65' title="bbox 444 3213 2026 3283">
    <p class='ocr_par' dir='ltr' id='par_1_65' title="bbox 444 3213 2026 3283">
     <span class='ocr_line' id='line_1_65' title="bbox 444 3213 2026 3283; baseline 0.002 -14"><span class='ocrx_word' id='word_1_438' title='bbox 444 3214 624 3277; x_wconf 83' lang='lat' dir='ltr'><strong>baria,</strong></span> <span class='ocrx_word' id='word_1_439' title='bbox 654 3229 722 3268; x_wconf 90' lang='lat' dir='ltr'><strong>ne</strong></span> <span class='ocrx_word' id='word_1_440' title='bbox 750 3222 911 3283; x_wconf 87' lang='lat' dir='ltr'><strong>potus</strong></span> <span class='ocrx_word' id='word_1_441' title='bbox 937 3213 1178 3282; x_wconf 84' lang='lat' dir='ltr'><strong>quidem,</strong></span> <span class='ocrx_word' id='word_1_442' title='bbox 1212 3213 1452 3267; x_wconf 88' lang='lat' dir='ltr'><strong>inventa.</strong></span> <span class='ocrx_word' id='word_1_443' title='bbox 1509 3213 1646 3269; x_wconf 90' lang='lat' dir='ltr'><strong>Cum</strong></span> <span class='ocrx_word' id='word_1_444' title='bbox 1698 3232 1825 3271; x_wconf 89' lang='lat' dir='ltr'><strong>vero</strong></span> <span class='ocrx_word' id='word_1_445' title='bbox 1866 3217 1917 3271; x_wconf 91' lang='lat' dir='ltr'><strong>in</strong></span> <span class='ocrx_word' id='word_1_446' title='bbox 1949 3218 2026 3272; x_wconf 87' lang='lat' dir='ltr'><strong>lo-</strong></span> 
     </span>
    </p>
   </div>
   <div class='ocr_carea' id='block_1_66' title="bbox 445 3307 2021 3379">
    <p class='ocr_par' dir='ltr' id='par_1_66' title="bbox 445 3307 2021 3379">
     <span class='ocr_line' id='line_1_66' title="bbox 445 3307 2021 3379; baseline 0.003 -16"><span class='ocrx_word' id='word_1_447' title='bbox 445 3324 571 3363; x_wconf 90' lang='lat' dir='ltr'><strong>cum</strong></span> <span class='ocrx_word' id='word_1_448' title='bbox 624 3307 885 3377; x_wconf 84' lang='lat' dir='ltr'><strong>irriguum</strong></span> <span class='ocrx_word' id='word_1_449' title='bbox 963 3315 1017 3361; x_wconf 84' lang='lat' dir='ltr'><strong>et</strong></span> <span class='ocrx_word' id='word_1_450' title='bbox 1078 3316 1383 3376; x_wconf 82' lang='lat' dir='ltr'><strong>opportune</strong></span> <span class='ocrx_word' id='word_1_451' title='bbox 1432 3309 1597 3363; x_wconf 89' lang='lat' dir='ltr'><strong>situm</strong></span> <span class='ocrx_word' id='word_1_452' title='bbox 1661 3311 2021 3379; x_wconf 78' lang='lat' dir='ltr'><strong>pervenisset,</strong></span> 
     </span>
    </p>
   </div>
   <div class='ocr_carea' id='block_1_67' title="bbox 440 3398 2020 3473">
    <p class='ocr_par' dir='ltr' id='par_1_67' title="bbox 440 3398 2020 3473">
     <span class='ocr_line' id='line_1_67' title="bbox 440 3398 2020 3473; baseline 0.003 -22"><span class='ocrx_word' id='word_1_453' title='bbox 440 3401 598 3470; x_wconf 88' lang='lat' dir='ltr'><strong>palos</strong></span> <span class='ocrx_word' id='word_1_454' title='bbox 659 3398 981 3453; x_wconf 88' lang='lat' dir='ltr'><strong>innumeros</strong></span> <span class='ocrx_word' id='word_1_455' title='bbox 1036 3407 1251 3454; x_wconf 88' lang='lat' dir='ltr'><strong>erectos</strong></span> <span class='ocrx_word' id='word_1_456' title='bbox 1305 3399 1685 3471; x_wconf 88' lang='lat' dir='ltr'><strong>depactosque</strong></span> <span class='ocrx_word' id='word_1_457' title='bbox 1734 3405 2020 3473; x_wconf 71' lang='lat' dir='ltr'><strong>conspicit,</strong></span> 
     </span>
    </p>
   </div>
   <div class='ocr_carea' id='block_1_68' title="bbox 442 3490 2020 3562">
    <p class='ocr_par' dir='ltr' id='par_1_68' title="bbox 442 3490 2020 3562">
     <span class='ocr_line' id='line_1_68' title="bbox 442 3490 2020 3562; baseline 0.004 -17"><span class='ocrx_word' id='word_1_458' title='bbox 442 3492 721 3546; x_wconf 88' lang='lat' dir='ltr'><strong>fructuum</strong></span> <span class='ocrx_word' id='word_1_459' title='bbox 746 3491 866 3544; x_wconf 84' lang='lat' dir='ltr'><strong>vice</strong></span> <span class='ocrx_word' id='word_1_460' title='bbox 887 3490 1252 3546; x_wconf 88' lang='lat' dir='ltr'><strong>cadaveribus</strong></span> <span class='ocrx_word' id='word_1_461' title='bbox 1276 3506 1515 3562; x_wconf 81' lang='lat' dir='ltr'><strong>graves:</strong></span> <span class='ocrx_word' id='word_1_462' title='bbox 1554 3493 1608 3546; x_wconf 91' lang='lat' dir='ltr'><strong>in</strong></span> <span class='ocrx_word' id='word_1_463' title='bbox 1639 3495 1885 3549; x_wconf 88' lang='lat' dir='ltr'><strong>omnium</strong></span> <span class='ocrx_word' id='word_1_464' title='bbox 1906 3512 2020 3552; x_wconf 89' lang='lat' dir='ltr'><strong>me-</strong></span> 
     </span>
    </p>
   </div>
   <div class='ocr_carea' id='block_1_69' title="bbox 443 3581 2020 3657">
    <p class='ocr_par' dir='ltr' id='par_1_69' title="bbox 443 3581 2020 3657">
     <span class='ocr_line' id='line_1_69' title="bbox 443 3581 2020 3657; baseline 0.003 -20"><span class='ocrx_word' id='word_1_465' title='bbox 443 3584 537 3637; x_wconf 90' lang='lat' dir='ltr'><strong>dio</strong></span> <span class='ocrx_word' id='word_1_466' title='bbox 579 3583 835 3637; x_wconf 80' lang='lat' dir='ltr'><strong>llamzam</strong></span> <span class='ocrx_word' id='word_1_467' title='bbox 858 3581 1105 3651; x_wconf 83' lang='lat' dir='ltr'><strong>byssinis</strong></span> <span class='ocrx_word' id='word_1_468' title='bbox 1141 3596 1206 3637; x_wconf 87' lang='lat' dir='ltr'><strong>ac</strong></span> <span class='ocrx_word' id='word_1_469' title='bbox 1255 3583 1528 3641; x_wconf 85' lang='lat' dir='ltr'><strong>coccineis</strong></span> <span class='ocrx_word' id='word_1_470' title='bbox 1578 3585 1833 3641; x_wconf 86' lang='lat' dir='ltr'><strong>vestitum</strong></span> <span class='ocrx_word' id='word_1_471' title='bbox 1862 3587 2020 3657; x_wconf 85' lang='lat' dir='ltr'><strong>palo-</strong></span> 
     </span>
    </p>
   </div>
   <div class='ocr_carea' id='block_1_70' title="bbox 442 3659 2022 3749">
    <p class='ocr_par' dir='ltr' id='par_1_70' title="bbox 442 3659 2022 3749">
     <span class='ocr_line' id='line_1_70' title="bbox 442 3659 2022 3749; baseline 0.002 -18"><span class='ocrx_word' id='word_1_472' title='bbox 442 3694 551 3749; x_wconf 91' lang='lat' dir='ltr'><strong>que</strong></span> <span class='ocrx_word' id='word_1_473' title='bbox 605 3677 958 3733; x_wconf 77' lang='lat' dir='ltr'><strong>transﬁxum.</strong></span> <span class='ocrx_word' id='word_1_474' title='bbox 1012 3659 1137 3731; x_wconf 75' lang='lat' dir='ltr'><strong>Hoc</strong></span> <span class='ocrx_word' id='word_1_475' title='bbox 1165 3684 1421 3746; x_wconf 88' lang='lat' dir='ltr'><strong>portento</strong></span> <span class='ocrx_word' id='word_1_476' title='bbox 1462 3686 1724 3748; x_wconf 76' lang='lat' dir='ltr'><strong>tyrannus</strong></span> <span class='ocrx_word' id='word_1_477' title='bbox 1763 3678 2022 3748; x_wconf 63' lang='lat' dir='ltr'><strong>obstupec</strong></span> 
     </span>
    </p>
   </div>
   <div class='ocr_carea' id='block_1_71' title="bbox 438 3767 2019 3838">
    <p class='ocr_par' dir='ltr' id='par_1_71' title="bbox 438 3767 2019 3838">
     <span class='ocr_line' id='line_1_71' title="bbox 438 3767 2019 3838; baseline 0.002 -13"><span class='ocrx_word' id='word_1_478' title='bbox 438 3770 619 3825; x_wconf 81' lang='lat' dir='ltr'><strong>factus</strong></span> <span class='ocrx_word' id='word_1_479' title='bbox 649 3784 712 3824; x_wconf 86' lang='lat' dir='ltr'><strong>ac</strong></span> <span class='ocrx_word' id='word_1_480' title='bbox 736 3770 979 3831; x_wconf 88' lang='lat' dir='ltr'><strong>territus,</strong></span> <span class='ocrx_word' id='word_1_481' title='bbox 1001 3778 1165 3823; x_wconf 78' lang='lat' dir='ltr'><strong>nocte</strong></span> <span class='ocrx_word' id='word_1_482' title='bbox 1212 3767 1361 3838; x_wconf 88' lang='lat' dir='ltr'><strong>ipsa,</strong></span> <span class='ocrx_word' id='word_1_483' title='bbox 1388 3783 1494 3838; x_wconf 90' lang='lat' dir='ltr'><strong>qua</strong></span> <span class='ocrx_word' id='word_1_484' title='bbox 1556 3777 1737 3824; x_wconf 83' lang='lat' dir='ltr'><strong>castra</strong></span> <span class='ocrx_word' id='word_1_485' title='bbox 1783 3778 2019 3827; x_wconf 87' lang='lat' dir='ltr'><strong>metatus</strong></span> 
     </span>
    </p>
   </div>
   <div class='ocr_carea' id='block_1_72' title="bbox 441 3859 2018 3928">
    <p class='ocr_par' dir='ltr' id='par_1_72' title="bbox 441 3859 2018 3928">
     <span class='ocr_line' id='line_1_72' title="bbox 441 3859 2018 3928; baseline 0.001 -11"><span class='ocrx_word' id='word_1_486' title='bbox 441 3874 547 3928; x_wconf 85' lang='lat' dir='ltr'><strong>est,</strong></span> <span class='ocrx_word' id='word_1_487' title='bbox 582 3861 745 3916; x_wconf 89' lang='lat' dir='ltr'><strong>fossis</strong></span> <span class='ocrx_word' id='word_1_488' title='bbox 770 3859 1164 3915; x_wconf 89' lang='lat' dir='ltr'><strong>circumductis</strong></span> <span class='ocrx_word' id='word_1_489' title='bbox 1210 3859 1362 3914; x_wconf 82' lang='lat' dir='ltr'><strong>intra</strong></span> <span class='ocrx_word' id='word_1_490' title='bbox 1424 3875 1484 3915; x_wconf 85' lang='lat' dir='ltr'><strong>se</strong></span> <span class='ocrx_word' id='word_1_491' title='bbox 1506 3862 1798 3917; x_wconf 90' lang='lat' dir='ltr'><strong>continuit.</strong></span> <span class='ocrx_word' id='word_1_492' title='bbox 1832 3861 2018 3919; x_wconf 83' lang='lat' dir='ltr'><strong>Wala-</strong></span> 
     </span>
    </p>
   </div>
   <div class='ocr_carea' id='block_1_73' title="bbox 439 3950 2017 4024">
    <p class='ocr_par' dir='ltr' id='par_1_73' title="bbox 439 3950 2017 4024">
     <span class='ocr_line' id='line_1_73' title="bbox 439 3950 2017 4024; baseline 0.002 -17"><span class='ocrx_word' id='word_1_493' title='bbox 439 3955 579 4007; x_wconf 82' lang='lat' dir='ltr'><strong>chus</strong></span> <span class='ocrx_word' id='word_1_494' title='bbox 605 3967 822 4007; x_wconf 85' lang='lat' dir='ltr'><strong>summo</strong></span> <span class='ocrx_word' id='word_1_495' title='bbox 857 3966 1018 4006; x_wconf 88' lang='lat' dir='ltr'><strong>mane</strong></span> <span class='ocrx_word' id='word_1_496' title='bbox 1054 3951 1241 4021; x_wconf 82' lang='lat' dir='ltr'><strong>copias</strong></span> <span class='ocrx_word' id='word_1_497' title='bbox 1313 3950 1367 4004; x_wconf 87' lang='lat' dir='ltr'><strong>in</strong></span> <span class='ocrx_word' id='word_1_498' title='bbox 1401 3953 1571 4006; x_wconf 90' lang='lat' dir='ltr'><strong>aciem</strong></span> <span class='ocrx_word' id='word_1_499' title='bbox 1596 3952 1893 4024; x_wconf 86' lang='lat' dir='ltr'><strong>dispositas</strong></span> <span class='ocrx_word' id='word_1_500' title='bbox 1922 3969 2017 4010; x_wconf 91' lang='lat' dir='ltr'><strong>an-</strong></span> 
     </span>
    </p>
   </div>
   <div class='ocr_carea' id='block_1_74' title="bbox 436 4036 2015 4102">
    <p class='ocr_par' dir='ltr' id='par_1_74' title="bbox 436 4036 2015 4102">
     <span class='ocr_line' id='line_1_74' title="bbox 436 4036 2015 4102; baseline 0.001 -2"><span class='ocrx_word' id='word_1_501' title='bbox 436 4054 495 4100; x_wconf 88' lang='lat' dir='ltr'><strong>te</strong></span> <span class='ocrx_word' id='word_1_502' title='bbox 530 4043 835 4099; x_wconf 90' lang='lat' dir='ltr'><strong>diluculum</strong></span> <span class='ocrx_word' id='word_1_503' title='bbox 874 4036 1101 4097; x_wconf 77' lang='lat' dir='ltr'><strong>deduxit</strong></span> <span class='ocrx_word' id='word_1_504' title='bbox 1146 4059 1159 4096; x_wconf 89' lang='lat'><strong>:</strong></span> <span class='ocrx_word' id='word_1_505' title='bbox 1196 4049 1391 4097; x_wconf 91' lang='lat' dir='ltr'><strong>etcum</strong></span> <span class='ocrx_word' id='word_1_506' title='bbox 1423 4040 1493 4097; x_wconf 89' lang='lat' dir='ltr'><strong>ad</strong></span> <span class='ocrx_word' id='word_1_507' title='bbox 1544 4052 1858 4100; x_wconf 88' lang='lat' dir='ltr'><strong>castrorum</strong></span> <span class='ocrx_word' id='word_1_508' title='bbox 1886 4046 2015 4102; x_wconf 81' lang='lat' dir='ltr'><strong>dex-</strong></span> 
     </span>
    </p>
   </div>
   <div class='ocr_carea' id='block_1_75' title="bbox 435 4123 2015 4201">
    <p class='ocr_par' dir='ltr' id='par_1_75' title="bbox 435 4123 2015 4201">
     <span class='ocr_line' id='line_1_75' title="bbox 435 4123 2015 4201; baseline 0.002 -10"><span class='ocrx_word' id='word_1_509' title='bbox 435 4147 583 4191; x_wconf 91' lang='lat' dir='ltr'><strong>trum</strong></span> <span class='ocrx_word' id='word_1_510' title='bbox 605 4151 774 4190; x_wconf 91' lang='lat' dir='ltr'><strong>cornu</strong></span> <span class='ocrx_word' id='word_1_511' title='bbox 803 4123 933 4190; x_wconf 77' lang='lat' dir='ltr'><strong>casu</strong></span> <span class='ocrx_word' id='word_1_512' title='bbox 961 4133 1178 4190; x_wconf 87' lang='lat' dir='ltr'><strong>delatus</strong></span> <span class='ocrx_word' id='word_1_513' title='bbox 1206 4133 1425 4201; x_wconf 81' lang='lat' dir='ltr'><strong>fuisset,</strong></span> <span class='ocrx_word' id='word_1_514' title='bbox 1488 4135 1671 4192; x_wconf 88' lang='lat' dir='ltr'><strong>subito</strong></span> <span class='ocrx_word' id='word_1_515' title='bbox 1702 4136 1755 4191; x_wconf 92' lang='lat' dir='ltr'><strong>in</strong></span> <span class='ocrx_word' id='word_1_516' title='bbox 1777 4152 1839 4193; x_wconf 85' lang='lat' dir='ltr'><strong>ea</strong></span> <span class='ocrx_word' id='word_1_517' title='bbox 1870 4138 2015 4194; x_wconf 82' lang='lat' dir='ltr'><strong>irru-</strong></span> 
     </span>
    </p>
   </div>
   <div class='ocr_carea' id='block_1_76' title="bbox 432 4224 2010 4301">
    <p class='ocr_par' dir='ltr' id='par_1_76' title="bbox 432 4224 2010 4301">
     <span class='ocr_line' id='line_1_76' title="bbox 432 4224 2010 4301; baseline 0.004 -21"><span class='ocrx_word' id='word_1_518' title='bbox 432 4230 535 4298; x_wconf 84' lang='lat' dir='ltr'><strong>pit,</strong></span> <span class='ocrx_word' id='word_1_519' title='bbox 565 4234 619 4281; x_wconf 91' lang='lat' dir='ltr'><strong>et</strong></span> <span class='ocrx_word' id='word_1_520' title='bbox 651 4226 827 4281; x_wconf 89' lang='lat' dir='ltr'><strong>donec</strong></span> <span class='ocrx_word' id='word_1_521' title='bbox 859 4225 977 4280; x_wconf 88' lang='lat' dir='ltr'><strong>dies</strong></span> <span class='ocrx_word' id='word_1_522' title='bbox 1028 4231 1330 4295; x_wconf 87' lang='lat' dir='ltr'><strong>appeteret,</strong></span> <span class='ocrx_word' id='word_1_523' title='bbox 1392 4224 1693 4282; x_wconf 89' lang='lat' dir='ltr'><strong>Turcorum</strong></span> <span class='ocrx_word' id='word_1_524' title='bbox 1738 4229 2010 4301; x_wconf 87' lang='lat' dir='ltr'><strong>ingentem</strong></span> 
     </span>
    </p>
   </div>
   <div class='ocr_carea' id='block_1_77' title="bbox 434 4317 2013 4390">
    <p class='ocr_par' dir='ltr' id='par_1_77' title="bbox 434 4317 2013 4390">
     <span class='ocr_line' id='line_1_77' title="bbox 434 4317 2013 4390; baseline 0.001 -13"><span class='ocrx_word' id='word_1_525' title='bbox 434 4332 670 4390; x_wconf 85' lang='lat' dir='ltr'><strong>stragem</strong></span> <span class='ocrx_word' id='word_1_526' title='bbox 712 4320 870 4375; x_wconf 68' lang='lat' dir='ltr'><strong>caesis</strong></span> <span class='ocrx_word' id='word_1_527' title='bbox 896 4317 1202 4373; x_wconf 88' lang='lat' dir='ltr'><strong>innumeris</strong></span> <span class='ocrx_word' id='word_1_528' title='bbox 1235 4319 1427 4374; x_wconf 89' lang='lat' dir='ltr'><strong>edidit.</strong></span> <span class='ocrx_word' id='word_1_529' title='bbox 1463 4317 1626 4376; x_wconf 84' lang='lat' dir='ltr'><strong>Turci</strong></span> <span class='ocrx_word' id='word_1_530' title='bbox 1674 4320 1728 4376; x_wconf 89' lang='lat' dir='ltr'><strong>in</strong></span> <span class='ocrx_word' id='word_1_531' title='bbox 1758 4324 2013 4379; x_wconf 84' lang='lat' dir='ltr'><strong>tenebra-</strong></span> 
     </span>
    </p>
   </div>
   <div class='ocr_carea' id='block_1_78' title="bbox 434 4410 2005 4483">
    <p class='ocr_par' dir='ltr' id='par_1_78' title="bbox 434 4410 2005 4483">
     <span class='ocr_line' id='line_1_78' title="bbox 434 4410 2005 4483; baseline 0.002 -13"><span class='ocrx_word' id='word_1_532' title='bbox 434 4430 555 4469; x_wconf 85' lang='lat' dir='ltr'><strong>rum</strong></span> <span class='ocrx_word' id='word_1_533' title='bbox 613 4413 847 4482; x_wconf 89' lang='lat' dir='ltr'><strong>caligine</strong></span> <span class='ocrx_word' id='word_1_534' title='bbox 889 4410 1113 4480; x_wconf 90' lang='lat' dir='ltr'><strong>trepidi,</strong></span> <span class='ocrx_word' id='word_1_535' title='bbox 1173 4426 1276 4466; x_wconf 91' lang='lat' dir='ltr'><strong>nec</strong></span> <span class='ocrx_word' id='word_1_536' title='bbox 1328 4413 1540 4466; x_wconf 84' lang='lat' dir='ltr'><strong>hostem</strong></span> <span class='ocrx_word' id='word_1_537' title='bbox 1600 4411 2005 4483; x_wconf 87' lang='lat' dir='ltr'><strong>dignoscentes,</strong></span> 
     </span>
    </p>
   </div>
   <div class='ocr_carea' id='block_1_79' title="bbox 2133 3208 3712 3284">
    <p class='ocr_par' dir='ltr' id='par_1_79' title="bbox 2133 3208 3712 3284">
     <span class='ocr_line' id='line_1_79' title="bbox 2133 3208 3712 3284; baseline 0.004 -22"><span class='ocrx_word' id='word_1_538' title='bbox 2133 3208 2305 3262; x_wconf 87' lang='grc' dir='ltr'>πάλου</span> <span class='ocrx_word' id='word_1_539' title='bbox 2328 3208 2566 3278; x_wconf 83' lang='grc' dir='ltr'>θανάτῳ,</span> <span class='ocrx_word' id='word_1_540' title='bbox 2598 3210 2691 3264; x_wconf 67' lang='grc' dir='ltr'>καὶ</span> <span class='ocrx_word' id='word_1_541' title='bbox 2712 3210 2804 3264; x_wconf 77' lang='grc' dir='ltr'>τὸν</span> <span class='ocrx_word' id='word_1_542' title='bbox 2844 3211 3093 3283; x_wconf 78' lang='grc' dir='ltr'>ἀρχηγὸν</span> <span class='ocrx_word' id='word_1_543' title='bbox 3124 3213 3305 3267; x_wconf 81' lang='grc' dir='ltr'>αὐτῶν</span> <span class='ocrx_word' id='word_1_544' title='bbox 3339 3213 3575 3284; x_wconf 76' lang='grc' dir='ltr'>Χαμζάν</span> <span class='ocrx_word' id='word_1_545' title='bbox 3619 3234 3712 3268; x_wconf 85' lang='grc' dir='ltr'>πι-</span> 
     </span>
    </p>
   </div>
   <div class='ocr_carea' id='block_1_80' title="bbox 2130 3302 3711 3379">
    <p class='ocr_par' dir='ltr' id='par_1_80' title="bbox 2130 3302 3711 3379">
     <span class='ocr_line' id='line_1_80' title="bbox 2130 3302 3711 3379; baseline 0.004 -22"><span class='ocrx_word' id='word_1_546' title='bbox 2130 3302 2279 3369; x_wconf 84' lang='grc' dir='ltr'>κρῶς</span> <span class='ocrx_word' id='word_1_547' title='bbox 2310 3305 2697 3359; x_wconf 82' lang='grc' dir='ltr'>κατεδίκασεν.</span> <span class='ocrx_word' id='word_1_548' title='bbox 2749 3303 2970 3361; x_wconf 80' lang='grc' dir='ltr'>Τούτων</span> <span class='ocrx_word' id='word_1_549' title='bbox 3007 3307 3187 3370; x_wconf 75' lang='grc' dir='ltr'>συνεὶς</span> <span class='ocrx_word' id='word_1_550' title='bbox 3238 3310 3266 3361; x_wconf 85' lang='grc' dir='ltr'><strong>ὁ</strong></span> <span class='ocrx_word' id='word_1_551' title='bbox 3311 3307 3577 3379; x_wconf 79' lang='grc' dir='ltr'>τύραννος</span> <span class='ocrx_word' id='word_1_552' title='bbox 3612 3312 3711 3363; x_wconf 74' lang='grc' dir='ltr'>καὶ</span> 
     </span>
    </p>
   </div>
   <div class='ocr_carea' id='block_1_81' title="bbox 2131 3398 3700 3473">
    <p class='ocr_par' dir='ltr' id='par_1_81' title="bbox 2131 3398 3700 3473">
     <span class='ocr_line' id='line_1_81' title="bbox 2131 3398 3700 3473; baseline 0.001 -20"><span class='ocrx_word' id='word_1_553' title='bbox 2131 3400 2346 3471; x_wconf 75' lang='grc' dir='ltr'>πλήρης</span> <span class='ocrx_word' id='word_1_554' title='bbox 2398 3398 2734 3462; x_wconf 87' lang='grc' dir='ltr'>σκοτοδινίας</span> <span class='ocrx_word' id='word_1_555' title='bbox 2790 3400 2890 3454; x_wconf 70' lang='grc' dir='ltr'>καὶ</span> <span class='ocrx_word' id='word_1_556' title='bbox 2918 3399 3087 3471; x_wconf 82' lang='grc' dir='ltr'>ζάλης</span> <span class='ocrx_word' id='word_1_557' title='bbox 3139 3399 3343 3471; x_wconf 85' lang='grc' dir='ltr'>τυχὼν,</span> <span class='ocrx_word' id='word_1_558' title='bbox 3378 3402 3700 3473; x_wconf 73' lang='grc' dir='ltr'>ἁπανταχοῦ</span> 
     </span>
    </p>
   </div>
   <div class='ocr_carea' id='block_1_82' title="bbox 2131 3491 3705 3565">
    <p class='ocr_par' dir='ltr' id='par_1_82' title="bbox 2131 3491 3705 3565">
     <span class='ocr_line' id='line_1_82' title="bbox 2131 3491 3705 3565; baseline 0.003 -21"><span class='ocrx_word' id='word_1_559' title='bbox 2131 3491 2491 3562; x_wconf 84' lang='grc' dir='ltr'>συναθροίσας</span> <span class='ocrx_word' id='word_1_560' title='bbox 2541 3491 2776 3562; x_wconf 86' lang='grc' dir='ltr'>δύναμιν</span> <span class='ocrx_word' id='word_1_561' title='bbox 2830 3491 2972 3562; x_wconf 77' lang='grc' dir='ltr'>ὑπὲρ</span> <span class='ocrx_word' id='word_1_562' title='bbox 3010 3494 3109 3558; x_wconf 85' lang='grc' dir='ltr'><strong>τὰς</strong></span> <span class='ocrx_word' id='word_1_563' title='bbox 3166 3491 3246 3562; x_wconf 79' lang='grc' dir='ltr'>ρν¹</span> <span class='ocrx_word' id='word_1_564' title='bbox 3298 3493 3584 3563; x_wconf 77' lang='grc' dir='ltr'>χιλιάδας.</span> <span class='ocrx_word' id='word_1_565' title='bbox 3626 3495 3705 3565; x_wconf 81' lang='grc' dir='ltr'>τῷ</span> 
     </span>
    </p>
   </div>
   <div class='ocr_carea' id='block_1_83' title="bbox 2128 3579 3705 3654">
    <p class='ocr_par' dir='ltr' id='par_1_83' title="bbox 2128 3579 3705 3654">
     <span class='ocr_line' id='line_1_83' title="bbox 2128 3579 3705 3654; baseline -0.001 -19"><span class='ocrx_word' id='word_1_566' title='bbox 2128 3584 2307 3654; x_wconf 85' lang='grc' dir='ltr'>καιρῷ</span> <span class='ocrx_word' id='word_1_567' title='bbox 2336 3584 2430 3636; x_wconf 84' lang='grc' dir='ltr'><strong>τοῦ</strong></span> <span class='ocrx_word' id='word_1_568' title='bbox 2462 3582 2623 3653; x_wconf 76' lang='grc' dir='ltr'>ἔαρος</span> <span class='ocrx_word' id='word_1_569' title='bbox 2649 3581 2879 3649; x_wconf 83' lang='grc' dir='ltr'>ἐξελθὼν</span> <span class='ocrx_word' id='word_1_570' title='bbox 2906 3584 2970 3636; x_wconf 91' lang='grc' dir='ltr'><strong>ἐκ</strong></span> <span class='ocrx_word' id='word_1_571' title='bbox 2989 3584 3086 3653; x_wconf 81' lang='grc' dir='ltr'>τῆς</span> <span class='ocrx_word' id='word_1_572' title='bbox 3125 3584 3408 3653; x_wconf 75' lang='grc' dir='ltr'>Ἀδριανοῦ</span> <span class='ocrx_word' id='word_1_573' title='bbox 3428 3579 3597 3653; x_wconf 79' lang='grc' dir='ltr'>ἦλθεν</span> <span class='ocrx_word' id='word_1_574' title='bbox 3623 3589 3705 3646; x_wconf 73' lang='grc' dir='ltr'><strong>εἰς</strong></span> 
     </span>
    </p>
   </div>
   <div class='ocr_carea' id='block_1_84' title="bbox 2127 3667 3705 3747">
    <p class='ocr_par' dir='ltr' id='par_1_84' title="bbox 2127 3667 3705 3747">
     <span class='ocr_line' id='line_1_84' title="bbox 2127 3667 3705 3747; baseline 0.001 -20"><span class='ocrx_word' id='word_1_575' title='bbox 2127 3675 2409 3741; x_wconf 77' lang='grc' dir='ltr'>Δάνουόιν,</span> <span class='ocrx_word' id='word_1_576' title='bbox 2463 3676 2628 3729; x_wconf 81' lang='grc' dir='ltr'>κάκεῖ</span> <span class='ocrx_word' id='word_1_577' title='bbox 2647 3676 2745 3740; x_wconf 82' lang='grc' dir='ltr'>τὰς</span> <span class='ocrx_word' id='word_1_578' title='bbox 2777 3674 2987 3745; x_wconf 83' lang='grc' dir='ltr'>σκηνάς</span> <span class='ocrx_word' id='word_1_579' title='bbox 3030 3675 3231 3746; x_wconf 82' lang='grc' dir='ltr'>πήξας,</span> <span class='ocrx_word' id='word_1_580' title='bbox 3294 3675 3426 3747; x_wconf 82' lang='grc' dir='ltr'>ἐστη</span> <span class='ocrx_word' id='word_1_581' title='bbox 3468 3674 3575 3738; x_wconf 81' lang='grc' dir='ltr'><strong>ἐως</strong></span> <span class='ocrx_word' id='word_1_582' title='bbox 3641 3667 3705 3728; x_wconf 77' lang='grc' dir='ltr'><strong>οὗ</strong></span> 
     </span>
    </p>
   </div>
   <div class='ocr_carea' id='block_1_85' title="bbox 2127 3767 3701 3840">
    <p class='ocr_par' dir='ltr' id='par_1_85' title="bbox 2127 3767 3701 3840">
     <span class='ocr_line' id='line_1_85' title="bbox 2127 3767 3701 3840; baseline 0 -19"><span class='ocrx_word' id='word_1_583' title='bbox 2127 3771 2278 3821; x_wconf 79' lang='grc' dir='ltr'>πᾶσα</span> <span class='ocrx_word' id='word_1_584' title='bbox 2315 3770 2348 3838; x_wconf 84' lang='grc' dir='ltr'>ὴ</span> <span class='ocrx_word' id='word_1_585' title='bbox 2383 3769 2618 3840; x_wconf 88' lang='grc' dir='ltr'>δύναμις</span> <span class='ocrx_word' id='word_1_586' title='bbox 2639 3770 2720 3834; x_wconf 85' lang='grc' dir='ltr'><strong>είς</strong></span> <span class='ocrx_word' id='word_1_587' title='bbox 2758 3768 2816 3822; x_wconf 78' lang='grc' dir='ltr'>ἓν</span> <span class='ocrx_word' id='word_1_588' title='bbox 2848 3767 3011 3838; x_wconf 88' lang='grc' dir='ltr'>σῶμα</span> <span class='ocrx_word' id='word_1_589' title='bbox 3034 3768 3283 3839; x_wconf 79' lang='grc' dir='ltr'>γένηται.</span> <span class='ocrx_word' id='word_1_590' title='bbox 3324 3767 3385 3824; x_wconf 83' lang='grc' dir='ltr'>Ὀ</span> <span class='ocrx_word' id='word_1_591' title='bbox 3410 3768 3466 3822; x_wconf 83' lang='grc' dir='ltr'><strong>δέ</strong></span> <span class='ocrx_word' id='word_1_592' title='bbox 3493 3769 3701 3838; x_wconf 83' lang='grc' dir='ltr'>Βλάχος</span> 
     </span>
    </p>
   </div>
   <div class='ocr_carea' id='block_1_86' title="bbox 2127 3858 3703 3929">
    <p class='ocr_par' dir='ltr' id='par_1_86' title="bbox 2127 3858 3703 3929">
     <span class='ocr_line' id='line_1_86' title="bbox 2127 3858 3703 3929; baseline 0.001 -18"><span class='ocrx_word' id='word_1_593' title='bbox 2127 3859 2220 3912; x_wconf 78' lang='grc' dir='ltr'>καὶ</span> <span class='ocrx_word' id='word_1_594' title='bbox 2244 3858 2411 3923; x_wconf 76' lang='grc' dir='ltr'>αὐτὸς</span> <span class='ocrx_word' id='word_1_595' title='bbox 2440 3859 2649 3923; x_wconf 88' lang='grc' dir='ltr'>πάντας</span> <span class='ocrx_word' id='word_1_596' title='bbox 2677 3859 2805 3923; x_wconf 78' lang='grc' dir='ltr'>τοὺς</span> <span class='ocrx_word' id='word_1_597' title='bbox 2832 3858 2926 3912; x_wconf 71' lang='grc' dir='ltr'>ὑπ’</span> <span class='ocrx_word' id='word_1_598' title='bbox 2958 3858 3120 3911; x_wconf 82' lang='grc' dir='ltr'>αὑτὸν</span> <span class='ocrx_word' id='word_1_599' title='bbox 3153 3858 3232 3921; x_wconf 83' lang='grc' dir='ltr'><strong>είς</strong></span> <span class='ocrx_word' id='word_1_600' title='bbox 3252 3858 3579 3929; x_wconf 82' lang='grc' dir='ltr'>κλεισούρας</span> <span class='ocrx_word' id='word_1_601' title='bbox 3606 3860 3703 3912; x_wconf 74' lang='grc' dir='ltr'>καὶ</span> 
     </span>
    </p>
   </div>
   <div class='ocr_carea' id='block_1_87' title="bbox 2135 3947 3701 4019">
    <p class='ocr_par' dir='ltr' id='par_1_87' title="bbox 2135 3947 3701 4019">
     <span class='ocr_line' id='line_1_87' title="bbox 2135 3947 3701 4019; baseline -0.001 -18"><span class='ocrx_word' id='word_1_602' title='bbox 2135 3947 2455 4018; x_wconf 84' lang='grc' dir='ltr'>δενδρώδεις</span> <span class='ocrx_word' id='word_1_603' title='bbox 2503 3950 2706 4013; x_wconf 84' lang='grc' dir='ltr'>τόπους</span> <span class='ocrx_word' id='word_1_604' title='bbox 2734 3948 3068 4019; x_wconf 85' lang='grc' dir='ltr'>μετοικίσας,</span> <span class='ocrx_word' id='word_1_605' title='bbox 3102 3947 3199 4002; x_wconf 76' lang='grc' dir='ltr'>καὶ</span> <span class='ocrx_word' id='word_1_606' title='bbox 3259 3949 3384 4011; x_wconf 83' lang='grc' dir='ltr'>τοὺς</span> <span class='ocrx_word' id='word_1_607' title='bbox 3442 3949 3701 4017; x_wconf 81' lang='grc' dir='ltr'>κάμπους</span> 
     </span>
    </p>
   </div>
   <div class='ocr_carea' id='block_1_88' title="bbox 2124 4042 3696 4112">
    <p class='ocr_par' dir='ltr' id='par_1_88' title="bbox 2124 4042 3696 4112">
     <span class='ocr_line' id='line_1_88' title="bbox 2124 4042 3696 4112; baseline 0.001 -19"><span class='ocrx_word' id='word_1_608' title='bbox 2124 4042 2363 4112; x_wconf 77' lang='grc' dir='ltr'>ἐρήμους</span> <span class='ocrx_word' id='word_1_609' title='bbox 2398 4044 2582 4112; x_wconf 70' lang='grc' dir='ltr'>ἀφεὶς,</span> <span class='ocrx_word' id='word_1_610' title='bbox 2613 4045 2708 4096; x_wconf 76' lang='grc' dir='ltr'>καὶ</span> <span class='ocrx_word' id='word_1_611' title='bbox 2737 4042 2891 4108; x_wconf 80' lang='grc' dir='ltr'>ζώων</span> <span class='ocrx_word' id='word_1_612' title='bbox 2923 4042 3192 4096; x_wconf 83' lang='grc' dir='ltr'>παντοίων</span> <span class='ocrx_word' id='word_1_613' title='bbox 3213 4043 3282 4095; x_wconf 82' lang='grc' dir='ltr'><strong>τά</strong></span> <span class='ocrx_word' id='word_1_614' title='bbox 3308 4042 3441 4112; x_wconf 79' lang='grc' dir='ltr'>γένη</span> <span class='ocrx_word' id='word_1_615' title='bbox 3479 4043 3540 4094; x_wconf 83' lang='grc' dir='ltr'><strong>ἐν</strong></span> <span class='ocrx_word' id='word_1_616' title='bbox 3582 4046 3696 4105; x_wconf 84' lang='grc' dir='ltr'>τοῖς</span> 
     </span>
    </p>
   </div>
   <div class='ocr_carea' id='block_1_89' title="bbox 2114 4132 3696 4206">
    <p class='ocr_par' dir='ltr' id='par_1_89' title="bbox 2114 4132 3696 4206">
     <span class='ocr_line' id='line_1_89' title="bbox 2114 4132 3696 4206; baseline 0.003 -22"><span class='ocrx_word' id='word_1_617' title='bbox 2114 4132 2423 4205; x_wconf 40' lang='grc' dir='ltr'>’ἐνδοτέροις</span> <span class='ocrx_word' id='word_1_618' title='bbox 2476 4133 2675 4199; x_wconf 89' lang='grc' dir='ltr'>ἐλάσας</span> <span class='ocrx_word' id='word_1_619' title='bbox 2716 4137 2889 4205; x_wconf 81' lang='grc' dir='ltr'>ὁρίοις</span> <span class='ocrx_word' id='word_1_620' title='bbox 2932 4138 3045 4199; x_wconf 78' lang='grc' dir='ltr'>τοῖς</span> <span class='ocrx_word' id='word_1_621' title='bbox 3091 4136 3230 4206; x_wconf 72' lang='grc' dir='ltr'>πρὸς</span> <span class='ocrx_word' id='word_1_622' title='bbox 3271 4135 3531 4199; x_wconf 76' lang='grc' dir='ltr'>’Δλανοὺς</span> <span class='ocrx_word' id='word_1_623' title='bbox 3598 4138 3696 4188; x_wconf 81' lang='grc' dir='ltr'>καὶ</span> 
     </span>
    </p>
   </div>
   <div class='ocr_carea' id='block_1_90' title="bbox 2118 4224 3693 4297">
    <p class='ocr_par' dir='ltr' id='par_1_90' title="bbox 2118 4224 3693 4297">
     <span class='ocr_line' id='line_1_90' title="bbox 2118 4224 3693 4297; baseline 0 -17"><span class='ocrx_word' id='word_1_624' title='bbox 2118 4224 2357 4289; x_wconf 79' lang='grc' dir='ltr'>θύννους</span> <span class='ocrx_word' id='word_1_625' title='bbox 2390 4225 2525 4296; x_wconf 75' lang='grc'>(40),</span> <span class='ocrx_word' id='word_1_626' title='bbox 2547 4227 2706 4292; x_wconf 81' lang='grc' dir='ltr'>αὐτὸς</span> <span class='ocrx_word' id='word_1_627' title='bbox 2735 4228 2793 4281; x_wconf 91' lang='grc' dir='ltr'><strong>ἐν</strong></span> <span class='ocrx_word' id='word_1_628' title='bbox 2812 4229 2927 4290; x_wconf 83' lang='grc' dir='ltr'>τοῖς</span> <span class='ocrx_word' id='word_1_629' title='bbox 2968 4227 3156 4281; x_wconf 75' lang='grc' dir='ltr'>ἄλσεσι</span> <span class='ocrx_word' id='word_1_630' title='bbox 3187 4226 3379 4281; x_wconf 66' lang='grc' dir='ltr'>δασέσι</span> <span class='ocrx_word' id='word_1_631' title='bbox 3436 4227 3533 4280; x_wconf 77' lang='grc' dir='ltr'>καὶ</span> <span class='ocrx_word' id='word_1_632' title='bbox 3565 4226 3693 4297; x_wconf 81' lang='grc' dir='ltr'><strong>ὀχυ-</strong></span> 
     </span>
    </p>
   </div>
   <div class='ocr_carea' id='block_1_91' title="bbox 2120 4317 3692 4390">
    <p class='ocr_par' dir='ltr' id='par_1_91' title="bbox 2120 4317 3692 4390">
     <span class='ocr_line' id='line_1_91' title="bbox 2120 4317 3692 4390; baseline 0.001 -18"><span class='ocrx_word' id='word_1_633' title='bbox 2120 4320 2235 4390; x_wconf 84' lang='grc' dir='ltr'>ροῖς</span> <span class='ocrx_word' id='word_1_634' title='bbox 2292 4319 2482 4381; x_wconf 76' lang='grc' dir='ltr'>τόποις</span> <span class='ocrx_word' id='word_1_635' title='bbox 2514 4319 2614 4373; x_wconf 84' lang='grc' dir='ltr'>σὺν</span> <span class='ocrx_word' id='word_1_636' title='bbox 2642 4321 2709 4390; x_wconf 79' lang='grc' dir='ltr'><strong>τῇ</strong></span> <span class='ocrx_word' id='word_1_637' title='bbox 2740 4318 2835 4371; x_wconf 81' lang='grc' dir='ltr'><strong>ὑπ’</strong></span> <span class='ocrx_word' id='word_1_638' title='bbox 2858 4318 3023 4373; x_wconf 83' lang='grc' dir='ltr'>αὑτὸν</span> <span class='ocrx_word' id='word_1_639' title='bbox 3073 4320 3308 4389; x_wconf 82' lang='grc' dir='ltr'>στρατιᾷ</span> <span class='ocrx_word' id='word_1_640' title='bbox 3340 4317 3692 4390; x_wconf 82' lang='grc' dir='ltr'>διημέρευεν.</span> 
     </span>
    </p>
   </div>
   <div class='ocr_carea' id='block_1_92' title="bbox 2128 4409 3693 4482">
    <p class='ocr_par' dir='ltr' id='par_1_92' title="bbox 2128 4409 3693 4482">
     <span class='ocr_line' id='line_1_92' title="bbox 2128 4409 3693 4482; baseline 0.004 -19"><span class='ocrx_word' id='word_1_641' title='bbox 2128 4409 2188 4463; x_wconf 89' lang='lat'><strong>&#39;0</strong></span> <span class='ocrx_word' id='word_1_642' title='bbox 2220 4410 2277 4463; x_wconf 88' lang='grc' dir='ltr'><strong>δέ</strong></span> <span class='ocrx_word' id='word_1_643' title='bbox 2298 4410 2562 4481; x_wconf 82' lang='grc' dir='ltr'>τύραννος</span> <span class='ocrx_word' id='word_1_644' title='bbox 2585 4410 2832 4482; x_wconf 84' lang='grc' dir='ltr'>περάσας</span> <span class='ocrx_word' id='word_1_645' title='bbox 2862 4411 2956 4465; x_wconf 83' lang='grc' dir='ltr'>τὸν</span> <span class='ocrx_word' id='word_1_646' title='bbox 3005 4412 3270 4467; x_wconf 82' lang='grc' dir='ltr'>Δάνουδιν</span> <span class='ocrx_word' id='word_1_647' title='bbox 3301 4416 3397 4467; x_wconf 75' lang='grc' dir='ltr'>καὶ</span> <span class='ocrx_word' id='word_1_648' title='bbox 3431 4416 3693 4469; x_wconf 74' lang='grc' dir='ltr'>ἐπέκεινα</span> 
     </span>
    </p>
   </div>
   <div class='ocr_carea' id='block_1_93' title="bbox 436 4499 2025 4579">
    <p class='ocr_par' dir='ltr' id='par_1_93' title="bbox 436 4501 2008 4579">
     <span class='ocr_line' id='line_1_93' title="bbox 436 4501 2008 4579; baseline 0.003 -19"><span class='ocrx_word' id='word_1_649' title='bbox 436 4505 644 4561; x_wconf 80' lang='lat' dir='ltr'><strong>mutuis</strong></span> <span class='ocrx_word' id='word_1_650' title='bbox 673 4503 992 4579; x_wconf 83' lang='lat' dir='ltr'><strong>vulneribus</strong></span> <span class='ocrx_word' id='word_1_651' title='bbox 1018 4517 1077 4557; x_wconf 89' lang='lat' dir='ltr'><strong>se</strong></span> <span class='ocrx_word' id='word_1_652' title='bbox 1110 4501 1430 4556; x_wconf 79' lang='lat' dir='ltr'><strong>confodere.</strong></span> <span class='ocrx_word' id='word_1_653' title='bbox 1478 4502 1582 4558; x_wconf 86' lang='lat' dir='ltr'><strong>Ubi</strong></span> <span class='ocrx_word' id='word_1_654' title='bbox 1644 4504 1843 4570; x_wconf 80' lang='lat' dir='ltr'><strong>illuxit.</strong></span> <span class='ocrx_word' id='word_1_655' title='bbox 1866 4507 2008 4564; x_wconf 87' lang='lat' dir='ltr'><strong>intra</strong></span> 
     </span>
    </p>
   </div>
   <div class='ocr_carea' id='block_1_94' title="bbox 2132 4499 3691 4579">
    <p class='ocr_par' dir='ltr' id='par_1_94' title="bbox 2132 4499 3691 4579">
     <span class='ocr_line' id='line_1_94' title="bbox 2132 4499 3691 4579; baseline -0.004 -14"><span class='ocrx_word' id='word_1_656' title='bbox 2132 4504 2159 4565; x_wconf 69' lang='grc' dir='ltr'><strong>ξ’</strong></span> <span class='ocrx_word' id='word_1_657' title='bbox 2188 4502 2416 4577; x_wconf 81' lang='grc' dir='ltr'>ἡμερῶν</span> <span class='ocrx_word' id='word_1_658' title='bbox 2443 4504 2610 4557; x_wconf 78' lang='grc' dir='ltr'>τόπον</span> <span class='ocrx_word' id='word_1_659' title='bbox 2640 4502 2870 4571; x_wconf 80' lang='grc' dir='ltr'>ἀνύσας,</span> <span class='ocrx_word' id='word_1_660' title='bbox 2894 4505 2992 4574; x_wconf 84' lang='grc' dir='ltr'><strong>οὐχ</strong></span> <span class='ocrx_word' id='word_1_661' title='bbox 3017 4499 3147 4576; x_wconf 75' lang='grc' dir='ltr'>εὗρε</span> <span class='ocrx_word' id='word_1_662' title='bbox 3192 4507 3254 4559; x_wconf 81' lang='grc' dir='ltr'>τὸ</span> <span class='ocrx_word' id='word_1_663' title='bbox 3282 4506 3496 4560; x_wconf 83' lang='grc' dir='ltr'>οίονοῦν</span> <span class='ocrx_word' id='word_1_664' title='bbox 3527 4508 3560 4579; x_wconf 72' lang='grc' dir='ltr'>ἦ</span> <span class='ocrx_word' id='word_1_665' title='bbox 3595 4509 3691 4562; x_wconf 81' lang='grc' dir='ltr'>άν-</span> 
     </span>
    </p>
   </div>
   <div class='ocr_carea' id='block_1_95' title="bbox 433 4578 2010 4671">
    <p class='ocr_par' dir='ltr' id='par_1_95' title="bbox 433 4578 2010 4671">
     <span class='ocr_line' id='line_1_95' title="bbox 433 4578 2010 4671; baseline 0 -19"><span class='ocrx_word' id='word_1_666' title='bbox 433 4608 616 4652; x_wconf 86' lang='lat' dir='ltr'><strong>castra</strong></span> <span class='ocrx_word' id='word_1_667' title='bbox 643 4611 740 4651; x_wconf 90' lang='lat' dir='ltr'><strong>sua</strong></span> <span class='ocrx_word' id='word_1_668' title='bbox 798 4578 1049 4649; x_wconf 29' lang='lat' dir='ltr'><strong>Wa&#39;lachi</strong></span> <span class='ocrx_word' id='word_1_669' title='bbox 1119 4594 1318 4662; x_wconf 88' lang='lat' dir='ltr'><strong>recepti</strong></span> <span class='ocrx_word' id='word_1_670' title='bbox 1368 4595 1435 4649; x_wconf 92' lang='lat' dir='ltr'><strong>iis</strong></span> <span class='ocrx_word' id='word_1_671' title='bbox 1462 4608 1522 4649; x_wconf 89' lang='lat' dir='ltr'><strong>se</strong></span> <span class='ocrx_word' id='word_1_672' title='bbox 1558 4596 2010 4671; x_wconf 86' lang='lat' dir='ltr'><strong>continuere.Ty-</strong></span> 
     </span>
    </p>
   </div>
   <div class='ocr_carea' id='block_1_96' title="bbox 434 4685 1980 4755">
    <p class='ocr_par' dir='ltr' id='par_1_96' title="bbox 434 4685 1980 4755">
     <span class='ocr_line' id='line_1_96' title="bbox 434 4685 1980 4755; baseline 0.001 -11"><span class='ocrx_word' id='word_1_673' title='bbox 434 4701 645 4744; x_wconf 82' lang='lat' dir='ltr'><strong>ranuus</strong></span> <span class='ocrx_word' id='word_1_674' title='bbox 678 4687 876 4741; x_wconf 84' lang='lat' dir='ltr'><strong>castris</strong></span> <span class='ocrx_word' id='word_1_675' title='bbox 908 4695 1021 4741; x_wconf 89' lang='lat' dir='ltr'><strong>tum</strong></span> <span class='ocrx_word' id='word_1_676' title='bbox 1051 4686 1216 4742; x_wconf 87' lang='lat' dir='ltr'><strong>motis</strong></span> <span class='ocrx_word' id='word_1_677' title='bbox 1246 4685 1480 4755; x_wconf 87' lang='lat' dir='ltr'><strong>turpiter</strong></span> <span class='ocrx_word' id='word_1_678' title='bbox 1520 4687 1863 4755; x_wconf 85' lang='lat' dir='ltr'><strong>recedens,et</strong></span> <span class='ocrx_word' id='word_1_679' title='bbox 1910 4692 1980 4745; x_wconf 90' lang='lat' dir='ltr'><strong>Da</strong></span> 
     </span>
    </p>
   </div>
   <div class='ocr_carea' id='block_1_97' title="bbox 439 4778 2005 4850">
    <p class='ocr_par' dir='ltr' id='par_1_97' title="bbox 439 4778 2005 4850">
     <span class='ocr_line' id='line_1_97' title="bbox 439 4778 2005 4850; baseline 0.002 -16"><span class='ocrx_word' id='word_1_680' title='bbox 439 4783 666 4835; x_wconf 88' lang='lat' dir='ltr'><strong>nubium</strong></span> <span class='ocrx_word' id='word_1_681' title='bbox 717 4787 1062 4835; x_wconf 86' lang='lat' dir='ltr'><strong>transvectus</strong></span> <span class='ocrx_word' id='word_1_682' title='bbox 1084 4778 1498 4849; x_wconf 85' lang='lat' dir='ltr'><strong>Adrianopolim</strong></span> <span class='ocrx_word' id='word_1_683' title='bbox 1534 4782 1864 4850; x_wconf 89' lang='lat' dir='ltr'><strong>regreditur.</strong></span> <span class='ocrx_word' id='word_1_684' title='bbox 1891 4782 2005 4837; x_wconf 82' lang='lat' dir='ltr'><strong>An-</strong></span> 
     </span>
    </p>
   </div>
   <div class='ocr_carea' id='block_1_98' title="bbox 434 4869 2003 4945">
    <p class='ocr_par' dir='ltr' id='par_1_98' title="bbox 434 4869 2003 4945">
     <span class='ocr_line' id='line_1_98' title="bbox 434 4869 2003 4945; baseline 0.003 -20"><span class='ocrx_word' id='word_1_685' title='bbox 434 4890 504 4927; x_wconf 92' lang='lat' dir='ltr'><strong>no</strong></span> <span class='ocrx_word' id='word_1_686' title='bbox 545 4872 674 4926; x_wconf 77' lang='lat'><strong>6971</strong></span> <span class='ocrx_word' id='word_1_687' title='bbox 708 4869 934 4944; x_wconf 79' lang='lat' dir='ltr'><strong>[Christi</strong></span> <span class='ocrx_word' id='word_1_688' title='bbox 972 4869 1132 4942; x_wconf 68' lang='lat'><strong>1462]</strong></span> <span class='ocrx_word' id='word_1_689' title='bbox 1156 4871 1333 4927; x_wconf 81' lang='lat' dir='ltr'><strong>classe</strong></span> <span class='ocrx_word' id='word_1_690' title='bbox 1366 4872 1669 4928; x_wconf 88' lang='lat' dir='ltr'><strong>triremium</strong></span> <span class='ocrx_word' id='word_1_691' title='bbox 1721 4875 2003 4945; x_wconf 78' lang='lat' dir='ltr'><strong>Sexaginta</strong></span> 
     </span>
    </p>
   </div>
   <div class='ocr_carea' id='block_1_99' title="bbox 432 4962 2001 5033">
    <p class='ocr_par' dir='ltr' id='par_1_99' title="bbox 432 4962 2001 5033">
     <span class='ocr_line' id='line_1_99' title="bbox 432 4962 2001 5033; baseline 0.001 -16"><span class='ocrx_word' id='word_1_692' title='bbox 432 4964 761 5031; x_wconf 73' lang='lat' dir='ltr'><strong>ltuvimnque</strong></span> <span class='ocrx_word' id='word_1_693' title='bbox 781 4962 1308 5032; x_wconf 88' lang='lat' dir='ltr'><strong>septeminstructa,</strong></span> <span class='ocrx_word' id='word_1_694' title='bbox 1369 4976 1558 5017; x_wconf 78' lang='lat' dir='ltr'><strong>mense</strong></span> <span class='ocrx_word' id='word_1_695' title='bbox 1603 4962 1911 5033; x_wconf 83' lang='lat' dir='ltr'><strong>Septembri</strong></span> <span class='ocrx_word' id='word_1_696' title='bbox 1947 4966 2001 5019; x_wconf 91' lang='lat' dir='ltr'><strong>in</strong></span> 
     </span>
    </p>
   </div>
   <div class='ocr_carea' id='block_1_100' title="bbox 430 5052 2003 5124">
    <p class='ocr_par' dir='ltr' id='par_1_100' title="bbox 430 5052 2003 5124">
     <span class='ocr_line' id='line_1_100' title="bbox 430 5052 2003 5124; baseline 0.003 -19"><span class='ocrx_word' id='word_1_697' title='bbox 430 5054 658 5106; x_wconf 80' lang='lat' dir='ltr'><strong>insulam</strong></span> <span class='ocrx_word' id='word_1_698' title='bbox 703 5052 939 5108; x_wconf 84' lang='lat' dir='ltr'><strong>Lesbum</strong></span> <span class='ocrx_word' id='word_1_699' title='bbox 982 5061 1162 5106; x_wconf 73' lang='lat' dir='ltr'><strong>movet</strong></span> <span class='ocrx_word' id='word_1_700' title='bbox 1191 5068 1209 5107; x_wconf 90' lang='lat'><em>:</em></span> <span class='ocrx_word' id='word_1_701' title='bbox 1235 5053 1481 5107; x_wconf 88' lang='lat' dir='ltr'><strong>terrestri</strong></span> <span class='ocrx_word' id='word_1_702' title='bbox 1534 5068 1662 5108; x_wconf 85' lang='lat' dir='ltr'><strong>vero</strong></span> <span class='ocrx_word' id='word_1_703' title='bbox 1712 5053 2003 5124; x_wconf 85' lang='lat' dir='ltr'><strong>profectio-</strong></span> 
     </span>
    </p>
   </div>
   <div class='ocr_carea' id='block_1_101' title="bbox 433 5144 2009 5217">
    <p class='ocr_par' dir='ltr' id='par_1_101' title="bbox 433 5144 2009 5217">
     <span class='ocr_line' id='line_1_101' title="bbox 433 5144 2009 5217; baseline 0.001 -16"><span class='ocrx_word' id='word_1_704' title='bbox 433 5162 500 5201; x_wconf 90' lang='lat' dir='ltr'><strong>ne</strong></span> <span class='ocrx_word' id='word_1_705' title='bbox 535 5147 709 5217; x_wconf 87' lang='lat' dir='ltr'><strong>copiis</strong></span> <span class='ocrx_word' id='word_1_706' title='bbox 740 5160 924 5201; x_wconf 84' lang='lat' dir='ltr'><strong>secum</strong></span> <span class='ocrx_word' id='word_1_707' title='bbox 957 5145 1135 5201; x_wconf 87' lang='lat' dir='ltr'><strong>ductis</strong></span> <span class='ocrx_word' id='word_1_708' title='bbox 1185 5144 1419 5202; x_wconf 87' lang='lat' dir='ltr'><strong>accedit.</strong></span> <span class='ocrx_word' id='word_1_709' title='bbox 1488 5145 1729 5202; x_wconf 84' lang='lat' dir='ltr'><strong>Insulam</strong></span> <span class='ocrx_word' id='word_1_710' title='bbox 1785 5164 1813 5201; x_wconf 90' lang='lat' dir='ltr'><strong>a</strong></span> <span class='ocrx_word' id='word_1_711' title='bbox 1847 5147 2009 5203; x_wconf 77' lang='lat' dir='ltr'><strong>Nico-</strong></span> 
     </span>
    </p>
   </div>
   <div class='ocr_carea' id='block_1_102' title="bbox 2119 4595 3687 4672">
    <p class='ocr_par' dir='ltr' id='par_1_102' title="bbox 2119 4595 3687 4672">
     <span class='ocr_line' id='line_1_102' title="bbox 2119 4595 3687 4672; baseline 0.004 -23"><span class='ocrx_word' id='word_1_712' title='bbox 2119 4595 2397 4668; x_wconf 77' lang='grc' dir='ltr'>θρωπονῆ</span> <span class='ocrx_word' id='word_1_713' title='bbox 2431 4598 2572 4663; x_wconf 78' lang='grc' dir='ltr'>ζῶον</span> <span class='ocrx_word' id='word_1_714' title='bbox 2617 4598 2678 4651; x_wconf 84' lang='grc' dir='ltr'>τὸ</span> <span class='ocrx_word' id='word_1_715' title='bbox 2713 4599 2895 4669; x_wconf 71' lang='grc' dir='ltr'>τυχὸν,</span> <span class='ocrx_word' id='word_1_716' title='bbox 2944 4599 2977 4669; x_wconf 81' lang='grc' dir='ltr'>ἢ</span> <span class='ocrx_word' id='word_1_717' title='bbox 3023 4599 3131 4653; x_wconf 90' lang='grc' dir='ltr'><strong>τῶν</strong></span> <span class='ocrx_word' id='word_1_718' title='bbox 3195 4600 3483 4671; x_wconf 75' lang='grc' dir='ltr'>τροφίμων</span> <span class='ocrx_word' id='word_1_719' title='bbox 3533 4615 3590 4655; x_wconf 86' lang='grc' dir='ltr'><strong>τι</strong></span> <span class='ocrx_word' id='word_1_720' title='bbox 3654 4603 3687 4672; x_wconf 76' lang='grc' dir='ltr'><strong>ἦ</strong></span> 
     </span>
    </p>
   </div>
   <div class='ocr_carea' id='block_1_103' title="bbox 2117 4686 3687 4763">
    <p class='ocr_par' dir='ltr' id='par_1_103' title="bbox 2117 4686 3687 4763">
     <span class='ocr_line' id='line_1_103' title="bbox 2117 4686 3687 4763; baseline 0.004 -22"><span class='ocrx_word' id='word_1_721' title='bbox 2117 4688 2386 4759; x_wconf 86' lang='grc' dir='ltr'>ποτίμων.</span> <span class='ocrx_word' id='word_1_722' title='bbox 2414 4689 2631 4753; x_wconf 78' lang='grc' dir='ltr'>Φθάσας</span> <span class='ocrx_word' id='word_1_723' title='bbox 2654 4686 2748 4743; x_wconf 82' lang='grc' dir='ltr'>οὖν</span> <span class='ocrx_word' id='word_1_724' title='bbox 2792 4688 2850 4743; x_wconf 73' lang='grc' dir='ltr'><strong>ἐν</strong></span> <span class='ocrx_word' id='word_1_725' title='bbox 2888 4706 2997 4744; x_wconf 83' lang='grc' dir='ltr'>τινι</span> <span class='ocrx_word' id='word_1_726' title='bbox 3048 4690 3198 4763; x_wconf 85' lang='grc' dir='ltr'>τόπῳ</span> <span class='ocrx_word' id='word_1_727' title='bbox 3249 4692 3536 4762; x_wconf 78' lang='grc' dir='ltr'>λιϐαδιαίῳ</span> <span class='ocrx_word' id='word_1_728' title='bbox 3596 4696 3687 4747; x_wconf 71' lang='grc' dir='ltr'>καὶ</span> 
     </span>
    </p>
   </div>
   <div class='ocr_carea' id='block_1_104' title="bbox 2115 4771 3744 4855">
    <p class='ocr_par' dir='ltr' id='par_1_104' title="bbox 2115 4771 3744 4855">
     <span class='ocr_line' id='line_1_104' title="bbox 2115 4771 3744 4855; baseline 0.005 -21"><span class='ocrx_word' id='word_1_729' title='bbox 2115 4782 2343 4852; x_wconf 82' lang='grc' dir='ltr'>εὐθέτῳ,</span> <span class='ocrx_word' id='word_1_730' title='bbox 2373 4784 2475 4854; x_wconf 78' lang='grc' dir='ltr'><strong>ὁρᾷ</strong></span> <span class='ocrx_word' id='word_1_731' title='bbox 2532 4782 2739 4846; x_wconf 88' lang='grc' dir='ltr'>πάλους</span> <span class='ocrx_word' id='word_1_732' title='bbox 2768 4784 3216 4852; x_wconf 71' lang='grc' dir='ltr'>πεφυτευμένους</span> <span class='ocrx_word' id='word_1_733' title='bbox 3252 4788 3683 4855; x_wconf 70' lang='grc' dir='ltr'>μυριαρίθμοδς.</span> <span class='ocrx_word' id='word_1_734' title='bbox 3721 4771 3744 4791; x_wconf 53' lang='grc'>⁴</span> 
     </span>
    </p>
   </div>
   <div class='ocr_carea' id='block_1_105' title="bbox 2115 4874 3684 4947">
    <p class='ocr_par' dir='ltr' id='par_1_105' title="bbox 2115 4874 3684 4947">
     <span class='ocr_line' id='line_1_105' title="bbox 2115 4874 3684 4947; baseline 0.004 -22"><span class='ocrx_word' id='word_1_735' title='bbox 2115 4874 2403 4945; x_wconf 87' lang='grc' dir='ltr'>βρίθοντας</span> <span class='ocrx_word' id='word_1_736' title='bbox 2454 4876 2575 4928; x_wconf 70' lang='grc' dir='ltr'>ἀντὶ</span> <span class='ocrx_word' id='word_1_737' title='bbox 2624 4876 2858 4946; x_wconf 78' lang='grc' dir='ltr'>καρπῶν</span> <span class='ocrx_word' id='word_1_738' title='bbox 2911 4875 3085 4947; x_wconf 82' lang='grc' dir='ltr'>νεκρά</span> <span class='ocrx_word' id='word_1_739' title='bbox 3147 4875 3400 4946; x_wconf 85' lang='grc' dir='ltr'>σώματα,</span> <span class='ocrx_word' id='word_1_740' title='bbox 3456 4880 3551 4932; x_wconf 74' lang='grc' dir='ltr'>καὶ</span> <span class='ocrx_word' id='word_1_741' title='bbox 3594 4884 3684 4934; x_wconf 64' lang='grc' dir='ltr'>τὸν</span> 
     </span>
    </p>
   </div>
   <div class='ocr_carea' id='block_1_106' title="bbox 2113 4966 3685 5041">
    <p class='ocr_par' dir='ltr' id='par_1_106' title="bbox 2113 4966 3685 5041">
     <span class='ocr_line' id='line_1_106' title="bbox 2113 4966 3685 5041; baseline 0.006 -21"><span class='ocrx_word' id='word_1_742' title='bbox 2113 4967 2368 5037; x_wconf 80' lang='grc' dir='ltr'>Χαμζᾶν,</span> <span class='ocrx_word' id='word_1_743' title='bbox 2396 4966 2455 5020; x_wconf 84' lang='grc' dir='ltr'>ὃν</span> <span class='ocrx_word' id='word_1_744' title='bbox 2482 4969 2842 5038; x_wconf 85' lang='grc' dir='ltr'>προείπομεν,</span> <span class='ocrx_word' id='word_1_745' title='bbox 2868 4970 2923 5022; x_wconf 91' lang='grc' dir='ltr'><strong>ἐν</strong></span> <span class='ocrx_word' id='word_1_746' title='bbox 2948 4970 3102 5040; x_wconf 76' lang='grc' dir='ltr'>μέσῳ</span> <span class='ocrx_word' id='word_1_747' title='bbox 3125 4970 3263 5041; x_wconf 77' lang='grc' dir='ltr'>μετά</span> <span class='ocrx_word' id='word_1_748' title='bbox 3293 4972 3564 5041; x_wconf 85' lang='grc' dir='ltr'>βυσσίνων</span> <span class='ocrx_word' id='word_1_749' title='bbox 3591 4978 3685 5029; x_wconf 74' lang='grc' dir='ltr'>καὶ</span> 
     </span>
    </p>
   </div>
   <div class='ocr_carea' id='block_1_107' title="bbox 2113 5050 3676 5134">
    <p class='ocr_par' dir='ltr' id='par_1_107' title="bbox 2113 5050 3676 5134">
     <span class='ocr_line' id='line_1_107' title="bbox 2113 5050 3676 5134; baseline 0.006 -25"><span class='ocrx_word' id='word_1_750' title='bbox 2113 5057 2408 5120; x_wconf 83' lang='grc' dir='ltr'>κοκκίνων,</span> <span class='ocrx_word' id='word_1_751' title='bbox 2438 5050 2513 5110; x_wconf 80' lang='grc' dir='ltr'>ὧν</span> <span class='ocrx_word' id='word_1_752' title='bbox 2541 5054 2751 5128; x_wconf 84' lang='grc' dir='ltr'>ἐφόρει,</span> <span class='ocrx_word' id='word_1_753' title='bbox 2788 5074 3066 5130; x_wconf 87' lang='grc' dir='ltr'>πεπερονη</span> <span class='ocrx_word' id='word_1_754' title='bbox 3078 5061 3253 5129; x_wconf 88' lang='grc' dir='ltr'>μένων</span> <span class='ocrx_word' id='word_1_755' title='bbox 3284 5064 3340 5114; x_wconf 77' lang='grc' dir='ltr'><strong>ἐν</strong></span> <span class='ocrx_word' id='word_1_756' title='bbox 3368 5063 3446 5132; x_wconf 84' lang='grc' dir='ltr'>τῷ</span> <span class='ocrx_word' id='word_1_757' title='bbox 3503 5067 3676 5134; x_wconf 81' lang='grc' dir='ltr'>πάλῳ.</span> 
     </span>
    </p>
   </div>
   <div class='ocr_carea' id='block_1_108' title="bbox 2127 5146 3676 5227">
    <p class='ocr_par' dir='ltr' id='par_1_108' title="bbox 2127 5146 3676 5227">
     <span class='ocr_line' id='line_1_108' title="bbox 2127 5146 3676 5227; baseline 0.007 -26"><span class='ocrx_word' id='word_1_758' title='bbox 2127 5146 2269 5202; x_wconf 83' lang='grc' dir='ltr'>Ἰδὼν</span> <span class='ocrx_word' id='word_1_759' title='bbox 2297 5148 2389 5202; x_wconf 77' lang='grc' dir='ltr'>οὖν</span> <span class='ocrx_word' id='word_1_760' title='bbox 2417 5148 2515 5219; x_wconf 85' lang='grc' dir='ltr'>τὴν</span> <span class='ocrx_word' id='word_1_761' title='bbox 2544 5150 2777 5223; x_wconf 81' lang='grc' dir='ltr'>ἀπειλὴν</span> <span class='ocrx_word' id='word_1_762' title='bbox 2800 5152 3002 5223; x_wconf 86' lang='grc' dir='ltr'>ταύτην</span> <span class='ocrx_word' id='word_1_763' title='bbox 3022 5155 3050 5207; x_wconf 85' lang='grc' dir='ltr'>ὁ</span> <span class='ocrx_word' id='word_1_764' title='bbox 3071 5154 3337 5227; x_wconf 86' lang='grc' dir='ltr'>τύραννος</span> <span class='ocrx_word' id='word_1_765' title='bbox 3375 5155 3676 5227; x_wconf 68' lang='grc' dir='ltr'>ἐξεπλάγη,</span> 
     </span>
    </p>
   </div>
   <div class='ocr_carea' id='block_1_109' title="bbox 1655 5336 2529 5403">
    <p class='ocr_par' dir='ltr' id='par_1_109' title="bbox 1655 5336 2529 5403">
     <span class='ocr_line' id='line_1_109' title="bbox 1655 5336 2529 5403; baseline 0.008 -7"><span class='ocrx_word' id='word_1_766' title='bbox 1655 5336 1943 5398; x_wconf 82' lang='lat' dir='ltr'><strong>lsmaelis</strong></span> <span class='ocrx_word' id='word_1_767' title='bbox 1979 5337 2283 5401; x_wconf 81' lang='lat' dir='ltr'><strong>Bullialdi</strong></span> <span class='ocrx_word' id='word_1_768' title='bbox 2333 5347 2529 5403; x_wconf 71' lang='lat' dir='ltr'><strong>notae.</strong></span> 
     </span>
    </p>
   </div>
   <div class='ocr_carea' id='block_1_110' title="bbox 505 5481 2001 5556">
    <p class='ocr_par' dir='ltr' id='par_1_110' title="bbox 505 5481 2001 5556">
     <span class='ocr_line' id='line_1_110' title="bbox 505 5481 2001 5556; baseline 0.005 -21"><span class='ocrx_word' id='word_1_769' title='bbox 505 5481 625 5556; x_wconf 76' lang='lat'><strong>(38)_</strong></span> <span class='ocrx_word' id='word_1_770' title='bbox 648 5482 887 5556; x_wconf 50' lang='grc' dir='ltr'>Πέμπει</span> <span class='ocrx_word' id='word_1_771' title='bbox 900 5481 1052 5556; x_wconf 79' lang='grc' dir='ltr'>πρὸς</span> <span class='ocrx_word' id='word_1_772' title='bbox 1073 5481 1180 5556; x_wconf 56' lang='lat' dir='ltr'><strong>rer</strong></span> <span class='ocrx_word' id='word_1_773' title='bbox 1194 5483 1454 5556; x_wconf 63' lang='grc' dir='ltr'>βατόέδα</span> <span class='ocrx_word' id='word_1_774' title='bbox 1488 5485 1772 5556; x_wconf 15' lang='grc' dir='ltr'>Βλαχίαγς.</span> <span class='ocrx_word' id='word_1_775' title='bbox 1802 5490 1854 5542; x_wconf 77' lang='lat' dir='ltr'><strong>la</strong></span> <span class='ocrx_word' id='word_1_776' title='bbox 1882 5496 2001 5543; x_wconf 83' lang='lat' dir='ltr'><strong>erat</strong></span> 
     </span>
    </p>
   </div>
   <div class='ocr_carea' id='block_1_111' title="bbox 436 5551 1999 5618">
    <p class='ocr_par' dir='ltr' id='par_1_111' title="bbox 436 5551 1999 5618">
     <span class='ocr_line' id='line_1_111' title="bbox 436 5551 1999 5618; baseline 0.006 -15"><span class='ocrx_word' id='word_1_777' title='bbox 436 5552 673 5606; x_wconf 62' lang='lat' dir='ltr'><strong>tutaculii</strong></span> <span class='ocrx_word' id='word_1_778' title='bbox 704 5556 824 5606; x_wconf 81' lang='lat' dir='ltr'><strong>sive</strong></span> <span class='ocrx_word' id='word_1_779' title='bbox 857 5551 1104 5606; x_wconf 66' lang='lat' dir='ltr'><strong>Draculae</strong></span> <span class='ocrx_word' id='word_1_780' title='bbox 1137 5553 1305 5618; x_wconf 81' lang='lat' dir='ltr'><strong>filius,</strong></span> <span class='ocrx_word' id='word_1_781' title='bbox 1340 5552 1543 5611; x_wconf 73' lang='lat' dir='ltr'><strong>Vlailus</strong></span> <span class='ocrx_word' id='word_1_782' title='bbox 1574 5551 1999 5614; x_wconf 78' lang='lat' dir='ltr'><strong>scuVladislaus</strong></span> 
     </span>
    </p>
   </div>
   <div class='ocr_carea' id='block_1_112' title="bbox 431 5622 1999 5747">
    <p class='ocr_par' dir='ltr' id='par_1_112' title="bbox 431 5622 1999 5747">
     <span class='ocr_line' id='line_1_112' title="bbox 431 5622 1999 5745; baseline 0.008 -73"><span class='ocrx_word' id='word_1_783' title='bbox 431 5622 1155 5745; x_wconf 58' lang='lat' dir='ltr'><strong>alppelllaltus.Laonicuslib.</strong></span> <span class='ocrx_word' id='word_1_784' title='bbox 1190 5638 1265 5689; x_wconf 76' lang='lat' dir='ltr'><strong>tr;</strong></span> <span class='ocrx_word' id='word_1_785' title='bbox 1296 5639 1403 5679; x_wconf 87' lang='lat' dir='ltr'><strong>non</strong></span> <span class='ocrx_word' id='word_1_786' title='bbox 1438 5626 1593 5695; x_wconf 78' lang='lat' dir='ltr'><strong>longe</strong></span> <span class='ocrx_word' id='word_1_787' title='bbox 1620 5642 1647 5679; x_wconf 89' lang='lat' dir='ltr'><strong>a</strong></span> <span class='ocrx_word' id='word_1_788' title='bbox 1676 5628 1797 5681; x_wconf 89' lang='lat' dir='ltr'><strong>line.</strong></span> <span class='ocrx_word' id='word_1_789' title='bbox 1827 5627 1999 5683; x_wconf 85' lang='lat' dir='ltr'><strong>Lenn-</strong></span> 
     </span>
     <span class='ocr_line' id='line_1_113' title="bbox 431 5708 829 5747; baseline -0.003 -2"><span class='ocrx_word' id='word_1_790' title='bbox 431 5708 459 5745; x_wconf 89' lang='lat' dir='ltr'><strong>c</strong></span> <span class='ocrx_word' id='word_1_791' title='bbox 483 5708 568 5745; x_wconf 85' lang='lat' dir='ltr'><strong>ar.</strong></span> <span class='ocrx_word' id='word_1_792' title='bbox 622 5709 633 5744; x_wconf 90' lang='grc' dir='ltr'><strong>ι</strong></span> <span class='ocrx_word' id='word_1_793' title='bbox 660 5708 694 5747; x_wconf 87' lang='grc'><strong>).</strong></span> <span class='ocrx_word' id='word_1_794' title='bbox 742 5709 829 5747; x_wconf 76' lang='grc' dir='ltr'>ιν.</span> 
     </span>
    </p>
   </div>
   <div class='ocr_carea' id='block_1_113' title="bbox 431 5708 1994 5840">
    <p class='ocr_par' dir='ltr' id='par_1_113' title="bbox 431 5708 1994 5840">
     <span class='ocr_line' id='line_1_114' title="bbox 466 5708 829 5745; baseline 0 -1"><span class='ocrx_word' id='word_1_795' title='bbox 466 5708 568 5745; x_wconf 84' lang='lat' dir='ltr'><strong>tar.</strong></span> <span class='ocrx_word' id='word_1_796' title='bbox 622 5708 694 5744; x_wconf 88' lang='grc' dir='ltr'>ιι.</span> <span class='ocrx_word' id='word_1_797' title='bbox 817 5733 829 5744; x_wconf 88' lang='grc'><strong>.</strong></span> 
     </span>
     <span class='ocr_line' id='line_1_115' title="bbox 431 5708 1994 5840; baseline 0.004 -25"><span class='ocrx_word' id='word_1_798' title='bbox 431 5708 459 5745; x_wconf 68' lang='lat' dir='ltr'><strong>C</strong></span> <span class='ocrx_word' id='word_1_799' title='bbox 504 5708 615 5835; x_wconf 60' lang='grc' dir='ltr'><strong>ᾦθὶ</strong></span> <span class='ocrx_word' id='word_1_800' title='bbox 650 5708 937 5831; x_wconf 48' lang='grc' dir='ltr'>άύεξὲμις.</span> <span class='ocrx_word' id='word_1_801' title='bbox 964 5763 1157 5837; x_wconf 79' lang='lat' dir='ltr'><strong>Dystra</strong></span> <span class='ocrx_word' id='word_1_802' title='bbox 1188 5765 1316 5822; x_wconf 80' lang='lat' dir='ltr'><strong>olini</strong></span> <span class='ocrx_word' id='word_1_803' title='bbox 1377 5767 1736 5839; x_wconf 77' lang='grc' dir='ltr'>Δουρόστολον</span> <span class='ocrx_word' id='word_1_804' title='bbox 1758 5767 1994 5840; x_wconf 70' lang='grc' dir='ltr'>λεγεὼν,</span> 
     </span>
    </p>
   </div>
   <div class='ocr_carea' id='block_1_114' title="bbox 2110 5485 3675 5561">
    <p class='ocr_par' dir='ltr' id='par_1_114' title="bbox 2110 5485 3675 5561">
     <span class='ocr_line' id='line_1_116' title="bbox 2110 5485 3675 5561; baseline 0.006 -21"><span class='ocrx_word' id='word_1_805' title='bbox 2110 5485 2494 5561; x_wconf 72' lang='lat' dir='ltr'><strong>Dur-ostentm,</strong></span> <span class='ocrx_word' id='word_1_806' title='bbox 2523 5487 3019 5561; x_wconf 68' lang='lat' dir='ltr'><strong>Mysiaeinferioris</strong></span> <span class='ocrx_word' id='word_1_807' title='bbox 3079 5493 3209 5547; x_wconf 84' lang='lat' dir='ltr'><strong>urbs</strong></span> <span class='ocrx_word' id='word_1_808' title='bbox 3242 5493 3309 5545; x_wconf 86' lang='lat' dir='ltr'><strong>ad</strong></span> <span class='ocrx_word' id='word_1_809' title='bbox 3344 5490 3675 5551; x_wconf 86' lang='lat' dir='ltr'><strong>Danubium.</strong></span> 
     </span>
    </p>
   </div>
   <div class='ocr_carea' id='block_1_115' title="bbox 2183 5559 3672 5627">
    <p class='ocr_par' dir='ltr' id='par_1_115' title="bbox 2183 5559 3672 5627">
     <span class='ocr_line' id='line_1_117' title="bbox 2183 5559 3672 5627; baseline 0.006 -15"><span class='ocrx_word' id='word_1_810' title='bbox 2183 5559 2294 5627; x_wconf 69' lang='grc'><strong>(40)</strong></span> <span class='ocrx_word' id='word_1_811' title='bbox 2327 5559 2621 5627; x_wconf 68' lang='grc' dir='ltr'>Ἀνῑιὶνους</span> <span class='ocrx_word' id='word_1_812' title='bbox 2638 5560 2737 5613; x_wconf 79' lang='grc' dir='ltr'>καὶ</span> <span class='ocrx_word' id='word_1_813' title='bbox 2780 5562 3070 5627; x_wconf 76' lang='grc' dir='ltr'><strong>Οῦννους.</strong></span> <span class='ocrx_word' id='word_1_814' title='bbox 3104 5562 3258 5616; x_wconf 83' lang='lat' dir='ltr'><strong>Alani</strong></span> <span class='ocrx_word' id='word_1_815' title='bbox 3310 5565 3365 5616; x_wconf 88' lang='lat' dir='ltr'><strong>in</strong></span> <span class='ocrx_word' id='word_1_816' title='bbox 3400 5565 3672 5620; x_wconf 78' lang='lat' dir='ltr'><strong>Sarmatia</strong></span> 
     </span>
    </p>
   </div>
   <div class='ocr_carea' id='block_1_116' title="bbox 2108 5628 3672 5704">
    <p class='ocr_par' dir='ltr' id='par_1_116' title="bbox 2108 5628 3672 5704">
     <span class='ocr_line' id='line_1_118' title="bbox 2108 5628 3672 5704; baseline 0.005 -22"><span class='ocrx_word' id='word_1_817' title='bbox 2108 5628 2371 5704; x_wconf 61' lang='lat' dir='ltr'><strong>Europa-tt</strong></span> <span class='ocrx_word' id='word_1_818' title='bbox 2404 5632 2560 5704; x_wconf 70' lang='lat' dir='ltr'><strong>sedes</strong></span> <span class='ocrx_word' id='word_1_819' title='bbox 2576 5632 2904 5704; x_wconf 73' lang='lat' dir='ltr'><strong>habuerunt;</strong></span> <span class='ocrx_word' id='word_1_820' title='bbox 2931 5632 3152 5704; x_wconf 84' lang='lat' dir='ltr'><strong>l’odolia</strong></span> <span class='ocrx_word' id='word_1_821' title='bbox 3180 5633 3337 5688; x_wconf 65' lang='lat' dir='ltr'><strong>hozlie</strong></span> <span class='ocrx_word' id='word_1_822' title='bbox 3364 5636 3672 5704; x_wconf 71' lang='lat' dir='ltr'><strong>appellatur</strong></span> 
     </span>
    </p>
   </div>
   <div class='ocr_carea' id='block_1_117' title="bbox 2107 5699 3672 5774">
    <p class='ocr_par' dir='ltr' id='par_1_117' title="bbox 2107 5699 3672 5774">
     <span class='ocr_line' id='line_1_119' title="bbox 2107 5699 3672 5774; baseline 0.006 -24"><span class='ocrx_word' id='word_1_823' title='bbox 2107 5699 2197 5751; x_wconf 85' lang='lat' dir='ltr'><strong>illa</strong></span> <span class='ocrx_word' id='word_1_824' title='bbox 2244 5701 2413 5769; x_wconf 80' lang='lat' dir='ltr'><strong>regio.</strong></span> <span class='ocrx_word' id='word_1_825' title='bbox 2442 5700 2634 5755; x_wconf 74' lang='grc' dir='ltr'>Οὔννοι</span> <span class='ocrx_word' id='word_1_826' title='bbox 2665 5714 2789 5755; x_wconf 80' lang='lat' dir='ltr'><strong>sunt</strong></span> <span class='ocrx_word' id='word_1_827' title='bbox 2828 5701 3066 5772; x_wconf 77' lang='lat' dir='ltr'><strong>linugari</strong></span> <span class='ocrx_word' id='word_1_828' title='bbox 3099 5705 3189 5774; x_wconf 84' lang='lat' dir='ltr'><strong>qui</strong></span> <span class='ocrx_word' id='word_1_829' title='bbox 3231 5699 3449 5764; x_wconf 74' lang='lat' dir='ltr'><strong>Daciam</strong></span> <span class='ocrx_word' id='word_1_830' title='bbox 3498 5721 3672 5760; x_wconf 36' lang='lat' dir='ltr'><strong>oscu-</strong></span> 
     </span>
    </p>
   </div>
   <div class='ocr_carea' id='block_1_118' title="bbox 2108 5779 2324 5839">
    <p class='ocr_par' dir='ltr' id='par_1_118' title="bbox 2108 5779 2324 5839">
     <span class='ocr_line' id='line_1_120' title="bbox 2108 5779 2324 5839; baseline 0.005 -17"><span class='ocrx_word' id='word_1_831' title='bbox 2108 5779 2324 5839; x_wconf 73' lang='lat' dir='ltr'><strong>perunt.</strong></span> 
     </span>
    </p>
   </div>
  </div>
