3980 6610
324 526 463 593 1181
1602 526 1885 590 CIIRONI

2005 531 2043 590 Π
2076 532 2353 591 BREVE.
3096 566 3099 573 η
3440 526 3577 591 ΗΒΞ

320 640 592 705 Γινωσκε,
625 640 886 693 σουλτᾶνε
921 659 1046 709 μου,
1077 642 1160 695 ὅτι
1205 642 1423 713 μέλλεις
1458 644 1796 713 βασιλεῦσαι.
1838 645 1946 697 Καὶ
1977 644 2299 715 ἀποκριθεὶς
2324 649 2352 699 6
2409 644 2640 699 σουλτάν
2670 645 2983 714 Σουλαιμὰν
3043 642 3198 699 εἶπεν
3260 645 3433 715 αὐτῷ,
3483 642 3575 693 Ἐν

324 727 480 799 πόσῳ
510 728 690 798 καιρῷ
716 748 730 794 ;
808 730 866 781 Ὀ
913 708 968 783 δὲ
1015 708 1269 801 Ἐϐραῖος
1324 708 1469 802 ἔφη,⁷
1489 733 1631 801 Τρία
1657 735 1897 804 στοιχεῖα
1929 708 2279 803 γραμμάτων
2307 750 2374 802 με
2414 733 2706 788 διδάσκουν
2749 749 2763 764 ο
2797 708 2899 787 οὐκ
2966 734 3086 787 οἶδα
3117 735 3164 787 εἰ
3194 708 3514 804 χρόνοι-εἰσὶ
3542 730 3572 797 ἢ

326 815 496 886 μῆνες
522 815 555 886 ἢ
594 816 773 869 καὶτὰ
803 817 961 871 ἄλλα.
989 818 1103 872 Καὶ
1126 820 1301 875 ταῦτα
1324 820 1515 886 είπὼν,
1548 823 1643 876 καὶ
1680 821 1814 875 ἄλλα
1845 822 1944 873 ὅσα
1965 815 2108 892 ἦσαν
2152 822 2335 893 χρεία,
2366 822 2471 894 ἔφη
2502 824 2530 875 6
2562 821 2794 875 σουλτὰν
2850 821 3252 891 Σουλαιμάνης,
3284 821 3365 873 δτι
3394 838 3412 870 ι
3446 817 3576 870 Ἐὰν

324 907 656 977 βασιλεύσοι,
678 908 837 961 δώσω
868 925 950 961 σοι
974 910 1147 980 λοφᾶν
1176 913 1300 965 ὅσον
1330 912 1515 983 θέλῃς.
1557 931 1575 964 ο
1604 913 1714 965 Καὶ
1742 912 2002 980 ἐποίησεν
2035 911 2181 983 αὑτῷ
2213 913 2494 983 ἔγγραφον
2538 911 2854 980 ὁμολογίαν·
2883 912 2978 965 καὶ
3010 911 3153 965 κατὰ
3172 912 3264 963 τὸν
3290 910 3453 973 λόγον
3477 904 3573 959 τοῦ

335 996 595 1067 Ἐσραίου
629 996 1008 1060 ἑόασίλευσεν,
1041 999 1273 1052 καὶτῶν
1305 1000 1591 1073 στοιχείων
1620 1000 2041 1071 ἀριθμουμένων
2070 1000 2271 1072 εὐρέθη
2300 1000 2517 1063 ἀληθῶς
2547 1002 2573 1054 6
2610 999 2883 1069 Ἐϐραῖος.
2909 996 3115 1052 Ἦλθεν
3147 998 3202 1051 δὲ
3237 1000 3265 1051 6
3296 997 3571 1065 Ἐϐραῖος,

324 1088 422 1138 καὶ
458 1085 692 1156 αἰτήσας
746 1085 839 1138 τὸν
884 1085 1059 1155 λοφᾶν
1099 1087 1243 1141 κατὰ
1282 1087 1345 1140 τὸ
1400 1088 1712 1157 ίδιόγραφον
1745 1091 1842 1143 τοῦ
1887 1088 2141 1157 ἁφεντδς,
2185 1092 2282 1143 καὶ
2307 1087 2495 1142 λαϐὼν
2556 1088 2707 1151 αὐτὸ,
2748 1088 2844 1140 καὶ
2884 1086 3053 1149 ἄλλας
3086 1085 3352 1146 πλείστας
3380 1082 3571 1148 τιμάς.

335 1173 652 1243 Ἥρὼτησεν
682 1173 737 1227 δὲ
769 1174 934 1227 αὑτὸν
965 1177 1095 1244 περὶ
1124 1175 1224 1243 τῆς
1260 1174 1537 1244 βασιλείας
1558 1174 1723 1228 αὑτοῦ
1748 1174 1800 1227 τί
1831 1176 2018 1245 μέλλει
2062 1176 2337 1245 γενέσθαι.
2376 1176 2434 1230 '0
2464 1176 2522 1229 δὲ
2566 1173 2816 1244 Ἐϐραῖος
2856 1174 2889 1245 ἢ
2953 1174 3123 1243 κακίᾳ
3164 1175 3488 1241 φερόμενος.
3535 1169 3569 1238 ἢ

321 1264 420 1313 καὶ
450 1261 667 1331 άληθῶς
693 1262 767 1323 ὡς
791 1262 1136 1316 ἐδιδάσκετω
1166 1264 1272 1316 ὑπὸ
1302 1265 1398 1327 τὰς
1429 1266 1689 1331 μαντείας
1721 1263 1909 1329 αὐτοῦ,
1946 1266 2073 1335 ἔφη,
2106 1266 2188 1319 ὅτι
2216 1267 2265 1319 oi
2288 1266 2627 1335 Χριστιανοὶ,
2660 1265 2796 1317 ὅπου
2832 1260 2972 1315 εἶναι
3004 1263 3099 1326 ξείς
3128 1262 3226 1331 τὴν
3252 1260 3404 1313 πόλιν
3442 1257 3572 1325 μέλε

321 1348 405 1401 λει
438 1348 561 1401 νοῦν
599 1350 862 1419 ποιήσουν
894 1350 1103 1416 στάσιν,
1140 1352 1233 1405 καὶ
1273 1351 1498 1422 βασιλέα
1532 1354 1679 1414 ὅστις
1708 1352 1793 1406 ἐνε
1822 1354 1921 1422 τὴν
1970 1356 2211 1423 σήμερον
2238 1355 2319 1415 είς
2348 1354 2446 1425 τὴν
2474 1354 2627 1405 πόλιν
2647 1370 2661 1385 ο
2705 1354 2797 1405 καὶ
2844 1352 2995 1403 αὐτοὶ
3023 1350 3123 1401 σὺν
3182 1348 3331 1416 αὐτῷ
3360 1347 3425 1397 va
3450 1362 3576 1397 οτα-

323 1439 549 1491 σιάσουν
572 1438 711 1491 κατὰ
737 1438 832 1491 τοῦ
860 1438 954 1491 σοῦ
996 1441 1233 1510 κράτους
1263 1443 1357 1494 καὶ
1394 1442 1483 1496 διὰ
1522 1444 1682 1496 τοῦτο
1707 1443 1895 1512 πρόῖδε
1934 1444 1967 1512 ἡ
2008 1443 2257 1507 βασιλεία
2286 1460 2379 1497 σου
2427 1443 2496 1497 νά
2525 1443 2653 1503 τοὺς
2692 1441 2889 1509 κόψῃς,
2948 1439 3037 1491 ἵνα
3087 1437 3162 1507 μὴ
3199 1436 3453 1489 τελὲσουν
3507 1434 3567 1484 τδ

322 1524 508 1592 ἔργον.
551 1525 609 1577 '0
632 1526 689 1578 δὲ
714 1527 1045 1596 συμϐούλιον
1072 1529 1297 1597 ἐποίησε
1350 1533 1492 1599 μετὰ
1528 1532 1637 1583 τῶν
1668 1533 2177 1601 πρωτοσυμὸούλων
2208 1533 2399 1595 αὑτοῦ,
2432 1534 2521 1586 ἵνα
2567 1532 2711 1603 κόψῃ
2742 1532 2871 1592 τοὺς
2908 1527 3292 1599 Χριστιανούς.
3348 1524 3454 1577 Καί
3485 1538 3573 1583 τις

321 1616 387 1665 ἐκ
418 1616 529 1665 τῶν
569 1617 915 1682 μεγιστάνων
935 1618 1099 1670 αὑτοῦ
1127 1620 1354 1689 ὀνόματι
1405 1620 1547 1690 Πυρὶ
1600 1622 1863 1683 Μπασιᾶς
1896 1623 2174 1693 ἀπέκοψεν
2206 1624 2368 1676 αὐτὸν
2396 1622 2498 1690 τῆς
2528 1622 2697 1690 αὐτῆς
2723 1619 2963 1685 ἀθέσμου
2989 1617 3082 1669 καὶ
3120 1616 3308 1667 ἀδίκου
3368 1610 3570 1679 ὁρμῆς.

322 1701 495 1753 εἰπὼν
520 1704 667 1773 αὐτῷ
688 1716 701 1731 ·
738 1723 755 1755 ι
788 1705 1053 1759 Σουλτάνε
1092 1725 1214 1778 μου,
1241 1708 1310 1761 τὰ
1345 1710 1574 1762 τοιαῦτα
1606 1708 1818 1779 μεγάλα
1842 1709 2147 1780 πράγματα
2171 1711 2279 1765 ὰπὸ
2315 1710 2449 1764 Θεοῦ
2480 1711 2636 1762 εἰσιν⁸
2674 1711 2768 1763 καὶ
2795 1709 2842 1759 εἰ
2868 1708 2966 1774 μέν
3000 1705 3137 1756 εἰσιν
3177 1703 3284 1753 ἀπὸ
3319 1698 3478 1759 Θεοῦ,
3509 1695 3573 1748 οὐ

322 1788 607 1857 δυνάμεθα
642 1793 1059 1864 ἐναντιωθῆναι,
1095 1797 1181 1850 ἵνα
1211 1796 1284 1866 μὴ
1304 1798 1618 1866 εὑρεθῶμεν
1644 1797 1737 1849 καὶ
1767 1796 2027 1867 θεομάχοι
2051 1816 2065 1829 ο
2100 1800 2149 1850 εί
2169 1798 2226 1851 δέ
2257 1801 2397 1851 εἰσιν
2423 1798 2481 1862 ἐξ
2512 1795 2839 1865 ἀνθρώπων,
2870 1796 3006 1862 ἄφες
3030 1792 3175 1860 ἡμᾶς
3193 1788 3321 1851 τοὺς
3354 1785 3573 1847 δούλους

323 1897 443 1941 σου,
479 1881 567 1933 ἵνα
604 1886 923 1953 ποιήσωμεν
956 1885 1057 1955 τὴν
1089 1887 1391 1958 ἐκδίκησιν.
1438 1908 1456 1941 ι

394 1968 582 2039 Τούτῳ
614 1971 691 2041 τῷ
718 1972 828 2026 ἔτει
855 1973 1056 2038 ἔδειξεν
1089 1977 1117 2028 6
1143 1976 1277 2039 Θεὸς
1306 1979 1530 2045 σημεῖον
1563 1976 1765 2029 τοιόνδε
1804 1977 1859 2027 ὲν
1900 1978 1965 2045 τῇ
1999 1976 2413 2028 Κωισταντίνου
2436 1974 2588 2025 πόλει
2617 1975 2681 2042 τῇ
2723 1970 2934 2041 μεγάλῃ
2970 1967 3223 2036 κυριακῇ
3248 1961 3340 2017 τοῦ
3363 1960 3572 2027 Πάσχα*

324 2054 398 2107 Τὸ
444 2058 801 2124 μεσονύκτιον
833 2063 1153 2133 ἠγέρθησαν
1187 2067 1238 2118 οί
1272 2066 1627 2136 Τερϐήσιδες,
1663 2066 1759 2118 καὶ
1786 2065 2004 2134 ύπῆγαν
2033 2066 2113 2126 είς
2138 2064 2237 2133 τὴν
2270 2064 2434 2130 ἁγίαν
2479 2062 2704 2129 Σοφίαν,
2758 2059 2825 2111 να
2870 2055 3269 2109 σαλαῦατίσουν
3326 2048 3469 2101 κατὰ
3516 2045 3577 2136 τί)

324 2143 502 2195 αὐτῶν
530 2143 673 2207 ἔθος.
710 2148 817 2201 Καὶ
846 2148 1099 2211 ὲλθόντε;
1132 2156 1212 2215 είς
1248 2155 1315 2206 τὰ
1341 2133 1617 2223 προαύλια
1644 2152 1739 2206 τοῦ
1764 2133 1893 2203 ναοῦ
1918 2154 2161 2221 ἤκουσαν
2181 2148 2526 2218 ψαλμῳδίαν,
2560 2148 2655 2199 καὶ
2692 2142 2833 2198 εῖδον
2884 2144 2978 2197 καὶ
3037 2142 3150 2209 φῶξ
3214 2142 3354 2223 μέγα
3393 2133 3577 2223 ἐν,Ϊῷ

324 2230 461 2299 ναῷ,
482 2232 581 2283 καὶ
613 2235 1014 2303 πλησιάσαντες
1050 2239 1210 2309 εὗρον
1246 2244 1342 2302 τὰς
1376 2218 1552 2302 πύλας
1593 2218 1970 2309 ἀνεῳγμένας,
2005 2235 2101 2288 καὶ
2136 2235 2320 2302 φωνὰς
2372 2231 2726 2301 ψαλμῳδίας,
2760 2230 2820 2281 τὸ
2870 2226 3127 2291 Χριστὸς
3173 2222 3421 2309 ἀνέστη.
3464 2218 3578 2271 Καὶ

324 2318 576 2384 ἀκούσας
609 2323 920 2391 σπουδαίως
970 2304 1164 2380 ἔδοσαν
1196 2330 1441 2395 γνωστὸν
1494 2328 1591 2380 τοῦ
1658 2304 1914 2395 ἁῷεντάς.
1958 2327 2151 2387 Ὅστις
2176 2320 2340 2393 ἦλθεν
2369 2320 2729 2391 σωματικῶς,
2757 2317 2851 2370 καὶ
2878 2318 3131 2374 ἄκουσεν,
3189 2310 3285 2362 καὶ
3321 2304 3461 2360 εἶδεν
3518 2307 3575 2357 ὲν

326 2407 654 2479 ὀφθαλμοῖς,
725 2412 994 2478 κελεύσας
1039 2416 1128 2469 ἵνα
1153 2394 1390 2469 ἀναὸοὖν
1428 2418 1509 2479 είς
1541 2418 1609 2469 τὰ
1651 2394 2022 2486 ἀνηχούμενα.
2066 2412 2152 2465 Ni
2207 2411 2554 2463 σκοπεύσουν
2598 2407 2809 2478 μήποτέ
2853 2407 3011 2469 ,ἐστιν
3050 2402 3111 2465 ἐξ
3160 2394 3574 2486 ἀνθρῴπωνηῆ

325 2497 553 2552 τοιαῦτα
574 2499 791 2569 ἑνέργα.
818 2502 931 2554 Καὶ
957 2503 1120 2566 εὐθὺς
1142 2504 1417 2570 ὲξέλοιπεν
1450 2506 1635 2557 καὶτὸ
1838 2482 1992 2571 κταὶὴ
2033 2498 2347 2570 ψαλμῳδία.
2402 2497 2509 2548 Καὶ
2551 2495 2714 2547 πάλιν
2760 2492 3045 2562 ὥρμησεν.
3110 2488 3194 2540 ἵνα
3250 2484 3392 2555 κόψῃ
3451 2482 3580 2541 τοὺς

327 2583 697 2655 ⁴Χριστιανούς
721 2603 736 2617 ο
776 2588 826 2640 εί
863 2590 939 2658 μὴ
976 2591 1137 2644 πάλιν
1161 2594 1188 2643 6
1219 2592 1379 2653 αὐτὸς
1412 2593 1763 2662 Πυριπασιᾶς
1796 2590 2078 2659 ἀπέκοψεν
2112 2587 2278 2641 αὐτοῦ
2306 2585 2405 2655 τὴν
2438 2584 2642 2654 ὁρμήν.
3305 2661 3308 2662 ν
3410 2627 3441 2662 _-

398 2673 492 2735 Εἷς
518 2674 585 2727 τὰ
623 2676 800 2747 ,αφκβ’
832 2650 1043 2747 ’ίούλξῳ
1069 2681 1282 2750 ἐπῆρεν
1314 2682 1341 2732 6
1363 2650 1609 2743 invia;
1642 2650 1759 2751 (895
1792 2679 1889 2750 τὴν
1915 2650 2188 2731 minus“
2220 2675 2328 2725 ἀπὸ
2354 2650 2611 2736 σπαθίου,
2639 2671 2736 2723 καὶ
2764 2668 2959 2739 ἔκοψεν
2999 2668 3057 2720 ἐν
3087 2665 3224 2733 αὐτῇ
3285 2660 3462 2731 ψυχὰς
3496 2650 3583 2709 λε’

326 2760 600 2831 χιλιάδας.

403 2851 498 2911 Εἰς
554 2852 620 2902 τὰ
665 2848 831 2918 αφκγ⁹
866 2849 1147 2915 ἀπεστάλη
1185 2852 1213 2903 6
1248 2850 1504 2921 Αἰχμὰτη
1539 2853 1799 2915 Μπασιᾶς
1832 2852 1937 2905 ὑπὸ
1974 2852 2067 2907 τοῦ
2117 2849 2361 2922 Ἄμηροῦ
2398 2847 2689 2903 σουλτάνου
2745 2846 3093 2915 Σουλαιμάνη
3144 2842 3224 2902 είς
3273 2839 3333 2891 τὸ
3370 2838 3579 2903 Κάερος

324 2936 416 2991 (va
444 2937 600 3010 ὁρίζῃ
636 2937 787 2992 αὐτό.
821 2937 1011 3002 Ὅστις
1040 2939 1127 2992 διὰ
1155 2938 1352 3007 φθόνον
1393 2940 1526 2993 διότι
1582 2941 1771 3010 ἠγάπα
1818 2942 1844 2992 6
1875 2941 2061 3009 ὀηθεὶς
2092 2940 2341 3010 Ἀμηρὶς
2396 2940 2486 2990 τον
2526 2936 2989 3007 ΠραιοΜπάσιαν,
3036 2928 3457 2988 άνυποστάσετι,
3487 2922 3582 2975 καὶ

328 3136 471 3192 7950
587 3136 727 3192 1522
805 3150 863 3191 re
919 3144 1101 3200 erant,
1131 3136 1317 3202 dictis,
1349 3136 1601 3191 sultanus
1629 3136 1973 3193 Suteimancs
2004 3137 2119 3193 haec
2147 3138 2194 3193 ei
2233 3138 2405 3194 dixit:
2441 3157 2459 3190 ι
2497 3137 2550 3193 Si
2585 3136 2873 3207 imperium
2912 3136 3141 3205 adeptus
3168 3130 3341 3193 fuero,
3371 3138 3582 3180 merce-

799 3224 946 3289 dem,
984 3234 1247 3293 quantam
1282 3226 1825 3291 volucris,solvam,i
1860 3229 1965 3281 scri
2010 3234 2175 3296 toque
2206 3227 2273 3281 de
2303 3229 2371 3296 ips

2010 3234 2175 3296 toque
2206 3227 2273 3281 de
2303 3228 2406 3296 ipsi
2434 3226 2739 3297 praestanda
2765 3222 3018 3279 mercede
3048 3221 3215 3275 cavit.
3243 3217 3443 3271 Fasces
3475 3213 3579 3265 ita-

793 3328 901 3382 que
933 3313 1147 3380 imperii
1185 3312 1487 3367 secundum
1519 3313 1731 3369 llebrmi
1766 3316 2087 3371 vaticinium
2118 3320 2385 3387 suscepit,
2421 3317 2563 3387 quod
2600 3332 2829 3385 numero
2858 3315 3165 3368 litterarum
3204 3310 3362 3369 inito,
3390 3318 3577 3359 verum

793 3401 967 3455 fuisse
1004 3401 1204 3470 patuit.
1238 3399 1541 3455 Mercedem
1569 3402 1754 3470 itaque
1780 3418 1843 3457 ex
1872 3402 2239 3459 instrumento
2278 3406 2485 3475 scripto
2519 3421 2545 3457 a
2589 3405 2838 3473 principe
2871 3402 3132 3457 Hebraeus
3168 3398 3384 3467 repetiit
3416 3413 3428 3446 :
3459 3405 3579 3445 eam

801 3491 1034 3559 accepit,
1070 3490 1365 3558 multisque
1394 3490 1695 3545 honoribus
1724 3490 1951 3546 allectus
1976 3501 2079 3548 est.
2114 3493 2478 3563 Interrogavit
2509 3508 2673 3561 porro
2716 3494 2969 3547 sultanus
3013 3490 3323 3548 Hebraeum,
3359 3482 3580 3551 qcinam

797 3594 988 3644 casus,
1026 3578 1159 3632 dum
1196 3578 1312 3647 ipse
1345 3588 1619 3648 regnaret,
1654 3580 1823 3632 futuri
1852 3589 2030 3634 erant.
2068 3578 2205 3634 Tum
2240 3580 2503 3634 Hebraeus
2533 3589 2628 3632 aut
2669 3582 2854 3633 animo
2885 3579 3029 3631 malo
3066 3574 3410 3648 pulsus,vel,
3436 3569 3582 3639 quod

795 3666 1003 3733 verius,
1041 3673 1160 3721 arte
1189 3681 1288 3721 sua
1318 3667 1644 3721 divinatrice
1674 3667 1903 3722 edoctus
1938 3670 2239 3737 respondit,
2288 3667 2661 3732 Christianos,
2703 3667 2947 3737 quandiu
2984 3667 3037 3719 in
3094 3665 3229 3717 urbe
3266 3663 3492 3720 fuerint,
3522 3660 3581 3710 in

788 3771 857 3813 eo
889 3757 1237 3811 laboraturos
1269 3767 1326 3811 ut
1357 3756 1682 3811 seditionem
1714 3756 1976 3821 excitent,
2013 3740 2513 3826 imperatoremque
2544 3758 2889 3809 constituant
2925 3752 3250 3822 quemlibet,
3276 3764 3389 3817 quo
3442 3746 3584 3799 duce

792 3842 1059 3898 adversus
1091 3842 1390 3913 potentiam
1424 3853 1570 3896 tuam
1595 3842 1904 3896 rebellent:
1937 3854 2228 3912 propterea
2265 3844 2422 3909 tales,
2466 3860 2498 3897 o
2525 3844 2762 3907 sultane,
2798 3842 3108 3895 rescindere
3139 3847 3193 3891 et
3224 3836 3458 3889 avellere
3488 3838 3586 3886 de-

798 3932 917 3996 bes.
950 3931 1275 4001 priusquam
1302 3930 1357 3984 in
1392 3932 1493 3985 hoc
1519 3930 1699 3984 scelus
1728 3941 2106 3999 prorumpant.
2146 3932 2265 4002 Ipse
2294 3948 2428 4003 ergo
2460 3948 2585 3986 cum
2619 3931 2734 3986 suis
2769 3927 3197 3999 protosymbulis
3241 3939 3337 3977 seu
3388 3921 3586 3976 veziris

799 4021 869 4077 de
898 4019 1231 4079 Christianis
1256 4018 1550 4088 perdendis
1589 4019 1879 4075 deliberat.
1918 4017 2071 4074 Unus
2111 4020 2377 4087 ipsorum,
2412 4020 2537 4089 l’yri
2572 4018 2738 4072 Bassa
2769 4026 3018 4079 vocatus,
3050 4030 3079 4067 a
3134 4022 3244 4066 tam
3300 4010 3489 4079 iniqun
3521 4022 3586 4062 ac

800 4108 1014 4163 nefario
1053 4107 1261 4177 impetu
1292 4117 1346 4161 et
1372 4107 1654 4177 proposito
1683 4108 1932 4173 retraxit,
1960 4123 2196 4177 eumque
2230 4109 2311 4162 sic
2341 4107 2537 4161 atratus
2560 4114 2675 4161 est;
2708 4124 2729 4158 ι
2762 4103 2829 4159 Mi
2859 4105 3101 4167 sultane,
3135 4109 3246 4155 tam
3283 4113 3491 4168 magna:
3522 4111 3588 4151 ac

798 4196 982 4250 ardua:
1009 4210 1100 4250 res
1132 4194 1352 4249 nonnisi
1375 4209 1404 4247 a
1444 4194 1552 4248 Deo
1581 4196 1763 4262 ρετηυί
1800 4204 2050 4265 possunt.
2082 4195 2138 4248 Si
2172 4209 2408 4264 namque
2437 4195 2526 4248 isti
2556 4210 2584 4247 a
2610 4192 2720 4247 Deo
2749 4202 2901 4253 sunt,
2933 4206 3046 4245 non
3082 4202 3373 4259 possumus
3398 4186 3591 4237 adver-

795 4284 929 4349 sari,
955 4285 1088 4353 quin
1120 4290 1175 4338 et
1211 4283 1475 4336 adversus
1507 4282 1674 4336 Deum
1703 4298 1946 4352 pugnare
1976 4284 2473 4353 deprehendamur.
2513 4282 2667 4347 Quod
2694 4282 2739 4336 si
2765 4282 2832 4335 ab
2862 4278 3178 4333 hominibus
3222 4274 3445 4337 fuerint,
3470 4272 3590 4326 sine

793 4388 895 4428 nos
927 4386 1118 4427 servos
1154 4381 1279 4426 tuos
1306 4370 1602 4425 vindictam
1641 4371 1707 4425 de
1745 4372 1812 4425 iis
1844 4387 2084 4428 sumere.
2122 4390 2141 4424 ι
3340 4364 3343 4367 λ

870 4462 985 4516 Hoc
1011 4460 1202 4513 eodem
1240 4474 1384 4512 anno
1424 4462 1533 4513 tale
1585 4460 1798 4541 signum
1832 4460 2303 4531 Constantinopoli
2334 4474 2530 4531 magna
2572 4456 2861 4513 Paschalis
2895 4452 3183 4508 Dominica
3234 4449 3378 4503 Deus
3400 4457 3589 4502 osten-

798 4550 897 4603 dit.
930 4548 1065 4602 Cum
1102 4546 1334 4602 Dervisii
1372 4548 1547 4600 media
1580 4537 1762 4612 nocte,
1794 4558 1853 4601 ut
1888 4549 2023 4617 ipsis
2050 4564 2167 4604 mos
2199 4561 2284 4604 est
2318 4588 2336 4611 ,
2364 4552 2758 4605 surrexissent,
2794 4556 2847 4599 et
2879 4543 2945 4597 ad
2974 4544 3033 4597 S.
3071 4539 3288 4609 SOphia:
3321 4537 3586 4606 templum

800 4640 1100 4701 venissent,
1124 4637 1277 4707 juxta
1305 4637 1441 4689 ritus
1480 4650 1610 4691 suos
1637 4637 1786 4705 orgia
1812 4638 2176 4703 celebraturi;
2213 4637 2541 4691 vestibulum
2584 4635 2819 4704 ingressi
2871 4630 3235 4701 psalmodiam
3272 4627 3589 4683 audierunt.

803 4730 1100 4796 lumenque
1142 4741 1399 4796 magnum
1456 4727 1509 4780 in
1546 4726 1750 4795 templo
1785 4726 2041 4780 viderunt
2077 4743 2089 4778 :
2124 4726 2347 4795 propius
2381 4725 2580 4779 deinde
2613 4723 2937 4777 accedentes
2972 4730 3218 4787 patentes
3252 4724 3436 4784 portas
3460 4728 3595 4765 con-
3682 4732 3689 4739 ο

803 4831 1056 4886 spexere,
1083 4815 1482 4883 audieruntque
1507 4829 1669 4868 voces
1707 4814 2022 4868 canentium
2058 4816 2343 4883 hymnum,
2403 4813 2651 4867 Christus
2681 4812 2988 4865 resurrexit.
3025 4808 3180 4874 Quod
3214 4806 3281 4859 ad
3310 4805 3587 4858 sultanum

806 4910 1067 4959 accurate
1099 4904 1430 4964 retulerunt,
1485 4902 1714 4971 ipseque
1761 4904 2020 4965 accessit,
2051 4903 2255 4956 audivit
2285 4912 2334 4955 et
2367 4902 2505 4955 vidit
2540 4901 2714 4954 oculis
2764 4898 2903 4959 suis,
2934 4898 3209 4965 jussitque
3259 4903 3316 4946 ut
3345 4891 3595 4945 attende-

809 4999 929 5043 rent
953 4990 1019 5042 ad
1054 4996 1379 5043 resonantes
1408 4990 1546 5043 istos
1574 5000 1769 5043 cantus
1796 5029 1809 5051 .
1838 4989 2364 5058 perpenderentque,
2408 5002 2535 5040 num
2568 4988 2637 5039 ab
2669 4988 2907 5037 humana
2941 4998 3074 5036 voce
3115 4983 3435 5035 ederentur.
3469 4979 3593 5030 Sta-

808 5078 905 5129 tim
940 5077 1104 5129 simul
1134 5092 1257 5130 cum
1282 5078 1585 5145 psalmodia
1612 5079 1793 5131 lumen
1827 5077 2048 5131 defecit.
2076 5075 2390 5145 lterumque
2452 5076 2705 5130 sultanus
2733 5074 2799 5127 de
2838 5071 3162 5126 Christianis
3199 5066 3596 5123 interﬁciendis

811 5164 1189 5218 vehementius
1216 5166 1348 5230 agit,
1384 5181 1410 5216 a
1434 5181 1543 5233 quo
1574 5165 1808 5218 violento
1840 5165 2069 5219 consilio
2103 5165 2222 5234 Pya-i
2248 5163 2412 5217 Bassa
2445 5179 2570 5215 eum
2605 5162 2853 5215 retraxit.

870 5256 1056 5310 Mense
1100 5255 1244 5310 Julio
1276 5254 1523 5311 Genuam
1560 5258 1608 5309 vi
1642 5256 1933 5326 occupavit
1974 5253 2249 5323 Hispania:
2279 5267 2395 5315 rex,
2437 5251 2831 5318 hominumque
2881 5246 3106 5317 triginta
3142 5246 3382 5315 quinque
3430 5242 3597 5296 millia

807 5346 989 5402 occisa
1010 5354 1160 5399 sunt.

868 5434 1126 5485 Ahmetes
1150 5430 1315 5484 Bassa
1342 5430 1563 5484 Cairum
1598 5430 1654 5483 in
1702 5428 1963 5498 Egypto,
1996 5438 2055 5480 ut
2090 5426 2431 5495 provinciam
2473 5432 2708 5491 regeret,
2739 5438 2766 5475 a
2798 5426 3019 5475 sultano
3053 5422 3367 5481 Suleimane
3396 5419 3599 5470 missus

809 5528 915 5573 est.
945 5518 1163 5573 Invidia:
1189 5533 1318 5571 vero
1348 5518 1587 5571 stimulis
1619 5518 1670 5570 in
1697 5518 2067 5570 Ahrahamum
2101 5514 2323 5567 Bassam
2362 5514 2622 5582 percitus,
2642 5510 2784 5580 quod
2813 5511 2953 5579 apud
2988 5511 3266 5563 sultannm
3292 5505 3464 5573 gz'ttlin
3487 5520 3598 5573 prae

812 5608 1023 5661 caeteris
1054 5608 1285 5671 valeret,
1306 5621 1335 5659 a
1372 5606 1685 5662 Saleimane
1713 5605 1917 5669 deﬁt-it,
1954 5615 2008 5659 et
2046 5613 2233 5658 contra
2266 5617 2391 5656 eum
2423 5600 2653 5654 rebellat
2688 5615 2701 5651 :
2733 5612 3059 5663 omnesque,
3088 5596 3179 5664 qui
3219 5596 3271 5648 in
3299 5594 3401 5646 tlde
3424 5600 3476 5645 et
3505 5592 3601 5643 ob-

811 5696 1005 5765 sequio
1030 5709 1155 5763 erga
1196 5695 1450 5747 Ameram
1490 5693 1808 5762 prmdictum
1847 5704 1991 5747 stare
2020 5696 2335 5760 voluerunt,
2368 5692 2436 5745 de
2468 5690 2648 5744 medio
2677 5688 2840 5744 tollit.
2878 5686 3253 5742 Provinciales
3281 5684 3603 5738 Achmetcm

1569 5818 1845 5878 Ismaelis
1880 5817 2163 5878 Bullialdi
2206 5826 2392 5878 note).

430 5945 545 6016 (89)
614 5948 655 5998 Ο
696 5943 982 6007 Σπανίας.
1053 5941 1198 5997 Duce
1224 5941 1492 6013 Prospero
1543 5942 1808 5996 Columna
1843 5949 1999 6009 capta
2033 5940 2129 5993 fuit
2164 5941 2350 5995 Genua
2378 5955 2437 5994 ac
2475 5939 2689 6007 direpta
