4044 6432
421 388 483 450 l’l
1633 408 2024 473 GEORGIUS
2042 406 2421 484 ‘CODINUS.
3582 430 3652 497 20

415 518 734 602 coruscum.
768 505 819 557 in
858 509 1030 561 saetis
1056 511 1165 565 tuis
1194 512 1404 569 :edibus
1429 523 1478 568 te
1515 516 1695 572 colere
1727 535 1743 583 ;
1785 520 2169 590 imperatorem
2201 543 2332 583 vero
2362 533 2557 587 curiali
2593 549 2693 589 suo
2745 538 3005 607 comitatu
3055 540 3348 611 stipatum,
3410 559 3641 600 aureum

410 592 666 695 utramvis
692 603 745 646 et
775 610 1112 663 purpureum
1157 600 1541 671 undequaque,
1575 605 1622 660 si
1654 607 1991 675 majestatem
2028 613 2180 663 nullo
2204 631 2440 673 maerore
2466 604 2840 677 obnubilatam
2880 592 3157 695 proferat,r
3173 592 3416 686 candidis
3451 643 3645 687 contra

408 679 654 734 vestibus
710 683 993 747 amictum,
1025 686 1067 737 si
1106 687 1307 742 luctum
1339 698 1590 757 testatur,
1627 702 1679 746 te
1738 700 1983 752 venerari
2026 710 2082 754 et
2130 701 2185 753 in
2240 709 2411 757 musci
2453 707 2530 759 tui
2581 679 2899 765 secretiore‘
2928 679 3191 782 penetrali
3264 718 3374 771 tuis
3419 720 3647 786 pedibus

404 767 618 866 advolvi
653 780 893 869 exoptat.
927 782 979 823 et
1012 790 1154 828 nunc
1180 777 1384 831 amisso
1418 779 1667 847 imperio,
1710 784 1776 835 ad
1815 784 2092 845 felicitatis
2127 794 2443 859 reparandae
2469 811 2657 859 omen,
2696 767 3015 871 priusquam
3042 804 3240 858 iterato
3276 822 3333 860 se
3400 767 3645 875 prroferat

406 856 459 906 in
492 864 584 961 tito
613 858 829 961 nomine
855 874 1114 961 apparere
1143 865 1403 931 postulat.
1430 865 1485 918 ltl
1526 884 1656 923 sane
1678 869 1875 925 Codini
1907 890 2048 944 opus
2079 856 2347 949 (δεμ-(ιηοά
2380 900 2489 937 non
2518 856 2810 941 crediti-erit
2852 856 3046 945 merito
3084 894 3357 961 quiSpiam
3400 856 3497 948 rtot
3552 898 3643 948 di-

405 943 638 1044 candum
673 947 981 1001 hominibus
1015 961 1147 1016 quot
1181 952 1365 1007 Ollicia
1393 958 1721 1022 percensuit,
1744 961 1839 1012 sed
1873 962 1920 1015 ei
1943 943 2044 1017 soli
2080 943 2386 1022 vovendum
2412 988 2571 1036 quem
2596 975 2829 1040 plurima
2865 943 3161 1044 respiciunt
3196 943 3402 1039 ofﬁcia.
3438 991 3494 1035 et
3529 998 3628 1036 cu-

398 1028 775 1137 jusﬂitt'ft'onle
807 1036 1087 1102 praefixum
1120 1055 1318 1093 nomen
1364 1058 1488 1109 pars
1513 1044 1634 1096 libri
1666 1046 1737 1098 sit
1764 1049 2071 1114 potissima.
2102 1053 2192 1107 Sic
2226 1067 2310 1108 est
2351 1028 2619 1126 profecto;
2660 1028 2980 1120 cardinalisr
3019 1067 3452 1122 eminentissime
3481 1088 3495 1123 :
3540 1086 3638 1137 per

484 1117 731 1172 Codinus
762 1123 964 1191 mirum
1001 1126 1052 1177 in
1087 1127 1309 1181 modum
1342 1139 1595 1196 augetur,
1627 1147 1817 1200 nempe
1838 1135 1930 1202 qui
1962 1153 2069 1191 non
2103 1142 2279 1197 officia
2312 1117 2485 1201 solum
2524 1152 2816 1206 enumerat
2856 1152 3064 1223 Magna:
3124 1156 3369 1209 ecclesiae
3421 1166 3476 1209 et
3507 1117 3645 1209 aitlzc

402 1205 727 1311 (Epolitauze,
764 1213 859 1309 sed
893 1215 1058 1267 etiam
1092 1217 1414 1285 ampliores,
1454 1236 1592 1286 quas
1626 1222 1680 1274 in
1711 1222 1788 1277 Te
1818 1227 2051 1296 colligis,
2083 1233 2369 1301 utriusque
2392 1238 2572 1302 palatii
2597 1239 2747 1307 Regii
2788 1250 2841 1294 et
2906 1205 3174 1294 V‘aticaui
3199 1205 3511 1311 illiqiiita‘tcs
3564 1246 3645 1297 \‘i-

405 1291 566 1394 detur
610 1300 935 1364 expressius
971 1315 1391 1372 repraesentare.
1426 1307 1773 1377 Quapropter
1805 1325 2085 1368 auctorem
2119 1316 2264 1371 hunc
2290 1327 2383 1374 tuo
2402 1318 2623 1377 nomine
2643 1291 3003 1394 cottsignasse
3031 1327 3244 1380 sincere
3273 1291 3326 1381 Et
3356 1331 3473 1383 sine
3512 1329 3640 1383 fuco

403 1381 663 1438 Μοῧιθον
703 1388 1032 1455 praecipuam
1065 1408 1129 1445 ex
1166 1393 1303 1447 meis
1334 1394 1399 1446 ad
1432 1410 1556 1448 eum
1588 1401 1753 1451 netis.
1788 1398 1862 1452 Ita
1890 1416 1998 1454 non
2024 1403 2163 1459 foret
2199 1406 2299 1460 iste
2348 1422 2519 1465 meus.
2551 1412 2654 1464 uisi
2685 1381 2834 1466 tuus.
2862 1411 3081 1466 Utinam
3105 1414 3235 1467 olim
3285 1415 3494 1470 (ἰσιιίηο
3542 1419 3644 1471 da-

403 1476 515 1520 tum
555 1479 646 1522 tuo
680 1471 785 1527 frui
815 1487 1109 1543 conspectu
1149 1496 1163 1533 :
1206 1496 1347 1534 unus
1394 1482 1444 1535 ei
1480 1482 1682 1537 fuisses
1721 1487 1856 1540 satis
1888 1490 1953 1540 ad
1979 1503 2170 1544 novam
2204 1494 2507 1549 officiorum
2534 1496 2669 1551 bene
2698 1499 2909 1563 longam
2957 1501 3152 1553 seriem
3210 1502 3642 1567 contexendnm;

401 1569 561 1622 quam
604 1559 909 1615 luculentas
942 1564 994 1616 in
1028 1565 1181 1618 illum
1216 1583 1362 1621 nunc
1389 1572 1883 1627 commentationes
1911 1577 2130 1631 ederem
2168 1581 2180 1631 !
2217 1597 2381 1648 quam
2419 1585 2616 1648 ingens
2673 1585 2963 1652 implerent
3012 1587 3295 1652 volumen,
3358 1590 3449 1641 ubi
3496 1590 3646 1643 circa

401 1644 635 1741 ⁸ί¹¹ὲξ¹ί¹⁵ξν
665 1648 865 1715 Ψιίίιυδ
887 1652 1203 1716 Ινθτῖιιηοῐιια
1231 1668 1315 1715 οε.
1348 1671 1595 1718 munera.
1626 1669 1826 1726 quanta
1851 1670 1901 1715 te
1938 1665 2206 1731 gess'isses
2240 1668 2293 1720 in
2322 1684 2671 1740 unoquoque
2714 1672 3026 1741 prudentia,
3072 1673 3404 1741 integritate,
3463 1676 3644 1730 laude.

402 1731 681 1829 ruriosius
713 1734 1063 1791 aduotassem
1098 1740 1109 1792 !
1148 1741 1215 1793 At
1239 1741 1369 1808 quid
1398 1758 1535 1795 vana
1568 1746 1768 1801 mentis
1796 1747 2159 1806 oblectatione
2183 1756 2405 1809 deludor
2433 1731 2631 1825 ?quasi
2662 1731 2791 1812 vero
2850 1762 2992 1814 notis
3013 1731 3256 1829 imligeuat
3280 1762 3425 1829 quod
3462 1763 3646 1813 omni-

399 1816 501 1871 lms
532 1830 714 1873 notua:
743 1822 766 1874 ?
798 1826 1071 1880 neminem
1093 1828 1195 1882 hoc
1215 1828 1402 1898 fugere
1435 1833 1632 1898 potuit.
1655 1830 1730 1887 Te
1753 1839 2191 1906 quotusquisque
2221 1841 2379 1897 facile
2400 1845 2804 1913 suspiciendum
2860 1844 3071 1899 habuit.
3103 1862 3265 1913 quem
3303 1846 3499 1901 decora
3535 1849 3646 1901 vir-

402 1914 742 1963 tutum-aute
768 1924 1069 1981 purpuram
1099 1916 1301 1984 ubique
1323 1926 1636 1973 statuerunt
1666 1922 2190 1981 eminentissimum.
2227 1925 2303 1981 Te
2337 1930 2495 1983 talem
2538 1947 2795 1999 purpurat
2828 1932 3007 1999 fulgor
3042 1933 3269 1994 invenit,
3322 1948 3429 1985 non
3493 1933 3644 1987 fecit.

401 1997 542 2052 Nihil
565 2000 944 2058 ad-vcritatcm
977 2008 1116 2062 addo
1146 2011 1261 2064 :sic
1302 2013 1442 2080 apud
1464 2028 1549 2067 me
1572 2030 1888 2083 supremum
1908 2007 2096 2071 aeterni
2139 2014 2393 2069 Numinis
2430 2016 2480 2068 in
2515 1997 2567 2070 te
2602 1997 3056 2081 consilium,“non
3082 2016 3381 2071 desulturia
3430 2022 3648 2087 cogita-

399 2086 543 2141 tione
572 2090 667 2144 sed
705 2104 966 2147 accurato
990 2098 1190 2152 utentis
1225 2101 1503 2165 examine,
1530 2103 1683 2156 soleo
1712 2105 2014 2173 pensitare.
2064 2104 2161 2165 Te,
2227 2104 2405 2159 fausto
2458 2120 2687 2173 prorsus
2725 2106 2930 2168 omine,
2985 2106 3229 2159 decrevit
3274 2106 3529 2159 allectum
3589 2109 3646 2161 in

396 2173 820 2234 l’rm‘dicatorum
854 2184 1136 2248 familiam,
1171 2188 1223 2240 in
1253 2205 1359 2255 qua
1384 2192 1700 2245 meritorum
1742 2192 2005 2263 sullragio
2026 2208 2148 2249 vero
2177 2193 2322 2248 fores
2356 2209 2609 2262 purpura:
2634 2193 2976 2247 candidatus.
3005 2192 3081 2248 Te
3112 2204 3300 2247 natum
3334 2194 3384 2246 in
3412 2194 3646 2246 salutem

398 2261 559 2329 bujus
584 2265 793 2335 imperii
822 2271 989 2323 voluit
1015 2274 1079 2326 ad
1112 2274 1428 2330 doctoratus
1461 2281 1686 2347 gradum
1720 2261 2052 2347 promoveri,
2084 2296 2204 2349 qua:
2242 2261 2425 2333 laurea
2460 2295 2568 2332 non
2602 2281 2834 2335 obscure
2863 2279 3046 2335 lauros
3090 2281 3225 2335 alia;
3250 2283 3646 2343 adumbraret;

395 2361 448 2400 rt
472 2352 614 2418 quod
648 2355 954 2423 antiquitas
980 2358 1288 2414 fabulosum
1325 2365 1546 2428 cecinit,
1576 2367 1823 2420 veritatis
1862 2366 2226 2436 prmnuntium
2255 2380 2315 2417 ac
2345 2365 2682 2433 prmeonium
2715 2366 3004 2433 posteritas
3036 2366 3437 2434 comprobaret,
3473 2366 3650 2418 Palla-

394 2438 427 2489 d
451 2454 517 2491 'm
547 2454 577 2492 e
608 2438 757 2496 Jovis
784 2445 1014 2500 cerebro
1043 2456 1253 2513 natam,
1284 2451 1542 2505 laureatis
1573 2456 1743 2507 armis
1775 2453 2123 2515 instructam,
2164 2451 2501 2503 Athenarum
2530 2464 2591 2505 ac
2624 2451 2980 2504 scientiarum
3014 2453 3259 2505 omnium
3294 2453 3397 2504 sibi
3426 2465 3649 2519 compa-

398 2540 546 2579 tasse
596 2530 933 2598 praesidium,
962 2549 1025 2587 ac.
1066 2536 1301 2588 subinde
1330 2538 1397 2589 ad
1428 2538 1600 2591 oleam
1650 2542 1802 2608 pacis
1843 2550 2224 2609 argumentum
2270 2538 2502 2591 Athenis
2534 2536 2885 2605 plantandum
2937 2549 3101 2607 atque
3132 2554 3320 2607 pacem
3380 2539 3555 2606 ipsam
3586 2539 3643 2592 in

396 2613 586 2667 urbem
618 2618 932 2673 universum
976 2625 1382 2690 propagandam
1431 2626 1675 2679 animum
1723 2630 2078 2682 convertisse.
2108 2624 2279 2689 Quem
2323 2624 2522 2677 caelum
2554 2622 2771 2692 designa

2046 2642 2078 2679 ξ.
2108 2624 2279 2689 Quem
2323 2624 2522 2677 caelum
2554 2622 2875 2692 designabat
2908 2640 3190 2695 proregem
3248 2624 3386 2678 ordo
3411 2626 3652 2693 provin-

395 2700 589 2754 cialem
638 2708 964 2761 renuntiavit
1006 2726 1019 2760 :
1079 2712 1217 2764 Sacri
1258 2713 1441 2779 palatii
1483 2716 1804 2783 magistrum
1862 2716 2011 2783 prius
2062 2712 2300 2766 instituit
2356 2712 2600 2780 pontifex
2654 2727 2819 2779 quam
2868 2727 3061 2782 regum
3101 2727 3390 2781 supremus
3445 2710 3649 2766 Gallici

397 2788 731 2843 ministrum.
760 2790 959 2847 Virtuti
980 2798 1219 2865 proclive
1257 2815 1352 2867 per
1380 2800 1705 2855 descensum
1734 2802 1997 2871 gradatim
2023 2800 2352 2865 ascendere;
2384 2800 2528 2867 quod
2555 2798 2752 2853 deinde
2779 2799 2979 2853 bonum
3013 2802 3246 2870 contigit
3269 2799 3647 2870 Aquensibus.

396 2874 660 2929 ardebant
697 2880 789 2931 toti
829 2878 1250 2937 Przedicatorum
1276 2887 1453 2939 Ordini
1492 2889 1543 2940 in
1584 2889 1823 2941 comitiis
1852 2888 2231 2943 Genuensibus
2265 2888 2405 2942 Galli
2459 2898 2513 2941 et
2559 2888 2699 2951 ltali,
2731 2904 2968 2957 quorum
3021 2889 3295 2957 judicium
3358 2889 3439 2942 vel
3478 2903 3541 2940 ex
3579 2901 3651 2941 eo

396 2961 616 3027 s“Pictis
646 2969 1062 3035 comprobatum
1097 2980 1199 3035 est,
1240 2976 1384 3040 quod
1417 2990 1580 3028 unum
1608 2990 1636 3029 e
1676 2975 1869 3030 multis
1920 2984 1968 3028 te
1993 2975 2164 3031 Gallia
2196 2976 2471 3041 censuerit
2514 2975 2770 3029 universa
2806 2975 3030 3044 dignum
3066 2975 3161 3043 qui
3218 2976 3521 3043 principem
3562 2988 3655 3026 re-

397 3049 586 3115 ῖρε-τες,
608 3054 695 3107 cui
726 3059 895 3112 nescit
920 3075 969 3113 οι
987 3060 1067 3113 bis
1093 3064 1378 3129 arqualem.
1410 3064 1709 3119 Prudenter
1736 3066 1878 3119 haud
1902 3065 2067 3119 dubie
2093 3065 2187 3118 tibi
2213 3070 2326 3117 tum
2354 3058 2528 3117 Roma
2565 3074 2861 3132 purpuram
2893 3063 3109 3125 obtulit,
3140 3076 3259 3115 cum
3286 3075 3464 3129 regem
3489 3074 3653 3114 esses

395 3139 772 3206 exhibiturus;
811 3148 903 3197 sed
937 3163 1099 3214 quam
1134 3151 1303 3217 probe
1349 3157 1401 3202 te
1436 3152 1603 3215 novit,
1643 3162 1747 3203 tam
1783 3151 2090 3206 verecunde
2128 3152 2182 3205 in
2218 3152 2323 3207 hoc
2356 3151 2474 3221 ipso
2517 3165 2773 3219 purpurae
2799 3149 2945 3202 dono
2990 3163 3188 3202 novum
3218 3163 3279 3201 ac
3316 3147 3648 3216 ampliorem

398 3221 596 3276 lamin
625 3229 902 3292 accepisse
933 3233 1297 3299 splendorem.
1332 3237 1487 3289 illum
1522 3241 1669 3290 velut
1697 3238 2016 3293 admirantis
2036 3241 2207 3295 turbae
2242 3254 2405 3304 unus,
2444 3239 2625 3308 (cujus
2658 3238 2802 3290 enim
2837 3237 3077 3289 animum
3112 3243 3296 3289 tantus
3327 3235 3505 3299 fulgor
3533 3249 3654 3287 non

398 3318 641 3371 alliceret
670 3327 764 3371 aut
791 3322 1198 3393 exbilararet?)
1239 3327 1486 3394 deposito
1503 3344 1614 3381 non
1651 3328 1854 3383 amisso
1886 3331 2110 3396 pudore,
2150 3328 2382 3381 vicinior
2416 3326 2613 3378 intueri
2639 3339 2757 3376 sum
2787 3336 2977 3384 ausus,
3013 3337 3124 3390 quo
3184 3335 3306 3374 meo
3355 3320 3531 3373 labori
3585 3328 3643 3374 et

399 3404 551 3468 operi
574 3405 709 3458 lucis
739 3407 1028 3472 plurimum
1062 3411 1336 3480 alfulgeat.
1375 3413 1671 3469 Levidense
1702 3413 1870 3468 olfero
1889 3415 1982 3469 tibi
2010 3430 2232 3476 munus,
2261 3414 2352 3468 sed
2385 3412 2580 3465 affectu
2633 3410 2837 3477 grande
2868 3425 2881 3473 ;
2928 3409 3138 3465 meritis
3179 3409 3374 3475 impar,
3446 3421 3649 3459 verum

401 3490 453 3541 in
488 3507 598 3559 quo
626 3496 842 3549 cunctis
888 3512 986 3549 ceu
1019 3501 1301 3568 congestis
1323 3502 1383 3555 in
1416 3515 1671 3556 aet-rvunt
1701 3502 2076 3571 dignitatibus.
2110 3512 2374 3573 quantum
2401 3503 2490 3557 illa
2524 3500 2626 3555 sibi
2658 3500 2782 3569 jure
2805 3500 3191 3567 deposcerent,
3221 3500 3366 3553 bono
3402 3498 3455 3550 in
3484 3496 3655 3549 Iunti-

402 3593 467 3630 tte
490 3592 655 3647 pono.
694 3585 806 3635 Hoc
827 3584 994 3654 igitur
1021 3587 1387 3643 observantia
1419 3590 1471 3644 in
1505 3596 1556 3644 te
1586 3605 1714 3645 mete
1751 3600 2165 3645 monumentum
2199 3592 2357 3644 velint
2383 3591 2645 3657 excipias,
2674 3598 2728 3641 et

2054 3600 2165 3642 tttm
2199 3592 2357 3644 velint
2383 3591 2645 3657 excipias,
2674 3598 2728 3641 et
2778 3588 2955 3643 Oculis
2984 3587 3185 3656 quibus
3252 3600 3429 3639 meum
3463 3583 3656 3652 rapui-

400 3670 470 3721 ⁸¹ί
512 3672 717 3735 Ρτίάοιη
750 3674 1016 3737 θυίηιυιην
1052 3675 1287 3746 benigne
1317 3672 1690 3746 inspice.‘Vale
1714 3692 1767 3733 et
1796 3680 1911 3732 vive
1939 3676 2203 3731 Ecclesiae
2232 3677 2297 3730 ad
2334 3675 2644 3738 utilitatem,
2677 3674 2864 3728 Galliae
2887 3674 2952 3727 ad
2978 3688 3141 3727 omne
3184 3687 3357 3743 genus
3412 3671 3657 3725 felicita-

402 3757 492 3819 tis,
526 3756 716 3813 Ordiui
754 3774 944 3817 nostro
970 3758 1036 3818 ad
1069 3775 1479 3833 ornamentum,
1515 3766 1609 3820 tibi
1636 3768 1701 3819 ad
1736 3769 1948 3820 beatam
1976 3765 2228 3835 gloriam.
2273 3765 2345 3817 ita
2374 3770 2534 3815 vovet
2563 3761 2824 3816 submissi
2850 3761 3024 3815 animi

509 3867 834 3924 Eminentia:
859 3881 963 3926 tua:
987 3872 1371 3927 deditissimus
1401 3889 1593 3929 servus
3122 3916 3123 3919 η

2216 3983 2284 4038 F.
2306 3980 2618 4036 JACOBUS
2651 3979 2837 4036 GOAR
2866 3980 2987 4036 0rd.
3019 3980 3247 4035 Praedic.

2046 4092 2085 4145 Ε
2126 4102 2396 4146 conventu
2431 4100 2523 4145 tuo
2558 4089 2851 4145 Parisiensi
2882 4090 2939 4145 S.
2982 4088 3165 4144 Mariae
3192 4089 3576 4145 Anuuutiatat.

422 4285 713 4301 ΨΜ
721 4291 775 4298 ην..

1218 4432 1409 4601 r.
1488 4490 1977 4605 JACOBI
2067 4486 2771 4603 euersam.

1571 4680 1579 4689 ’
1676 4734 2447 4829 ΡιιοεΕΜιυΜ..

476 5093 615 5147 Ante
640 5091 851 5159 viginti,
880 5101 933 5145 et
967 5090 1112 5161 quod
1147 5068 1411 5154 excurrit,
1442 5104 1612 5144 annos
1639 5091 1869 5145 libenter
1894 5104 1946 5147 ct
1974 5092 2263 5163 diligenter
2293 5093 2535 5165 legebam
2572 5090 2813 5145 libellum
2859 5084 3079 5153 Georgii
3117 5083 3307 5137 Cadini
3341 5080 3411 5135 De
3455 5086 3666 5153 ofﬁciis

405 5193 455 5235 et
481 5181 789 5251 officialibus
823 5178 1026 5248 Magna:
1056 5181 1312 5233 Ecclesia:
1341 5188 1389 5232 et
1447 5179 1589 5231 aulae
1623 5179 1936 5247 Cpolitame.
1968 5181 2311 5237 Testimonio
2338 5198 2457 5236 esse
2489 5187 2715 5250 possunt
2746 5184 2883 5230 notre
2909 5174 2977 5227 ad
3004 5172 3302 5225 secundum
3335 5180 3547 5226 tomum
3585 5178 3660 5231 de

411 5272 469 5323 ὃ.
494 5270 693 5332 Cruce,
722 5278 777 5323 et
802 5279 943 5322 nunc
972 5268 1037 5321 ad
1073 5267 1480 5321 leinumcunt
1517 5265 1721 5321 Ethicis
1758 5266 1947 5322 Mureli
1975 5269 2284 5338 publicat-az,
2313 5278 2365 5321 et
2393 5264 2592 5320 Facula
2616 5264 2826 5318 Codino
2879 5273 3132 5323 accensa,
3204 5258 3457 5326 evulgata
3523 5275 3665 5318 eum

407 5356 658 5425 ejusdem
697 5356 886 5409 Mureti
916 5356 969 5407 in
1001 5354 1252 5407 Tacitum
1286 5353 1730 5427 Commentariis.
1757 5357 2025 5409 consultis
2058 5368 2111 5409 et
2141 5371 2263 5410 cum
2298 5353 2539 5408 editione
2564 5352 2799 5405 Juniaua
2832 5348 3049 5403 collatis
3075 5345 3253 5400 tribus
3274 5345 3489 5398 calamo
3519 5360 3669 5405 exa-

407 5444 544 5498 ratis
566 5444 997 5512 exemplaribus,
1040 5440 1256 5495 duobus
1288 5438 1549 5492 nimirum
1593 5439 1771 5493 Boicze
1800 5440 2169 5507 bibliothecae,
2199 5443 2357 5495 tcrtio
2383 5439 2828 5529 Lautherianat..
2982 5515 2987 5519 _
3024 5518 3036 5531 .
3191 5516 3213 5531 ﬁ
3266 5516 3280 5531 ἢ
3468 5516 3484 5528 ο

482 5531 640 5599 Saepe
674 5546 706 5584 a
738 5547 820 5585 tne
853 5531 1125 5598 petierunt
1156 5527 1258 5580 viri
1290 5527 1433 5580 docti
1469 5536 1526 5578 ut
1555 5524 1821 5580 Codinum
1856 5528 1920 5581 de
1960 5527 2174 5596 integro
2208 5526 2628 5594 interpretarer.
2668 5516 2987 5574 Paruisscnt
3016 5518 3128 5586 jam
3174 5516 3404 5579 d‘udum,
3439 5516 3485 5571 si

410 5617 550 5671 alias
580 5617 991 5688 occupationes,
1052 5631 1157 5684 qua
1189 5615 1436 5683 publicas
1472 5615 1523 5666 in
1556 5614 1764 5667 scholis
1791 5631 1898 5682 qua
1920 5613 2160 5683 privatas
2183 5609 2657 5676 domi,'licuisset.
2715 5608 2893 5705 Nauc-
2918 5621 3041 5658 cutn
3098 5615 3393 5703 perpetuus
3448 5608 3669 5705 capitis

404 5708 687 5773 totiusque
714 5707 962 5774 corporis
993 5704 1218 5773 languor
1244 5711 1328 5755 sat
1352 5702 1689 5755 luculentum
1725 5702 1893 5754 otium
1923 5702 2054 5755 mihi
2092 5700 2383 5769 pepererit.
2418 5700 2711 5759 Codinum,
2750 5711 2814 5748 ne
2848 5696 3020 5791 plane
3058 5696 3531 5791 Otir)sus.e‘35etn,
3602 5696 3665 5749 in

413 5808 609 5847 manus
632 5796 863 5863 sumpsi,
896 5794 1056 5859 verti,
1090 5791 1483 5845 commentaria
1513 5789 1710 5858 adjeei,
1744 5804 1959 5845 errores
1983 5790 2336 5863 gravissimos
2362 5786 2505 5841 Junii
2530 5784 2730 5849 deteri,
2762 5783 2949 5851 utique
2968 5781 3020 5835 id
3044 5790 3134 5833 aut
3159 5794 3263 5833 non
3286 5777 3540 5834 facturus
3564 5789 3673 5838 aut
