4044 6434
428 416 498 477 23
1646 426 1913 489 CODINI
1956 428 2477 496 CUROPALAT/E
3599 445 3670 509 24

426 548 567 600 quos
603 530 819 585 Meursii
848 529 1185 586 Glossarium
1216 549 1279 586 ex
1315 534 1512 602 potiori
1548 548 1705 604 parte
1734 540 2109 611 ὀλοϐἁρὸαρον
2141 548 2385 613 exponit.
2422 547 2612 601 allidat
2642 565 2655 602 :
2692 547 2741 602 is
2769 548 2913 603 enim
2940 562 3067 604 cum
3102 556 3417 619 germanam
3448 552 3669 611 Graeca-

430 634 552 673 rum
584 633 650 673 ac
678 619 978 687 vulgarium
1009 636 1202 674 vocum
1230 631 1465 675 mentem
1492 638 1597 677 non
1629 626 1701 679 sit
1728 639 2033 692 assecutus,
2070 638 2395 703 sequacibus
2429 625 2821 704 fovi-am'fecit,
2851 640 2904 693 in
2932 656 3096 709 quam
3127 641 3243 709 ipse
3274 632 3667 713 prior'lapsus,

433 705 540 759 nisi
568 720 596 758 a
642 707 965 759 recentioris
1003 706 1334 761 Grreranicae
1373 709 1571 778 linguae
1619 712 1755 767 bene
1799 718 1975 783 perito
2010 723 2342 789 corrigatur,
2380 726 2682 781 illustratur
2732 742 2797 782 ac
2828 705 3057 783 infinitis
3090 705 3670 801 propemodum;qum

425 806 654 860 possunt
684 796 829 857 addi,
850 797 1497 868 dictionibusaugeatur,
1526 801 1739 856 facilem
1767 805 1944 860 adhuc
1975 809 2253 863 secuturis
2284 813 2543 877 prmbebit
2574 814 2758 879 lapsus
2784 796 3155 871 occasionem.
3196 796 3403 871 ’Fateor
3433 796 3655 873 Gretse-

432 900 552 935 rum
587 890 739 935 eruta
774 883 990 935 uietalla
1022 885 1389 950 examinasse,
1427 902 1455 939 a
1499 889 1773 958 plerisque
1804 893 1965 947 situm
2000 904 2053 947 et
2079 899 2392 959 squalorem
2424 899 2741 964 detersisse,
2770 901 2823 955 in
2867 902 3215 972 exponendis
3245 903 3671 961 emblematibus

425 970 616 1038 OEdipi
653 972 888 1059 gessisse
920 987 1238 1040 personam,
1275 984 1329 1027 et
1359 976 1767 1043 characterum,
1797 981 1889 1048 qui
1918 983 2003 1034 vix
2041 985 2526 1050 dignoscebantur.
2556 989 2897 1043 reconditam
2942 970 3403 1059 significationem
3438 991 3669 1045 investi-

429 1073 590 1124 gasse
620 1080 631 1111 :
663 1057 759 1111 sed
792 1073 917 1111 cum
952 1060 1174 1113 omnino
1214 1061 1285 1113 sit
1316 1063 1659 1129 impossibile
1693 1069 1772 1119 vel
1826 1067 1960 1121 nihil
2004 1069 2256 1137 ignorare
2290 1072 2370 1125 vel
2402 1074 2648 1127 omnium
2686 1076 2826 1131 votis
2862 1057 3207 1140 satisfacere,
3268 1078 3581 1145 complures
3608 1085 3662 1130 et

422 1147 623 1232 egregii
657 1146 874 1214 quidem
912 1146 1011 1199 viri
1044 1148 1249 1216 aliquid
1282 1159 1475 1217 praeter
1503 1151 1626 1220 ejus
1658 1152 1919 1220 laborem,
1950 1171 2061 1223 quo
2110 1158 2261 1212 labor
2297 1159 2527 1228 ipsemet
2557 1163 2928 1232 ampliﬁcatus
2957 1173 3327 1227 excresceret,
3368 1171 3661 1232 exspecta-

426 1231 577 1284 bant.
609 1231 702 1285 llla
731 1247 817 1286 me
850 1232 1116 1287 desideria
1149 1248 1437 1291 moverunt
1483 1246 1540 1289 ut
1578 1240 1745 1293 multa
1779 1240 2135 1305 illustrarem,
2163 1246 2513 1313 explanarem
2550 1250 2678 1315 alia,
2715 1251 2781 1305 de
2814 1265 2934 1304 meo
2965 1252 3232 1305 nonnulla
3263 1231 3570 1305 conferrem
3614 1270 3629 1305 :

425 1320 633 1374 utinam
690 1321 912 1374 homine
946 1321 1101 1375 Gallo
1132 1333 1473 1378 monstrante
1519 1327 1684 1387 viam,
1719 1342 1882 1380 nemo
1922 1328 1975 1380 in
2010 1341 2287 1394 posterum
2320 1334 2484 1387 etiam
2524 1336 2742 1390 aliunde
2772 1347 2932 1390 natus
2965 1337 3021 1391 in
3069 1338 3279 1391 Graecia
3336 1338 3663 1407 peregrinus

425 1409 679 1461 aberret!
716 1407 772 1460 ln
802 1407 1035 1461 alienam
1084 1424 1315 1464 messem
1351 1426 1457 1464 non
1485 1413 1622 1465 adeo
1656 1412 1849 1467 falcem
1883 1430 2045 1483 quam
2084 1419 2363 1474 uberiores
2389 1433 2600 1489 segetes
2638 1424 2895 1477 immitto.
2936 1423 3195 1478 Gretsero
3215 1440 3315 1479 sua
3345 1434 3493 1479 sarta
3527 1432 3673 1478 tecta

424 1495 647 1562 reliqui,
690 1505 743 1547 et
778 1496 925 1549 velut
957 1496 1083 1550 data
1112 1512 1174 1551 ex
1210 1497 1422 1566 tripode
1452 1514 1714 1565 responsa
1749 1516 1871 1555 sum
1908 1516 2217 1561 veneratus.
2252 1507 2513 1575 Superest
2551 1518 2607 1563 ut
2632 1526 2754 1579 quae
2780 1526 2901 1563 mea
2939 1521 3066 1565 sunt
3095 1520 3155 1565 et.
3185 1512 3324 1581 juris
3351 1511 3555 1577 publici
3585 1510 3672 1563 fa-

430 1582 623 1635 cienda
660 1581 851 1649 paucis
889 1596 1213 1651 proponam,
1245 1594 1559 1639 accuratam
1601 1588 1821 1641 scilicet
1858 1587 2145 1643 Codiniani
2177 1598 2360 1644 textus
2387 1606 2507 1661 eum
2540 1592 2804 1646 alterutro
2833 1593 2917 1646 vel
2951 1594 3115 1648 simul
3150 1609 3275 1647 cum
3307 1592 3523 1647 duobus
3557 1592 3668 1646 Re-

424 1674 524 1737 gia:
555 1668 899 1723 hibliothecze
928 1670 1331 1738 exemplaribus
1358 1674 1731 1727 collationem.
1760 1673 1990 1729 Textum
2023 1676 2223 1745 ipsum,
2256 1693 2360 1731 non
2389 1678 2455 1731 ad
2486 1678 2902 1733 abundantioris
2929 1679 3195 1733 doctrina:
3219 1679 3670 1741 ostentationem,

426 1758 523 1811 sed
549 1757 612 1810 ad
644 1757 936 1811 utilitatem
973 1759 1294 1828 respiciens.
1326 1762 1614 1815 emendari
1646 1778 1658 1814 :
1688 1762 2128 1817 emendationem
2154 1763 2236 1817 vel
2265 1763 2901 1825 lectionum,varielalem
2936 1766 2989 1819 in
3024 1766 3323 1836 marginem
3351 1766 3535 1835 rejeci.
3566 1762 3673 1819 Ubi

424 1864 548 1902 cum
583 1858 818 1919 utroque
862 1848 1031 1919 Regio
1064 1851 1244 1904 minus
1281 1852 1574 1905 convenire
1605 1852 1874 1921 comperi,
1919 1852 2068 1906 locos
2093 1850 2197 1905 hoc
2228 1851 2405 1907 indice
2440 1862 2548 1906 utr.
2576 1852 2703 1922 Reg.
2740 1854 2818 1922 (i)
2844 1853 3125 1922 designavl
3153 1870 3168 1909 :
3198 1854 3290 1906 ubi
3328 1868 3458 1907 vero
3492 1869 3662 1905 unum

424 1936 639 1989 illorum
668 1951 696 1989 a
732 1946 916 1991 textus
951 1939 1186 1991 lectione
1221 1938 1524 2007 discrepat,
1560 1939 1796 2007 primum
1832 1938 2129 1993 uumeralis
2156 1939 2444 1997 character
2474 1940 2744 1995 Arabicus
2772 1941 2794 1993 ί
2834 1939 3107 2008 iudigitat,
3136 1954 3202 1994 ac
3231 1938 3263 1990 2
3287 1940 3522 1992 alterum
3548 1937 3655 2009 (2).

426 2023 555 2076 Etsi
588 2024 807 2092 quando
834 2024 1048 2079 defectu
1080 2026 1315 2094 alicujus
1335 2037 1473 2080 uotae
1492 2026 1849 2091 laboraveris,
1871 2026 2069 2088 lector.
2090 2026 2155 2080 ad
2180 2027 2599 2095 praecedentem,
2621 2042 2742 2095 quae
2770 2028 2914 2081 vires
2942 2026 3063 2095 ejus
3092 2026 3388 2094 supplebit,
3411 2040 3658 2078 recurre.

501 2112 562 2164 Et
596 2127 665 2165 ne
695 2111 821 2180 quis
854 2120 1003 2180 putet
1057 2128 1142 2166 me
1173 2113 1295 2167 data
1330 2128 1495 2183 opera
1526 2113 1767 2168 Gretseri
1807 2128 2093 2168 censorem
2128 2127 2311 2183 agere,
2350 2114 2529 2182 ipsum
2567 2115 2708 2168 inter
2755 2123 2809 2167 et
2859 2129 2945 2167 me
2996 2113 3299 2181 quemlibet
3353 2121 3667 2165 statuamus

423 2197 716 2259 arbitrum,
754 2199 846 2267 qui
874 2199 939 2251 de
973 2197 1203 2254 feliciori
1242 2210 1427 2254 textus
1455 2201 1803 2271 expositione
1829 2201 2110 2271 dijudicet.
2136 2199 2202 2252 Et
2233 2200 2488 2267 quamvis
2514 2200 2566 2253 in
2588 2200 2827 2253 Grctseri
2858 2200 3105 2253 favorem
3137 2198 3343 2253 feratur
3368 2197 3671 2259 sententia,

428 2297 534 2335 non
564 2284 725 2337 debui
767 2296 1081 2353 perceptum
1119 2301 1148 2338 a
1183 2302 1267 2339 me
1297 2302 1495 2357 novum
1524 2303 1746 2341 sensum
1782 2289 2221 2356 praetermittere,
2252 2304 2413 2357 quem
2447 2287 2543 2356 qui
2591 2287 2961 2341 Codinianum
2996 2295 3203 2340 textum
3238 2285 3431 2354 legerit
3479 2298 3675 2339 emen-

429 2369 641 2434 datum,
672 2385 779 2423 non
812 2371 1025 2439 longius
1060 2373 1319 2440 requiret.
1346 2388 1468 2427 cum
1501 2374 1677 2429 oculis
1706 2376 1885 2427 subsit
1916 2376 1967 2428 in
1993 2374 2260 2429 versionis
2286 2375 2553 2444 margine.

506 2455 701 2510 Parum
735 2472 885 2522 sane,
926 2457 1053 2513 licet
1088 2459 1339 2511 nonnihil
1398 2458 1942 2527 splendorisCodino
1970 2464 2354 2522 contulissem.
2402 2462 2449 2516 si
2490 2463 2543 2515 in
2572 2460 2690 2516 solo
2714 2469 2860 2514 textu
2894 2459 2977 2512 vel
3010 2458 3129 2526 ejus
3157 2457 3409 2512 versione
3451 2456 3681 2511 restitu-

426 2544 569 2596 enda
611 2553 823 2612 tempus
851 2544 1239 2613 impendissem
1283 2562 1297 2599 :
1334 2546 1523 2611 debui,
1555 2546 1698 2614 quod
1729 2562 1908 2615 operte
1940 2551 2171 2615 pretium
2200 2558 2315 2604 erat
2336 2556 2389 2603 et
2422 2547 2607 2616 operis
2636 2553 2741 2601 erit
2766 2548 2974 2601 utilitas
3004 2554 3057 2599 et
3088 2545 3576 2606 oblectamentum.
3625 2553 3684 2598 ut

431 2631 644 2699 ignotos
682 2632 1045 2685 recentiorum
1080 2631 1397 2687 Grrecorum
1430 2648 1629 2696 mores,
1663 2633 1733 2687 ita
1758 2634 2069 2690 Godinianae
2101 2636 2359 2691 dictionis
2388 2635 2673 2689 abstrusos
2703 2645 2757 2688 et
2791 2633 3103 2688 reconditos
3132 2647 3331 2687 sensus
3365 2631 3676 2695 elucidare,

429 2720 704 2787 catalogus
747 2719 815 2773 de
839 2720 1083 2773 ecclesiae
1112 2720 1193 2772 vel
1234 2720 1415 2788 palatii
1447 2718 1782 2775 Otlicialibus
1815 2737 1880 2775 ex
1919 2721 2097 2792 Regia:
2133 2726 2213 2779 vel
2257 2724 2484 2778 illustris
2514 2722 2804 2776 Mazarinze
2842 2721 3186 2775 bibliothecae
3216 2719 3500 2773 codicibus
3529 2734 3680 2772 mss.

428 2808 569 2863 alios
593 2823 657 2862 ac
678 2808 904 2863 omnino
934 2809 1177 2862 diversos
1205 2809 1468 2876 proferre,
1506 2810 1644 2863 ritus
1672 2810 1808 2864 istos
1842 2811 1996 2865 velut
2029 2812 2240 2880 regulas
2277 2810 2436 2864 factis
2466 2820 2519 2863 et
2548 2809 2810 2878 exemplis
2832 2808 3188 2869 conﬁrmare,
3228 2806 3295 2860 de
3322 2820 3443 2859 meo
3467 2804 3688 2860 referre

429 2910 598 2962 pauca
633 2894 715 2947 vel
744 2894 911 2948 ferme
938 2895 1144 2961 nihil,a
1180 2911 1262 2950 me
1289 2896 1459 2950 relata
1495 2908 1689 2981 cuncta
1720 2898 1802 2951 vel
1830 2897 2035 2954 Graecis
2068 2898 2432 2965 scriptoribus
2485 2897 2568 2950 vel
2596 2896 2663 2949 iis
2696 2895 2791 2965 qui
2827 2895 2947 2948 viva
2983 2908 3116 2947 voce
3156 2894 3466 2946 docuerunt
3495 2894 3689 2981 ascri-

431 2984 583 3038 bere.
619 2983 825 3049 Quodsi
868 2983 999 3037 mihi
1036 2983 1191 3037 fidem
1226 2999 1333 3038 non
1366 2984 1531 3040 faciat
1557 2977 1701 3056 'quze’
1718 2988 1822 3043 fide
1874 2988 2124 3042 laborare
2152 2984 2361 3039 Graecia
2395 2982 2766 3054 praesumitur,
2796 2983 2842 3035 si
2866 2996 3050 3034 meum
3085 2979 3466 3033 testimonium
3494 2977 3550 3030 in
3584 2992 3689 3031 su-

430 3073 727 3141 spicionem
762 3073 959 3135 veniat,
994 3072 1083 3141 qui
1112 3073 1229 3126 lieri
1259 3082 1437 3143 potest
1468 3085 1525 3129 ut
1551 3083 1657 3128 tam
1685 3076 1837 3130 multi
1871 3085 2124 3130 auctores
2151 3072 2204 3126 in
2241 3071 2387 3126 notis
2410 3070 2476 3125 ad
2509 3070 2723 3141 singula
2757 3069 2933 3138 capita
2959 3066 3188 3137 adjectis
3210 3064 3532 3120 catervatim
3552 3078 3691 3133 pro.

431 3164 520 3214 lati
560 3162 663 3214 tide
688 3171 902 3225 vacent,
934 3170 1030 3213 aut
1063 3162 1188 3229 quis
1221 3175 1408 3215 eorum
1447 3162 1703 3233 suﬂ'ragia
1736 3164 1972 3219 voluerit
2001 3163 2057 3216 iu
2089 3161 2317 3215 dubium
2345 3173 2546 3213 vocare
2573 3158 2598 3211 ‘f

501 3246 682 3302 Unum
721 3255 889 3300 restat
918 3248 1062 3315 quod
1094 3261 1370 3311 moneam,
1403 3250 1639 3317 primum
1669 3261 1831 3320 caput
1858 3252 1923 3304 de
1944 3249 2280 3305 Ollicialibus
2302 3250 2509 3317 Magnae
2534 3248 2781 3303 ecclesiae
2814 3262 2918 3300 non
2946 3245 3078 3299 mihi
3109 3244 3278 3298 videri
3305 3243 3529 3297 Codiui.
3563 3243 3686 3296 Cu-

426 3336 518 3404 jus
548 3334 832 3388 sententize
867 3336 1135 3388 rationem
1162 3335 1458 3406 subiungo,
1500 3337 1757 3391 nimirum
1793 3338 2101 3408 catalogum
2131 3338 2184 3392 in
2212 3350 2320 3407 quo
2346 3335 2662 3391 ofﬁcialium
2702 3334 2924 3387 nomina
2960 3340 3344 3391 recenSentur,
3378 3344 3408 3382 a
3438 3329 3677 3397 reliquis

434 3422 625 3475 Codini
658 3421 927 3490 capitibus
960 3421 1158 3489 saepius
1178 3421 1231 3475 in
1264 3420 1449 3491 Regiis
1474 3438 1607 3477 mss.
1637 3423 1960 3479 distinctum
1986 3423 2237 3494 reperiri.
2264 3422 2327 3475 Et
2362 3423 2635 3489 integrum
2670 3435 2808 3488 opus
2838 3419 3046 3488 absque
3074 3417 3322 3485 catalogo
3348 3416 3422 3468 ~iu
3450 3430 3549 3469 sua
3586 3430 3680 3470 re-

434 3517 524 3564 cto
553 3508 744 3562 ordine
774 3509 953 3577 capita
1008 3508 1191 3561 videre
1224 3517 1306 3563 εει
1337 3507 1690 3562 distributum
1720 3527 1733 3573 ;
1768 3510 1914 3579 quod
1951 3521 2008 3565 et
2048 3512 2151 3581 ipsi
2188 3510 2391 3579 quibus
2425 3524 2559 3563 usus
2599 3517 2683 3563 est
2714 3506 3006 3563 Gretserus
3037 3505 3403 3573 comprobant
3435 3502 3682 3558 codices.

435 3592 567 3644 Cum
603 3601 781 3644 tamen
824 3590 878 3643 in
915 3590 1183 3646 Codinum
1214 3592 1537 3659 scriptorem
1574 3592 1821 3661 plerique
1849 3593 2108 3658 referant,
2143 3600 2273 3666 quin
2300 3597 2568 3650 Codinum
2594 3603 2863 3664 agnoscat
2884 3601 3167 3663 parentem
3196 3605 3301 3643 non
3326 3589 3542 3643 invideo
3562 3589 3689 3658 '(3).

436 3676 588 3730 Alios
610 3677 730 3744 ipso
771 3678 1067 3748 ampliores
1104 3680 1246 3731 inter
1278 3688 1439 3732 n0tas
1477 3678 1733 3748 adjungo.
1772 3678 1921 3749 lpsas
1946 3682 2111 3736 etiam
2153 3688 2315 3735 notas
2367 3681 2612 3749 utrisque
2646 3694 2709 3733 ac
2742 3680 2837 3733 toti
2892 3676 3085 3732 Codiui
3116 3676 3269 3745 operi
3297 3674 3442 3728 volui
3474 3687 3686 3727 conne-

439 3779 559 3829 xas,
589 3775 644 3817 ut
675 3767 917 3819 auctoris
951 3766 1228 3819 arridente
1260 3773 1405 3819 textu
1444 3766 1561 3835 ejus
1591 3768 1860 3835 expositio
1908 3768 2109 3849 nullam
2144 3771 2241 3825 tibi
2280 3772 2553 3839 relinquat
2588 3770 2770 3824 animo
2794 3768 3148 3824 dubietatem.
3179 3765 3449 3821 Codinum
3502 3762 3679 3849 igitur

439 3852 649 3921 plenius
676 3867 739 3905 ae
768 3854 978 3921 integre
1010 3854 1183 3923 magis
1225 3854 1574 3923 explanatum
1614 3855 1857 3924 suspice,
1890 3866 1942 3911 et
1975 3844 2331 3913 int'ewerrimc
2375 3858 2511 3941 vale.

514 4032 589 4099 (l)
627 4031 778 4086 Nunc
800 4014 908 4088 ΑΒ.

512 4104 587 4167 ('3)
623 4103 772 4154 Nunc
796 4104 834 4157 Α
869 4113 922 4155 et
949 4103 1007 4155 Β.

517 4172 589 4242 (5)
616 4173 695 4226 Cf.
727 4174 967 4229 (irctscr.
1006 4186 1363 4228 commentar.
1406 4176 1426 4229 ι
1464 4176 1483 4229 1
1513 4185 1650 4230 extr.
