4044 6462
260 457 314 520 41
1216 458 1315 520 DE
1350 455 1680 518 OFFICIIS
1712 451 2180 518 CPOLITANIS.
2214 450 2375 512 CAP.
2414 450 2511 511 IV.
3434 431 3506 497 62

318 570 425 623 Kal.
461 571 527 622 τὰ
555 558 646 622 τοῦ
675 566 1172 639 παρακοιμωμένου
1204 565 1299 619 τοῦ
1332 565 1589 627 κοιτῶνος
1635 561 1816 615 πάντα

1993 556 2338 613 Accubitoris
2395 552 2635 611 cubiculi
2674 551 2910 624 insignia
2945 549 3130 605 omnia
3163 548 3501 605 conveniunt

258 657 337 717 οἵα
368 663 431 716 τὰ
457 662 546 715 τοῦ
585 661 1082 731 παρακοιμωμένου
1111 659 1211 728 τῆς
1247 657 1557 728 σφενδόνης.
1616 656 1821 726 [1).ὴν.ό

1942 667 2048 706 :um
2085 649 2398 722 insignibus
2455 646 2793 703 accubitoris
2845 643 3005 712 sigilli
3058 656 3155 697 seu
3209 641 3502 709 sigilliferi.

264 757 349 826 μὲν
374 754 588 825 πρῶτος
620 751 874 813 κόνδυλος
902 749 1328 804 τοῦκδικανικίου
1357 747 1591 819 χρυσοῦς
1620 748 1696 810 ὡς
1726 749 1821 801 καὶ

1942 750 2157 810 :xcepto
2185 740 2330 808 quod
2365 738 2576 807 primus
2607 737 2853 791 calamus
2878 732 3059 788 baculi
3088 746 3170 787 eSt
3192 747 3412 794 aureus.
3447 742 3505 784 ut

261 848 303 898 οἱ
327 845 433 899 τῶν
466 845 662 909 ἄλλων,
695 842 756 896 τὺ
782 843 837 895 δὲ
871 839 1065 911 ἐφεξῆς
1116 841 1221 904 ἕως
1271 839 1419 894 κάτω
1467 838 1819 910 χρυσάσπρον

1942 844 1977 888 ιι
2006 834 2263 897 aliorum,
2301 839 2592 900 sequentes
2626 843 2758 883 vero
2794 826 2859 880 ad
2903 827 3063 880 ﬁnem
3091 838 3268 893 usque
3299 839 3365 878 ex
3406 840 3506 877 au—

268 937 649 1005 κεκλωσμένον.

1942 942 2017 981 ’ρο
2040 935 2096 979 et
2126 926 2249 980 albo
2281 924 2465 978 colore
2502 922 2648 976 nexi.

325 1029 394 1079 Τὸ
447 1027 542 1080 τοῦ
598 1023 876 1095 λογοθέτου
921 1025 1013 1079 τοῦ
1066 1023 1286 1093 γενικοῦ
1347 1022 1583 1076 σκιάδιον
1629 1022 1821 1075 λευκὸν

1993 1018 2302 1089 Logotltetae
2330 1016 2601 1086 generalis
2634 1014 2811 1069 mrarii
2839 1015 3015 1084 pileus
3056 1020 3140 1068 est
3176 1011 3335 1066 albus
3366 1024 3505 1078 pan-

269 1120 473 1190 βλάτιον
525 1119 659 1187 μετὰ
705 1116 1061 1187 μαργελλίων.
1115 1117 1189 1169 Τὸ
1241 1115 1532 1170 καὸσάδιον
1601 1117 1662 1167 ὲκ
1714 1114 1821 1166 τῶν

1942 1128 2024 1166 Ius
2076 1125 2201 1164 cum
2262 1109 2559 1179 margellis.
2614 1108 2955 1162 Cabbadium
2989 1124 3052 1161 ex
3088 1105 3157 1160 iis
3196 1119 3317 1175 quae
3350 1118 3504 1158 com-

268 1211 500 1280 συνήθως
527 1208 947 1277 πολιτευομένων
975 1206 1223 1277 βλατίων.
1284 1206 1358 1259 Τὸ
1398 1205 1457 1258 δὲ
1496 1205 1822 1272 σκαράνικον

1942 1204 2082 1259 muni
2119 1217 2273 1257 more
2298 1203 2500 1272 gestari
2526 1203 2704 1256 solent
2732 1201 2928 1269 pannis
2961 1200 3179 1256 sericis.
3236 1197 3501 1252 Searani-

266 1304 614 1372 χρυσόλευκον
648 1300 891 1370 βλάτινον
918 1301 1295 1368 συρμαειιέῐνον⁹
1355 1297 1474 1367 ἔχον
1506 1294 1821 1366 ἔμπροσθέν

1942 1313 2047 1353 :um
2088 1299 2242 1353 aurei
2271 1306 2327 1350 et
2358 1296 2466 1349 albi
2491 1295 2693 1350 coloris
2730 1304 2831 1359 est,
2889 1309 3069 1363 panno
3103 1292 3279 1347 serico
3313 1290 3505 1345 ductili

1923 1405 2062 1445 auro
2104 1398 2253 1443 texto
2286 1387 2623 1448 confectum,
2663 1387 2872 1441 habens
2904 1394 3031 1438 ante
3053 1392 3107 1438 et
3147 1392 3296 1438 retro
3333 1382 3506 1450 impc-

1924 1484 2125 1539 ratoris
2156 1482 2447 1553 imaginem
2468 1498 2533 1535 ex
2563 1480 2781 1550 liquato
2803 1479 2868 1533 ad
2898 1479 3235 1548 pigmentum
3260 1475 3505 1537 metallo,

1925 1574 2237 1644 cuiusmodi
2269 1574 2436 1630 etiam
2469 1582 2553 1628 est
2607 1572 2958 1627 scaranicum
2990 1569 3311 1640 primicerii.
3345 1567 3509 1623 Caret
3576 1573 3581 1579 ‘

1924 1668 2140 1723 baculo.

328 1753 400 1805 Τὸ
436 1752 531 1806 τοῦ
577 1750 1066 1822 προποσεστιαρίου
1114 1750 1351 1805 σκιάδιον
1404 1750 1709 1805 κλαπωτόν.
1750 1750 1825 1802 Τὸ

1997 1760 2462 1815 ProtoveStiarita:
2498 1758 2674 1829 pileus
2733 1770 2867 1810 auro
2917 1763 3098 1809 textus
3133 1762 3236 1808 est.
3295 1751 3511 1807 Gabba-

261 1845 547 1900 καόσὰδιον
571 1845 663 1897 καὶ
689 1844 749 1897 τὸ
780 1843 1105 1913 σκαράνικον
1139 1841 1303 1896 αὑτοῦ
1328 1838 1421 1895 οἷα
1444 1841 1513 1893 τὰ
1543 1840 1639 1894 τοῦ
1671 1840 1824 1908 λογο-

1942 1853 2081 1908 lium
2111 1862 2167 1910 et
2215 1853 2556 1908 scaranicum
2613 1852 2716 1920 21
2754 1850 2877 1920 ejus
2928 1857 2988 1902 ut
3016 1847 3308 1917 logothetae
3338 1860 3510 1915 gene-

263 1941 412 1993 οέτου
446 1937 537 1990 τοῦ
568 1935 800 2004 γενικοῦ.
827 1936 933 1989 Τοῦ
980 1936 1037 1988 δὲ
1077 1934 1377 1989 δικανικίου
1417 1933 1580 1987 αὐτοῦ
1609 1934 1638 1986 ὁ
1668 1935 1821 2005 πρῶ-

1942 1947 2060 2000 ralis
2093 1945 2297 2001 aerarii.
2356 1944 2543 1999 Baculi
2599 1944 2810 2013 primus
2836 1943 3090 1995 calamus
3136 1949 3223 1995 est
3279 1952 3505 1999 aureus,

262 2050 346 2096 τος
376 2034 471 2102 μὲν
495 2030 744 2094 κόνδυλος
774 2029 1030 2103 χρυσοῦς,
1067 2031 1127 2084 τὸ
1148 2030 1203 2083 δὲ
1227 2031 1425 2100 ἑφεξῆς
1452 2028 1817 2098 συόαλταρὲα,

1942 2048 2222 2107 sequentes
2246 2036 2529 2093 storeatim
2564 2036 2709 2105 plexi
2741 2034 2894 2089 aurei
2918 2041 2973 2088 et
3003 2031 3245 2088 coccinei
3277 2029 3501 2085 coloris.

262 2128 672 2198 χρυσοκόκκινα.

324 2216 513 2271 Τάτοῦ
533 2215 849 2286 δομεπίκου
888 2217 986 2286 τῆς
1014 2215 1290 2287 τραπέζης
1339 2216 1623 2286 φορέματα
1664 2215 1824 2284 ὃμοια

258 2315 364 2373 τοῖς
397 2311 491 2364 τοῦ
524 2308 1068 2379 πρωτοόεστιαριτου,
1096 2309 1225 2363 ἄνευ
1253 2306 1574 2363 δικανικιου.

321 2401 401 2454 Τὰ
428 2401 524 2454 τοῦ
552 2401 644 2452 ἐπὶ
672 2400 769 2468 τῆς
804 2398 1082 2471 τραπέζης
1105 2397 1195 2453 οἷα
1233 2402 1301 2453 τὰ
1350 2400 1550 2466 αὐτῶν,
1612 2401 1705 2453 τοῦ
1766 2417 1825 2453 τε

261 2493 783 2563 πρωτοδεστιαρίτου
809 2491 905 2545 καὶ
936 2491 1029 2544 τοῦ
1060 2491 1379 2561 δομεστίκου
1402 2492 1502 2562 τῆς
1520 2493 1822 2563 τραπέζης.

262 2583 362 2637 Τοῦ
418 2582 476 2635 δὲ
528 2583 823 2635 δικανικξου
864 2582 1026 2634 αὑτοῦ
1073 2583 1102 2633 ὁ
1149 2581 1247 2650 μὲν
1303 2583 1519 2652 πρῶτος
1578 2583 1827 2648 κόνδυλος

264 2677 510 2745 χρυσοῦς,
547 2678 577 2728 ό
604 2677 659 2729 δὲ
689 2675 936 2744 δεύτερος
978 2674 1165 2744 μέλας,
1195 2672 1313 2727 εἶτα
1336 2676 1571 2745 χρυσοῦς
1594 2678 1688 2729 καὶ
1719 2678 1827 2731 πά-

264 2770 344 2823 λιν
376 2768 571 2837 μέλας,
607 2767 703 2821 καὶ
737 2768 968 2836 καθεξῆς
995 2767 1221 2837 ὁμοίως.

333 2861 415 2911 τά
453 2858 542 2911 τοῦ
569 2857 809 2928 μεγάλου
840 2858 1045 2912 παπίου
1079 2860 1363 2929 φορέματα
1393 2861 1554 2931 ὅμοια
1588 2863 1697 2925 τοῖς
1736 2861 1828 2915 τοῦ

283 2951 576 3021 δομεστὶκου
635 2932 1073 3021 τῆςπραπέζης.
1129 2951 1203 3005 Τὸ
1231 2951 1289 3004 δὲ
1338 2954 1635 3008 δικανικιον
1666 2954 1830 3008 αὐτοῦ

265 1409 317 1443 τε
338 1392 429 1443 καὶ
460 1391 681 1443 ὄπισθεν
700 1390 799 1460 τὴν
825 1389 917 1442 τοῦ
944 1388 1205 1458 βασιλέως
1229 1388 1410 1440 εἰκόνα
1441 1388 1816 1454 διαγέλαστον,

267 1483 445 1552 ὥσπερ
467 1484 561 1535 καὶ
594 1482 687 1534 τοῦ
732 1479 1152 1552 πριμμικηριου,
1196 1480 1288 1532 καὶ
1328 1477 1457 1532 ἄνευ
1497 1478 1849 1554 δικανιιιίυυυ

1996 2214 2313 2270 Gestamiua
2373 2212 2659 2269 domestici
2693 2227 2896 2267 mensae
2947 2210 3078 2265 talia
3141 2217 3267 2264 sunt
3326 2207 3510 2279 qualia

1928 2306 2407 2378 protovestiaritaz.
2451 2307 2616 2360 Caret
2641 2315 2820 2361 tamen
2852 2303 3073 2358 baculo.

2000 2397 2249 2452 Praefecti
2277 2412 2483 2451 mensae
2511 2397 2692 2465 qualia
2718 2394 3173 2466 protovestiarita:
3205 2402 3261 2448 et
3327 2393 3515 2447 dome-

1930 2491 2055 2546 stici
2090 2503 2316 2545 mensae.
2392 2489 2576 2543 Baeuli
2613 2488 2732 2557 ejus
2765 2487 2976 2556 primus
3008 2486 3253 2541 calamus
3311 2498 3515 2549 aureus

1930 2589 2036 2646 est,
2072 2582 2349 2638 secundus
2378 2582 2559 2651 niger,
2596 2589 2787 2650 postea
2817 2593 3041 2643 aureus,
3078 2578 3278 2632 iterum
3336 2576 3510 2645 niger,

1930 2681 1985 2727 et
2018 2672 2098 2728 sic
2130 2673 2410 2741 deinceps.

2007 2851 2185 2923 Magni
2221 2852 2434 2921 pappize
2465 2850 2771 2920 gestamina
2827 2850 3027 2905 similia
3061 2858 3191 2905 sunt
3227 2850 3514 2906 domestici

1936 2960 2158 3000 mensae.
2193 2944 2255 2998 Et
2306 2955 2365 2997 ut
2419 2942 2647 2999 baculus
2702 2943 2972 3011 sigilliferi
3011 2938 3176 2996 habet
3238 2942 3513 2997 calamum

281 3042 457 3111 ὥσπερ
508 3042 602 3096 τοῦ
666 3020 1158 3112 παρακοιμωμένου
1216 3044 1317 3113 τῆς
1370 3045 1658 3115 σφενδόνης
1716 3046 1831 3117 ἔχει

1942 3038 2088 3090 aurei
2135 3046 2189 3090 et
2224 3035 2328 3090 albi
2386 3035 2609 3097 coloris.
2651 3035 2733 3088 sic
2792 3034 3022 3088 baculus
3080 3020 3291 3103 pappiae
3352 3035 3517 3089 habet

276 3135 519 3189 κόνδυλον
578 3134 812 3205 χρυσοῦν
855 3135 947 3187 καὶ
994 3136 1243 3190 κόνδυλον
1280 3136 1664 3205 χρυσόλευκον,
1691 3137 1833 3191 οὕτω

1942 3129 2206 3183 calamum
2261 3142 2514 3190 aureum,
2556 3136 2611 3181 et
2650 3127 2922 3181 calamum
2966 3126 3122 3181 aurei
3165 3132 3220 3179 et
3266 3126 3515 3182 coccinei

271 3228 427 3280 τοῦτο
478 3227 722 3279 κόνδυλον
777 3226 1012 3297 χρυσοῦν
1078 3229 1171 3281 καὶ
1220 3228 1470 3283 κόνδυλον
1528 3229 1833 3299 χρυσοκόκο
1860 3258 1903 3315 C
1937 3221 2156 3275 COIOI'iS-

272 3335 439 3374 κινον.

334 3410 446 3463 Καὶ
468 3410 536 3463 τὰ
565 3410 658 3464 τοῦ
684 3409 921 3481 ἐπάρχου
959 3408 1050 3465 οἷα
1096 3414 1164 3468 τὰ
1191 3412 1285 3466 τοῦ
1320 3413 1560 3483 μεγάλου
1604 3413 1831 3479 παπιου,

2012 3405 2244 3474 Eparchi
2301 3404 2488 3459 omnia
2522 3414 2650 3460 sunt
2674 3413 2732 3459 ut
2780 3407 2966 3477 magni
3012 3408 3254 3476 pappiae;
3288 3406 3383 3463 sed
3410 3422 3518 3465 nOn

266 3502 393 3556 ἄνευ
416 3502 477 3554 δὲ
506 3504 825 3559 δικανικίου.

333 3593 416 3647 Τὰ
459 3592 552 3647 τοῦ
587 3594 825 3663 μεγάλου
873 3594 1232 3667 δρουγγαρὶου
1282 3599 1380 3667 τῆς
1436 3598 1622 3671 βίγλης
1671 3600 1835 3670 φορέ-

273 3701 437 3751 μιιτα,
471 3684 638 3753 ἧγουν
675 3684 735 3737 τό
752 3702 811 3738 τε
843 3686 1078 3740 σκιάδιον
1108 3689 1202 3741 καὶ
1232 3689 1293 3741 τὸ
1339 3690 1652 3757 καόὅάδιον,
1678 3693 1838 3760 ὅμοια

271 3778 384 3838 τοῖς
410 3775 507 3828 τοῦ
537 3776 800 3847 ἐπάρχου.
828 3778 900 3831 To
933 3779 988 3832 δὲ
1025 3777 1118 3832 τοῦ
1158 3782 1491 3851 σκαρανίκου
1514 3782 1679 3835 αὐτοῦ
1709 3782 1839 3852 βλά-

274 3883 387 3920 τιον
406 3868 844 3938 χρυσοκίτρινον,
872 3870 1400 3941 χρυσοκλαϐαρικὸν,
1459 3874 1839 3943 συρματέῖνον,

273 3950 391 4020 ἔχει
424 3955 733 4023 ἔμπροσθεν
767 3955 867 4026 μὲν
911 3956 999 4010 τὸν
1024 3957 1246 4027 βασιλέα
1284 3962 1563 4025 εἰκονικιῖκ
1594 3963 1841 4031 καθήμε-

273 4061 365 4097 νον
385 4046 475 4098 ἐπὶ
510 4045 696 4117 θρόνου
721 4048 920 4119 χρυσοῦ
947 4050 1242 4117 ἀναδατοῦ,
1276 4054 1500 4111 όπισθεν
1531 4056 1588 4109 δὲ
1642 4058 1727 4125 ἐφ’
1758 4056 1846 4109 ἴπ-

272 4156 402 4194 που.
436 4141 508 4193 Τὸ
528 4142 823 4197 δικανίκιον
853 4147 1017 4200 αὑτοῦ
1070 4149 1205 4217 μετὰ
1242 4149 1331 4201 τὸν
1370 4151 1554 4203 ἐπάνω
1591 4151 1846 4203 κόνδυλον

278 4237 697 4303 κεχρυσωμένον
736 4237 883 4302 ὄντα,
943 4240 1019 4304 ὡς
1076 4243 1169 4294 καὶ
1214 4243 1270 4294 ἐν
1304 4245 1416 4306 τοῖς
1467 4242 1575 4296 τῶν
1608 4244 1843 4309 πάντων,

278 4326 725 4394 χρυσοκόκκινον,
755 4328 1261 4402 κεκαλλωπισμένον
1290 4333 1394 4397 ἕως
1426 4335 1592 4391 κάτωε

345 4506 661 4575 Σημεὶωσαι
688 4510 769 4562 ὅτι
819 4508 927 4563 άπδ
958 4509 1048 4564 τοῦ
1074 4512 1307 4581 μεγάλου
1338 4512 1657 4583 δομεστίκου
1688 4516 1848 4585 μέχρι

1937 3506 2115 3565 gestat
2146 3496 2425 3557 baculum.

2020 3588 2200 3659 Magni
2237 3588 2520 3656 drungarii
2573 3589 2881 3659 vigiliarum
2943 3591 3267 3661 gestamina,
3324 3605 3523 3662 nempe

1942 3681 2119 3749 pileus
2167 3689 2223 3735 et
2254 3681 2604 3745 cabbadium,
2642 3682 2972 3736 conveniunt
3009 3697 3133 3736 cum
3193 3684 3517 3752 gestamini-

1940 3770 2045 3827 lus
2106 3771 2349 3841 eparchi.
2390 3771 2673 3826 Scaranici
2737 3772 2910 3841 ipsius
2944 3787 3163 3841 pannus
3227 3788 3402 3827 aureo
3442 3774 3521 3829 ci-

1942 3862 2199 3932 trinoque
2253 3863 2437 3917 colore
2487 3864 2644 3930 nitet,
2695 3878 2865 3933 opere
2926 3864 3169 3935 Phrygio
3207 3874 3437 3921 ornatur
3470 3877 3526 3921 et

1944 3968 2077 4008 auro
2113 3954 2303 4009 ductili
2335 3973 2349 4009 :
2389 3956 2552 4011 habet
2584 3957 2862 4011 anteriore
2894 3957 3116 4025 quidem
3156 3968 3311 4027 parte
3345 3957 3522 4026 impe-

1946 4055 2181 4111 ratorem
2217 4047 2515 4117 eﬁigiatum
2549 4048 2830 4103 sedentem
2866 4049 2921 4102 in
2953 4050 3172 4104 sublimi
3205 4051 3398 4105 throno
3423 4068 3489 4105 au
3510 4079 3526 4093 -

1947 4153 2063 4202 reo,
2100 4154 2241 4207 pone
2267 4151 2771 4208 vero'equestrem.
2832 4140 3068 4197 Baculus
3098 4141 3218 4208 ejus
3252 4152 3375 4210 post
3432 4157 3527 4197 su-

1948 4246 2193 4301 premum
2222 4232 2490 4285 calamum
2530 4231 2865 4293 inauratum.
2895 4234 3002 4302 22
3050 4241 3109 4287 ιιι
3136 4234 3370 4289 aliorum
3407 4252 3526 4291 om-

1950 4324 2122 4389 nium,
2171 4338 2338 4377 aureo
2367 4336 2419 4378 et
2451 4324 2709 4378 coccineo
2759 4324 2943 4379 colore
2997 4336 3234 4382 constat.
3294 4343 3527 4387 ornatus

1949 4424 2123 4485 usque
2159 4417 2226 4471 ad
2260 4417 2452 4472 imum.
2508 4430 2511 4431 '
2546 4428 2549 4429 '

2021 4510 2266 4565 Observa
2303 4526 2335 4565 a
2369 4526 2567 4581 magno
2593 4512 2900 4569 domestico
2954 4529 3127 4583 usque
3158 4514 3228 4569 ad
3266 4530 3526 4584 magnum

273 4601 369 4649 καὶ
432 4597 527 4651 τοῦ
589 4600 752 4653 αὐτοῦ
794 4601 1029 4670 μεγάλου
1077 4604 1436 4674 δρουγγαρίου
1486 4605 1584 4673 τῆς
1650 4606 1840 4675 βίγλης

1948 4601 2306 4656 excubiarum
2336 4603 2698 4677 drungarium
2729 4619 2922 4659 omnes
2969 4620 3249 4673 proceres,
3307 4611 3529 4675 quando

274 4688 481 4752 πάντες
514 4688 789 4761 ἄρχοντες,
813 4693 901 4746 ὅτε
934 4696 1032 4763 μὲν
1060 4694 1364 4766 βούλονται,
1404 4697 1658 4765 φοροῦσιν
1707 4698 1845 4752 καϐ-

272 4779 458 4848 ϐάδια,
510 4782 601 4835 ὅτε
646 4783 723 4849 δὲ,
773 4786 1092 4856 ὲπιλούρικα
1122 4803 1135 4817 ’
1193 4788 1301 4842 ἀπὸ
1349 4790 1404 4841 δὲ
1439 4788 1531 4843 τοῦ
1557 4791 1719 4846 αὐτοῦ
1755 4793 1848 4846 καὶ

273 4872 433 4925 κάτω
462 4873 563 4941 οὐχ
587 4872 777 4937 οὕτως.

344 4964 434 5017 Τὰ
459 4965 552 5016 τοῦ
586 4966 819 5035 μεγάλου
855 4967 1200 5040 ἑταιριάρχου
1233 4971 1511 5042 φορέματα
1543 4968 1633 5027 οἷα
1663 4975 1732 5028 τὰ
1752 4974 1844 5028 τοῦ

278 5056 525 5124 μεγάλου
554 5056 935 5131 δρουγγαρῑου.
970 5062 1043 5114 Τὸ
1087 5063 1381 5117 δικανίκιον
1426 5066 1615 5133 αὐτοῦ,
1660 5066 1848 5139 ὥσπερ

272 5151 331 5202 τὸ
366 5149 469 5201 τοῦ
510 5149 746 5220 μεγάλου
801 5154 1160 5223 δρουγγαρίου
1211 5156 1654 5226 χρυσοκόκκινον,
1708 5157 1851 5212 οὕτω

272 5243 446 5296 τοῦτο
468 5247 863 5316 χρυσοηέρανον
883 5247 1275 5316 κεκλωσμένον.

347 5335 441 5388 Τὰ
459 5335 552 5389 τοῦ
585 5339 820 5405 μεγάλου
848 5340 1237 5411 χαρτουλαριου
1272 5337 1361 5396 οἷα
1396 5342 1464 5398 τά
1493 5344 1585 5399 τοῦ
1616 5345 1851 5416 μεγάλου

280 5429 657 5499 ἑταιριάρχου,
701 5430 829 5483 ἄνευ
860 5430 916 5483 δὲ
938 5432 1258 5488 δικανικιου.

358 5523 438 5574 Τὸ
459 5522 548 5575 τοῦ
580 5522 866 5590 λογοθέτου
906 5522 998 5576 τοῦ
1048 5523 1243 5593 δρόμου
1274 5528 1511 5582 σκιάδιον
1538 5526 1647 5584 οἷον
1673 5532 1732 5585 τὸ
1760 5531 1855 5585 τοῦ

289 5613 532 5681 μεγάλου
565 5613 983 5684 χαρτουλαρίου.
1031 5616 1344 5672 Φακεωλίδι
1389 5620 1447 5673 δὲ
1499 5624 1655 5693 φορεί
1701 5617 1858 5687 οὗτος

291 5706 779 5777 καὶ-ἐπιλούρικον,
804 5707 865 5759 οὐ
896 5710 1004 5776 μὴν
1042 5711 1388 5777 σκαράνικον.

368 5794 447 5848 Τὸ
474 5798 562 5849 τοῦ
602 5798 1094 5869 πρωτοασηκρῆτις
1152 5802 1389 5857 σκιάδιον
1436 5803 1669 5873 βλάτιον,
1716 5805 1855 5859 διϐο-

298 5885 439 5953 λὲον,
466 5888 740 5960 χρώματος
789 5889 941 5957 ὀξέος
980 5890 1075 5943 καὶ
1121 5891 1337 5960 λευκοῦ,
1373 5896 1495 5966 ἔχον
1553 5900 1855 5979 μαργκέλλια

504 5986 769 6063 Pyram“
800 5984 919 6045 Gn.
956 5981 1186 6045 CLVII.
1797 5993 1803 5999 '

1950 4691 2160 4756 volunt,
2201 4693 2341 4746 ferre
2370 4693 2634 4748 cabbadia
2663 4711 2677 4759 ;
2710 4703 2761 4748 et
2784 4696 2998 4763 quando
3030 4695 3203 4762 lubet,
3234 4695 3378 4751 ferre
3418 4699 3533 4766 epi-

1944 4782 2143 4847 lorica,
2205 4783 2308 4839 hoc
2342 4796 2427 4841 est
2463 4788 2771 4856 superulas.
2825 4786 2910 4844 Ab
2948 4787 3054 4842 hoc
3109 4802 3240 4843 vero
3270 4788 3529 4844 deorsum

1951 4895 2147 4934 versus
2183 4896 2268 4935 res
2305 4882 2462 4936 aliter
2492 4896 2553 4936 se
2590 4881 2772 4937 habet.

2026 4975 2204 5046 Magni
2240 4976 2616 5031 hetaeriarcha:
2649 4976 2957 5045 gestamina
2990 4984 3121 5031 sunt
3173 4976 3357 5045 qualia
3414 4991 3533 5029 ma-

1953 5068 2046 5135 gni
2075 5067 2381 5137 drungarii.
2412 5067 2477 5122 Et
2506 5068 2971 5138 quemadmodum
3006 5067 3190 5137 magni
3244 5068 3530 5136 drungarii

1953 5159 2184 5213 baculus
2215 5167 2298 5214 est
2320 5160 2473 5213 aurei
2508 5168 2562 5214 et
2591 5158 2834 5215 coccinei
2863 5157 3086 5224 coloris,
3125 5157 3203 5213 ita
3233 5157 3399 5229 hujus
3450 5170 3536 5213 est

1956 5253 2107 5306 aurei
2140 5262 2196 5307 et
2230 5252 2375 5306 caesii
2402 5253 2610 5305 intorti.

2032 5346 2211 5414 Magni
2244 5346 2565 5401 cliartularii
2592 5344 2895 5414 gestamina
2928 5344 3110 5415 qualia
3144 5343 3329 5413 magni
3370 5343 3537 5399 beta»

1959 5440 2213 5494 riarrhaz.
2252 5437 2357 5492 Sed
2389 5447 2541 5492 caret
2574 5438 2789 5492 baculo.

2032 5530 2346 5600 Logotlietae
2379 5544 2576 5585 cursus
2609 5531 2784 5599 pileus
2818 5540 2904 5587 est
2935 5529 3112 5601 qualis
3142 5520 3326 5595 magni
3374 5525 3538 5581 char-

1959 5622 2179 5676 tularii:
2212 5622 2317 5675 fert
2350 5621 2448 5675 iste
2489 5621 2829 5690 pliaeeolium
2868 5630 2923 5675 et
2974 5620 3315 5690 epiloricum,
3346 5625 3403 5670 at
3429 5631 3537 5673 non

1958 5715 2327 5769 sraranicum.

2029 5806 2198 5862 Primi
2235 5810 2516 5863 secretarii
2567 5807 2738 5877 pileus
2787 5815 2870 5862 est
2900 5822 2962 5862 ex
3002 5821 3184 5877 panno
3217 5804 3418 5870 serico,
3445 5802 3540 5867 du-

1960 5900 2119 5970 plicis
2182 5901 2408 5966 coloris,
2440 5902 2671 5957 violacei
2705 5912 2759 5955 et
2813 5899 2963 5965 albi;
3018 5901 3221 5953 habens
3260 5900 3538 5966 margeliia

3130 5993 3161 6031 θ

3058 6028 3063 6034 ”
3128 6028 3159 6053 ai
