4044 6436
506 376 575 436 *Π
1706 383 1883 442 COD!
1895 384 1977 444 Nl
2036 384 2568 445 'CUROPALATZE
3691 380 3757 445 48

574 489 806 545 Profecti
834 498 1122 544 tzaconum
1179 489 1362 544 omnia
1418 493 1751 547 conveniunt
1786 507 1909 547 cum
1949 502 2077 551 ante

2254 496 2366 548 Καὶ
2393 496 2460 548 τὰ
2493 494 2589 548 τοῦ
2628 494 3104 565 στρατοπεδάρχου
3142 493 3252 547 τῶν
3286 491 3569 557 τζακόνων
3599 492 3758 562 ὅμοια

501 585 681 639 dictis.
792 600 795 601 '

575 677 767 731 Omnia
791 677 1090 747 gestamina
1123 677 1369 745 prmsidis
1398 691 1718 746 magnorum
1752 677 2076 747 palatiorum

506 772 703 844 similia
735 782 861 824 sunt
883 770 998 839 jam
1024 777 1182 823 antea
1210 770 1932 825 commemoratis.Baculus
1960 769 2078 839 ejus

504 867 709 933 lignum
737 866 865 918 laeve
890 875 988 918 est.

573 956 705 1009 Cum
734 955 1339 1009 iisdeminvariabiliter
1389 954 1723 1009 conveniunt
1774 955 2077 1025 gestamina

499 1053 617 1118 (‘jUs
648 1051 737 1119 qui
767 1049 1083 1104 Blachernis
1112 1048 1328 1117 palatiis
1348 1049 1621 1115 praesidet.

573 1141 868 1197 Domestici
913 1143 1217 1196 tltematum
1257 1140 1442 1193 omnia
1477 1141 1664 1193 eodem
1704 1141 1866 1195 modo
1888 1155 1948 1195 se
1983 1141 2079 1195 hac

501 1234 646 1286 bent.

563 1323 767 1377 Otiinia
805 1324 1037 1392 insignia
1069 1323 1355 1378 domestici
1380 1321 1743 1375 Orientalium
1776 1324 2077 1375 tliematum

500 1426 549 1468 et
589 1416 774 1471 omnia
807 1417 1092 1471 domestici
1147 1414 1578 1470 Occidentalium
1630 1414 1953 1477 tltematum,
2012 1413 2077 1465 ad

504 1507 618 1559 haec
648 1517 698 1559 et
734 1507 957 1560 baculus
984 1506 1468 1577 ejus,conveniunt
1498 1520 1621 1558 cum
1649 1503 1949 1574 prioribus.

570 1687 755 1757 Magni
782 1689 1047 1758 myrtaitie
1072 1689 1394 1743 eaobadinm
1420 1697 1476 1743 et
1492 1689 1809 1742 coccineum
1838 1685 2081 1741 scanni-

504 1798 628 1836 cnm
661 1783 861 1837 similia
892 1792 1021 1837 sunt
1043 1784 1155 1853 jam
1189 1794 1315 1838 ante
1343 1784 1561 1854 positis.
1593 1782 1824 1835 Baculus
1858 1780 1978 1849 ejus
1996 1796 2081 1833 ar-

2185 587 2329 641 κατὰ
2357 589 2536 641 πάντα
2562 590 2674 649 τοῖς
2714 589 2819 657 πρὸ
2850 586 3044 641 αὐτοῦ.

2255 678 2336 731 Τὰ
2387 678 2482 731 τοῦ
2536 679 2960 750 προκαθημένου
3004 678 3113 730 τῶν
3174 676 3431 746 μεγάλων
3483 677 3760 732 παλατίων

2186 770 2365 822 πάντα
2398 764 2487 823 οἷα
2517 769 2583 821 τὰ
2621 769 2732 821 τῶν
2780 770 2886 838 πρδ
2916 768 3106 824 αὑτοῦ.
3151 767 3428 830 Ὡσαύτως
3458 768 3554 820 καὶ
3590 767 3652 820 τὸ
3686 768 3764 820 δι-

2185 862 2433 915 κανίκιον
2471 862 2639 916 αὑτοῦ
2680 862 2835 927 ξύλον
2875 863 3040 914 λεῖον.

2259 956 2368 1006 Καὶ
2399 954 2466 1007 τὰ
2498 955 2591 1006 τοῦ
2636 954 3066 1024 προκαθημένου
3097 953 3205 1007 τῶν
3236 952 3558 1023 Βλαχερνῶν
3592 953 3763 1006 παλαι

2186 1046 2315 1100 τίων
2353 1046 2785 1116 ἀπαραλλάκτως
2819 1046 3069 1100 τοιαῦτα.

2260 1139 2339 1192 Τὰ
2389 1139 2483 1191 τοῦ
2528 1139 2854 1209 δομεστίκου
2902 1137 3013 1191 τῶν
3072 1136 3333 1207 θεμάτων
3378 1135 3560 1190 πάντα
3590 1136 3765 1188 ταῦτα

2187 1229 2471 1291 ὡσαύτως.

2259 1323 2341 1375 Τὰ
2398 1321 2492 1375 τοῦ
2541 1321 2864 1392 δομεστίκου
2931 1320 3045 1374 τῶν
3117 1320 3460 1373 ἀνατολικῶν
3512 1319 3767 1389 θεμάτων

2189 1413 2387 1476 πάντα,
2422 1414 2516 1465 καὶ
2546 1414 2615 1465 τὰ
2632 1413 2725 1465 τοῦ
2749 1412 3074 1479 δομεστίκου
3106 1412 3215 1464 τῶν
3245 1412 3485 1465 δυτικῶν
3512 1410 3765 1478 θεμάτων

2187 1506 2391 1567 πάντα,
2424 1504 2502 1556 ἔτι
2542 1503 2598 1556 δὲ
2636 1504 2728 1557 καὶ
2762 1502 2823 1555 τὸ
2870 1503 3175 1556 δικανίκιον
3234 1501 3424 1565 αὑτοῦ,
3458 1501 3625 1571 ὅμοια
3655 1501 3766 1563 τοῖς

2188 1597 2297 1651 τῶν
2334 1596 2440 1665 πρὸ
2470 1597 2658 1650 αὐτοῦ.

2262 1690 2341 1740 Τὰ
2363 1688 2458 1741 τοῦ
2488 1688 2727 1758 μεγάλου
2752 1689 3076 1759 μυρταῐτου,
3104 1689 3228 1760 ἦτοι
3250 1700 3311 1741 το
3342 1686 3443 1757 μὲν
3470 1684 3769 1739 καϐϐάδιον

2192 1783 2285 1834 καὶ
2320 1781 2380 1833 τὸ
2410 1782 2666 1833 κόκκινον
2704 1783 3044 1849 σκαράνικον
3075 1779 3265 1847 αὐτοῦ,
3293 1778 3371 1841 ὡς
3408 1779 3478 1832 τά
3505 1778 3618 1830 τῶν
3657 1777 3768 1847 πρὸ

496 1884 749 1944 genteus,
780 1891 917 1929 auro
947 1852 1233 1944 perfusus,
1264 1852 1465 1946 ﬁguras
1496 1875 1687 1928 littera:
1726 1888 1955 1945 gammat
1990 1887 2084 1927 su-

2204 1871 2376 1925 ιύτοῦ.
2407 1872 2480 1924 To
2512 1871 2568 1923 δὲ
2599 1871 2899 1925 δικανίκιον
2929 1871 3093 1925 αὑτοῦ
3126 1869 3430 1941 ἀργυροῦν,
3466 1871 3764 1939 χρυσοχοϊ-

502 1978 669 2033 perne
709 1972 1127 2032 reprazsetttans.

571 2055 958 2111 Protoeomitis
990 2055 1294 2127 gestamina
1320 2055 1399 2109 nil
1441 2054 1647 2110 abeunt
1706 2068 1735 2107 a
1786 2051 2081 2122 praedictis.

502 2148 665 2204 Caret
696 2149 912 2203 baculo.

574 2243 1080 2311 Drungariustenct
1108 2240 1383 2315 baculum,
1417 2239 1510 2295 sed
1540 2239 1718 2294 solum
1775 2248 1830 2293 et
1873 2239 2083 2293 nudum

2190 1963 2309 2027 κὸν,
2340 1966 2688 2033 γαμματίζον
2727 1968 2954 2021 ἄνωθεν.

2190 2112 2193 2115 _
2263 2054 2373 2106 Καὶ
2440 2054 2509 2107 τά
2575 2055 2669 2107 τοῦ
2730 2054 3157 2125 πρωτοκόμητος
3222 2052 3768 2120 φορέματαηόμοίως

2186 2144 2439 2198 τοιαῦτα.
2469 2145 2638 2197 Οὐδὲν
2664 2146 2720 2199 δὲ
2747 2148 2943 2216 κρατεῖ
2973 2143 3300 2198 δικανίκιον.

2270 2236 2330 2288 '0
2361 2235 2417 2288 δὲ
2453 2200 2819 2307 ϐρουγγάριοις
2849 2238 3043 2306 κρατεῖ
3066 2236 3369 2289 δικανίκιον
3407 2234 3571 2305 μόνον
3604 2234 3771 2296 ξύλον

503 2336 713 2406 lignum
738 2336 887 2389 laeve.
920 2334 1181 2390 Sebastus
1226 2334 1460 2397 nullum,
1513 2333 1974 2402 quemadmodum
2032 2341 2088 2387 et

2204 2332 2351 2383 λεῖον.
2396 2330 2454 2382 'O
2492 2329 2756 2393 σεϐαστὸς
2786 2330 2960 2383 οὐδέν.
3006 2327 3286 2391 Ὡσαύτως
3320 2328 3415 2381 καὶ
3458 2332 3485 2382 ὁ
3534 2330 3775 2399 μυρταῖ-

499 2428 815 2499 myrtaites.

576 2523 690 2592 28
718 2521 986 2576 Praesides
1024 2520 1551 2589 spectatissimarum
1575 2520 1856 2574 civitatum
1880 2518 2088 2574 habent

497 2616 749 2678 baculos,
770 2614 913 2681 ligna
944 2613 1194 2669 candida.

576 2707 810 2776 Pappias
836 2707 996 2763 habet
1029 2717 1309 2776 sceptrum
1336 2722 1404 2760 ex
1433 2705 1551 2767 solo
1579 2706 1752 2775 ligno,
1795 2704 1914 2759 sine
1958 2702 2084 2759 ullis

506 2800 691 2854 nodis.

1134 2887 1364 2944 CAPUT
1398 2888 1460 2942 V.

682 2984 759 3040 De
818 2984 1149 3053 singulorum
1202 2984 1487 3052 ciliciorum
1548 2982 1888 3037 ministeriis.

581 3078 842 3146 Despota,
877 3077 1287 3131 scbastoerator
1328 3086 1383 3130 et
1413 3078 1597 3131 Caesar
1656 3078 1807 3132 nullo
1865 3092 2093 3131 munere

2184 2441 2306 2494 της.

2263 2518 2326 2570 Οί
2358 2520 2773 2588 προκαθήμενοι
2822 2518 2932 2573 τῶν
2962 2517 3203 2588 ἐντίμων
3251 2516 3460 2570 πόλεων
3507 2518 3775 2588 κρατοῦσι

2186 2609 2489 2674 δικανίκια,
2521 2611 2653 2677 ξύλα
2684 2612 2877 2664 λευκά.

2273 2702 2331 2755 '0
2352 2703 2409 2755 δὲ
2437 2703 2689 2766 παππίας
2720 2704 2913 2774 κρατεῖ
2940 2701 3244 2757 ϐικανίκιον
3276 2702 3568 2772 μονόξυλον
3595 2703 3775 2773 χωρὶς

2188 2794 2435 2864 κόμϐων.

2714 2888 3114 2947 ΚΕΦΑΛΑΙΟΝ
3172 2886 3250 2943 Ε’.

2262 2980 2404 3048 Περὶ
2431 2979 2543 3047 τῆς
2569 2982 2909 3048 ὑπηρεσίας
2938 2982 3203 3035 ἑκάστου
3236 2978 3357 3034 τῶν
3386 2979 3706 3049 omptume.
3743 2982 3781 3011 “'

2277 3076 2336 3129 Ὀ
2368 3075 2640 3144 δεσπότης
2670 3076 2800 3145 μὲν,
2818 3076 2846 3127 ό
2875 3074 3339 3143 σεϐαστοκράτωρ
3369 3076 3467 3128 καὶ
3492 3077 3521 3127 ό
3547 3075 3776 3143 Καῖσαρ

500 3169 830 3238 Tunguntur,
853 3169 955 3221 nisi
974 3166 1293 3237 prazlectura
1312 3168 1578 3237 qnzepiam
1591 3167 1673 3221 eis
1695 3170 2090 3222 committatur.

2204 3168 2455 3236 οὐδεμίαν
2488 3168 2809 3237 ὑπηρεσίαν.
2835 3166 3073 3235 ἔχουσιν,
3110 3166 3206 3220 ἐὰν
3252 3166 3328 3235 μὴ
3367 3164 3640 3234 ταχθῶσιν
3694 3165 3778 3227 είς

576 3346 881 3401 Ministeria
917 3346 1099 3416 magni
1135 3346 1425 3399 domestici
1457 3356 1510 3400 et
1542 3348 1950 3416 protovestiarii
1996 3349 2084 3403 hic

496 3434 1179 3503 .sileatttur.Exponentur
1231 3450 1332 3489 suo
1381 3436 1517 3491 loco.

583 3613 1129 3684 Panlrypersebastus
1162 3614 1309 3669 nullo
1340 3630 1564 3672 munere
1624 3617 1892 3687 fungitur.

576 3705 650 3761 IJt
685 3722 914 3776 magnus
939 3707 1274 3762 domesticus
1303 3716 1467 3777 caput
1492 3717 1575 3763 est
1607 3708 1660 3761 in
1693 3710 1960 3772 exercitu,
2013 3708 2086 3762 ita

514 3818 746 3871 magnus
771 3802 879 3855 dux
901 3801 1207 3871 praecipuus
1240 3802 1391 3855 estin
1417 3803 1576 3859 mari.
1606 3799 1669 3854 Et
1700 3815 1953 3869 proceres
1971 3801 2091 3866 qui-

512 3895 637 3947 dem
671 3892 791 3945 aliis
828 3891 1163 3961 triremibus,
1186 3906 1283 3945 ceu
1313 3891 1511 3959 capita,
1534 3890 1809 3960 praepositi
1840 3900 2093 3945 statuunt

511 3996 568 4039 et
598 3983 815 4053 erigunt
849 3983 1109 4037 usitatum
1162 3982 1513 4052 imperatoris
1564 3980 1925 4047 ﬂammulum,
1990 3982 2093 4037 hoc

511 4086 593 4130 est
625 4090 842 4129 crucem
874 4090 996 4129 cum
1031 4086 1269 4143 quatuor
1289 4074 1532 4142 igniariis
1580 4073 1938 4143 cltalybibus:
1977 4088 2095 4127 ma-

478 4151 654 4239 lgnus
684 4169 793 4223 dux
831 4167 1021 4224 statuit
1055 4167 1283 4237 eterigit
1335 4165 1673 4221 ﬂammulqu
1737 4166 2091 4236 imperatoria

484 4244 755 4330 imagine
784 4262 1026 4330 equestri
1054 4260 1400 4329 insignitum.
1438 4258 1612 4316 Habet
1646 4268 1825 4314 autem
1876 4261 1980 4314 sub
2036 4275 2094 4315 se

516 4367 768 4419 magnam
804 4352 1156 4419 drungarium
1177 4353 1394 4417 classis,
1415 4352 1747 4421 amiralium,
1765 4354 2095 4426 drungarios

506 4452 572 4499 et
602 4445 852 4499 comites.
998 4484 1001 4489 .

484 4622 487 4623 ⁷
584 4624 700 4693 '29
762 4625 1407 4694 Protostrator,magno
1484 4627 1788 4684 domestico
1848 4628 2098 4694 absente,

505 4727 698 4788 portat
724 4717 1071 4788 imperatos-is
1103 4733 1314 4773 ensem.
1340 4717 1576 4794 Quando
1607 4721 1774 4789 igitur
1804 4722 2102 4789 imperator

518 4831 719 4885 equum
746 4829 1080 4869 ascensurus
1115 4822 1224 4877 est,
1256 4829 1399 4883 equo
1419 4829 1514 4883 per
1551 4817 1805 4868 comitem
1828 4828 2099 4881 equorum

506 4908 1006 4975 .imperatoriorum
1039 4908 1308 4970 adducto,
1330 4920 1492 4973 quem
1543 4904 1706 4958 etiam
1761 4912 1931 4965 tenet.
1952 4914 2104 4972 post-

522 5016 683 5069 quam
724 5003 1023 5068 imperator
1049 5002 1317 5063 ascendit,
1353 5009 1720 5069 protostrator
1756 4984 2106 5068 apprehenso
2152 4998 2159 5003 ’

520 5090 678 5144 freno
732 5094 884 5146 ducit
908 5109 1108 5161 equum
1145 5109 1316 5162 usque
1346 5093 1412 5146 ad
1434 5104 1691 5162 quartam
1746 5092 1828 5146 vel
1856 5093 2106 5160 quintam

523 5180 709 5247 palatii
749 5184 887 5235 aulae
910 5190 1138 5251 partem.
1164 5182 1361 5237 Postea
1394 5184 1617 5238 subiens
1646 5184 1767 5253 ejus
1813 5185 1865 5238 in
1919 5183 2104 5239 locum

525 5274 717 5328 Cllal'lll
753 5275 924 5327 larius
975 5275 1132 5328 freno
1163 5275 1312 5329 ducit
1367 5291 1542 5345 usque
1585 5276 1650 5328 ad
1693 5289 1928 5344 portam.
1958 5274 2108 5329 Idem

522 5365 673 5440 facit,
689 5365 909 5432 quando
935 5366 1229 5431 imperator
1256 5382 1317 5418 ex
1338 5382 1478 5433 equo
1506 5365 1728 5421 desilire
1750 5376 1971 5435 paratus
1993 5380 2112 5422 est:

439 5459 444 5465 “
530 5460 857 5513 ducitenim
893 5474 922 5511 a
955 5466 1110 5527 porta
1159 5474 1361 5526 equum
1414 5473 1593 5526 usque
1643 5456 1711 5513 ad
1760 5457 2110 5529 designatum

478 5546 751 5611 --locmn;
825 5548 878 5600 in
928 5545 1081 5615 cnjns
1142 5548 1313 5600 vicem
1375 5545 1573 5599 iterum
1628 5550 2114 5620 suceedit'proto—

530 5647 733 5692 strator
767 5639 1003 5692 adducto
1033 5653 1178 5706 equo
1234 5638 1298 5690 ad
1348 5652 1473 5691 eum
1526 5652 1700 5708 usque
1760 5642 1965 5708 locum,
2013 5644 2109 5697 ubi

520 5729 827 5798 imperator
856 5731 1190 5786 descendere
1235 5731 1399 5784 solet.
1432 5730 1487 5786 Si
1546 5742 1911 5800 protostrator
1968 5738 2110 5791 forte

528 5822 676 5880 absit
707 5836 799 5880 aut
829 5840 1057 5897 peregre
1102 5824 1319 5892 abierit,
1348 5832 1567 5892 prazstat
1600 5825 1703 5881 hoc
1724 5828 1793 5881 ab
1824 5829 1981 5883 initio
2043 5830 2110 5884 ad

2267 3260 2515 3312 euovlav.

2267 3278 2290 3311 ε
2342 3262 2515 3312 ονίαν.

2190 3262 2339 3405 MAI:
2357 3353 2415 3405 δὲ
2446 3352 2542 3405 τοῦ
2578 3351 2819 3422 μεγάλου
2848 3352 3174 3421 δομεστίκου
3208 3352 3508 3421 ὑπηρεσίαι
3547 3350 3647 3403 καὶ
3679 3350 3778 3405 τοῦ

2189 3444 2696 3514 πρωτοϐεστιαρίου
2730 3445 3036 3498 κείσθωσαν
3061 3445 3120 3497 τό
3157 3458 3223 3511 γε
3248 3443 3343 3497 νῦν
3379 3443 3502 3512 ἔχον
3529 3456 3542 3471 ⁸
3576 3441 3783 3511 λεχθή-

2191 3554 2379 3590 σονται
2406 3537 2515 3608 γὰρ
2543 3538 2601 3590 ὲν
2623 3537 2701 3606 τῷ
2733 3538 3065 3606 προσήκοντι
3094 3537 3269 3607 τόπῳ.

2275 3627 2334 3683 '0
2370 3629 2890 3699 πανυπερσέϐαστος
2922 3629 3181 3699 οὐδεμίαν
3212 3627 3522 3697 ὑπηρεσίαν
3557 3628 3705 3698 ἔχει.

2210 3761 2215 3765 .
2273 3718 2337 3774 '0
2374 3721 2549 3789 μέγας
2580 3721 2730 3784 δοὺξ,
2760 3720 2952 3790 ὥσπερ
2998 3722 3026 3772 ὁ
3060 3721 3234 3790 μέγας
3260 3720 3583 3788 δομέστικος
3622 3720 3785 3792 εὑρί-

2196 3830 2388 3867 σκεται
2452 3814 2530 3877 εἰς
2578 3814 2639 3866 τὸ
2696 3814 2984 3882 φωσσάτον
3035 3813 3185 3866 ἆπαν
3224 3812 3464 3882 κεφαλὴ,
3497 3812 3643 3866 οὕτω
3688 3815 3787 3867 καὶ

2195 3906 2337 3959 κατὰ
2379 3904 2656 3959 θάλασσαν
2689 3901 2866 3967 οὗτος.
2906 3905 3016 3957 Καὶ
3039 3904 3089 3957 oi
3138 3904 3238 3972 μὲν
3286 3904 3367 3967 είς
3395 3904 3466 3957 τὰ
3494 3903 3660 3972 ἕτερα
3688 3905 3787 3957 εὑ-

2198 3995 2510 4065 ρισκόμενοι
2544 3994 2807 4063 ἄρχοντες
2837 3994 2914 4057 ὡς
2948 3994 3184 4061 κειραλώ⁵
3219 3993 3413 4045 ίστῶσι
3439 3993 3500 4046 τὸ
3541 3993 3787 4063 σύνηθες

2199 4087 2480 4158 βασιλικὸν
2529 4087 2842 4156 φλάμουλον
2892 4088 3014 4157 ἦτοι
3064 4087 3155 4140 τὸν
3189 4086 3422 4156 σταυρὸν
3456 4088 3595 4155 μετὰ
3635 4102 3792 4158 πυρ-

2198 4180 2440 4234 εκϐόλων
2462 4195 2477 4210 ν
2512 4175 2666 4241 οὗτος
2700 4180 2758 4231 δὲ
2797 4182 2827 4233 ὁ
2867 4182 3043 4251 μέγας
3088 4179 3217 4244 δοὺξ
3245 4180 3346 4249 τὴν
3376 4178 3472 4232 τοῦ
3507 4178 3791 4248 βασιλέως

2201 4270 2404 4339 στήλην
2436 4270 2649 4336 ἵστησιν
2681 4268 2945 4337 ἔφιππον.
2982 4270 3138 4339 Ἔχει
3168 4269 3229 4323 δὲ
3271 4269 3364 4321 ὑπ’
3404 4270 3570 4324 αὑτὸν
3597 4270 3695 4322 τόν
3725 4289 3791 4324 τε

2202 4361 2378 4428 μέγαν
2445 4360 2810 4429 δρουγγάριον
2866 4360 2967 4414 τοῦ
3023 4362 3235 4424 στόλου,
3280 4361 3374 4414 τὸν
3446 4363 3791 4432 άμηράλιον,

2200 4453 2295 4506 τὸν
2363 4456 2799 4524 πρωτοκόμητα,
2852 4457 2981 4519 τοὺς
3029 4455 3435 4526 δρουγγαρίους
3492 4458 3587 4510 καὶ
3654 4460 3793 4521 τοὺς

2130 4541 2176 4595 D
2205 4549 2475 4617 κόμητας,

2286 4639 2345 4690 '0
2382 4641 2824 4710 πρωτοστράτωρ
2849 4640 2944 4694 τοῦ
2981 4641 3223 4710 μεγάλου
3254 4641 3580 4707 δομεστίκου
3616 4642 3795 4694 ἀπόν-

2202 4746 2293 4791 τος
2347 4731 2503 4798 φέρει
2550 4731 2648 4801 τὴν
2701 4732 2796 4784 τοῦ
2843 4732 3113 4798 βασιλέως
3165 4732 3404 4801 σπάθην.
3438 4733 3571 4788 Ὅτε
3612 4729 3711 4785 οὖν
3765 4735 3796 4785 ὁ

2170 4864 2173 4867 .
2207 4820 2460 4890 βασιλεὺς
2490 4821 2678 4889 μέλλει
2706 4821 2802 4876 τοῦ
2855 4823 3025 4876 ῐππου
3066 4824 3452 4894 ἐπιϐήσεσθαι,
3482 4826 3578 4879 τοῦ
3611 4826 3799 4895 κόμη-

2205 4929 2297 4975 τος
2332 4911 2441 4965 τῶν
2492 4913 2792 4982 βασιλικῶν
2849 4914 3037 4968 ἵππων
3090 4916 3421 4986 κομίσαντος
3467 4917 3654 4984 ἵππον,
3692 4920 3799 4974 καὶ

2208 5004 2540 5073 κρατοῦντος
2600 5005 2788 5071 ἵππον,
2842 5007 2983 5075 μετὰ
3016 5007 3121 5063 ,τὸν
3170 5009 3400 5076 βασιλέα
3447 5011 3732 5079 ἐπιϐῆναι,
3768 5015 3800 5066 ὁ

2211 5100 2656 5169 πρωτοστράτωρ
2708 5099 2816 5152 ἀπὸ
2859 5099 2955 5152 τοῦ
3000 5099 3223 5169 χαλινοῦ
3266 5101 3448 5156 λαϐὼν
3500 5101 3659 5171 σύρει
3699 5106 3801 5158 τὸν

2215 5188 2380 5243 ἵππον
2413 5191 2577 5259 μέχρι
2613 5189 2709 5243 τοῦ
2759 5193 3022 5258 τετάρτου
3051 5193 3083 5261 ἢ
3128 5176 3383 5262 πέμπτου
3418 5194 3517 5261 τῆς
3547 5195 3642 5246 τοῦ
3685 5213 3803 5250 πα-

2214 5279 2400 5331 λατίού
2441 5280 2615 5350 αὐλῆς
2648 5282 2868 5351 μέρους.
2906 5283 3139 5335 Ἔπειτα
3170 5281 3562 5349 διαδεξάμενος
3594 5284 3800 5340 τοῦτον

2215 5370 2242 5422 ὁ
2278 5374 2448 5438 μέγας
2496 5375 2890 5444 χαρτουλάριος
2944 5375 3101 5444 φέρει
3158 5376 3247 5429 διὰ
3289 5376 3382 5428 τοῦ
3417 5376 3640 5446 χαλινοῦ
3686 5376 3806 5441 ἕως

2219 5463 2319 5531 τῆς
2364 5463 2556 5532 πύλης.
2598 5465 2875 5527 Ὡσαύτως
2920 5470 3067 5519 ποιεῖ
3106 5467 3203 5521 καὶ
3250 5468 3416 5520 ὁπότε
3469 5469 3657 5538 μέλλει
3692 5487 3806 5523 πε-

2219 5553 2396 5618 ζεύειν
2429 5555 2457 5606 ὁ
2493 5554 2771 5623 βασιλεὺς,
2818 5561 3000 5627 φέρων
3038 5558 3281 5625 δηλονότι
3327 5548 3436 5611 ἀπὸ
3479 5564 3581 5625 τῆς
3622 5560 3810 5631 πύλης

2220 5646 2311 5697 τὸν
2367 5645 2534 5697 ἵππον
2571 5646 2734 5715 μέχρι
2763 5649 2855 5698 καὶ
2894 5647 2987 5698 τοῦ
3034 5648 3446 5718 προῤῥηθέντος
3475 5650 3663 5713 τόπου,
3700 5649 3813 5718 ἀφ’

2221 5732 2281 5789 οὗ
2311 5737 2614 5807 διαδέχεται
2649 5740 2810 5791 πάλιν
2843 5740 3009 5792 αὑτὸν
3040 5742 3068 5792 ό
3101 5745 3571 5812 πρωτοστράτωρ,
3610 5743 3810 5810 φέρων

2227 5830 2391 5899 μέχρι
2442 5832 2536 5884 καὶ
2588 5832 2681 5885 τοῦ
2730 5833 3093 5901 πεζεύματος.
3138 5834 3201 5885 Εἰ
3244 5835 3300 5889 δὲ
3356 5837 3484 5899 ἴσως
3526 5835 3675 5904 τύχοι
3704 5834 3811 5890 τὸν
