  <div class='ocr_page' id='page_1' title='image "/cluster/home/n/w/nwhite01/storage/ocr_20150623/157/coo.31924054870625/035.png"; bbox 0 0 4044 6452; ppageno 0'>
   <div class='ocr_carea' id='block_1_1' title="bbox 417 250 3745 347">
    <p class='ocr_par' dir='ltr' id='par_1_1' title="bbox 417 250 3745 347">
     <span class='ocr_line' id='line_1_1' title="bbox 417 250 3745 347; baseline 0.002 -7"><span class='ocrx_word' id='word_1_1' title='bbox 417 278 491 342; x_wconf 62' lang='grc' dir='ltr'><strong>ειε</strong></span> <span class='ocrx_word' id='word_1_2' title='bbox 1621 280 1886 343; x_wconf 69' lang='lat' dir='ltr'><strong>conm!</strong></span> <span class='ocrx_word' id='word_1_3' title='bbox 1924 284 2459 347; x_wconf 81' lang='lat' dir='ltr'><strong>CUROPAI.AT/E</strong></span> <span class='ocrx_word' id='word_1_4' title='bbox 3107 274 3126 294; x_wconf 89' lang='lat'><strong>&#39;</strong></span> <span class='ocrx_word' id='word_1_5' title='bbox 3629 284 3702 347; x_wconf 82' lang='lat'><strong>56</strong></span> <span class='ocrx_word' id='word_1_6' title='bbox 3744 250 3745 253; x_wconf 5' lang='grc' dir='ltr'>γ</span> 
     </span>
    </p>
   </div>
   <div class='ocr_carea' id='block_1_2' title="bbox 411 395 2005 473">
    <p class='ocr_par' dir='ltr' id='par_1_2' title="bbox 411 395 2005 467">
     <span class='ocr_line' id='line_1_2' title="bbox 411 395 2005 467; baseline 0.002 -19"><span class='ocrx_word' id='word_1_7' title='bbox 411 395 807 465; x_wconf 68' lang='lat' dir='ltr'><strong>explicabitur,</strong></span> <span class='ocrx_word' id='word_1_8' title='bbox 845 397 1068 467; x_wconf 79' lang='lat' dir='ltr'><strong>quando</strong></span> <span class='ocrx_word' id='word_1_9' title='bbox 1134 396 1202 451; x_wconf 89' lang='lat' dir='ltr'><strong>de</strong></span> <span class='ocrx_word' id='word_1_10' title='bbox 1255 409 1480 451; x_wconf 84' lang='lat' dir='ltr'><strong>munere</strong></span> <span class='ocrx_word' id='word_1_11' title='bbox 1534 397 1712 466; x_wconf 73' lang='lat' dir='ltr'><strong>magni</strong></span> <span class='ocrx_word' id='word_1_12' title='bbox 1746 398 2005 453; x_wconf 88' lang='lat' dir='ltr'><strong>domestic</strong></span> 
     </span>
    </p>
   </div>
   <div class='ocr_carea' id='block_1_3' title="bbox 2112 395 3703 473">
    <p class='ocr_par' dir='ltr' id='par_1_3' title="bbox 2128 398 3703 473">
     <span class='ocr_line' id='line_1_3' title="bbox 2128 398 3703 473; baseline 0.002 -18"><span class='ocrx_word' id='word_1_13' title='bbox 2128 401 2221 455; x_wconf 80' lang='grc' dir='ltr'>τοῦ</span> <span class='ocrx_word' id='word_1_14' title='bbox 2275 402 2368 453; x_wconf 70' lang='grc' dir='ltr'><strong>ἐπὶ</strong></span> <span class='ocrx_word' id='word_1_15' title='bbox 2412 401 2509 470; x_wconf 83' lang='grc' dir='ltr'>τῆς</span> <span class='ocrx_word' id='word_1_16' title='bbox 2550 400 2829 472; x_wconf 77' lang='grc' dir='ltr'><strong>τραπέζης</strong></span> <span class='ocrx_word' id='word_1_17' title='bbox 2870 398 3222 472; x_wconf 77' lang='grc' dir='ltr'>λεχθήσεται,</span> <span class='ocrx_word' id='word_1_18' title='bbox 3254 400 3341 456; x_wconf 76' lang='grc' dir='ltr'><strong>ὅτε</strong></span> <span class='ocrx_word' id='word_1_19' title='bbox 3390 402 3485 457; x_wconf 76' lang='grc' dir='ltr'>καὶ</span> <span class='ocrx_word' id='word_1_20' title='bbox 3522 404 3555 473; x_wconf 83' lang='grc' dir='ltr'>ἠ</span> <span class='ocrx_word' id='word_1_21' title='bbox 3602 405 3703 458; x_wconf 79' lang='grc' dir='ltr'><strong>τοῦ</strong></span> 
     </span>
    </p>
   </div>
   <div class='ocr_carea' id='block_1_4' title="bbox 409 489 736 546">
    <p class='ocr_par' dir='ltr' id='par_1_4' title="bbox 409 489 736 546">
     <span class='ocr_line' id='line_1_4' title="bbox 409 489 736 546; baseline 0.003 -3"><span class='ocrx_word' id='word_1_22' title='bbox 409 489 736 546; x_wconf 88' lang='lat' dir='ltr'><strong>disseretur.</strong></span> 
     </span>
    </p>
   </div>
   <div class='ocr_carea' id='block_1_5' title="bbox 487 582 1995 656">
    <p class='ocr_par' dir='ltr' id='par_1_5' title="bbox 487 582 1995 656">
     <span class='ocr_line' id='line_1_5' title="bbox 487 582 1995 656; baseline 0.001 -19"><span class='ocrx_word' id='word_1_23' title='bbox 487 584 710 654; x_wconf 72' lang='lat' dir='ltr'><strong>Magnus</strong></span> <span class='ocrx_word' id='word_1_24' title='bbox 742 587 965 656; x_wconf 81' lang='lat' dir='ltr'><strong>pappias</strong></span> <span class='ocrx_word' id='word_1_25' title='bbox 984 587 1114 641; x_wconf 93' lang='lat' dir='ltr'><strong>olim</strong></span> <span class='ocrx_word' id='word_1_26' title='bbox 1135 587 1326 643; x_wconf 79' lang='lat' dir='ltr'><strong>habuit</strong></span> <span class='ocrx_word' id='word_1_27' title='bbox 1350 582 1691 655; x_wconf 77' lang='lat' dir='ltr'><strong>incognitum</strong></span> <span class='ocrx_word' id='word_1_28' title='bbox 1726 584 1995 649; x_wconf 87' lang='lat' dir='ltr'><strong>officium,</strong></span> 
     </span>
    </p>
   </div>
   <div class='ocr_carea' id='block_1_6' title="bbox 414 678 1066 732">
    <p class='ocr_par' dir='ltr' id='par_1_6' title="bbox 414 678 1066 732">
     <span class='ocr_line' id='line_1_6' title="bbox 414 678 1066 732; baseline 0.006 -4"><span class='ocrx_word' id='word_1_29' title='bbox 414 690 563 730; x_wconf 91' lang='lat' dir='ltr'><strong>nunc</strong></span> <span class='ocrx_word' id='word_1_30' title='bbox 589 687 768 731; x_wconf 89' lang='lat' dir='ltr'><strong>autem</strong></span> <span class='ocrx_word' id='word_1_31' title='bbox 829 678 1066 732; x_wconf 85' lang='lat' dir='ltr'><strong>nullum.</strong></span> 
     </span>
    </p>
   </div>
   <div class='ocr_carea' id='block_1_7' title="bbox 492 765 1995 840">
    <p class='ocr_par' dir='ltr' id='par_1_7' title="bbox 492 765 1995 840">
     <span class='ocr_line' id='line_1_7' title="bbox 492 765 1995 840; baseline 0.001 -21"><span class='ocrx_word' id='word_1_32' title='bbox 492 765 757 820; x_wconf 85' lang='lat' dir='ltr'><strong>Similiter</strong></span> <span class='ocrx_word' id='word_1_33' title='bbox 788 767 1086 835; x_wconf 86' lang='lat' dir='ltr'><strong>eparchns,</strong></span> <span class='ocrx_word' id='word_1_34' title='bbox 1119 768 1213 836; x_wconf 85' lang='lat' dir='ltr'><strong>qui</strong></span> <span class='ocrx_word' id='word_1_35' title='bbox 1241 777 1296 821; x_wconf 81' lang='lat' dir='ltr'><strong>et</strong></span> <span class='ocrx_word' id='word_1_36' title='bbox 1326 769 1443 840; x_wconf 89' lang='lat' dir='ltr'><strong>ipse</strong></span> <span class='ocrx_word' id='word_1_37' title='bbox 1495 769 1704 824; x_wconf 92' lang='lat' dir='ltr'><strong>nullum</strong></span> <span class='ocrx_word' id='word_1_38' title='bbox 1753 768 1995 822; x_wconf 83' lang='lat' dir='ltr'><strong>officium</strong></span> 
     </span>
    </p>
   </div>
   <div class='ocr_carea' id='block_1_8' title="bbox 414 856 596 911">
    <p class='ocr_par' dir='ltr' id='par_1_8' title="bbox 414 856 596 911">
     <span class='ocr_line' id='line_1_8' title="bbox 414 856 596 911; baseline 0 -1"><span class='ocrx_word' id='word_1_39' title='bbox 414 856 596 911; x_wconf 77' lang='lat' dir='ltr'><strong>habeL</strong></span> 
     </span>
    </p>
   </div>
   <div class='ocr_carea' id='block_1_9' title="bbox 482 946 1997 1022">
    <p class='ocr_par' dir='ltr' id='par_1_9' title="bbox 482 946 1997 1022">
     <span class='ocr_line' id='line_1_9' title="bbox 482 946 1997 1022; baseline 0.004 -20"><span class='ocrx_word' id='word_1_40' title='bbox 482 946 593 1020; x_wconf 75' lang='lat'><strong>36</strong></span> <span class='ocrx_word' id='word_1_41' title='bbox 622 948 798 1018; x_wconf 79' lang='lat' dir='ltr'><strong>Magni</strong></span> <span class='ocrx_word' id='word_1_42' title='bbox 823 952 1101 1021; x_wconf 83' lang='lat' dir='ltr'><strong>drnngarii</strong></span> <span class='ocrx_word' id='word_1_43' title='bbox 1134 953 1443 1022; x_wconf 80' lang='lat' dir='ltr'><strong>vigiliarum</strong></span> <span class='ocrx_word' id='word_1_44' title='bbox 1481 952 1722 1010; x_wconf 88' lang='lat' dir='ltr'><strong>ofticium</strong></span> <span class='ocrx_word' id='word_1_45' title='bbox 1754 966 1997 1022; x_wconf 81' lang='lat' dir='ltr'><strong>expone-</strong></span> 
     </span>
    </p>
   </div>
   <div class='ocr_carea' id='block_1_10' title="bbox 417 1041 1994 1115">
    <p class='ocr_par' dir='ltr' id='par_1_10' title="bbox 417 1041 1994 1115">
     <span class='ocr_line' id='line_1_10' title="bbox 417 1041 1994 1115; baseline 0.003 -24"><span class='ocrx_word' id='word_1_46' title='bbox 417 1050 525 1105; x_wconf 90' lang='lat' dir='ltr'><strong>tur,</strong></span> <span class='ocrx_word' id='word_1_47' title='bbox 559 1041 782 1108; x_wconf 85' lang='lat' dir='ltr'><strong>quando</strong></span> <span class='ocrx_word' id='word_1_48' title='bbox 814 1042 880 1096; x_wconf 89' lang='lat' dir='ltr'><strong>de</strong></span> <span class='ocrx_word' id='word_1_49' title='bbox 913 1043 1098 1098; x_wconf 82' lang='lat' dir='ltr'><strong>ofﬁcio</strong></span> <span class='ocrx_word' id='word_1_50' title='bbox 1133 1047 1313 1115; x_wconf 76' lang='lat' dir='ltr'><strong>magni</strong></span> <span class='ocrx_word' id='word_1_51' title='bbox 1376 1045 1666 1101; x_wconf 75' lang='lat' dir='ltr'><strong>domestici</strong></span> <span class='ocrx_word' id='word_1_52' title='bbox 1724 1044 1778 1097; x_wconf 89' lang='lat' dir='ltr'><strong>in</strong></span> <span class='ocrx_word' id='word_1_53' title='bbox 1832 1057 1994 1098; x_wconf 75' lang='lat' dir='ltr'><strong>exer-</strong></span> 
     </span>
    </p>
   </div>
   <div class='ocr_carea' id='block_1_11' title="bbox 414 1131 903 1187">
    <p class='ocr_par' dir='ltr' id='par_1_11' title="bbox 414 1131 903 1187">
     <span class='ocr_line' id='line_1_11' title="bbox 414 1131 903 1187; baseline 0.008 -5"><span class='ocrx_word' id='word_1_54' title='bbox 414 1131 525 1183; x_wconf 91' lang='lat' dir='ltr'><strong>citu</strong></span> <span class='ocrx_word' id='word_1_55' title='bbox 552 1132 903 1187; x_wconf 83' lang='lat' dir='ltr'><strong>disseremus.</strong></span> 
     </span>
    </p>
   </div>
   <div class='ocr_carea' id='block_1_12' title="bbox 485 1219 1999 1300">
    <p class='ocr_par' dir='ltr' id='par_1_12' title="bbox 485 1219 1999 1300">
     <span class='ocr_line' id='line_1_12' title="bbox 485 1219 1999 1300; baseline 0.006 -25"><span class='ocrx_word' id='word_1_56' title='bbox 485 1219 660 1292; x_wconf 77' lang='lat' dir='ltr'><strong>Magni</strong></span> <span class='ocrx_word' id='word_1_57' title='bbox 701 1225 1075 1280; x_wconf 63' lang='lat' dir='ltr'><strong>hetaeriarclm</strong></span> <span class='ocrx_word' id='word_1_58' title='bbox 1105 1244 1302 1281; x_wconf 85' lang='lat' dir='ltr'><strong>munus</strong></span> <span class='ocrx_word' id='word_1_59' title='bbox 1348 1230 1498 1299; x_wconf 86' lang='lat' dir='ltr'><strong>prius</strong></span> <span class='ocrx_word' id='word_1_60' title='bbox 1546 1231 1766 1300; x_wconf 87' lang='lat' dir='ltr'><strong>quidem</strong></span> <span class='ocrx_word' id='word_1_61' title='bbox 1826 1233 1999 1300; x_wconf 82' lang='lat' dir='ltr'><strong>expli-</strong></span> 
     </span>
    </p>
   </div>
   <div class='ocr_carea' id='block_1_13' title="bbox 413 1319 1993 1393">
    <p class='ocr_par' dir='ltr' id='par_1_13' title="bbox 413 1319 1993 1393">
     <span class='ocr_line' id='line_1_13' title="bbox 413 1319 1993 1393; baseline 0.008 -27"><span class='ocrx_word' id='word_1_62' title='bbox 413 1324 597 1368; x_wconf 91' lang='lat' dir='ltr'><strong>catum</strong></span> <span class='ocrx_word' id='word_1_63' title='bbox 637 1326 742 1381; x_wconf 86' lang='lat' dir='ltr'><strong>est,</strong></span> <span class='ocrx_word' id='word_1_64' title='bbox 784 1319 1005 1386; x_wconf 85' lang='lat' dir='ltr'><strong>quando</strong></span> <span class='ocrx_word' id='word_1_65' title='bbox 1060 1319 1126 1373; x_wconf 90' lang='lat' dir='ltr'><strong>de</strong></span> <span class='ocrx_word' id='word_1_66' title='bbox 1166 1322 1620 1376; x_wconf 85' lang='lat' dir='ltr'><strong>circumstatione</strong></span> <span class='ocrx_word' id='word_1_67' title='bbox 1672 1324 1993 1393; x_wconf 75' lang='lat' dir='ltr'><strong>agebamus.</strong></span> 
     </span>
    </p>
   </div>
   <div class='ocr_carea' id='block_1_14' title="bbox 413 1400 1997 1482">
    <p class='ocr_par' dir='ltr' id='par_1_14' title="bbox 413 1400 1997 1482">
     <span class='ocr_line' id='line_1_14' title="bbox 413 1400 1997 1482; baseline 0.008 -26"><span class='ocrx_word' id='word_1_68' title='bbox 413 1400 632 1475; x_wconf 80' lang='lat' dir='ltr'><strong>Recipit</strong></span> <span class='ocrx_word' id='word_1_69' title='bbox 692 1408 794 1462; x_wconf 86' lang='lat' dir='ltr'><strong>iste</strong></span> <span class='ocrx_word' id='word_1_70' title='bbox 860 1413 1223 1482; x_wconf 88' lang='lat' dir='ltr'><strong>undequaque</strong></span> <span class='ocrx_word' id='word_1_71' title='bbox 1280 1414 1634 1469; x_wconf 83' lang='lat' dir='ltr'><strong>adventantes</strong></span> <span class='ocrx_word' id='word_1_72' title='bbox 1679 1414 1895 1469; x_wconf 75' lang='lat' dir='ltr'><strong>exsules</strong></span> <span class='ocrx_word' id='word_1_73' title='bbox 1944 1423 1997 1469; x_wconf 90' lang='lat' dir='ltr'><strong>et</strong></span> 
     </span>
    </p>
   </div>
   <div class='ocr_carea' id='block_1_15' title="bbox 414 1496 1992 1575">
    <p class='ocr_par' dir='ltr' id='par_1_15' title="bbox 414 1496 1992 1575">
     <span class='ocr_line' id='line_1_15' title="bbox 414 1496 1992 1575; baseline 0.01 -27"><span class='ocrx_word' id='word_1_74' title='bbox 414 1496 668 1565; x_wconf 76' lang='lat' dir='ltr'><strong>perfugas</strong></span> <span class='ocrx_word' id='word_1_75' title='bbox 704 1515 718 1551; x_wconf 89' lang='lat'><strong>:</strong></span> <span class='ocrx_word' id='word_1_76' title='bbox 752 1500 874 1553; x_wconf 76' lang='lat' dir='ltr'><strong>ideo</strong></span> <span class='ocrx_word' id='word_1_77' title='bbox 905 1505 1070 1556; x_wconf 85' lang='lat' dir='ltr'><strong>etiam</strong></span> <span class='ocrx_word' id='word_1_78' title='bbox 1094 1504 1453 1560; x_wconf 80' lang='lat' dir='ltr'><strong>hetaeriarcha</strong></span> <span class='ocrx_word' id='word_1_79' title='bbox 1480 1506 1807 1575; x_wconf 84' lang='lat' dir='ltr'><strong>appellatur,</strong></span> <span class='ocrx_word' id='word_1_80' title='bbox 1875 1519 1992 1563; x_wconf 82' lang='lat' dir='ltr'><strong>tan-</strong></span> 
     </span>
    </p>
   </div>
   <div class='ocr_carea' id='block_1_16' title="bbox 414 1588 1702 1666">
    <p class='ocr_par' dir='ltr' id='par_1_16' title="bbox 414 1588 1702 1666">
     <span class='ocr_line' id='line_1_16' title="bbox 414 1588 1702 1666; baseline 0.008 -27"><span class='ocrx_word' id='word_1_81' title='bbox 414 1601 576 1655; x_wconf 86' lang='lat' dir='ltr'><strong>quam</strong></span> <span class='ocrx_word' id='word_1_82' title='bbox 609 1588 701 1657; x_wconf 91' lang='lat' dir='ltr'><strong>qui</strong></span> <span class='ocrx_word' id='word_1_83' title='bbox 736 1591 984 1659; x_wconf 76' lang='grc' dir='ltr'>ἑταίρους</span> <span class='ocrx_word' id='word_1_84' title='bbox 1011 1597 1124 1647; x_wconf 87' lang='lat' dir='ltr'><strong>sive</strong></span> <span class='ocrx_word' id='word_1_85' title='bbox 1156 1596 1361 1651; x_wconf 86' lang='lat' dir='ltr'><strong>amicos</strong></span> <span class='ocrx_word' id='word_1_86' title='bbox 1417 1597 1702 1666; x_wconf 86' lang='lat' dir='ltr'><strong>suscipiat.</strong></span> 
     </span>
    </p>
   </div>
   <div class='ocr_carea' id='block_1_17' title="bbox 488 1676 1996 1748">
    <p class='ocr_par' dir='ltr' id='par_1_17' title="bbox 488 1676 1996 1748">
     <span class='ocr_line' id='line_1_17' title="bbox 488 1676 1996 1748; baseline 0.01 -20"><span class='ocrx_word' id='word_1_87' title='bbox 488 1676 793 1748; x_wconf 83' lang='lat' dir='ltr'><strong>Logotheta</strong></span> <span class='ocrx_word' id='word_1_88' title='bbox 816 1696 1014 1735; x_wconf 87' lang='lat' dir='ltr'><strong>cursus</strong></span> <span class='ocrx_word' id='word_1_89' title='bbox 1041 1685 1167 1737; x_wconf 83' lang='lat' dir='ltr'><strong>olim</strong></span> <span class='ocrx_word' id='word_1_90' title='bbox 1196 1686 1384 1740; x_wconf 80' lang='lat' dir='ltr'><strong>habuit</strong></span> <span class='ocrx_word' id='word_1_91' title='bbox 1402 1686 1645 1741; x_wconf 86' lang='lat' dir='ltr'><strong>ofﬁcium</strong></span> <span class='ocrx_word' id='word_1_92' title='bbox 1672 1686 1996 1743; x_wconf 87' lang='lat' dir='ltr'><strong>nobisinco-</strong></span> 
     </span>
    </p>
   </div>
   <div class='ocr_carea' id='block_1_18' title="bbox 415 1769 1249 1836">
    <p class='ocr_par' dir='ltr' id='par_1_18' title="bbox 415 1769 1249 1836">
     <span class='ocr_line' id='line_1_18' title="bbox 415 1769 1249 1836; baseline 0.011 -15"><span class='ocrx_word' id='word_1_93' title='bbox 415 1769 649 1836; x_wconf 75' lang='lat' dir='ltr'><strong>gnitnm,</strong></span> <span class='ocrx_word' id='word_1_94' title='bbox 688 1788 833 1827; x_wconf 90' lang='lat' dir='ltr'><strong>nunc</strong></span> <span class='ocrx_word' id='word_1_95' title='bbox 862 1790 989 1827; x_wconf 83' lang='lat' dir='ltr'><strong>vero</strong></span> <span class='ocrx_word' id='word_1_96' title='bbox 1016 1776 1249 1831; x_wconf 90' lang='lat' dir='ltr'><strong>nullum.</strong></span> 
     </span>
    </p>
   </div>
   <div class='ocr_carea' id='block_1_19' title="bbox 487 1947 1999 2026">
    <p class='ocr_par' dir='ltr' id='par_1_19' title="bbox 487 1947 1999 2026">
     <span class='ocr_line' id='line_1_19' title="bbox 487 1947 1999 2026; baseline 0.011 -25"><span class='ocrx_word' id='word_1_97' title='bbox 487 1947 653 2002; x_wconf 87' lang='lat' dir='ltr'><strong>Primi</strong></span> <span class='ocrx_word' id='word_1_98' title='bbox 678 1953 964 2006; x_wconf 89' lang='lat' dir='ltr'><strong>secretarii</strong></span> <span class='ocrx_word' id='word_1_99' title='bbox 996 1968 1192 2008; x_wconf 89' lang='lat' dir='ltr'><strong>munus</strong></span> <span class='ocrx_word' id='word_1_100' title='bbox 1212 1970 1276 2009; x_wconf 82' lang='lat' dir='ltr'><strong>ex</strong></span> <span class='ocrx_word' id='word_1_101' title='bbox 1304 1957 1424 2026; x_wconf 89' lang='lat' dir='ltr'><strong>ipso</strong></span> <span class='ocrx_word' id='word_1_102' title='bbox 1468 1960 1739 2015; x_wconf 88' lang='lat' dir='ltr'><strong>vocabulo</strong></span> <span class='ocrx_word' id='word_1_103' title='bbox 1784 1962 1999 2017; x_wconf 87' lang='lat' dir='ltr'><strong>innote-</strong></span> 
     </span>
    </p>
   </div>
   <div class='ocr_carea' id='block_1_20' title="bbox 423 2038 2001 2118">
    <p class='ocr_par' dir='ltr' id='par_1_20' title="bbox 423 2038 2001 2118">
     <span class='ocr_line' id='line_1_20' title="bbox 423 2038 2001 2118; baseline 0.008 -27"><span class='ocrx_word' id='word_1_104' title='bbox 423 2038 551 2092; x_wconf 86' lang='lat' dir='ltr'><strong>scit.</strong></span> <span class='ocrx_word' id='word_1_105' title='bbox 584 2038 677 2093; x_wconf 89' lang='lat' dir='ltr'><strong>Est</strong></span> <span class='ocrx_word' id='word_1_106' title='bbox 710 2041 919 2107; x_wconf 90' lang='lat' dir='ltr'><strong>primus</strong></span> <span class='ocrx_word' id='word_1_107' title='bbox 947 2043 1089 2096; x_wconf 88' lang='lat' dir='ltr'><strong>inter</strong></span> <span class='ocrx_word' id='word_1_108' title='bbox 1120 2044 1356 2111; x_wconf 76' lang='lat' dir='ltr'><strong>iudices.</strong></span> <span class='ocrx_word' id='word_1_109' title='bbox 1402 2046 1679 2102; x_wconf 82' lang='lat' dir='ltr'><strong>Interdum</strong></span> <span class='ocrx_word' id='word_1_110' title='bbox 1708 2064 1830 2103; x_wconf 91' lang='lat' dir='ltr'><strong>cum</strong></span> <span class='ocrx_word' id='word_1_111' title='bbox 1883 2049 2001 2118; x_wconf 91' lang='lat' dir='ltr'><strong>ipso</strong></span> 
     </span>
    </p>
   </div>
   <div class='ocr_carea' id='block_1_21' title="bbox 409 2129 1993 2206">
    <p class='ocr_par' dir='ltr' id='par_1_21' title="bbox 409 2129 1993 2206">
     <span class='ocr_line' id='line_1_21' title="bbox 409 2129 1993 2206; baseline 0.006 -23"><span class='ocrx_word' id='word_1_112' title='bbox 409 2129 677 2195; x_wconf 69' lang='lat' dir='ltr'><strong>iudicant,</strong></span> <span class='ocrx_word' id='word_1_113' title='bbox 711 2131 934 2188; x_wconf 89' lang='lat' dir='ltr'><strong>decreto</strong></span> <span class='ocrx_word' id='word_1_114' title='bbox 991 2134 1365 2206; x_wconf 86' lang='lat' dir='ltr'><strong>imperatoris,</strong></span> <span class='ocrx_word' id='word_1_115' title='bbox 1399 2141 1560 2195; x_wconf 86' lang='lat' dir='ltr'><strong>etiam</strong></span> <span class='ocrx_word' id='word_1_116' title='bbox 1596 2141 1689 2195; x_wconf 85' lang='lat' dir='ltr'><strong>alii</strong></span> <span class='ocrx_word' id='word_1_117' title='bbox 1750 2141 1993 2195; x_wconf 88' lang='lat' dir='ltr'><strong>honora-</strong></span> 
     </span>
    </p>
   </div>
   <div class='ocr_carea' id='block_1_22' title="bbox 413 2220 790 2289">
    <p class='ocr_par' dir='ltr' id='par_1_22' title="bbox 413 2220 790 2289">
     <span class='ocr_line' id='line_1_22' title="bbox 413 2220 790 2289; baseline 0.011 -18"><span class='ocrx_word' id='word_1_118' title='bbox 413 2220 583 2274; x_wconf 80' lang='lat' dir='ltr'><strong>tiores</strong></span> <span class='ocrx_word' id='word_1_119' title='bbox 648 2220 790 2289; x_wconf 85' lang='lat' dir='ltr'><strong>ipso.</strong></span> 
     </span>
    </p>
   </div>
   <div class='ocr_carea' id='block_1_23' title="bbox 485 2306 2001 2392">
    <p class='ocr_par' dir='ltr' id='par_1_23' title="bbox 485 2306 2001 2392">
     <span class='ocr_line' id='line_1_23' title="bbox 485 2306 2001 2392; baseline 0.012 -31"><span class='ocrx_word' id='word_1_120' title='bbox 485 2306 732 2365; x_wconf 68' lang='lat' dir='ltr'><strong>Praefecti</strong></span> <span class='ocrx_word' id='word_1_121' title='bbox 770 2317 1046 2372; x_wconf 80' lang='lat' dir='ltr'><strong>exercitus</strong></span> <span class='ocrx_word' id='word_1_122' title='bbox 1074 2317 1317 2374; x_wconf 89' lang='lat' dir='ltr'><strong>officium</strong></span> <span class='ocrx_word' id='word_1_123' title='bbox 1339 2322 1727 2390; x_wconf 76' lang='lat' dir='ltr'><strong>explicabitur,</strong></span> <span class='ocrx_word' id='word_1_124' title='bbox 1778 2325 2001 2392; x_wconf 87' lang='lat' dir='ltr'><strong>quando</strong></span> 
     </span>
    </p>
   </div>
   <div class='ocr_carea' id='block_1_24' title="bbox 416 2402 2001 2474">
    <p class='ocr_par' dir='ltr' id='par_1_24' title="bbox 416 2402 2001 2474">
     <span class='ocr_line' id='line_1_24' title="bbox 416 2402 2001 2474; baseline 0.008 -19"><span class='ocrx_word' id='word_1_125' title='bbox 416 2406 483 2456; x_wconf 84' lang='lat' dir='ltr'><strong>de</strong></span> <span class='ocrx_word' id='word_1_126' title='bbox 535 2402 720 2457; x_wconf 83' lang='lat' dir='ltr'><strong>ofﬁcio</strong></span> <span class='ocrx_word' id='word_1_127' title='bbox 786 2410 968 2474; x_wconf 76' lang='lat' dir='ltr'><strong>magni</strong></span> <span class='ocrx_word' id='word_1_128' title='bbox 1029 2410 1316 2465; x_wconf 89' lang='lat' dir='ltr'><strong>domestici</strong></span> <span class='ocrx_word' id='word_1_129' title='bbox 1375 2412 1427 2465; x_wconf 91' lang='lat' dir='ltr'><strong>in</strong></span> <span class='ocrx_word' id='word_1_130' title='bbox 1497 2413 1741 2466; x_wconf 81' lang='lat' dir='ltr'><strong>exercitu</strong></span> <span class='ocrx_word' id='word_1_131' title='bbox 1815 2429 2001 2469; x_wconf 84' lang='lat' dir='ltr'><strong>sermo</strong></span> 
     </span>
    </p>
   </div>
   <div class='ocr_carea' id='block_1_25' title="bbox 414 2497 539 2549">
    <p class='ocr_par' dir='ltr' id='par_1_25' title="bbox 414 2497 539 2549">
     <span class='ocr_line' id='line_1_25' title="bbox 414 2497 539 2549; baseline 0 0"><span class='ocrx_word' id='word_1_132' title='bbox 414 2497 539 2549; x_wconf 81' lang='lat' dir='ltr'><strong>erit.</strong></span> 
     </span>
    </p>
   </div>
   <div class='ocr_carea' id='block_1_26' title="bbox 486 2588 1770 2663">
    <p class='ocr_par' dir='ltr' id='par_1_26' title="bbox 486 2588 1770 2663">
     <span class='ocr_line' id='line_1_26' title="bbox 486 2588 1770 2663; baseline 0.006 -22"><span class='ocrx_word' id='word_1_133' title='bbox 486 2588 700 2660; x_wconf 80' lang='lat' dir='ltr'><strong>Mystici</strong></span> <span class='ocrx_word' id='word_1_134' title='bbox 759 2589 967 2647; x_wconf 86' lang='lat' dir='ltr'><strong>functio</strong></span> <span class='ocrx_word' id='word_1_135' title='bbox 1015 2593 1249 2662; x_wconf 84' lang='lat' dir='ltr'><strong>patescit</strong></span> <span class='ocrx_word' id='word_1_136' title='bbox 1278 2608 1341 2647; x_wconf 79' lang='lat' dir='ltr'><strong>ex</strong></span> <span class='ocrx_word' id='word_1_137' title='bbox 1374 2593 1492 2663; x_wconf 83' lang='lat' dir='ltr'><strong>ipso</strong></span> <span class='ocrx_word' id='word_1_138' title='bbox 1526 2594 1770 2649; x_wconf 89' lang='lat' dir='ltr'><strong>nomine.</strong></span> 
     </span>
    </p>
   </div>
   <div class='ocr_carea' id='block_1_27' title="bbox 487 2765 1998 2827">
    <p class='ocr_par' dir='ltr' id='par_1_27' title="bbox 487 2765 1998 2827">
     <span class='ocr_line' id='line_1_27' title="bbox 487 2765 1998 2827; baseline 0.005 -9"><span class='ocrx_word' id='word_1_139' title='bbox 487 2765 836 2823; x_wconf 89' lang='lat' dir='ltr'><strong>Domesticns</strong></span> <span class='ocrx_word' id='word_1_140' title='bbox 852 2769 1166 2823; x_wconf 87' lang='lat' dir='ltr'><strong>scholarum</strong></span> <span class='ocrx_word' id='word_1_141' title='bbox 1196 2770 1327 2824; x_wconf 91' lang='lat' dir='ltr'><strong>olim</strong></span> <span class='ocrx_word' id='word_1_142' title='bbox 1363 2769 1538 2824; x_wconf 88' lang='lat' dir='ltr'><strong>ferme</strong></span> <span class='ocrx_word' id='word_1_143' title='bbox 1583 2771 1724 2825; x_wconf 86' lang='lat' dir='ltr'><strong>idem</strong></span> <span class='ocrx_word' id='word_1_144' title='bbox 1754 2770 1998 2827; x_wconf 87' lang='lat' dir='ltr'><strong>officium</strong></span> 
     </span>
    </p>
   </div>
   <div class='ocr_carea' id='block_1_28' title="bbox 417 2859 2001 2930">
    <p class='ocr_par' dir='ltr' id='par_1_28' title="bbox 417 2859 2001 2930">
     <span class='ocr_line' id='line_1_28' title="bbox 417 2859 2001 2930; baseline 0.003 -18"><span class='ocrx_word' id='word_1_145' title='bbox 417 2859 589 2927; x_wconf 69' lang='lat' dir='ltr'><strong>gessit</strong></span> <span class='ocrx_word' id='word_1_146' title='bbox 616 2860 761 2929; x_wconf 92' lang='lat' dir='ltr'><strong>quod</strong></span> <span class='ocrx_word' id='word_1_147' title='bbox 799 2862 962 2914; x_wconf 86' lang='lat' dir='ltr'><strong>modo</strong></span> <span class='ocrx_word' id='word_1_148' title='bbox 988 2875 1214 2930; x_wconf 77' lang='lat' dir='ltr'><strong>magnus</strong></span> <span class='ocrx_word' id='word_1_149' title='bbox 1251 2861 1612 2917; x_wconf 88' lang='lat' dir='ltr'><strong>domesticus.</strong></span> <span class='ocrx_word' id='word_1_150' title='bbox 1646 2862 1800 2917; x_wconf 88' lang='lat' dir='ltr'><strong>Nunc</strong></span> <span class='ocrx_word' id='word_1_151' title='bbox 1850 2864 2001 2917; x_wconf 92' lang='lat' dir='ltr'><strong>nullo</strong></span> 
     </span>
    </p>
   </div>
   <div class='ocr_carea' id='block_1_29' title="bbox 418 2950 954 3021">
    <p class='ocr_par' dir='ltr' id='par_1_29' title="bbox 418 2950 954 3021">
     <span class='ocr_line' id='line_1_29' title="bbox 418 2950 954 3021; baseline 0.004 -18"><span class='ocrx_word' id='word_1_152' title='bbox 418 2965 643 3005; x_wconf 68' lang='lat' dir='ltr'><strong>munere</strong></span> <span class='ocrx_word' id='word_1_153' title='bbox 689 2950 954 3021; x_wconf 80' lang='lat' dir='ltr'><strong>fungitur.</strong></span> 
     </span>
    </p>
   </div>
   <div class='ocr_carea' id='block_1_30' title="bbox 498 3015 2073 3113">
    <p class='ocr_par' dir='ltr' id='par_1_30' title="bbox 498 3015 2073 3113">
     <span class='ocr_line' id='line_1_30' title="bbox 498 3015 2073 3113; baseline 0.002 -19"><span class='ocrx_word' id='word_1_154' title='bbox 498 3041 727 3111; x_wconf 78' lang='lat' dir='ltr'><strong>Magnus</strong></span> <span class='ocrx_word' id='word_1_155' title='bbox 759 3043 1089 3113; x_wconf 71' lang='lat' dir='ltr'><strong>drnngarius</strong></span> <span class='ocrx_word' id='word_1_156' title='bbox 1120 3044 1314 3099; x_wconf 89' lang='lat' dir='ltr'><strong>classis</strong></span> <span class='ocrx_word' id='word_1_157' title='bbox 1346 3059 1466 3099; x_wconf 89' lang='lat' dir='ltr'><strong>eam</strong></span> <span class='ocrx_word' id='word_1_158' title='bbox 1519 3045 1788 3099; x_wconf 89' lang='lat' dir='ltr'><strong>rationem</strong></span> <span class='ocrx_word' id='word_1_159' title='bbox 1843 3045 2005 3099; x_wconf 81' lang='lat' dir='ltr'><strong>habet</strong></span> <span class='ocrx_word' id='word_1_160' title='bbox 2029 3015 2073 3073; x_wconf 65' lang='grc' dir='ltr'>Ω</span> 
     </span>
    </p>
   </div>
   <div class='ocr_carea' id='block_1_31' title="bbox 417 3135 2005 3205">
    <p class='ocr_par' dir='ltr' id='par_1_31' title="bbox 417 3135 2005 3205">
     <span class='ocr_line' id='line_1_31' title="bbox 417 3135 2005 3205; baseline 0.001 -18"><span class='ocrx_word' id='word_1_161' title='bbox 417 3135 487 3187; x_wconf 82' lang='lat' dir='ltr'><strong>ad</strong></span> <span class='ocrx_word' id='word_1_162' title='bbox 515 3150 773 3205; x_wconf 78' lang='lat' dir='ltr'><strong>magnum</strong></span> <span class='ocrx_word' id='word_1_163' title='bbox 797 3136 1011 3201; x_wconf 90' lang='lat' dir='ltr'><strong>ducem,</strong></span> <span class='ocrx_word' id='word_1_164' title='bbox 1040 3151 1204 3204; x_wconf 88' lang='lat' dir='ltr'><strong>quam</strong></span> <span class='ocrx_word' id='word_1_165' title='bbox 1238 3136 1551 3205; x_wconf 84' lang='lat' dir='ltr'><strong>vigiliarum</strong></span> <span class='ocrx_word' id='word_1_166' title='bbox 1573 3151 1805 3205; x_wconf 83' lang='lat' dir='ltr'><strong>magnus</strong></span> <span class='ocrx_word' id='word_1_167' title='bbox 1830 3136 2005 3191; x_wconf 90' lang='lat' dir='ltr'><strong>drun-</strong></span> 
     </span>
    </p>
   </div>
   <div class='ocr_carea' id='block_1_32' title="bbox 418 3226 1434 3296">
    <p class='ocr_par' dir='ltr' id='par_1_32' title="bbox 418 3226 1434 3296">
     <span class='ocr_line' id='line_1_32' title="bbox 418 3226 1434 3296; baseline 0.003 -19"><span class='ocrx_word' id='word_1_168' title='bbox 418 3226 606 3292; x_wconf 76' lang='lat' dir='ltr'><strong>garius</strong></span> <span class='ocrx_word' id='word_1_169' title='bbox 637 3227 702 3280; x_wconf 88' lang='lat' dir='ltr'><strong>ad</strong></span> <span class='ocrx_word' id='word_1_170' title='bbox 742 3241 1003 3296; x_wconf 81' lang='lat' dir='ltr'><strong>magnum</strong></span> <span class='ocrx_word' id='word_1_171' title='bbox 1038 3227 1434 3281; x_wconf 86' lang='lat' dir='ltr'><strong>domesticum.</strong></span> 
     </span>
    </p>
   </div>
   <div class='ocr_carea' id='block_1_33' title="bbox 488 3320 2004 3378">
    <p class='ocr_par' dir='ltr' id='par_1_33' title="bbox 488 3320 2004 3378">
     <span class='ocr_line' id='line_1_33' title="bbox 488 3320 2004 3378; baseline 0.003 -4"><span class='ocrx_word' id='word_1_172' title='bbox 488 3320 844 3374; x_wconf 82' lang='lat' dir='ltr'><strong>Pritnicerius</strong></span> <span class='ocrx_word' id='word_1_173' title='bbox 872 3320 1011 3373; x_wconf 71' lang='lat' dir='ltr'><strong>aulas</strong></span> <span class='ocrx_word' id='word_1_174' title='bbox 1062 3320 1226 3374; x_wconf 86' lang='lat' dir='ltr'><strong>habet</strong></span> <span class='ocrx_word' id='word_1_175' title='bbox 1278 3324 1335 3374; x_wconf 90' lang='lat' dir='ltr'><strong>in</strong></span> <span class='ocrx_word' id='word_1_176' title='bbox 1385 3320 1837 3377; x_wconf 88' lang='lat' dir='ltr'><strong>circumstatione</strong></span> <span class='ocrx_word' id='word_1_177' title='bbox 1885 3338 2004 3378; x_wconf 89' lang='lat' dir='ltr'><strong>eam</strong></span> 
     </span>
    </p>
   </div>
   <div class='ocr_carea' id='block_1_34' title="bbox 420 3410 2008 3481">
    <p class='ocr_par' dir='ltr' id='par_1_34' title="bbox 420 3410 2008 3481">
     <span class='ocr_line' id='line_1_34' title="bbox 420 3410 2008 3481; baseline 0.001 -17"><span class='ocrx_word' id='word_1_178' title='bbox 420 3410 756 3467; x_wconf 86' lang='lat' dir='ltr'><strong>functionem</strong></span> <span class='ocrx_word' id='word_1_179' title='bbox 783 3410 852 3465; x_wconf 87' lang='lat' dir='ltr'><strong>de</strong></span> <span class='ocrx_word' id='word_1_180' title='bbox 868 3427 977 3480; x_wconf 88' lang='lat' dir='ltr'><strong>qua</strong></span> <span class='ocrx_word' id='word_1_181' title='bbox 999 3411 1105 3480; x_wconf 80' lang='lat'><strong><em>37</em></strong></span> <span class='ocrx_word' id='word_1_182' title='bbox 1122 3420 1277 3466; x_wconf 87' lang='lat' dir='ltr'><strong>antea</strong></span> <span class='ocrx_word' id='word_1_183' title='bbox 1300 3412 1528 3467; x_wconf 89' lang='lat' dir='ltr'><strong>dictum.</strong></span> <span class='ocrx_word' id='word_1_184' title='bbox 1560 3413 1688 3481; x_wconf 87' lang='lat' dir='ltr'><strong>Ejus</strong></span> <span class='ocrx_word' id='word_1_185' title='bbox 1705 3415 1864 3467; x_wconf 89' lang='lat' dir='ltr'><strong>etiam</strong></span> <span class='ocrx_word' id='word_1_186' title='bbox 1895 3431 2008 3467; x_wconf 89' lang='lat' dir='ltr'><strong>mn-</strong></span> 
     </span>
    </p>
   </div>
   <div class='ocr_carea' id='block_1_35' title="bbox 420 3500 2001 3570">
    <p class='ocr_par' dir='ltr' id='par_1_35' title="bbox 420 3500 2001 3570">
     <span class='ocr_line' id='line_1_35' title="bbox 420 3500 2001 3570; baseline 0.003 -17"><span class='ocrx_word' id='word_1_187' title='bbox 420 3514 524 3553; x_wconf 86' lang='lat' dir='ltr'><strong>nus</strong></span> <span class='ocrx_word' id='word_1_188' title='bbox 551 3509 635 3554; x_wconf 88' lang='lat' dir='ltr'><strong>est</strong></span> <span class='ocrx_word' id='word_1_189' title='bbox 668 3509 727 3554; x_wconf 90' lang='lat' dir='ltr'><strong>ut</strong></span> <span class='ocrx_word' id='word_1_190' title='bbox 767 3500 907 3554; x_wconf 85' lang='lat' dir='ltr'><strong>inter</strong></span> <span class='ocrx_word' id='word_1_191' title='bbox 934 3515 1127 3561; x_wconf 82' lang='lat' dir='ltr'><strong>omnes</strong></span> <span class='ocrx_word' id='word_1_192' title='bbox 1184 3503 1276 3570; x_wconf 93' lang='lat' dir='ltr'><strong>qui</strong></span> <span class='ocrx_word' id='word_1_193' title='bbox 1304 3502 1357 3555; x_wconf 89' lang='lat' dir='ltr'><strong>in</strong></span> <span class='ocrx_word' id='word_1_194' title='bbox 1389 3502 1514 3555; x_wconf 87' lang='lat' dir='ltr'><strong>aula</strong></span> <span class='ocrx_word' id='word_1_195' title='bbox 1551 3516 1867 3566; x_wconf 85' lang='lat' dir='ltr'><strong>versantur,</strong></span> <span class='ocrx_word' id='word_1_196' title='bbox 1902 3505 2001 3558; x_wconf 85' lang='lat' dir='ltr'><strong>de-</strong></span> 
     </span>
    </p>
   </div>
   <div class='ocr_carea' id='block_1_36' title="bbox 421 3592 2003 3660">
    <p class='ocr_par' dir='ltr' id='par_1_36' title="bbox 421 3592 2003 3660">
     <span class='ocr_line' id='line_1_36' title="bbox 421 3592 2003 3660; baseline 0.004 -17"><span class='ocrx_word' id='word_1_197' title='bbox 421 3602 632 3647; x_wconf 73' lang='lat' dir='ltr'><strong>centem</strong></span> <span class='ocrx_word' id='word_1_198' title='bbox 661 3594 910 3647; x_wconf 90' lang='lat' dir='ltr'><strong>ordinem</strong></span> <span class='ocrx_word' id='word_1_199' title='bbox 944 3592 1269 3649; x_wconf 89' lang='lat' dir='ltr'><strong>constituat.</strong></span> <span class='ocrx_word' id='word_1_200' title='bbox 1329 3593 1801 3660; x_wconf 86' lang='lat' dir='ltr'><strong>Quemadmodum</strong></span> <span class='ocrx_word' id='word_1_201' title='bbox 1854 3597 2003 3650; x_wconf 86' lang='lat' dir='ltr'><strong>enim</strong></span> 
     </span>
    </p>
   </div>
   <div class='ocr_carea' id='block_1_37' title="bbox 420 3685 2006 3757">
    <p class='ocr_par' dir='ltr' id='par_1_37' title="bbox 420 3685 2006 3757">
     <span class='ocr_line' id='line_1_37' title="bbox 420 3685 2006 3757; baseline 0.001 -16"><span class='ocrx_word' id='word_1_202' title='bbox 420 3686 653 3754; x_wconf 70' lang='lat' dir='ltr'><strong>quilibet</strong></span> <span class='ocrx_word' id='word_1_203' title='bbox 707 3700 775 3740; x_wconf 78' lang='lat' dir='ltr'><strong>ex</strong></span> <span class='ocrx_word' id='word_1_204' title='bbox 826 3685 1147 3754; x_wconf 88' lang='lat' dir='ltr'><strong>proceribus</strong></span> <span class='ocrx_word' id='word_1_205' title='bbox 1212 3686 1558 3755; x_wconf 80' lang='lat' dir='ltr'><strong>designatum</strong></span> <span class='ocrx_word' id='word_1_206' title='bbox 1610 3697 1664 3742; x_wconf 90' lang='lat' dir='ltr'><strong>et</strong></span> <span class='ocrx_word' id='word_1_207' title='bbox 1721 3688 2006 3757; x_wconf 88' lang='lat' dir='ltr'><strong>proprium</strong></span> 
     </span>
    </p>
   </div>
   <div class='ocr_carea' id='block_1_38' title="bbox 423 3775 2008 3848">
    <p class='ocr_par' dir='ltr' id='par_1_38' title="bbox 423 3775 2008 3848">
     <span class='ocr_line' id='line_1_38' title="bbox 423 3775 2008 3848; baseline 0.004 -21"><span class='ocrx_word' id='word_1_208' title='bbox 423 3776 604 3831; x_wconf 90' lang='lat' dir='ltr'><strong>locum</strong></span> <span class='ocrx_word' id='word_1_209' title='bbox 632 3776 686 3828; x_wconf 93' lang='lat' dir='ltr'><strong>in</strong></span> <span class='ocrx_word' id='word_1_210' title='bbox 741 3775 1194 3830; x_wconf 88' lang='lat' dir='ltr'><strong>circumstatione</strong></span> <span class='ocrx_word' id='word_1_211' title='bbox 1236 3776 1471 3841; x_wconf 81' lang='lat' dir='ltr'><strong>obtinet,</strong></span> <span class='ocrx_word' id='word_1_212' title='bbox 1521 3778 1593 3831; x_wconf 89' lang='lat' dir='ltr'><strong>ita</strong></span> <span class='ocrx_word' id='word_1_213' title='bbox 1653 3788 1707 3832; x_wconf 90' lang='lat' dir='ltr'><strong>et</strong></span> <span class='ocrx_word' id='word_1_214' title='bbox 1748 3780 2008 3848; x_wconf 69' lang='lat' dir='ltr'><strong>qumlihet</strong></span> 
     </span>
    </p>
   </div>
   <div class='ocr_carea' id='block_1_39' title="bbox 423 3863 2006 3930">
    <p class='ocr_par' dir='ltr' id='par_1_39' title="bbox 423 3863 2006 3930">
     <span class='ocr_line' id='line_1_39' title="bbox 423 3863 2006 3930; baseline 0.003 -14"><span class='ocrx_word' id='word_1_215' title='bbox 423 3863 726 3917; x_wconf 87' lang='lat' dir='ltr'><strong>aulicorum</strong></span> <span class='ocrx_word' id='word_1_216' title='bbox 760 3864 956 3917; x_wconf 88' lang='lat' dir='ltr'><strong>classis</strong></span> <span class='ocrx_word' id='word_1_217' title='bbox 985 3864 1271 3930; x_wconf 79' lang='lat' dir='ltr'><strong>preprium</strong></span> <span class='ocrx_word' id='word_1_218' title='bbox 1312 3864 1364 3917; x_wconf 92' lang='lat' dir='ltr'><strong>in</strong></span> <span class='ocrx_word' id='word_1_219' title='bbox 1436 3866 1560 3918; x_wconf 91' lang='lat' dir='ltr'><strong>aula</strong></span> <span class='ocrx_word' id='word_1_220' title='bbox 1614 3875 1759 3920; x_wconf 88' lang='lat' dir='ltr'><strong>tenet</strong></span> <span class='ocrx_word' id='word_1_221' title='bbox 1801 3868 2006 3922; x_wconf 93' lang='lat' dir='ltr'><strong>locum.</strong></span> 
     </span>
    </p>
   </div>
   <div class='ocr_carea' id='block_1_40' title="bbox 425 3953 1999 4024">
    <p class='ocr_par' dir='ltr' id='par_1_40' title="bbox 425 3953 1999 4024">
     <span class='ocr_line' id='line_1_40' title="bbox 425 3953 1999 4024; baseline 0.003 -16"><span class='ocrx_word' id='word_1_222' title='bbox 425 3953 659 4024; x_wconf 76' lang='lat' dir='ltr'><strong>Barangi</strong></span> <span class='ocrx_word' id='word_1_223' title='bbox 685 3955 828 4009; x_wconf 92' lang='lat' dir='ltr'><strong>enim</strong></span> <span class='ocrx_word' id='word_1_224' title='bbox 866 3953 1101 4007; x_wconf 87' lang='lat' dir='ltr'><strong>ministri</strong></span> <span class='ocrx_word' id='word_1_225' title='bbox 1135 3964 1260 4008; x_wconf 86' lang='lat' dir='ltr'><strong>sunt</strong></span> <span class='ocrx_word' id='word_1_226' title='bbox 1289 3956 1354 4009; x_wconf 86' lang='lat' dir='ltr'><strong>ad</strong></span> <span class='ocrx_word' id='word_1_227' title='bbox 1382 3954 1527 4011; x_wconf 82' lang='lat' dir='ltr'><strong>fores</strong></span> <span class='ocrx_word' id='word_1_228' title='bbox 1584 3959 1863 4013; x_wconf 88' lang='lat' dir='ltr'><strong>conclavis</strong></span> <span class='ocrx_word' id='word_1_229' title='bbox 1894 3960 1999 4012; x_wconf 83' lang='lat' dir='ltr'><strong>int-</strong></span> 
     </span>
    </p>
   </div>
   <div class='ocr_carea' id='block_1_41' title="bbox 423 4031 2011 4116">
    <p class='ocr_par' dir='ltr' id='par_1_41' title="bbox 423 4031 2011 4116">
     <span class='ocr_line' id='line_1_41' title="bbox 423 4031 2011 4116; baseline 0.004 -17"><span class='ocrx_word' id='word_1_230' title='bbox 423 4046 687 4115; x_wconf 76' lang='lat' dir='ltr'><strong>peratorii</strong></span> <span class='ocrx_word' id='word_1_231' title='bbox 717 4054 773 4099; x_wconf 91' lang='lat' dir='ltr'><strong>et</strong></span> <span class='ocrx_word' id='word_1_232' title='bbox 808 4045 1055 4099; x_wconf 88' lang='lat' dir='ltr'><strong>triclinii.</strong></span> <span class='ocrx_word' id='word_1_233' title='bbox 1089 4045 1143 4099; x_wconf 94' lang='lat' dir='ltr'><strong>ln</strong></span> <span class='ocrx_word' id='word_1_234' title='bbox 1195 4046 1318 4100; x_wconf 86' lang='lat' dir='ltr'><strong>aula</strong></span> <span class='ocrx_word' id='word_1_235' title='bbox 1370 4062 1502 4100; x_wconf 82' lang='lat' dir='ltr'><strong>vero</strong></span> <span class='ocrx_word' id='word_1_236' title='bbox 1567 4048 1753 4116; x_wconf 87' lang='lat' dir='ltr'><strong>palatii</strong></span> <span class='ocrx_word' id='word_1_237' title='bbox 1807 4031 2011 4105; x_wconf 78' lang='lat' dir='ltr'><strong>milites</strong></span> 
     </span>
    </p>
   </div>
   <div class='ocr_carea' id='block_1_42' title="bbox 424 4138 2012 4211">
    <p class='ocr_par' dir='ltr' id='par_1_42' title="bbox 424 4138 2012 4211">
     <span class='ocr_line' id='line_1_42' title="bbox 424 4138 2012 4211; baseline 0.003 -18"><span class='ocrx_word' id='word_1_238' title='bbox 424 4146 552 4193; x_wconf 85' lang='lat' dir='ltr'><strong>sunt</strong></span> <span class='ocrx_word' id='word_1_239' title='bbox 574 4138 903 4203; x_wconf 88' lang='lat' dir='ltr'><strong>stationarii,</strong></span> <span class='ocrx_word' id='word_1_240' title='bbox 928 4138 1192 4193; x_wconf 86' lang='lat' dir='ltr'><strong>habentes</strong></span> <span class='ocrx_word' id='word_1_241' title='bbox 1219 4155 1411 4207; x_wconf 87' lang='lat' dir='ltr'><strong>equos,</strong></span> <span class='ocrx_word' id='word_1_242' title='bbox 1432 4141 1629 4209; x_wconf 88' lang='lat' dir='ltr'><strong>quibus</strong></span> <span class='ocrx_word' id='word_1_243' title='bbox 1646 4142 1807 4196; x_wconf 90' lang='lat' dir='ltr'><strong>etiam</strong></span> <span class='ocrx_word' id='word_1_244' title='bbox 1827 4143 2012 4211; x_wconf 79' lang='lat' dir='ltr'><strong>aloga-</strong></span> 
     </span>
    </p>
   </div>
   <div class='ocr_carea' id='block_1_43' title="bbox 425 4228 2008 4304">
    <p class='ocr_par' dir='ltr' id='par_1_43' title="bbox 425 4228 2008 4304">
     <span class='ocr_line' id='line_1_43' title="bbox 425 4228 2008 4304; baseline 0.004 -22"><span class='ocrx_word' id='word_1_245' title='bbox 425 4238 509 4283; x_wconf 80' lang='lat' dir='ltr'><strong>tor</strong></span> <span class='ocrx_word' id='word_1_246' title='bbox 529 4237 747 4298; x_wconf 67' lang='lat' dir='ltr'><strong>praaest.</strong></span> <span class='ocrx_word' id='word_1_247' title='bbox 768 4228 895 4283; x_wconf 87' lang='lat' dir='ltr'><strong>Post</strong></span> <span class='ocrx_word' id='word_1_248' title='bbox 918 4230 1051 4285; x_wconf 87' lang='lat' dir='ltr'><strong>istos</strong></span> <span class='ocrx_word' id='word_1_249' title='bbox 1082 4240 1211 4283; x_wconf 88' lang='lat' dir='ltr'><strong>sunt</strong></span> <span class='ocrx_word' id='word_1_250' title='bbox 1240 4230 1329 4282; x_wconf 89' lang='lat' dir='ltr'><strong>alii</strong></span> <span class='ocrx_word' id='word_1_251' title='bbox 1366 4231 1695 4297; x_wconf 88' lang='lat' dir='ltr'><strong>stationarii,</strong></span> <span class='ocrx_word' id='word_1_252' title='bbox 1724 4234 1816 4288; x_wconf 89' lang='lat' dir='ltr'><strong>sed</strong></span> <span class='ocrx_word' id='word_1_253' title='bbox 1853 4235 2008 4304; x_wconf 83' lang='lat' dir='ltr'><strong>equis</strong></span> 
     </span>
    </p>
   </div>
   <div class='ocr_carea' id='block_1_44' title="bbox 2109 494 3619 565">
    <p class='ocr_par' dir='ltr' id='par_1_44' title="bbox 2109 494 3619 565">
     <span class='ocr_line' id='line_1_44' title="bbox 2109 494 3619 565; baseline -0.003 -18"><span class='ocrx_word' id='word_1_254' title='bbox 2109 496 2346 565; x_wconf 81' lang='grc' dir='ltr'><strong>μεγάλου</strong></span> <span class='ocrx_word' id='word_1_255' title='bbox 2391 494 2745 562; x_wconf 85' lang='grc' dir='ltr'>δομεστίκου.</span> <span class='ocrx_word' id='word_1_256' title='bbox 3618 540 3619 543; x_wconf 45' lang='grc' dir='ltr'><strong>η</strong></span> 
     </span>
    </p>
   </div>
   <div class='ocr_carea' id='block_1_45' title="bbox 2188 580 3702 659">
    <p class='ocr_par' dir='ltr' id='par_1_45' title="bbox 2188 580 3702 659">
     <span class='ocr_line' id='line_1_45' title="bbox 2188 580 3702 659; baseline 0.005 -21"><span class='ocrx_word' id='word_1_257' title='bbox 2188 585 2247 638; x_wconf 89' lang='grc' dir='ltr'>Ὅ</span> <span class='ocrx_word' id='word_1_258' title='bbox 2300 586 2473 655; x_wconf 85' lang='grc' dir='ltr'><strong>μέγας</strong></span> <span class='ocrx_word' id='word_1_259' title='bbox 2524 588 2776 647; x_wconf 84' lang='grc' dir='ltr'>παππίας</span> <span class='ocrx_word' id='word_1_260' title='bbox 2829 580 2945 655; x_wconf 71' lang='grc' dir='ltr'>εἶχε</span> <span class='ocrx_word' id='word_1_261' title='bbox 3010 587 3112 654; x_wconf 77' lang='grc' dir='ltr'>μὲν</span> <span class='ocrx_word' id='word_1_262' title='bbox 3168 586 3339 643; x_wconf 80' lang='grc' dir='ltr'>πάλαι</span> <span class='ocrx_word' id='word_1_263' title='bbox 3388 589 3702 659; x_wconf 82' lang='grc' dir='ltr'>ὑπηρεσίαν</span> 
     </span>
    </p>
   </div>
   <div class='ocr_carea' id='block_1_46' title="bbox 2102 674 3073 745">
    <p class='ocr_par' dir='ltr' id='par_1_46' title="bbox 2102 674 3073 745">
     <span class='ocr_line' id='line_1_46' title="bbox 2102 674 3073 745; baseline -0.001 -15"><span class='ocrx_word' id='word_1_264' title='bbox 2102 678 2538 744; x_wconf 79' lang='grc' dir='ltr'><strong>ἀνεπίγνωστον,</strong></span> <span class='ocrx_word' id='word_1_265' title='bbox 2571 674 2667 729; x_wconf 82' lang='grc' dir='ltr'>νῦν</span> <span class='ocrx_word' id='word_1_266' title='bbox 2697 676 2754 729; x_wconf 79' lang='grc' dir='ltr'>δὲ</span> <span class='ocrx_word' id='word_1_267' title='bbox 2789 676 3073 745; x_wconf 79' lang='grc' dir='ltr'><strong>οὐδεμίαν.</strong></span> 
     </span>
    </p>
   </div>
   <div class='ocr_carea' id='block_1_47' title="bbox 2187 763 3434 839">
    <p class='ocr_par' dir='ltr' id='par_1_47' title="bbox 2187 763 3434 839">
     <span class='ocr_line' id='line_1_47' title="bbox 2187 763 3434 839; baseline 0.002 -17"><span class='ocrx_word' id='word_1_268' title='bbox 2187 769 2247 822; x_wconf 84' lang='grc' dir='ltr'><strong>Ὀ</strong></span> <span class='ocrx_word' id='word_1_269' title='bbox 2280 769 2521 839; x_wconf 77' lang='grc' dir='ltr'><strong>ἔπαρχος</strong></span> <span class='ocrx_word' id='word_1_270' title='bbox 2549 768 2816 833; x_wconf 84' lang='grc' dir='ltr'>ὡσαύτως</span> <span class='ocrx_word' id='word_1_271' title='bbox 2835 787 2850 802; x_wconf 76' lang='grc' dir='ltr'><strong><em>ο</em></strong></span> <span class='ocrx_word' id='word_1_272' title='bbox 2882 770 2979 825; x_wconf 81' lang='grc' dir='ltr'>νῦν</span> <span class='ocrx_word' id='word_1_273' title='bbox 3017 771 3074 826; x_wconf 88' lang='grc' dir='ltr'>δὲ</span> <span class='ocrx_word' id='word_1_274' title='bbox 3105 772 3231 825; x_wconf 75' lang='grc' dir='ltr'>οὐδὲ</span> <span class='ocrx_word' id='word_1_275' title='bbox 3259 763 3434 836; x_wconf 75' lang='grc' dir='ltr'>οὗτος.</span> 
     </span>
    </p>
   </div>
   <div class='ocr_carea' id='block_1_48' title="bbox 2186 944 3697 1018">
    <p class='ocr_par' dir='ltr' id='par_1_48' title="bbox 2186 944 3697 1018">
     <span class='ocr_line' id='line_1_48' title="bbox 2186 944 3697 1018; baseline -0.003 -18"><span class='ocrx_word' id='word_1_276' title='bbox 2186 946 2253 1000; x_wconf 83' lang='grc' dir='ltr'><em>Ἦ</em></span> <span class='ocrx_word' id='word_1_277' title='bbox 2283 946 2378 999; x_wconf 77' lang='grc' dir='ltr'>τοῦ</span> <span class='ocrx_word' id='word_1_278' title='bbox 2421 946 2659 1016; x_wconf 83' lang='grc' dir='ltr'>μεγάλου</span> <span class='ocrx_word' id='word_1_279' title='bbox 2707 944 3075 1015; x_wconf 84' lang='grc' dir='ltr'>δρουγγαρίου</span> <span class='ocrx_word' id='word_1_280' title='bbox 3116 948 3217 1016; x_wconf 86' lang='grc' dir='ltr'><strong>τῆς</strong></span> <span class='ocrx_word' id='word_1_281' title='bbox 3258 946 3450 1016; x_wconf 85' lang='grc' dir='ltr'>βίγλης</span> <span class='ocrx_word' id='word_1_282' title='bbox 3481 948 3697 1018; x_wconf 80' lang='grc' dir='ltr'>ὑπηρε-</span> 
     </span>
    </p>
   </div>
   <div class='ocr_carea' id='block_1_49' title="bbox 2104 1035 3695 1108">
    <p class='ocr_par' dir='ltr' id='par_1_49' title="bbox 2104 1035 3695 1108">
     <span class='ocr_line' id='line_1_49' title="bbox 2104 1035 3695 1108; baseline 0.003 -18"><span class='ocrx_word' id='word_1_283' title='bbox 2104 1040 2194 1090; x_wconf 88' lang='grc' dir='ltr'><strong>σία</strong></span> <span class='ocrx_word' id='word_1_284' title='bbox 2230 1038 2510 1106; x_wconf 76' lang='grc' dir='ltr'>εἰρήσεται</span> <span class='ocrx_word' id='word_1_285' title='bbox 2546 1037 2638 1089; x_wconf 66' lang='grc' dir='ltr'>καὶ</span> <span class='ocrx_word' id='word_1_286' title='bbox 2666 1035 2831 1105; x_wconf 83' lang='grc' dir='ltr'>αὐτὴ,</span> <span class='ocrx_word' id='word_1_287' title='bbox 2863 1038 2951 1089; x_wconf 81' lang='grc' dir='ltr'><strong>ὅτε</strong></span> <span class='ocrx_word' id='word_1_288' title='bbox 2990 1038 3085 1089; x_wconf 72' lang='grc' dir='ltr'><strong>καὶ</strong></span> <span class='ocrx_word' id='word_1_289' title='bbox 3130 1038 3163 1106; x_wconf 78' lang='grc' dir='ltr'>ἡ</span> <span class='ocrx_word' id='word_1_290' title='bbox 3195 1036 3290 1090; x_wconf 80' lang='grc' dir='ltr'>τοῦ</span> <span class='ocrx_word' id='word_1_291' title='bbox 3328 1038 3569 1108; x_wconf 77' lang='grc' dir='ltr'>μεγάλου</span> <span class='ocrx_word' id='word_1_292' title='bbox 3600 1042 3695 1095; x_wconf 88' lang='grc' dir='ltr'>δο-</span> 
     </span>
    </p>
   </div>
   <div class='ocr_carea' id='block_1_50' title="bbox 2105 1129 2980 1199">
    <p class='ocr_par' dir='ltr' id='par_1_50' title="bbox 2105 1129 2980 1199">
     <span class='ocr_line' id='line_1_50' title="bbox 2105 1129 2980 1199; baseline 0.005 -18"><span class='ocrx_word' id='word_1_293' title='bbox 2105 1129 2363 1199; x_wconf 86' lang='grc' dir='ltr'>μεστίκου</span> <span class='ocrx_word' id='word_1_294' title='bbox 2402 1129 2433 1198; x_wconf 82' lang='grc' dir='ltr'>ἠ</span> <span class='ocrx_word' id='word_1_295' title='bbox 2468 1130 2548 1192; x_wconf 86' lang='grc' dir='ltr'><strong>είς</strong></span> <span class='ocrx_word' id='word_1_296' title='bbox 2576 1130 2635 1181; x_wconf 81' lang='grc' dir='ltr'><strong>τὸ</strong></span> <span class='ocrx_word' id='word_1_297' title='bbox 2665 1129 2980 1196; x_wconf 87' lang='grc' dir='ltr'>φωσσάτον.</span> 
     </span>
    </p>
   </div>
   <div class='ocr_carea' id='block_1_51' title="bbox 2173 1220 3693 1294">
    <p class='ocr_par' dir='ltr' id='par_1_51' title="bbox 2173 1220 3693 1294">
     <span class='ocr_line' id='line_1_51' title="bbox 2173 1220 3693 1294; baseline 0.002 -21"><span class='ocrx_word' id='word_1_298' title='bbox 2173 1220 2246 1273; x_wconf 82' lang='grc' dir='ltr'><strong>Τὸ</strong></span> <span class='ocrx_word' id='word_1_299' title='bbox 2278 1221 2372 1273; x_wconf 78' lang='grc' dir='ltr'>τοῦ</span> <span class='ocrx_word' id='word_1_300' title='bbox 2429 1221 2664 1290; x_wconf 83' lang='grc' dir='ltr'>μεγάλου</span> <span class='ocrx_word' id='word_1_301' title='bbox 2708 1221 3059 1290; x_wconf 80' lang='grc' dir='ltr'>ἐταιριάρχου</span> <span class='ocrx_word' id='word_1_302' title='bbox 3112 1221 3447 1292; x_wconf 74' lang='grc' dir='ltr'><strong>ὑπηρέτημα</strong></span> <span class='ocrx_word' id='word_1_303' title='bbox 3494 1223 3693 1294; x_wconf 69' lang='grc' dir='ltr'>ἐλέχθη</span> 
     </span>
    </p>
   </div>
   <div class='ocr_carea' id='block_1_52' title="bbox 2107 1312 3688 1382">
    <p class='ocr_par' dir='ltr' id='par_1_52' title="bbox 2107 1312 3688 1382">
     <span class='ocr_line' id='line_1_52' title="bbox 2107 1312 3688 1382; baseline 0.001 -17"><span class='ocrx_word' id='word_1_304' title='bbox 2107 1314 2206 1381; x_wconf 77' lang='grc' dir='ltr'>μὲν</span> <span class='ocrx_word' id='word_1_305' title='bbox 2230 1314 2520 1382; x_wconf 83' lang='grc' dir='ltr'>πρότερον,</span> <span class='ocrx_word' id='word_1_306' title='bbox 2552 1313 2640 1365; x_wconf 84' lang='grc' dir='ltr'><strong>ὅτε</strong></span> <span class='ocrx_word' id='word_1_307' title='bbox 2678 1312 2933 1381; x_wconf 71' lang='grc' dir='ltr'>περὶτῆς</span> <span class='ocrx_word' id='word_1_308' title='bbox 2962 1312 3362 1382; x_wconf 82' lang='grc' dir='ltr'><strong>παραστάσεως</strong></span> <span class='ocrx_word' id='word_1_309' title='bbox 3398 1313 3688 1379; x_wconf 75' lang='grc' dir='ltr'>ἐλέγομεν.</span> 
     </span>
    </p>
   </div>
   <div class='ocr_carea' id='block_1_53' title="bbox 2101 1396 3693 1473">
    <p class='ocr_par' dir='ltr' id='par_1_53' title="bbox 2101 1396 3693 1473">
     <span class='ocr_line' id='line_1_53' title="bbox 2101 1396 3693 1473; baseline -0.001 -15"><span class='ocrx_word' id='word_1_310' title='bbox 2101 1404 2320 1472; x_wconf 79' lang='grc' dir='ltr'>Δέχεται</span> <span class='ocrx_word' id='word_1_311' title='bbox 2359 1404 2414 1456; x_wconf 78' lang='grc' dir='ltr'>δὲ</span> <span class='ocrx_word' id='word_1_312' title='bbox 2454 1396 2606 1467; x_wconf 74' lang='grc' dir='ltr'>οὗτος</span> <span class='ocrx_word' id='word_1_313' title='bbox 2641 1403 2895 1466; x_wconf 74' lang='grc' dir='ltr'>καὶτοὺς</span> <span class='ocrx_word' id='word_1_314' title='bbox 2946 1403 3426 1473; x_wconf 72' lang='grc' dir='ltr'>προσερχομένους</span> <span class='ocrx_word' id='word_1_315' title='bbox 3478 1420 3693 1457; x_wconf 84' lang='grc' dir='ltr'>παντα-</span> 
     </span>
    </p>
   </div>
   <div class='ocr_carea' id='block_1_54' title="bbox 2101 1493 3691 1563">
    <p class='ocr_par' dir='ltr' id='par_1_54' title="bbox 2101 1493 3691 1563">
     <span class='ocr_line' id='line_1_54' title="bbox 2101 1493 3691 1563; baseline 0.002 -18"><span class='ocrx_word' id='word_1_316' title='bbox 2101 1493 2261 1562; x_wconf 83' lang='grc' dir='ltr'>χόθεν</span> <span class='ocrx_word' id='word_1_317' title='bbox 2304 1496 2550 1562; x_wconf 76' lang='grc' dir='ltr'>φυγάδας</span> <span class='ocrx_word' id='word_1_318' title='bbox 2576 1508 2589 1524; x_wconf 89' lang='grc'><strong>·</strong></span> <span class='ocrx_word' id='word_1_319' title='bbox 2625 1493 2706 1546; x_wconf 76' lang='grc' dir='ltr'><strong>διὸ</strong></span> <span class='ocrx_word' id='word_1_320' title='bbox 2759 1495 2851 1547; x_wconf 77' lang='grc' dir='ltr'>καὶ</span> <span class='ocrx_word' id='word_1_321' title='bbox 2895 1494 3255 1563; x_wconf 79' lang='grc' dir='ltr'>ἑταιριάρχης</span> <span class='ocrx_word' id='word_1_322' title='bbox 3307 1495 3580 1560; x_wconf 80' lang='grc' dir='ltr'>καλεῖται,</span> <span class='ocrx_word' id='word_1_323' title='bbox 3613 1494 3691 1556; x_wconf 60' lang='grc' dir='ltr'><strong>ὡς</strong></span> 
     </span>
    </p>
   </div>
   <div class='ocr_carea' id='block_1_55' title="bbox 2101 1585 3401 1655">
    <p class='ocr_par' dir='ltr' id='par_1_55' title="bbox 2101 1585 3401 1655">
     <span class='ocr_line' id='line_1_55' title="bbox 2101 1585 3401 1655; baseline 0.003 -18"><span class='ocrx_word' id='word_1_324' title='bbox 2101 1586 2226 1648; x_wconf 83' lang='grc' dir='ltr'>τοὺς</span> <span class='ocrx_word' id='word_1_325' title='bbox 2261 1587 2508 1655; x_wconf 76' lang='grc' dir='ltr'>ἑταίρους</span> <span class='ocrx_word' id='word_1_326' title='bbox 2551 1585 2671 1655; x_wconf 74' lang='grc' dir='ltr'>ἦτοι</span> <span class='ocrx_word' id='word_1_327' title='bbox 2710 1587 2836 1648; x_wconf 79' lang='grc' dir='ltr'>τοὺς</span> <span class='ocrx_word' id='word_1_328' title='bbox 2867 1585 3055 1654; x_wconf 85' lang='grc' dir='ltr'>φίλους</span> <span class='ocrx_word' id='word_1_329' title='bbox 3089 1585 3401 1653; x_wconf 85' lang='grc' dir='ltr'>δεχόμενος.</span> 
     </span>
    </p>
   </div>
   <div class='ocr_carea' id='block_1_56' title="bbox 2183 1675 3667 1747">
    <p class='ocr_par' dir='ltr' id='par_1_56' title="bbox 2183 1675 3667 1747">
     <span class='ocr_line' id='line_1_56' title="bbox 2183 1675 3667 1747; baseline 0.002 -19"><span class='ocrx_word' id='word_1_330' title='bbox 2183 1677 2243 1729; x_wconf 85' lang='grc' dir='ltr'>Ὀ</span> <span class='ocrx_word' id='word_1_331' title='bbox 2298 1677 2589 1747; x_wconf 73' lang='grc' dir='ltr'>λογοοέτης</span> <span class='ocrx_word' id='word_1_332' title='bbox 2641 1678 2736 1729; x_wconf 77' lang='grc' dir='ltr'><strong>τοῦ</strong></span> <span class='ocrx_word' id='word_1_333' title='bbox 2786 1678 2991 1747; x_wconf 77' lang='grc' dir='ltr'>δρόμου</span> <span class='ocrx_word' id='word_1_334' title='bbox 3052 1675 3166 1747; x_wconf 74' lang='grc' dir='ltr'>εἶχε</span> <span class='ocrx_word' id='word_1_335' title='bbox 3220 1677 3320 1745; x_wconf 84' lang='grc' dir='ltr'>μὲν</span> <span class='ocrx_word' id='word_1_336' title='bbox 3370 1679 3538 1732; x_wconf 82' lang='grc' dir='ltr'>πάλαι</span> <span class='ocrx_word' id='word_1_337' title='bbox 3591 1694 3667 1731; x_wconf 85' lang='grc' dir='ltr'><strong>κα</strong></span> 
     </span>
    </p>
   </div>
   <div class='ocr_carea' id='block_1_57' title="bbox 2102 1760 3691 1839">
    <p class='ocr_par' dir='ltr' id='par_1_57' title="bbox 2102 1760 3691 1839">
     <span class='ocr_line' id='line_1_57' title="bbox 2102 1760 3691 1839; baseline 0.001 -20"><span class='ocrx_word' id='word_1_338' title='bbox 2102 1760 2258 1831; x_wconf 74' lang='grc' dir='ltr'>οὗτος</span> <span class='ocrx_word' id='word_1_339' title='bbox 2310 1770 2616 1839; x_wconf 75' lang='grc' dir='ltr'>ὑπηρεσίαν</span> <span class='ocrx_word' id='word_1_340' title='bbox 2658 1770 2790 1839; x_wconf 73' lang='grc' dir='ltr'>ἡμῖν</span> <span class='ocrx_word' id='word_1_341' title='bbox 2842 1768 3268 1837; x_wconf 74' lang='grc' dir='ltr'>ἐνεπίγνωστον,</span> <span class='ocrx_word' id='word_1_342' title='bbox 3306 1767 3403 1823; x_wconf 81' lang='grc' dir='ltr'>νῦν</span> <span class='ocrx_word' id='word_1_343' title='bbox 3444 1769 3502 1820; x_wconf 82' lang='grc' dir='ltr'>δὲ</span> <span class='ocrx_word' id='word_1_344' title='bbox 3538 1769 3691 1827; x_wconf 81' lang='grc' dir='ltr'>οὐδε-</span> 
     </span>
    </p>
   </div>
   <div class='ocr_carea' id='block_1_58' title="bbox 2106 1858 2255 1927">
    <p class='ocr_par' dir='ltr' id='par_1_58' title="bbox 2106 1858 2255 1927">
     <span class='ocr_line' id='line_1_58' title="bbox 2106 1858 2255 1927; baseline 0.013 -19"><span class='ocrx_word' id='word_1_345' title='bbox 2106 1858 2255 1927; x_wconf 84' lang='grc' dir='ltr'>μίαν.</span> 
     </span>
    </p>
   </div>
   <div class='ocr_carea' id='block_1_59' title="bbox 2174 1948 3691 2021">
    <p class='ocr_par' dir='ltr' id='par_1_59' title="bbox 2174 1948 3691 2021">
     <span class='ocr_line' id='line_1_59' title="bbox 2174 1948 3691 2021; baseline 0.001 -20"><span class='ocrx_word' id='word_1_346' title='bbox 2174 1951 2247 2001; x_wconf 84' lang='grc' dir='ltr'>Τὸ</span> <span class='ocrx_word' id='word_1_347' title='bbox 2304 1948 2399 2002; x_wconf 78' lang='grc' dir='ltr'>τοῦ</span> <span class='ocrx_word' id='word_1_348' title='bbox 2456 1953 2927 2021; x_wconf 83' lang='grc' dir='ltr'>πρωτασηκρῆτις</span> <span class='ocrx_word' id='word_1_349' title='bbox 2981 1951 3316 2021; x_wconf 82' lang='grc' dir='ltr'>ὑπηρέτημα</span> <span class='ocrx_word' id='word_1_350' title='bbox 3378 1949 3535 2018; x_wconf 80' lang='grc' dir='ltr'>δῆλον</span> <span class='ocrx_word' id='word_1_351' title='bbox 3593 1948 3691 2003; x_wconf 72' lang='grc' dir='ltr'>καὶ</span> 
     </span>
    </p>
   </div>
   <div class='ocr_carea' id='block_1_60' title="bbox 2102 2041 3689 2111">
    <p class='ocr_par' dir='ltr' id='par_1_60' title="bbox 2102 2041 3689 2111">
     <span class='ocr_line' id='line_1_60' title="bbox 2102 2041 3689 2111; baseline 0.001 -17"><span class='ocrx_word' id='word_1_352' title='bbox 2102 2042 2199 2094; x_wconf 83' lang='grc' dir='ltr'><strong>ἀπ’</strong></span> <span class='ocrx_word' id='word_1_353' title='bbox 2231 2041 2395 2093; x_wconf 79' lang='grc' dir='ltr'>αὐτοῦ</span> <span class='ocrx_word' id='word_1_354' title='bbox 2418 2042 2515 2094; x_wconf 80' lang='grc' dir='ltr'>τοῦ</span> <span class='ocrx_word' id='word_1_355' title='bbox 2547 2043 2813 2105; x_wconf 76' lang='grc' dir='ltr'>ὀνόματος</span> <span class='ocrx_word' id='word_1_356' title='bbox 2839 2059 2853 2073; x_wconf 82' lang='grc'><em>’</em></span> <span class='ocrx_word' id='word_1_357' title='bbox 2882 2042 3102 2111; x_wconf 85' lang='grc' dir='ltr'>πρῶτος</span> <span class='ocrx_word' id='word_1_358' title='bbox 3132 2042 3240 2109; x_wconf 82' lang='grc' dir='ltr'><strong>γὰρ</strong></span> <span class='ocrx_word' id='word_1_359' title='bbox 3268 2041 3375 2093; x_wconf 83' lang='grc' dir='ltr'><strong>τῶν</strong></span> <span class='ocrx_word' id='word_1_360' title='bbox 3410 2043 3689 2110; x_wconf 84' lang='grc' dir='ltr'>σεκρὲτων</span> 
     </span>
    </p>
   </div>
   <div class='ocr_carea' id='block_1_61' title="bbox 2101 2118 3690 2201">
    <p class='ocr_par' dir='ltr' id='par_1_61' title="bbox 2101 2118 3690 2201">
     <span class='ocr_line' id='line_1_61' title="bbox 2101 2118 3690 2201; baseline 0.001 -18"><span class='ocrx_word' id='word_1_361' title='bbox 2101 2131 2343 2199; x_wconf 84' lang='grc' dir='ltr'>λέγεται.</span> <span class='ocrx_word' id='word_1_362' title='bbox 2373 2132 2529 2184; x_wconf 86' lang='grc' dir='ltr'>Ἔστι</span> <span class='ocrx_word' id='word_1_363' title='bbox 2559 2132 2617 2185; x_wconf 86' lang='grc' dir='ltr'>δὲ</span> <span class='ocrx_word' id='word_1_364' title='bbox 2644 2134 2731 2185; x_wconf 83' lang='grc' dir='ltr'><strong>ὅτε</strong></span> <span class='ocrx_word' id='word_1_365' title='bbox 2767 2118 3120 2201; x_wconf 77' lang='grc' dir='ltr'>συγκρίνουσι</span> <span class='ocrx_word' id='word_1_366' title='bbox 3173 2131 3291 2201; x_wconf 83' lang='grc' dir='ltr'>μετ’</span> <span class='ocrx_word' id='word_1_367' title='bbox 3332 2131 3500 2185; x_wconf 77' lang='grc' dir='ltr'>αὐτοῦ</span> <span class='ocrx_word' id='word_1_368' title='bbox 3532 2132 3690 2200; x_wconf 81' lang='grc' dir='ltr'>βασι-</span> 
     </span>
    </p>
   </div>
   <div class='ocr_carea' id='block_1_62' title="bbox 2100 2222 3429 2294">
    <p class='ocr_par' dir='ltr' id='par_1_62' title="bbox 2100 2222 3429 2294">
     <span class='ocr_line' id='line_1_62' title="bbox 2100 2222 3429 2294; baseline 0.002 -20"><span class='ocrx_word' id='word_1_369' title='bbox 2100 2222 2238 2291; x_wconf 83' lang='grc' dir='ltr'>λικῴ</span> <span class='ocrx_word' id='word_1_370' title='bbox 2267 2223 2478 2293; x_wconf 82' lang='grc' dir='ltr'>ὁρισμῷ</span> <span class='ocrx_word' id='word_1_371' title='bbox 2500 2225 2593 2277; x_wconf 73' lang='grc' dir='ltr'><strong>καὶ</strong></span> <span class='ocrx_word' id='word_1_372' title='bbox 2618 2224 2798 2293; x_wconf 75' lang='grc' dir='ltr'>ἕτεροι</span> <span class='ocrx_word' id='word_1_373' title='bbox 2841 2224 3179 2294; x_wconf 66' lang='grc' dir='ltr'>ἐντιμότεροι</span> <span class='ocrx_word' id='word_1_374' title='bbox 3212 2224 3429 2276; x_wconf 78' lang='grc' dir='ltr'>τούτου.</span> 
     </span>
    </p>
   </div>
   <div class='ocr_carea' id='block_1_63' title="bbox 2173 2313 3688 2384">
    <p class='ocr_par' dir='ltr' id='par_1_63' title="bbox 2173 2313 3688 2384">
     <span class='ocr_line' id='line_1_63' title="bbox 2173 2313 3688 2384; baseline -0.001 -17"><span class='ocrx_word' id='word_1_375' title='bbox 2173 2315 2248 2367; x_wconf 81' lang='grc' dir='ltr'><strong>Τὸ</strong></span> <span class='ocrx_word' id='word_1_376' title='bbox 2276 2316 2372 2369; x_wconf 81' lang='grc' dir='ltr'>τοῦ</span> <span class='ocrx_word' id='word_1_377' title='bbox 2423 2318 2517 2368; x_wconf 77' lang='grc' dir='ltr'><strong>ἐπὶ</strong></span> <span class='ocrx_word' id='word_1_378' title='bbox 2554 2317 2651 2369; x_wconf 81' lang='grc' dir='ltr'>τοῦ</span> <span class='ocrx_word' id='word_1_379' title='bbox 2699 2317 2793 2368; x_wconf 73' lang='grc' dir='ltr'>ἐπὶ</span> <span class='ocrx_word' id='word_1_380' title='bbox 2823 2314 3058 2383; x_wconf 76' lang='grc' dir='ltr'>στρατοῦ</span> <span class='ocrx_word' id='word_1_381' title='bbox 3106 2314 3459 2384; x_wconf 78' lang='grc' dir='ltr'>ὑπηρέτημα,</span> <span class='ocrx_word' id='word_1_382' title='bbox 3489 2313 3688 2384; x_wconf 80' lang='grc' dir='ltr'>λεχθή-</span> 
     </span>
    </p>
   </div>
   <div class='ocr_carea' id='block_1_64' title="bbox 2106 2405 3688 2477">
    <p class='ocr_par' dir='ltr' id='par_1_64' title="bbox 2106 2405 3688 2477">
     <span class='ocr_line' id='line_1_64' title="bbox 2106 2405 3688 2477; baseline 0 -20"><span class='ocrx_word' id='word_1_383' title='bbox 2106 2423 2258 2459; x_wconf 88' lang='grc' dir='ltr'>σεται</span> <span class='ocrx_word' id='word_1_384' title='bbox 2290 2407 2384 2461; x_wconf 73' lang='grc' dir='ltr'>καὶ</span> <span class='ocrx_word' id='word_1_385' title='bbox 2417 2407 2597 2471; x_wconf 80' lang='grc' dir='ltr'>τοῦτο,</span> <span class='ocrx_word' id='word_1_386' title='bbox 2617 2408 2704 2460; x_wconf 77' lang='grc' dir='ltr'>ὅτε</span> <span class='ocrx_word' id='word_1_387' title='bbox 2737 2408 2831 2461; x_wconf 79' lang='grc' dir='ltr'><strong>καὶ</strong></span> <span class='ocrx_word' id='word_1_388' title='bbox 2863 2406 2955 2459; x_wconf 83' lang='grc' dir='ltr'><strong>τοῦ</strong></span> <span class='ocrx_word' id='word_1_389' title='bbox 2990 2406 3228 2477; x_wconf 86' lang='grc' dir='ltr'>μεγάλου</span> <span class='ocrx_word' id='word_1_390' title='bbox 3265 2406 3592 2476; x_wconf 86' lang='grc' dir='ltr'>δομεστίκου</span> <span class='ocrx_word' id='word_1_391' title='bbox 3627 2405 3688 2457; x_wconf 82' lang='grc' dir='ltr'><strong>τὸ</strong></span> 
     </span>
    </p>
   </div>
   <div class='ocr_carea' id='block_1_65' title="bbox 2104 2488 2927 2567">
    <p class='ocr_par' dir='ltr' id='par_1_65' title="bbox 2104 2488 2927 2567">
     <span class='ocr_line' id='line_1_65' title="bbox 2104 2488 2927 2567; baseline 0.005 -18"><span class='ocrx_word' id='word_1_392' title='bbox 2104 2498 2185 2561; x_wconf 88' lang='grc' dir='ltr'><strong>είς</strong></span> <span class='ocrx_word' id='word_1_393' title='bbox 2226 2499 2533 2567; x_wconf 84' lang='grc' dir='ltr'>φωσσάτον.</span> <span class='ocrx_word' id='word_1_394' title='bbox 2646 2504 2649 2507; x_wconf 85' lang='grc'><em>’</em></span> <span class='ocrx_word' id='word_1_395' title='bbox 2856 2530 2859 2533; x_wconf 97' lang='grc'><strong><em>-</em></strong></span> <span class='ocrx_word' id='word_1_396' title='bbox 2924 2488 2927 2489; x_wconf 13' lang='grc' dir='ltr'><em>ν</em></span> 
     </span>
    </p>
   </div>
   <div class='ocr_carea' id='block_1_66' title="bbox 2186 2585 3691 2657">
    <p class='ocr_par' dir='ltr' id='par_1_66' title="bbox 2186 2585 3691 2657">
     <span class='ocr_line' id='line_1_66' title="bbox 2186 2585 3691 2657; baseline -0.001 -17"><span class='ocrx_word' id='word_1_397' title='bbox 2186 2587 2251 2640; x_wconf 83' lang='grc' dir='ltr'><strong><em>Ἦ</em></strong></span> <span class='ocrx_word' id='word_1_398' title='bbox 2278 2588 2373 2641; x_wconf 79' lang='grc' dir='ltr'>τοῦ</span> <span class='ocrx_word' id='word_1_399' title='bbox 2398 2587 2665 2653; x_wconf 82' lang='grc' dir='ltr'>μυστικοῦ</span> <span class='ocrx_word' id='word_1_400' title='bbox 2703 2586 2981 2657; x_wconf 86' lang='grc' dir='ltr'>ὑπηρεσία</span> <span class='ocrx_word' id='word_1_401' title='bbox 3016 2587 3219 2639; x_wconf 81' lang='grc' dir='ltr'>νοεῖται</span> <span class='ocrx_word' id='word_1_402' title='bbox 3249 2585 3343 2637; x_wconf 74' lang='grc' dir='ltr'><strong>καὶ</strong></span> <span class='ocrx_word' id='word_1_403' title='bbox 3378 2585 3477 2638; x_wconf 80' lang='grc' dir='ltr'><strong>ἀπ’</strong></span> <span class='ocrx_word' id='word_1_404' title='bbox 3519 2585 3691 2640; x_wconf 80' lang='grc' dir='ltr'>αὐτοῦ</span> 
     </span>
    </p>
   </div>
   <div class='ocr_carea' id='block_1_67' title="bbox 2103 2676 2519 2748">
    <p class='ocr_par' dir='ltr' id='par_1_67' title="bbox 2103 2676 2519 2748">
     <span class='ocr_line' id='line_1_67' title="bbox 2103 2676 2519 2748; baseline 0.007 -18"><span class='ocrx_word' id='word_1_405' title='bbox 2103 2676 2195 2730; x_wconf 81' lang='grc' dir='ltr'>τοῦ</span> <span class='ocrx_word' id='word_1_406' title='bbox 2227 2679 2519 2748; x_wconf 84' lang='grc' dir='ltr'>ὀνόματος.</span> 
     </span>
    </p>
   </div>
   <div class='ocr_carea' id='block_1_68' title="bbox 2184 2763 3697 2839">
    <p class='ocr_par' dir='ltr' id='par_1_68' title="bbox 2184 2763 3697 2839">
     <span class='ocr_line' id='line_1_68' title="bbox 2184 2763 3697 2839; baseline -0.001 -18"><span class='ocrx_word' id='word_1_407' title='bbox 2184 2771 2244 2821; x_wconf 83' lang='lat'><strong>&#39;0</strong></span> <span class='ocrx_word' id='word_1_408' title='bbox 2269 2770 2592 2838; x_wconf 87' lang='grc' dir='ltr'>δομέστικος</span> <span class='ocrx_word' id='word_1_409' title='bbox 2636 2771 2744 2823; x_wconf 83' lang='grc' dir='ltr'><strong>τῶν</strong></span> <span class='ocrx_word' id='word_1_410' title='bbox 2774 2768 2980 2839; x_wconf 83' lang='grc' dir='ltr'>σχολῶν</span> <span class='ocrx_word' id='word_1_411' title='bbox 3026 2768 3195 2822; x_wconf 78' lang='grc' dir='ltr'>πάλαι</span> <span class='ocrx_word' id='word_1_412' title='bbox 3236 2768 3335 2837; x_wconf 80' lang='grc' dir='ltr'>μὲν</span> <span class='ocrx_word' id='word_1_413' title='bbox 3376 2763 3523 2837; x_wconf 77' lang='grc' dir='ltr'>εῖχεν</span> <span class='ocrx_word' id='word_1_414' title='bbox 3549 2768 3697 2838; x_wconf 74' lang='grc' dir='ltr'>ὑπη-</span> 
     </span>
    </p>
   </div>
   <div class='ocr_carea' id='block_1_69' title="bbox 2107 2857 3695 2932">
    <p class='ocr_par' dir='ltr' id='par_1_69' title="bbox 2107 2857 3695 2932">
     <span class='ocr_line' id='line_1_69' title="bbox 2107 2857 3695 2932; baseline 0 -19"><span class='ocrx_word' id='word_1_415' title='bbox 2107 2862 2294 2931; x_wconf 83' lang='grc' dir='ltr'>ρεσίαν</span> <span class='ocrx_word' id='word_1_416' title='bbox 2341 2861 2531 2931; x_wconf 83' lang='grc' dir='ltr'>σχεδὸν</span> <span class='ocrx_word' id='word_1_417' title='bbox 2563 2863 2628 2932; x_wconf 80' lang='grc' dir='ltr'>ἢν</span> <span class='ocrx_word' id='word_1_418' title='bbox 2654 2862 2682 2914; x_wconf 85' lang='grc' dir='ltr'><strong>ό</strong></span> <span class='ocrx_word' id='word_1_419' title='bbox 2728 2861 2902 2932; x_wconf 77' lang='grc' dir='ltr'>μέγας</span> <span class='ocrx_word' id='word_1_420' title='bbox 2944 2860 3266 2927; x_wconf 76' lang='grc' dir='ltr'>δομέστικος</span> <span class='ocrx_word' id='word_1_421' title='bbox 3305 2859 3451 2928; x_wconf 81' lang='grc' dir='ltr'>ἄρτι,</span> <span class='ocrx_word' id='word_1_422' title='bbox 3481 2857 3580 2911; x_wconf 82' lang='grc' dir='ltr'>νῦν</span> <span class='ocrx_word' id='word_1_423' title='bbox 3633 2858 3695 2913; x_wconf 69' lang='grc' dir='ltr'>δὲ</span> 
     </span>
    </p>
   </div>
   <div class='ocr_carea' id='block_1_70' title="bbox 2105 2953 3789 3021">
    <p class='ocr_par' dir='ltr' id='par_1_70' title="bbox 2105 2953 3789 3021">
     <span class='ocr_line' id='line_1_70' title="bbox 2105 2953 3789 3021; baseline 0.008 -16"><span class='ocrx_word' id='word_1_424' title='bbox 2105 2953 2407 3021; x_wconf 77' lang='grc' dir='ltr'>οὐδεμίαν..</span> <span class='ocrx_word' id='word_1_425' title='bbox 3764 3014 3789 3019; x_wconf 73' lang='grc'>-,</span> 
     </span>
    </p>
   </div>
   <div class='ocr_carea' id='block_1_71' title="bbox 2190 3040 3695 3112">
    <p class='ocr_par' dir='ltr' id='par_1_71' title="bbox 2190 3040 3695 3112">
     <span class='ocr_line' id='line_1_71' title="bbox 2190 3040 3695 3112; baseline -0.001 -18"><span class='ocrx_word' id='word_1_426' title='bbox 2190 3041 2249 3094; x_wconf 89' lang='lat'><strong>&#39;0</strong></span> <span class='ocrx_word' id='word_1_427' title='bbox 2277 3043 2451 3111; x_wconf 82' lang='grc' dir='ltr'>μέγας</span> <span class='ocrx_word' id='word_1_428' title='bbox 2471 3042 2838 3112; x_wconf 82' lang='grc' dir='ltr'>δρουγγάριος</span> <span class='ocrx_word' id='word_1_429' title='bbox 2869 3043 2965 3095; x_wconf 82' lang='grc' dir='ltr'><strong>τοῦ</strong></span> <span class='ocrx_word' id='word_1_430' title='bbox 2989 3044 3176 3095; x_wconf 80' lang='grc' dir='ltr'>στόλου</span> <span class='ocrx_word' id='word_1_431' title='bbox 3209 3041 3299 3094; x_wconf 81' lang='grc' dir='ltr'>τὸν</span> <span class='ocrx_word' id='word_1_432' title='bbox 3334 3042 3499 3094; x_wconf 73' lang='grc' dir='ltr'>αὐτὸν</span> <span class='ocrx_word' id='word_1_433' title='bbox 3532 3040 3695 3109; x_wconf 82' lang='grc' dir='ltr'>λόγον</span> 
     </span>
    </p>
   </div>
   <div class='ocr_carea' id='block_1_72' title="bbox 2109 3131 3697 3203">
    <p class='ocr_par' dir='ltr' id='par_1_72' title="bbox 2109 3131 3697 3203">
     <span class='ocr_line' id='line_1_72' title="bbox 2109 3131 3697 3203; baseline 0.001 -20"><span class='ocrx_word' id='word_1_434' title='bbox 2109 3132 2222 3202; x_wconf 77' lang='grc' dir='ltr'>ἔχει</span> <span class='ocrx_word' id='word_1_435' title='bbox 2268 3134 2407 3202; x_wconf 82' lang='grc' dir='ltr'>πρὸς</span> <span class='ocrx_word' id='word_1_436' title='bbox 2436 3134 2527 3187; x_wconf 86' lang='grc' dir='ltr'><strong>τὸν</strong></span> <span class='ocrx_word' id='word_1_437' title='bbox 2567 3135 2745 3202; x_wconf 85' lang='grc' dir='ltr'>μέγαν</span> <span class='ocrx_word' id='word_1_438' title='bbox 2790 3133 2990 3186; x_wconf 83' lang='grc' dir='ltr'>δοῦκαν</span> <span class='ocrx_word' id='word_1_439' title='bbox 3020 3134 3079 3185; x_wconf 80' lang='grc' dir='ltr'>ὃν</span> <span class='ocrx_word' id='word_1_440' title='bbox 3099 3136 3127 3185; x_wconf 88' lang='grc' dir='ltr'>ὁ</span> <span class='ocrx_word' id='word_1_441' title='bbox 3154 3133 3253 3201; x_wconf 83' lang='grc' dir='ltr'>τῆς</span> <span class='ocrx_word' id='word_1_442' title='bbox 3286 3133 3481 3203; x_wconf 83' lang='grc' dir='ltr'>βίγλης</span> <span class='ocrx_word' id='word_1_443' title='bbox 3508 3131 3697 3202; x_wconf 84' lang='grc' dir='ltr'>μέγας</span> 
     </span>
    </p>
   </div>
   <div class='ocr_carea' id='block_1_73' title="bbox 2108 3225 3338 3295">
    <p class='ocr_par' dir='ltr' id='par_1_73' title="bbox 2108 3225 3338 3295">
     <span class='ocr_line' id='line_1_73' title="bbox 2108 3225 3338 3295; baseline 0 -17"><span class='ocrx_word' id='word_1_444' title='bbox 2108 3225 2472 3295; x_wconf 87' lang='grc' dir='ltr'>δρουγγάριος</span> <span class='ocrx_word' id='word_1_445' title='bbox 2505 3226 2643 3295; x_wconf 74' lang='grc' dir='ltr'>πρὸς</span> <span class='ocrx_word' id='word_1_446' title='bbox 2666 3225 2757 3277; x_wconf 84' lang='grc' dir='ltr'><strong>τὸν</strong></span> <span class='ocrx_word' id='word_1_447' title='bbox 2790 3226 2963 3294; x_wconf 85' lang='grc' dir='ltr'>μέγαν</span> <span class='ocrx_word' id='word_1_448' title='bbox 2996 3227 3338 3292; x_wconf 82' lang='grc' dir='ltr'>δομέστικον.</span> 
     </span>
    </p>
   </div>
   <div class='ocr_carea' id='block_1_74' title="bbox 2193 3315 3700 3388">
    <p class='ocr_par' dir='ltr' id='par_1_74' title="bbox 2193 3315 3700 3388">
     <span class='ocr_line' id='line_1_74' title="bbox 2193 3315 3700 3388; baseline 0.001 -18"><span class='ocrx_word' id='word_1_449' title='bbox 2193 3317 2251 3370; x_wconf 86' lang='grc' dir='ltr'>Ὀ</span> <span class='ocrx_word' id='word_1_450' title='bbox 2297 3318 2705 3388; x_wconf 84' lang='grc' dir='ltr'>πριμμικήριος</span> <span class='ocrx_word' id='word_1_451' title='bbox 2754 3318 2852 3385; x_wconf 83' lang='grc' dir='ltr'>τῆς</span> <span class='ocrx_word' id='word_1_452' title='bbox 2884 3316 3055 3386; x_wconf 76' lang='grc' dir='ltr'>αὐλῆς</span> <span class='ocrx_word' id='word_1_453' title='bbox 3098 3315 3211 3386; x_wconf 81' lang='grc' dir='ltr'>ἔχει</span> <span class='ocrx_word' id='word_1_454' title='bbox 3255 3316 3358 3385; x_wconf 89' lang='grc' dir='ltr'><strong>μὲν</strong></span> <span class='ocrx_word' id='word_1_455' title='bbox 3396 3318 3456 3370; x_wconf 77' lang='grc' dir='ltr'>ὲν</span> <span class='ocrx_word' id='word_1_456' title='bbox 3485 3320 3549 3387; x_wconf 80' lang='grc' dir='ltr'>τῇ</span> <span class='ocrx_word' id='word_1_457' title='bbox 3587 3335 3700 3371; x_wconf 68' lang='grc' dir='ltr'>παν-</span> 
     </span>
    </p>
   </div>
   <div class='ocr_carea' id='block_1_75' title="bbox 2113 3407 3698 3481">
    <p class='ocr_par' dir='ltr' id='par_1_75' title="bbox 2113 3407 3698 3481">
     <span class='ocr_line' id='line_1_75' title="bbox 2113 3407 3698 3481; baseline -0.003 -17"><span class='ocrx_word' id='word_1_458' title='bbox 2113 3410 2372 3479; x_wconf 85' lang='grc' dir='ltr'>ραστάσει</span> <span class='ocrx_word' id='word_1_459' title='bbox 2409 3409 2711 3481; x_wconf 87' lang='grc' dir='ltr'>ὑπηρεσίαν</span> <span class='ocrx_word' id='word_1_460' title='bbox 2763 3410 2882 3461; x_wconf 77' lang='grc' dir='ltr'>οἵαν</span> <span class='ocrx_word' id='word_1_461' title='bbox 2942 3408 3303 3478; x_wconf 80' lang='grc' dir='ltr'>προείπομεν,</span> <span class='ocrx_word' id='word_1_462' title='bbox 3348 3407 3603 3460; x_wconf 74' lang='grc' dir='ltr'>εὐτακτεί</span> <span class='ocrx_word' id='word_1_463' title='bbox 3635 3408 3698 3460; x_wconf 81' lang='grc' dir='ltr'>δὲ</span> 
     </span>
    </p>
   </div>
   <div class='ocr_carea' id='block_1_76' title="bbox 2111 3499 3696 3573">
    <p class='ocr_par' dir='ltr' id='par_1_76' title="bbox 2111 3499 3696 3573">
     <span class='ocr_line' id='line_1_76' title="bbox 2111 3499 3696 3573; baseline -0.004 -16"><span class='ocrx_word' id='word_1_464' title='bbox 2111 3505 2204 3557; x_wconf 71' lang='grc' dir='ltr'><strong>καὶ</strong></span> <span class='ocrx_word' id='word_1_465' title='bbox 2233 3504 2359 3564; x_wconf 80' lang='grc' dir='ltr'>τοὺς</span> <span class='ocrx_word' id='word_1_466' title='bbox 2402 3505 2459 3555; x_wconf 81' lang='grc' dir='ltr'>ὲν</span> <span class='ocrx_word' id='word_1_467' title='bbox 2515 3504 2580 3573; x_wconf 78' lang='grc' dir='ltr'>τῇ</span> <span class='ocrx_word' id='word_1_468' title='bbox 2637 3502 2776 3572; x_wconf 83' lang='grc' dir='ltr'>αὐλῇ</span> <span class='ocrx_word' id='word_1_469' title='bbox 2808 3501 3035 3563; x_wconf 82' lang='grc' dir='ltr'>πάντας.</span> <span class='ocrx_word' id='word_1_470' title='bbox 3070 3501 3283 3567; x_wconf 81' lang='grc' dir='ltr'>Ὥσπερ</span> <span class='ocrx_word' id='word_1_471' title='bbox 3314 3499 3423 3568; x_wconf 84' lang='grc' dir='ltr'>γὰρ</span> <span class='ocrx_word' id='word_1_472' title='bbox 3455 3499 3561 3551; x_wconf 87' lang='grc' dir='ltr'>τῶν</span> <span class='ocrx_word' id='word_1_473' title='bbox 3593 3499 3696 3569; x_wconf 80' lang='grc' dir='ltr'>ἁρ-</span> 
     </span>
    </p>
   </div>
   <div class='ocr_carea' id='block_1_77' title="bbox 2110 3592 3695 3667">
    <p class='ocr_par' dir='ltr' id='par_1_77' title="bbox 2110 3592 3695 3667">
     <span class='ocr_line' id='line_1_77' title="bbox 2110 3592 3695 3667; baseline -0.002 -19"><span class='ocrx_word' id='word_1_474' title='bbox 2110 3597 2314 3667; x_wconf 87' lang='grc' dir='ltr'>χόντων</span> <span class='ocrx_word' id='word_1_475' title='bbox 2363 3596 2596 3655; x_wconf 74' lang='grc' dir='ltr'>ἕκαστος</span> <span class='ocrx_word' id='word_1_476' title='bbox 2641 3595 2734 3647; x_wconf 81' lang='grc' dir='ltr'><strong>τὸν</strong></span> <span class='ocrx_word' id='word_1_477' title='bbox 2786 3594 3237 3660; x_wconf 80' lang='grc' dir='ltr'>άποτεταγμένον</span> <span class='ocrx_word' id='word_1_478' title='bbox 3282 3592 3375 3647; x_wconf 81' lang='grc' dir='ltr'>καὶ</span> <span class='ocrx_word' id='word_1_479' title='bbox 3409 3592 3545 3645; x_wconf 79' lang='grc' dir='ltr'>ἴδιον</span> <span class='ocrx_word' id='word_1_480' title='bbox 3576 3592 3695 3661; x_wconf 75' lang='grc' dir='ltr'>ἔχει</span> 
     </span>
    </p>
   </div>
   <div class='ocr_carea' id='block_1_78' title="bbox 2111 3683 3692 3759">
    <p class='ocr_par' dir='ltr' id='par_1_78' title="bbox 2111 3683 3692 3759">
     <span class='ocr_line' id='line_1_78' title="bbox 2111 3683 3692 3759; baseline -0.005 -16"><span class='ocrx_word' id='word_1_481' title='bbox 2111 3692 2273 3743; x_wconf 86' lang='grc' dir='ltr'>τόπον</span> <span class='ocrx_word' id='word_1_482' title='bbox 2326 3689 2405 3751; x_wconf 88' lang='grc' dir='ltr'><strong>είς</strong></span> <span class='ocrx_word' id='word_1_483' title='bbox 2466 3688 2565 3757; x_wconf 83' lang='grc' dir='ltr'><strong>τὴν</strong></span> <span class='ocrx_word' id='word_1_484' title='bbox 2609 3690 2976 3759; x_wconf 86' lang='grc' dir='ltr'>παράστασιν,</span> <span class='ocrx_word' id='word_1_485' title='bbox 3005 3684 3150 3736; x_wconf 76' lang='grc' dir='ltr'>οὑτω</span> <span class='ocrx_word' id='word_1_486' title='bbox 3202 3683 3297 3737; x_wconf 72' lang='grc' dir='ltr'><strong>καὶ</strong></span> <span class='ocrx_word' id='word_1_487' title='bbox 3354 3684 3463 3736; x_wconf 84' lang='grc' dir='ltr'><strong>τῶν</strong></span> <span class='ocrx_word' id='word_1_488' title='bbox 3515 3685 3573 3736; x_wconf 79' lang='grc' dir='ltr'>ὲν</span> <span class='ocrx_word' id='word_1_489' title='bbox 3620 3685 3692 3753; x_wconf 80' lang='grc' dir='ltr'>τῇ</span> 
     </span>
    </p>
   </div>
   <div class='ocr_carea' id='block_1_79' title="bbox 2111 3775 3695 3853">
    <p class='ocr_par' dir='ltr' id='par_1_79' title="bbox 2111 3775 3695 3853">
     <span class='ocr_line' id='line_1_79' title="bbox 2111 3775 3695 3853; baseline -0.004 -19"><span class='ocrx_word' id='word_1_490' title='bbox 2111 3783 2248 3853; x_wconf 83' lang='grc' dir='ltr'>αὐλῇ</span> <span class='ocrx_word' id='word_1_491' title='bbox 2299 3781 2508 3846; x_wconf 77' lang='grc' dir='ltr'>τάξεων</span> <span class='ocrx_word' id='word_1_492' title='bbox 2548 3782 2755 3849; x_wconf 79' lang='grc' dir='ltr'>ἑκάστη</span> <span class='ocrx_word' id='word_1_493' title='bbox 2804 3780 2897 3832; x_wconf 85' lang='grc' dir='ltr'><strong>τὸν</strong></span> <span class='ocrx_word' id='word_1_494' title='bbox 2931 3778 3063 3830; x_wconf 73' lang='grc' dir='ltr'>ἴδιον</span> <span class='ocrx_word' id='word_1_495' title='bbox 3093 3776 3263 3847; x_wconf 76' lang='grc' dir='ltr'>αὐλῆς</span> <span class='ocrx_word' id='word_1_496' title='bbox 3307 3778 3572 3846; x_wconf 82' lang='grc' dir='ltr'>κέκτηται</span> <span class='ocrx_word' id='word_1_497' title='bbox 3601 3775 3695 3828; x_wconf 78' lang='grc' dir='ltr'>τό·</span> 
     </span>
    </p>
   </div>
   <div class='ocr_carea' id='block_1_80' title="bbox 2114 3870 3694 3944">
    <p class='ocr_par' dir='ltr' id='par_1_80' title="bbox 2114 3870 3694 3944">
     <span class='ocr_line' id='line_1_80' title="bbox 2114 3870 3694 3944; baseline -0.005 -16"><span class='ocrx_word' id='word_1_498' title='bbox 2114 3894 2237 3930; x_wconf 84' lang='grc' dir='ltr'>πον.</span> <span class='ocrx_word' id='word_1_499' title='bbox 2289 3875 2351 3929; x_wconf 91' lang='grc' dir='ltr'>Οί</span> <span class='ocrx_word' id='word_1_500' title='bbox 2406 3876 2505 3944; x_wconf 84' lang='grc' dir='ltr'>μὲν</span> <span class='ocrx_word' id='word_1_501' title='bbox 2560 3875 2670 3944; x_wconf 72' lang='grc' dir='ltr'><strong>γὰρ</strong></span> <span class='ocrx_word' id='word_1_502' title='bbox 2730 3873 3012 3943; x_wconf 67' lang='grc' dir='ltr'>Βάραγγοι</span> <span class='ocrx_word' id='word_1_503' title='bbox 3074 3871 3426 3939; x_wconf 85' lang='grc' dir='ltr'>εὑρίσκονται</span> <span class='ocrx_word' id='word_1_504' title='bbox 3479 3870 3694 3939; x_wconf 84' lang='grc' dir='ltr'>ὑπηρε-</span> 
     </span>
    </p>
   </div>
   <div class='ocr_carea' id='block_1_81' title="bbox 2112 3960 3697 4031">
    <p class='ocr_par' dir='ltr' id='par_1_81' title="bbox 2112 3960 3697 4031">
     <span class='ocr_line' id='line_1_81' title="bbox 2112 3960 3697 4031; baseline -0.005 -12"><span class='ocrx_word' id='word_1_505' title='bbox 2112 3966 2330 4030; x_wconf 81' lang='grc' dir='ltr'>τοῦντες</span> <span class='ocrx_word' id='word_1_506' title='bbox 2367 3966 2445 4029; x_wconf 81' lang='grc' dir='ltr'>εἰς</span> <span class='ocrx_word' id='word_1_507' title='bbox 2479 3984 2537 4019; x_wconf 89' lang='grc' dir='ltr'><strong>τε</strong></span> <span class='ocrx_word' id='word_1_508' title='bbox 2576 3967 2671 4028; x_wconf 77' lang='grc' dir='ltr'>τὰς</span> <span class='ocrx_word' id='word_1_509' title='bbox 2719 3964 2889 4031; x_wconf 82' lang='grc' dir='ltr'>θύρας</span> <span class='ocrx_word' id='word_1_510' title='bbox 2924 3963 3017 4015; x_wconf 79' lang='grc' dir='ltr'>τοῦ</span> <span class='ocrx_word' id='word_1_511' title='bbox 3052 3963 3265 4015; x_wconf 82' lang='grc' dir='ltr'>κελλίου</span> <span class='ocrx_word' id='word_1_512' title='bbox 3298 3960 3392 4013; x_wconf 81' lang='grc' dir='ltr'>τοῦ</span> <span class='ocrx_word' id='word_1_513' title='bbox 3426 3960 3697 4030; x_wconf 81' lang='grc' dir='ltr'>βασιλέως</span> 
     </span>
    </p>
   </div>
   <div class='ocr_carea' id='block_1_82' title="bbox 2112 4051 3694 4127">
    <p class='ocr_par' dir='ltr' id='par_1_82' title="bbox 2112 4051 3694 4127">
     <span class='ocr_line' id='line_1_82' title="bbox 2112 4051 3694 4127; baseline -0.004 -15"><span class='ocrx_word' id='word_1_514' title='bbox 2112 4061 2207 4112; x_wconf 72' lang='grc' dir='ltr'><strong>καὶ</strong></span> <span class='ocrx_word' id='word_1_515' title='bbox 2254 4061 2334 4121; x_wconf 86' lang='grc' dir='ltr'><strong>είς</strong></span> <span class='ocrx_word' id='word_1_516' title='bbox 2387 4059 2447 4111; x_wconf 83' lang='grc' dir='ltr'><strong>τὸ</strong></span> <span class='ocrx_word' id='word_1_517' title='bbox 2480 4057 2773 4127; x_wconf 88' lang='grc' dir='ltr'>τρίκλινον,</span> <span class='ocrx_word' id='word_1_518' title='bbox 2802 4057 2859 4107; x_wconf 81' lang='grc' dir='ltr'>ἐν</span> <span class='ocrx_word' id='word_1_519' title='bbox 2889 4057 2954 4125; x_wconf 82' lang='grc' dir='ltr'>τῇ</span> <span class='ocrx_word' id='word_1_520' title='bbox 2988 4055 3125 4124; x_wconf 84' lang='grc' dir='ltr'>αὐλῇ</span> <span class='ocrx_word' id='word_1_521' title='bbox 3174 4053 3231 4107; x_wconf 80' lang='grc' dir='ltr'>δὲ</span> <span class='ocrx_word' id='word_1_522' title='bbox 3276 4054 3371 4106; x_wconf 83' lang='grc' dir='ltr'>τοῦ</span> <span class='ocrx_word' id='word_1_523' title='bbox 3421 4051 3694 4106; x_wconf 85' lang='grc' dir='ltr'>παλατίου</span> 
     </span>
    </p>
   </div>
   <div class='ocr_carea' id='block_1_83' title="bbox 2083 4144 3695 4225">
    <p class='ocr_par' dir='ltr' id='par_1_83' title="bbox 2083 4144 3695 4225">
     <span class='ocr_line' id='line_1_83' title="bbox 2083 4144 3695 4225; baseline -0.006 -19"><span class='ocrx_word' id='word_1_524' title='bbox 2083 4220 2087 4225; x_wconf 28' lang='grc'><strong>1</strong></span> <span class='ocrx_word' id='word_1_525' title='bbox 2116 4151 2447 4223; x_wconf 80' lang='grc' dir='ltr'>στρατιῶται</span> <span class='ocrx_word' id='word_1_526' title='bbox 2483 4148 2883 4218; x_wconf 78' lang='grc' dir='ltr'>ὀνομαζόμενοι</span> <span class='ocrx_word' id='word_1_527' title='bbox 2916 4145 3061 4199; x_wconf 78' lang='grc' dir='ltr'>οὕτω</span> <span class='ocrx_word' id='word_1_528' title='bbox 3095 4147 3442 4215; x_wconf 77' lang='grc' dir='ltr'>παραμοναὶ,</span> <span class='ocrx_word' id='word_1_529' title='bbox 3472 4144 3695 4213; x_wconf 76' lang='grc' dir='ltr'>ἔχοντες</span> 
     </span>
    </p>
   </div>
   <div class='ocr_carea' id='block_1_84' title="bbox 2114 4233 3694 4308">
    <p class='ocr_par' dir='ltr' id='par_1_84' title="bbox 2114 4233 3694 4308">
     <span class='ocr_line' id='line_1_84' title="bbox 2114 4233 3694 4308; baseline -0.007 -13"><span class='ocrx_word' id='word_1_530' title='bbox 2114 4242 2307 4308; x_wconf 83' lang='grc' dir='ltr'>ἄλογα,</span> <span class='ocrx_word' id='word_1_531' title='bbox 2341 4240 2426 4307; x_wconf 79' lang='grc' dir='ltr'><strong>ἐφ’</strong></span> <span class='ocrx_word' id='word_1_532' title='bbox 2480 4233 2556 4292; x_wconf 86' lang='grc' dir='ltr'>ὧν</span> <span class='ocrx_word' id='word_1_533' title='bbox 2608 4237 2701 4292; x_wconf 80' lang='grc' dir='ltr'><strong>καὶ</strong></span> <span class='ocrx_word' id='word_1_534' title='bbox 2764 4236 3113 4305; x_wconf 83' lang='grc' dir='ltr'>ἀλλαγάτωρ.</span> <span class='ocrx_word' id='word_1_535' title='bbox 3162 4235 3271 4287; x_wconf 81' lang='grc' dir='ltr'>Καὶ</span> <span class='ocrx_word' id='word_1_536' title='bbox 3324 4234 3443 4303; x_wconf 82' lang='grc' dir='ltr'>μετ’</span> <span class='ocrx_word' id='word_1_537' title='bbox 3496 4235 3694 4296; x_wconf 73' lang='grc' dir='ltr'>αὐτοὺς</span> 
     </span>
    </p>
   </div>
   <div class='ocr_carea' id='block_1_85' title="bbox 426 4318 2005 4405">
    <p class='ocr_par' dir='ltr' id='par_1_85' title="bbox 426 4318 2005 4393">
     <span class='ocr_line' id='line_1_85' title="bbox 426 4318 2005 4393; baseline 0.006 -22"><span class='ocrx_word' id='word_1_538' title='bbox 426 4329 613 4372; x_wconf 85' lang='lat' dir='ltr'><strong>carent</strong></span> <span class='ocrx_word' id='word_1_539' title='bbox 638 4359 657 4385; x_wconf 86' lang='lat'><strong>,</strong></span> <span class='ocrx_word' id='word_1_540' title='bbox 686 4318 883 4371; x_wconf 84' lang='lat' dir='ltr'><strong>habent</strong></span> <span class='ocrx_word' id='word_1_541' title='bbox 917 4329 1096 4373; x_wconf 89' lang='lat' dir='ltr'><strong>tamen</strong></span> <span class='ocrx_word' id='word_1_542' title='bbox 1114 4320 1441 4390; x_wconf 78' lang='lat' dir='ltr'><strong>alogatorem</strong></span> <span class='ocrx_word' id='word_1_543' title='bbox 1471 4340 1484 4377; x_wconf 93' lang='lat'>:</span> <span class='ocrx_word' id='word_1_544' title='bbox 1517 4324 1609 4393; x_wconf 90' lang='lat' dir='ltr'><strong>qui</strong></span> <span class='ocrx_word' id='word_1_545' title='bbox 1633 4324 1860 4393; x_wconf 85' lang='lat' dir='ltr'><strong>spatbas</strong></span> <span class='ocrx_word' id='word_1_546' title='bbox 1882 4341 2005 4382; x_wconf 86' lang='lat' dir='ltr'><strong>suas</strong></span> 
     </span>
    </p>
   </div>
   <div class='ocr_carea' id='block_1_86' title="bbox 2112 4318 3699 4405">
    <p class='ocr_par' dir='ltr' id='par_1_86' title="bbox 2114 4319 3699 4403">
     <span class='ocr_line' id='line_1_86' title="bbox 2114 4319 3699 4403; baseline -0.006 -17"><span class='ocrx_word' id='word_1_547' title='bbox 2114 4335 2317 4403; x_wconf 71' lang='grc' dir='ltr'>ἕτεροι,</span> <span class='ocrx_word' id='word_1_548' title='bbox 2359 4335 2678 4401; x_wconf 78' lang='grc' dir='ltr'>παραμοναὶ</span> <span class='ocrx_word' id='word_1_549' title='bbox 2719 4329 2817 4399; x_wconf 83' lang='grc' dir='ltr'>μὲν</span> <span class='ocrx_word' id='word_1_550' title='bbox 2870 4328 2962 4380; x_wconf 79' lang='grc' dir='ltr'><strong>καὶ</strong></span> <span class='ocrx_word' id='word_1_551' title='bbox 3019 4319 3185 4388; x_wconf 74' lang='grc' dir='ltr'>οὗτοι,</span> <span class='ocrx_word' id='word_1_552' title='bbox 3227 4326 3367 4397; x_wconf 83' lang='grc' dir='ltr'>πλὴν</span> <span class='ocrx_word' id='word_1_553' title='bbox 3414 4327 3543 4379; x_wconf 79' lang='grc' dir='ltr'>ἄνευ</span> <span class='ocrx_word' id='word_1_554' title='bbox 3573 4325 3699 4378; x_wconf 82' lang='grc' dir='ltr'>ἁλό-</span> 
     </span>
    </p>
   </div>
   <div class='ocr_carea' id='block_1_87' title="bbox 425 4409 2005 4496">
    <p class='ocr_par' dir='ltr' id='par_1_87' title="bbox 425 4409 2005 4483">
     <span class='ocr_line' id='line_1_87' title="bbox 425 4409 2005 4483; baseline 0.006 -21"><span class='ocrx_word' id='word_1_555' title='bbox 425 4409 680 4465; x_wconf 87' lang='lat' dir='ltr'><strong>manibus</strong></span> <span class='ocrx_word' id='word_1_556' title='bbox 756 4418 996 4479; x_wconf 81' lang='lat' dir='ltr'><strong>gestant.</strong></span> <span class='ocrx_word' id='word_1_557' title='bbox 1076 4410 1279 4467; x_wconf 85' lang='lat' dir='ltr'><strong>Deinde</strong></span> <span class='ocrx_word' id='word_1_558' title='bbox 1333 4423 1462 4468; x_wconf 92' lang='lat' dir='ltr'><strong>sunt</strong></span> <span class='ocrx_word' id='word_1_559' title='bbox 1523 4431 1661 4483; x_wconf 90' lang='lat' dir='ltr'><strong>quos</strong></span> <span class='ocrx_word' id='word_1_560' title='bbox 1716 4418 2005 4473; x_wconf 87' lang='lat' dir='ltr'><strong>nominant</strong></span> 
     </span>
    </p>
   </div>
   <div class='ocr_carea' id='block_1_88' title="bbox 2112 4409 3713 4496">
    <p class='ocr_par' dir='ltr' id='par_1_88' title="bbox 2112 4418 3713 4496">
     <span class='ocr_line' id='line_1_88' title="bbox 2112 4418 3713 4496; baseline -0.006 -17"><span class='ocrx_word' id='word_1_561' title='bbox 2112 4446 2242 4496; x_wconf 87' lang='grc' dir='ltr'>γων,</span> <span class='ocrx_word' id='word_1_562' title='bbox 2281 4428 2498 4496; x_wconf 76' lang='grc' dir='ltr'>ἔχοντες</span> <span class='ocrx_word' id='word_1_563' title='bbox 2535 4422 2927 4490; x_wconf 82' lang='grc' dir='ltr'>άλλαγάτωρα,</span> <span class='ocrx_word' id='word_1_564' title='bbox 2966 4420 3225 4488; x_wconf 81' lang='grc' dir='ltr'>φέροντες</span> <span class='ocrx_word' id='word_1_565' title='bbox 3257 4421 3314 4471; x_wconf 85' lang='grc' dir='ltr'>ὲν</span> <span class='ocrx_word' id='word_1_566' title='bbox 3352 4418 3512 4488; x_wconf 74' lang='grc' dir='ltr'>χερσὶ</span> <span class='ocrx_word' id='word_1_567' title='bbox 3555 4420 3713 4493; x_wconf 25' lang='grc' dir='ltr'>πάν--</span> 
     </span>
    </p>
   </div>
   <div class='ocr_carea' id='block_1_89' title="bbox 425 4500 2004 4574">
    <p class='ocr_par' dir='ltr' id='par_1_89' title="bbox 425 4500 2004 4574">
     <span class='ocr_line' id='line_1_89' title="bbox 425 4500 2004 4574; baseline 0.009 -23"><span class='ocrx_word' id='word_1_568' title='bbox 425 4509 699 4566; x_wconf 83' lang='lat' dir='ltr'><strong>tzacones,</strong></span> <span class='ocrx_word' id='word_1_569' title='bbox 730 4500 823 4569; x_wconf 92' lang='lat' dir='ltr'><strong>qui</strong></span> <span class='ocrx_word' id='word_1_570' title='bbox 858 4512 911 4554; x_wconf 90' lang='lat' dir='ltr'><strong>et</strong></span> <span class='ocrx_word' id='word_1_571' title='bbox 940 4500 1040 4566; x_wconf 90' lang='lat' dir='ltr'><strong>ipsi</strong></span> <span class='ocrx_word' id='word_1_572' title='bbox 1106 4504 1347 4571; x_wconf 82' lang='lat' dir='ltr'><strong>pilaticia</strong></span> <span class='ocrx_word' id='word_1_573' title='bbox 1420 4517 1664 4574; x_wconf 85' lang='lat' dir='ltr'><strong>portant.</strong></span> <span class='ocrx_word' id='word_1_574' title='bbox 1715 4510 1847 4563; x_wconf 87' lang='lat' dir='ltr'><strong>Post</strong></span> <span class='ocrx_word' id='word_1_575' title='bbox 1904 4512 2004 4565; x_wconf 90' lang='lat' dir='ltr'><strong>hos</strong></span> 
     </span>
    </p>
   </div>
   <div class='ocr_carea' id='block_1_90' title="bbox 425 4589 2004 4666">
    <p class='ocr_par' dir='ltr' id='par_1_90' title="bbox 425 4589 2004 4666">
     <span class='ocr_line' id='line_1_90' title="bbox 425 4589 2004 4666; baseline 0.008 -23"><span class='ocrx_word' id='word_1_576' title='bbox 425 4598 556 4644; x_wconf 90' lang='lat' dir='ltr'><strong>sunt</strong></span> <span class='ocrx_word' id='word_1_577' title='bbox 584 4589 697 4653; x_wconf 91' lang='lat' dir='ltr'><strong>alii,</strong></span> <span class='ocrx_word' id='word_1_578' title='bbox 738 4591 953 4658; x_wconf 90' lang='lat' dir='ltr'><strong>pedites</strong></span> <span class='ocrx_word' id='word_1_579' title='bbox 990 4593 1212 4660; x_wconf 90' lang='lat' dir='ltr'><strong>quidem</strong></span> <span class='ocrx_word' id='word_1_580' title='bbox 1265 4606 1319 4650; x_wconf 88' lang='lat' dir='ltr'><strong>et</strong></span> <span class='ocrx_word' id='word_1_581' title='bbox 1370 4596 1485 4658; x_wconf 84' lang='lat' dir='ltr'><strong>isti,</strong></span> <span class='ocrx_word' id='word_1_582' title='bbox 1541 4613 1680 4666; x_wconf 84' lang='lat' dir='ltr'><strong>quos</strong></span> <span class='ocrx_word' id='word_1_583' title='bbox 1735 4609 2004 4657; x_wconf 87' lang='lat' dir='ltr'><strong>murtalos</strong></span> 
     </span>
    </p>
   </div>
   <div class='ocr_carea' id='block_1_91' title="bbox 423 4685 2004 4761">
    <p class='ocr_par' dir='ltr' id='par_1_91' title="bbox 423 4685 2004 4761">
     <span class='ocr_line' id='line_1_91' title="bbox 423 4685 2004 4761; baseline 0.008 -27"><span class='ocrx_word' id='word_1_584' title='bbox 423 4692 644 4746; x_wconf 88' lang='lat' dir='ltr'><strong>vocant,</strong></span> <span class='ocrx_word' id='word_1_585' title='bbox 678 4697 911 4751; x_wconf 86' lang='lat' dir='ltr'><strong>quorum</strong></span> <span class='ocrx_word' id='word_1_586' title='bbox 942 4685 1170 4753; x_wconf 89' lang='lat' dir='ltr'><strong>quilibet</strong></span> <span class='ocrx_word' id='word_1_587' title='bbox 1200 4685 1305 4739; x_wconf 88' lang='lat' dir='ltr'><strong>fert</strong></span> <span class='ocrx_word' id='word_1_588' title='bbox 1355 4687 1482 4741; x_wconf 86' lang='lat' dir='ltr'><strong>tela.</strong></span> <span class='ocrx_word' id='word_1_589' title='bbox 1545 4687 1864 4744; x_wconf 85' lang='lat' dir='ltr'><strong>Stationarii</strong></span> <span class='ocrx_word' id='word_1_590' title='bbox 1921 4693 2004 4761; x_wconf 91' lang='lat' dir='ltr'><strong>pi-</strong></span> 
     </span>
    </p>
   </div>
   <div class='ocr_carea' id='block_1_92' title="bbox 423 4771 2002 4846">
    <p class='ocr_par' dir='ltr' id='par_1_92' title="bbox 423 4771 2002 4846">
     <span class='ocr_line' id='line_1_92' title="bbox 423 4771 2002 4846; baseline 0.008 -22"><span class='ocrx_word' id='word_1_591' title='bbox 423 4771 539 4825; x_wconf 89' lang='lat' dir='ltr'><strong>leos</strong></span> <span class='ocrx_word' id='word_1_592' title='bbox 578 4786 673 4825; x_wconf 90' lang='lat' dir='ltr'><strong>seu</strong></span> <span class='ocrx_word' id='word_1_593' title='bbox 734 4773 999 4829; x_wconf 88' lang='lat' dir='ltr'><strong>umbellas</strong></span> <span class='ocrx_word' id='word_1_594' title='bbox 1052 4783 1294 4844; x_wconf 77' lang='lat' dir='ltr'><strong>gestant,</strong></span> <span class='ocrx_word' id='word_1_595' title='bbox 1345 4785 1624 4841; x_wconf 85' lang='lat' dir='ltr'><strong>tzaconcs,</strong></span> <span class='ocrx_word' id='word_1_596' title='bbox 1674 4787 1889 4846; x_wconf 85' lang='lat' dir='ltr'><strong>pctasos</strong></span> <span class='ocrx_word' id='word_1_597' title='bbox 1910 4796 2002 4836; x_wconf 91' lang='lat' dir='ltr'><strong>seu</strong></span> 
     </span>
    </p>
   </div>
   <div class='ocr_carea' id='block_1_93' title="bbox 424 4864 2000 4935">
    <p class='ocr_par' dir='ltr' id='par_1_93' title="bbox 424 4864 2000 4935">
     <span class='ocr_line' id='line_1_93' title="bbox 424 4864 2000 4935; baseline 0.008 -19"><span class='ocrx_word' id='word_1_598' title='bbox 424 4865 762 4919; x_wconf 89' lang='lat' dir='ltr'><strong>cuculiones.</strong></span> <span class='ocrx_word' id='word_1_599' title='bbox 788 4864 993 4923; x_wconf 84' lang='lat' dir='ltr'><strong>Ferunt</strong></span> <span class='ocrx_word' id='word_1_600' title='bbox 1025 4868 1192 4921; x_wconf 87' lang='lat' dir='ltr'><strong>etiam</strong></span> <span class='ocrx_word' id='word_1_601' title='bbox 1224 4883 1463 4935; x_wconf 82' lang='lat' dir='ltr'><strong>superne</strong></span> <span class='ocrx_word' id='word_1_602' title='bbox 1489 4870 1698 4923; x_wconf 87' lang='lat' dir='ltr'><strong>coloris</strong></span> <span class='ocrx_word' id='word_1_603' title='bbox 1734 4873 1884 4927; x_wconf 65' lang='lat' dir='ltr'><strong>caesii</strong></span> <span class='ocrx_word' id='word_1_604' title='bbox 1917 4874 2000 4928; x_wconf 94' lang='lat' dir='ltr'><strong>lo-</strong></span> 
     </span>
    </p>
   </div>
   <div class='ocr_carea' id='block_1_94' title="bbox 426 4949 2006 5032">
    <p class='ocr_par' dir='ltr' id='par_1_94' title="bbox 426 4949 2006 5032">
     <span class='ocr_line' id='line_1_94' title="bbox 426 4949 2006 5032; baseline 0.007 -24"><span class='ocrx_word' id='word_1_605' title='bbox 426 4959 565 5011; x_wconf 85' lang='lat' dir='ltr'><strong>ricas</strong></span> <span class='ocrx_word' id='word_1_606' title='bbox 599 4959 872 5013; x_wconf 88' lang='lat' dir='ltr'><strong>stantibus</strong></span> <span class='ocrx_word' id='word_1_607' title='bbox 898 4960 1172 5024; x_wconf 90' lang='lat' dir='ltr'><strong>leonibus,</strong></span> <span class='ocrx_word' id='word_1_608' title='bbox 1233 4949 1413 5028; x_wconf 83' lang='lat' dir='ltr'><strong>iisque</strong></span> <span class='ocrx_word' id='word_1_609' title='bbox 1461 4962 1638 5027; x_wconf 86' lang='lat' dir='ltr'><strong>albis,</strong></span> <span class='ocrx_word' id='word_1_610' title='bbox 1674 4965 1726 5017; x_wconf 93' lang='lat' dir='ltr'><strong>in</strong></span> <span class='ocrx_word' id='word_1_611' title='bbox 1784 4975 2006 5032; x_wconf 90' lang='lat' dir='ltr'><strong>pectore</strong></span> 
     </span>
    </p>
   </div>
   <div class='ocr_carea' id='block_1_95' title="bbox 424 5047 2006 5117">
    <p class='ocr_par' dir='ltr' id='par_1_95' title="bbox 424 5047 2006 5117">
     <span class='ocr_line' id='line_1_95' title="bbox 424 5047 2006 5117; baseline 0.007 -19"><span class='ocrx_word' id='word_1_612' title='bbox 424 5047 739 5116; x_wconf 76' lang='lat' dir='ltr'><strong>insignitas,</strong></span> <span class='ocrx_word' id='word_1_613' title='bbox 773 5050 866 5117; x_wconf 88' lang='lat' dir='ltr'><strong>qui</strong></span> <span class='ocrx_word' id='word_1_614' title='bbox 917 5059 1110 5105; x_wconf 90' lang='lat' dir='ltr'><strong>contra</strong></span> <span class='ocrx_word' id='word_1_615' title='bbox 1152 5066 1276 5104; x_wconf 89' lang='lat' dir='ltr'><strong>sese</strong></span> <span class='ocrx_word' id='word_1_616' title='bbox 1333 5052 1502 5106; x_wconf 83' lang='lat' dir='ltr'><strong>erceti</strong></span> <span class='ocrx_word' id='word_1_617' title='bbox 1541 5062 1687 5107; x_wconf 89' lang='lat' dir='ltr'><strong>sunt.</strong></span> <span class='ocrx_word' id='word_1_618' title='bbox 1740 5054 2006 5109; x_wconf 88' lang='lat' dir='ltr'><strong>Similiter</strong></span> 
     </span>
    </p>
   </div>
   <div class='ocr_carea' id='block_1_96' title="bbox 424 5138 2001 5217">
    <p class='ocr_par' dir='ltr' id='par_1_96' title="bbox 424 5138 2001 5217">
     <span class='ocr_line' id='line_1_96' title="bbox 424 5138 2001 5217; baseline 0.008 -28"><span class='ocrx_word' id='word_1_619' title='bbox 424 5138 478 5189; x_wconf 86' lang='lat' dir='ltr'><strong>in</strong></span> <span class='ocrx_word' id='word_1_620' title='bbox 505 5147 678 5207; x_wconf 79' lang='lat' dir='ltr'><strong>tergo.</strong></span> <span class='ocrx_word' id='word_1_621' title='bbox 728 5139 901 5194; x_wconf 85' lang='lat' dir='ltr'><strong>Etiam</strong></span> <span class='ocrx_word' id='word_1_622' title='bbox 934 5141 1365 5210; x_wconf 87' lang='lat' dir='ltr'><strong>Cortinarii,qui</strong></span> <span class='ocrx_word' id='word_1_623' title='bbox 1425 5153 1479 5199; x_wconf 89' lang='lat' dir='ltr'><strong>et</strong></span> <span class='ocrx_word' id='word_1_624' title='bbox 1524 5146 1628 5214; x_wconf 89' lang='lat' dir='ltr'><strong>ipsi</strong></span> <span class='ocrx_word' id='word_1_625' title='bbox 1687 5149 2001 5217; x_wconf 82' lang='lat' dir='ltr'><strong>praefectum</strong></span> 
     </span>
    </p>
   </div>
   <div class='ocr_carea' id='block_1_97' title="bbox 425 5231 2009 5310">
    <p class='ocr_par' dir='ltr' id='par_1_97' title="bbox 425 5231 2009 5310">
     <span class='ocr_line' id='line_1_97' title="bbox 425 5231 2009 5310; baseline 0.006 -27"><span class='ocrx_word' id='word_1_626' title='bbox 425 5231 651 5295; x_wconf 89' lang='lat' dir='ltr'><strong>habent,</strong></span> <span class='ocrx_word' id='word_1_627' title='bbox 685 5248 846 5303; x_wconf 87' lang='lat' dir='ltr'><strong>quem</strong></span> <span class='ocrx_word' id='word_1_628' title='bbox 903 5235 1158 5289; x_wconf 87' lang='lat' dir='ltr'><strong>comitem</strong></span> <span class='ocrx_word' id='word_1_629' title='bbox 1211 5237 1524 5306; x_wconf 84' lang='lat' dir='ltr'><strong>appellant;</strong></span> <span class='ocrx_word' id='word_1_630' title='bbox 1577 5255 1813 5310; x_wconf 89' lang='lat' dir='ltr'><strong>quorum</strong></span> <span class='ocrx_word' id='word_1_631' title='bbox 1878 5241 2009 5295; x_wconf 90' lang='lat' dir='ltr'><strong>licet</strong></span> 
     </span>
    </p>
   </div>
   <div class='ocr_carea' id='block_1_98' title="bbox 426 5324 2007 5392">
    <p class='ocr_par' dir='ltr' id='par_1_98' title="bbox 426 5324 2007 5392">
     <span class='ocr_line' id='line_1_98' title="bbox 426 5324 2007 5392; baseline 0.006 -14"><span class='ocrx_word' id='word_1_632' title='bbox 426 5324 622 5378; x_wconf 83' lang='lat' dir='ltr'><strong>classis</strong></span> <span class='ocrx_word' id='word_1_633' title='bbox 656 5326 835 5380; x_wconf 91' lang='lat' dir='ltr'><strong>minor</strong></span> <span class='ocrx_word' id='word_1_634' title='bbox 869 5327 964 5392; x_wconf 76' lang='lat' dir='ltr'><strong>sit,</strong></span> <span class='ocrx_word' id='word_1_635' title='bbox 1016 5327 1310 5383; x_wconf 88' lang='lat' dir='ltr'><strong>stationem</strong></span> <span class='ocrx_word' id='word_1_636' title='bbox 1376 5339 1556 5385; x_wconf 89' lang='lat' dir='ltr'><strong>tamen</strong></span> <span class='ocrx_word' id='word_1_637' title='bbox 1611 5333 1814 5387; x_wconf 80' lang='lat' dir='ltr'><strong>habent</strong></span> <span class='ocrx_word' id='word_1_638' title='bbox 1865 5334 2007 5388; x_wconf 87' lang='lat' dir='ltr'><strong>infra</strong></span> 
     </span>
    </p>
   </div>
   <div class='ocr_carea' id='block_1_99' title="bbox 426 5414 2006 5497">
    <p class='ocr_par' dir='ltr' id='par_1_99' title="bbox 426 5414 2006 5497">
     <span class='ocr_line' id='line_1_99' title="bbox 426 5414 2006 5497; baseline 0.009 -29"><span class='ocrx_word' id='word_1_639' title='bbox 426 5414 609 5471; x_wconf 84' lang='lat' dir='ltr'><strong>locum</strong></span> <span class='ocrx_word' id='word_1_640' title='bbox 669 5417 1005 5483; x_wconf 89' lang='lat' dir='ltr'><strong>imperatorii</strong></span> <span class='ocrx_word' id='word_1_641' title='bbox 1064 5419 1272 5473; x_wconf 88' lang='lat' dir='ltr'><strong>throni.</strong></span> <span class='ocrx_word' id='word_1_642' title='bbox 1347 5421 1705 5497; x_wconf 73' lang='lat' dir='ltr'><strong>Bardariotae</strong></span> <span class='ocrx_word' id='word_1_643' title='bbox 1745 5426 2006 5483; x_wconf 76' lang='lat' dir='ltr'><strong>destinati</strong></span> 
     </span>
    </p>
   </div>
   <div class='ocr_carea' id='block_1_100' title="bbox 426 5508 2010 5588">
    <p class='ocr_par' dir='ltr' id='par_1_100' title="bbox 426 5508 2010 5588">
     <span class='ocr_line' id='line_1_100' title="bbox 426 5508 2010 5588; baseline 0.008 -28"><span class='ocrx_word' id='word_1_644' title='bbox 426 5514 557 5561; x_wconf 84' lang='lat' dir='ltr'><strong>sunt</strong></span> <span class='ocrx_word' id='word_1_645' title='bbox 607 5508 675 5561; x_wconf 85' lang='lat' dir='ltr'><strong>ad</strong></span> <span class='ocrx_word' id='word_1_646' title='bbox 726 5509 1035 5563; x_wconf 90' lang='lat' dir='ltr'><strong>custodiam</strong></span> <span class='ocrx_word' id='word_1_647' title='bbox 1093 5511 1279 5581; x_wconf 73' lang='lat' dir='ltr'><strong>jannm</strong></span> <span class='ocrx_word' id='word_1_648' title='bbox 1329 5514 1541 5568; x_wconf 78' lang='lat' dir='ltr'><strong>aulicae.</strong></span> <span class='ocrx_word' id='word_1_649' title='bbox 1596 5514 1797 5573; x_wconf 87' lang='lat' dir='ltr'><strong>Omnes</strong></span> <span class='ocrx_word' id='word_1_650' title='bbox 1845 5520 2010 5588; x_wconf 74' lang='lat' dir='ltr'><strong>igitur</strong></span> 
     </span>
    </p>
   </div>
   <div class='ocr_carea' id='block_1_101' title="bbox 428 5595 2007 5679">
    <p class='ocr_par' dir='ltr' id='par_1_101' title="bbox 428 5595 2007 5679">
     <span class='ocr_line' id='line_1_101' title="bbox 428 5595 2007 5679; baseline 0.009 -30"><span class='ocrx_word' id='word_1_651' title='bbox 428 5595 539 5662; x_wconf 89' lang='lat' dir='ltr'><strong>isti,</strong></span> <span class='ocrx_word' id='word_1_652' title='bbox 565 5601 784 5667; x_wconf 89' lang='lat' dir='ltr'><strong>quando</strong></span> <span class='ocrx_word' id='word_1_653' title='bbox 814 5603 1093 5655; x_wconf 81' lang='lat' dir='ltr'><strong>matutinae</strong></span> <span class='ocrx_word' id='word_1_654' title='bbox 1137 5603 1348 5668; x_wconf 77' lang='lat' dir='ltr'><strong>laudes,</strong></span> <span class='ocrx_word' id='word_1_655' title='bbox 1381 5604 1614 5671; x_wconf 78' lang='lat' dir='ltr'><strong>liturgiae</strong></span> <span class='ocrx_word' id='word_1_656' title='bbox 1661 5616 1715 5661; x_wconf 92' lang='lat' dir='ltr'><strong>et</strong></span> <span class='ocrx_word' id='word_1_657' title='bbox 1781 5626 2007 5679; x_wconf 89' lang='lat' dir='ltr'><strong>vesper-</strong></span> 
     </span>
    </p>
   </div>
   <div class='ocr_carea' id='block_1_102' title="bbox 429 5689 2004 5766">
    <p class='ocr_par' dir='ltr' id='par_1_102' title="bbox 429 5689 2004 5766">
     <span class='ocr_line' id='line_1_102' title="bbox 429 5689 2004 5766; baseline 0.01 -25"><span class='ocrx_word' id='word_1_658' title='bbox 429 5689 555 5743; x_wconf 76' lang='lat' dir='ltr'><strong>time</strong></span> <span class='ocrx_word' id='word_1_659' title='bbox 582 5691 964 5756; x_wconf 82' lang='lat' dir='ltr'><strong>decantantur,</strong></span> <span class='ocrx_word' id='word_1_660' title='bbox 1028 5694 1221 5747; x_wconf 87' lang='lat' dir='ltr'><strong>ordine</strong></span> <span class='ocrx_word' id='word_1_661' title='bbox 1271 5696 1474 5760; x_wconf 87' lang='lat' dir='ltr'><strong>quique</strong></span> <span class='ocrx_word' id='word_1_662' title='bbox 1530 5712 1631 5752; x_wconf 88' lang='lat' dir='ltr'><strong>suo</strong></span> <span class='ocrx_word' id='word_1_663' title='bbox 1674 5704 2004 5766; x_wconf 69' lang='lat' dir='ltr'><strong>consistunt,</strong></span> 
     </span>
    </p>
   </div>
   <div class='ocr_carea' id='block_1_103' title="bbox 2107 4507 3699 4581">
    <p class='ocr_par' dir='ltr' id='par_1_103' title="bbox 2107 4507 3699 4581">
     <span class='ocr_line' id='line_1_103' title="bbox 2107 4507 3699 4581; baseline -0.006 -10"><span class='ocrx_word' id='word_1_664' title='bbox 2107 4536 2196 4581; x_wconf 85' lang='grc' dir='ltr'><strong>τες</strong></span> <span class='ocrx_word' id='word_1_665' title='bbox 2220 4518 2319 4579; x_wconf 87' lang='grc' dir='ltr'><strong>τὰς</strong></span> <span class='ocrx_word' id='word_1_666' title='bbox 2363 4515 2583 4576; x_wconf 80' lang='grc' dir='ltr'>σπάθας</span> <span class='ocrx_word' id='word_1_667' title='bbox 2626 4512 2829 4565; x_wconf 81' lang='grc' dir='ltr'>αὐτῶν.</span> <span class='ocrx_word' id='word_1_668' title='bbox 2864 4507 2999 4563; x_wconf 78' lang='grc' dir='ltr'>Εἶτα</span> <span class='ocrx_word' id='word_1_669' title='bbox 3026 4510 3377 4579; x_wconf 82' lang='grc' dir='ltr'>εὑρίσκονται</span> <span class='ocrx_word' id='word_1_670' title='bbox 3412 4511 3461 4561; x_wconf 80' lang='grc' dir='ltr'>οἱ</span> <span class='ocrx_word' id='word_1_671' title='bbox 3494 4509 3699 4577; x_wconf 79' lang='grc' dir='ltr'>ὀνομα-</span> 
     </span>
    </p>
   </div>
   <div class='ocr_carea' id='block_1_104' title="bbox 2106 4596 3693 4679">
    <p class='ocr_par' dir='ltr' id='par_1_104' title="bbox 2106 4596 3693 4679">
     <span class='ocr_line' id='line_1_104' title="bbox 2106 4596 3693 4679; baseline -0.005 -17"><span class='ocrx_word' id='word_1_672' title='bbox 2106 4609 2324 4679; x_wconf 77' lang='grc' dir='ltr'>ζόμενοι</span> <span class='ocrx_word' id='word_1_673' title='bbox 2382 4607 2664 4671; x_wconf 72' lang='grc' dir='ltr'>τξάκονες,</span> <span class='ocrx_word' id='word_1_674' title='bbox 2702 4602 2963 4673; x_wconf 83' lang='grc' dir='ltr'>φέροντες</span> <span class='ocrx_word' id='word_1_675' title='bbox 3016 4604 3109 4653; x_wconf 73' lang='grc' dir='ltr'><strong>καὶ</strong></span> <span class='ocrx_word' id='word_1_676' title='bbox 3175 4596 3323 4655; x_wconf 77' lang='grc' dir='ltr'>οὗτοι</span> <span class='ocrx_word' id='word_1_677' title='bbox 3386 4600 3693 4654; x_wconf 84' lang='grc' dir='ltr'>πιλατίκια.</span> 
     </span>
    </p>
   </div>
   <div class='ocr_carea' id='block_1_105' title="bbox 2108 4684 3694 4767">
    <p class='ocr_par' dir='ltr' id='par_1_105' title="bbox 2108 4684 3694 4767">
     <span class='ocr_line' id='line_1_105' title="bbox 2108 4684 3694 4767; baseline -0.006 -15"><span class='ocrx_word' id='word_1_678' title='bbox 2108 4700 2217 4753; x_wconf 83' lang='grc' dir='ltr'>Καὶ</span> <span class='ocrx_word' id='word_1_679' title='bbox 2272 4698 2414 4767; x_wconf 75' lang='grc' dir='ltr'>μετὰ</span> <span class='ocrx_word' id='word_1_680' title='bbox 2464 4696 2689 4757; x_wconf 80' lang='grc' dir='ltr'>τούτους</span> <span class='ocrx_word' id='word_1_681' title='bbox 2745 4694 2949 4763; x_wconf 70' lang='grc' dir='ltr'>ἕτεροι,</span> <span class='ocrx_word' id='word_1_682' title='bbox 2983 4692 3138 4756; x_wconf 77' lang='grc' dir='ltr'>πεζοὶ</span> <span class='ocrx_word' id='word_1_683' title='bbox 3204 4692 3303 4761; x_wconf 76' lang='grc' dir='ltr'><strong>μὲν</strong></span> <span class='ocrx_word' id='word_1_684' title='bbox 3359 4692 3457 4744; x_wconf 77' lang='grc' dir='ltr'>καὶ</span> <span class='ocrx_word' id='word_1_685' title='bbox 3521 4684 3694 4754; x_wconf 77' lang='grc' dir='ltr'>οὗτοι,</span> 
     </span>
    </p>
   </div>
   <div class='ocr_carea' id='block_1_106' title="bbox 2113 4783 3696 4859">
    <p class='ocr_par' dir='ltr' id='par_1_106' title="bbox 2113 4783 3696 4859">
     <span class='ocr_line' id='line_1_106' title="bbox 2113 4783 3696 4859; baseline -0.006 -17"><span class='ocrx_word' id='word_1_686' title='bbox 2113 4790 2502 4859; x_wconf 78' lang='grc' dir='ltr'>ὀνομαζόμενοι</span> <span class='ocrx_word' id='word_1_687' title='bbox 2559 4787 2865 4856; x_wconf 86' lang='grc' dir='ltr'>Μυρτάτοι,</span> <span class='ocrx_word' id='word_1_688' title='bbox 2922 4783 3054 4847; x_wconf 80' lang='grc' dir='ltr'>τόξα</span> <span class='ocrx_word' id='word_1_689' title='bbox 3110 4783 3342 4844; x_wconf 72' lang='grc' dir='ltr'>ἕκαστος</span> <span class='ocrx_word' id='word_1_690' title='bbox 3397 4784 3696 4850; x_wconf 79' lang='grc' dir='ltr'>φέροντες·</span> 
     </span>
    </p>
   </div>
   <div class='ocr_carea' id='block_1_107' title="bbox 2112 4872 3696 4950">
    <p class='ocr_par' dir='ltr' id='par_1_107' title="bbox 2112 4872 3696 4950">
     <span class='ocr_line' id='line_1_107' title="bbox 2112 4872 3696 4950; baseline -0.006 -16"><span class='ocrx_word' id='word_1_691' title='bbox 2112 4882 2169 4934; x_wconf 90' lang='grc' dir='ltr'>αἱ</span> <span class='ocrx_word' id='word_1_692' title='bbox 2206 4883 2389 4950; x_wconf 80' lang='grc' dir='ltr'>μέντοι</span> <span class='ocrx_word' id='word_1_693' title='bbox 2419 4878 2740 4948; x_wconf 75' lang='grc' dir='ltr'>παραμοναὶ</span> <span class='ocrx_word' id='word_1_694' title='bbox 2773 4875 2911 4944; x_wconf 76' lang='grc' dir='ltr'>μετὰ</span> <span class='ocrx_word' id='word_1_695' title='bbox 2942 4874 3221 4938; x_wconf 86' lang='grc' dir='ltr'>σκιαδίων,</span> <span class='ocrx_word' id='word_1_696' title='bbox 3258 4875 3307 4925; x_wconf 81' lang='grc' dir='ltr'><strong>οἱ</strong></span> <span class='ocrx_word' id='word_1_697' title='bbox 3335 4872 3598 4936; x_wconf 75' lang='grc' dir='ltr'>τζάκονες</span> <span class='ocrx_word' id='word_1_698' title='bbox 3632 4873 3696 4926; x_wconf 84' lang='grc' dir='ltr'>δὲ</span> 
     </span>
    </p>
   </div>
   <div class='ocr_carea' id='block_1_108' title="bbox 2115 4963 3699 5041">
    <p class='ocr_par' dir='ltr' id='par_1_108' title="bbox 2115 4963 3699 5041">
     <span class='ocr_line' id='line_1_108' title="bbox 2115 4963 3699 5041; baseline -0.004 -17"><span class='ocrx_word' id='word_1_699' title='bbox 2115 4972 2254 5041; x_wconf 88' lang='grc' dir='ltr'>μετά</span> <span class='ocrx_word' id='word_1_700' title='bbox 2309 4969 2628 5031; x_wconf 87' lang='grc' dir='ltr'>καπασίων,</span> <span class='ocrx_word' id='word_1_701' title='bbox 2701 4966 2999 5036; x_wconf 79' lang='grc' dir='ltr'>φοροῦντες</span> <span class='ocrx_word' id='word_1_702' title='bbox 3066 4965 3160 5016; x_wconf 74' lang='grc' dir='ltr'><strong>καὶ</strong></span> <span class='ocrx_word' id='word_1_703' title='bbox 3216 4964 3407 5017; x_wconf 76' lang='grc' dir='ltr'>ἐπάνω</span> <span class='ocrx_word' id='word_1_704' title='bbox 3461 4963 3699 5019; x_wconf 82' lang='grc' dir='ltr'>κλίϐανα</span> 
     </span>
    </p>
   </div>
   <div class='ocr_carea' id='block_1_109' title="bbox 2108 5057 3695 5134">
    <p class='ocr_par' dir='ltr' id='par_1_109' title="bbox 2108 5057 3695 5134">
     <span class='ocr_line' id='line_1_109' title="bbox 2108 5057 3695 5134; baseline -0.005 -19"><span class='ocrx_word' id='word_1_705' title='bbox 2108 5066 2365 5134; x_wconf 81' lang='grc' dir='ltr'>ὴεράνεα,</span> <span class='ocrx_word' id='word_1_706' title='bbox 2398 5063 2620 5123; x_wconf 83' lang='grc' dir='ltr'>λέοντας</span> <span class='ocrx_word' id='word_1_707' title='bbox 2653 5061 2781 5126; x_wconf 74' lang='grc' dir='ltr'>περὶ</span> <span class='ocrx_word' id='word_1_708' title='bbox 2812 5060 2872 5111; x_wconf 77' lang='grc' dir='ltr'><strong>τὸ</strong></span> <span class='ocrx_word' id='word_1_709' title='bbox 2912 5058 3109 5127; x_wconf 84' lang='grc' dir='ltr'>στῆθος</span> <span class='ocrx_word' id='word_1_710' title='bbox 3140 5058 3333 5126; x_wconf 78' lang='grc' dir='ltr'>ἔχοντα</span> <span class='ocrx_word' id='word_1_711' title='bbox 3365 5057 3695 5125; x_wconf 80' lang='grc' dir='ltr'>ἱσταμένους</span> 
     </span>
    </p>
   </div>
   <div class='ocr_carea' id='block_1_110' title="bbox 2110 5145 3699 5221">
    <p class='ocr_par' dir='ltr' id='par_1_110' title="bbox 2110 5145 3699 5221">
     <span class='ocr_line' id='line_1_110' title="bbox 2110 5145 3699 5221; baseline -0.005 -15"><span class='ocrx_word' id='word_1_712' title='bbox 2110 5154 2363 5217; x_wconf 80' lang='grc' dir='ltr'>λευκοὺς,</span> <span class='ocrx_word' id='word_1_713' title='bbox 2391 5152 2636 5221; x_wconf 86' lang='grc' dir='ltr'>ὁρῶντας</span> <span class='ocrx_word' id='word_1_714' title='bbox 2679 5148 2910 5217; x_wconf 84' lang='grc' dir='ltr'>ἀντικρύ</span> <span class='ocrx_word' id='word_1_715' title='bbox 2960 5148 3103 5200; x_wconf 83' lang='grc' dir='ltr'>κατὰ</span> <span class='ocrx_word' id='word_1_716' title='bbox 3137 5147 3453 5214; x_wconf 88' lang='grc' dir='ltr'>πρόσωπον.</span> <span class='ocrx_word' id='word_1_717' title='bbox 3497 5145 3699 5199; x_wconf 82' lang='grc' dir='ltr'>Ὡσαύ-</span> 
     </span>
    </p>
   </div>
   <div class='ocr_carea' id='block_1_111' title="bbox 2112 5239 3698 5315">
    <p class='ocr_par' dir='ltr' id='par_1_111' title="bbox 2112 5239 3698 5315">
     <span class='ocr_line' id='line_1_111' title="bbox 2112 5239 3698 5315; baseline -0.003 -21"><span class='ocrx_word' id='word_1_718' title='bbox 2112 5262 2219 5308; x_wconf 84' lang='grc' dir='ltr'><strong>τως</strong></span> <span class='ocrx_word' id='word_1_719' title='bbox 2268 5244 2364 5296; x_wconf 67' lang='grc' dir='ltr'><strong>κα)⁸</strong></span> <span class='ocrx_word' id='word_1_720' title='bbox 2412 5244 2658 5296; x_wconf 79' lang='grc' dir='ltr'>ὄπισθεν.</span> <span class='ocrx_word' id='word_1_721' title='bbox 2715 5240 2870 5293; x_wconf 68' lang='grc' dir='ltr'>Εἰσὶν</span> <span class='ocrx_word' id='word_1_722' title='bbox 2923 5240 3019 5291; x_wconf 78' lang='grc' dir='ltr'>καὶ</span> <span class='ocrx_word' id='word_1_723' title='bbox 3063 5239 3441 5315; x_wconf 66' lang='grc' dir='ltr'>Κορτινάριοι,</span> <span class='ocrx_word' id='word_1_724' title='bbox 3474 5239 3698 5307; x_wconf 79' lang='grc' dir='ltr'>ἔχοντες</span> 
     </span>
    </p>
   </div>
   <div class='ocr_carea' id='block_1_112' title="bbox 2115 5331 3694 5405">
    <p class='ocr_par' dir='ltr' id='par_1_112' title="bbox 2115 5331 3694 5405">
     <span class='ocr_line' id='line_1_112' title="bbox 2115 5331 3694 5405; baseline -0.005 -14"><span class='ocrx_word' id='word_1_725' title='bbox 2115 5339 2208 5392; x_wconf 77' lang='grc' dir='ltr'><strong>καὶ</strong></span> <span class='ocrx_word' id='word_1_726' title='bbox 2245 5333 2392 5392; x_wconf 75' lang='grc' dir='ltr'>οὗτοι</span> <span class='ocrx_word' id='word_1_727' title='bbox 2444 5336 2652 5405; x_wconf 75' lang='grc' dir='ltr'>ἔνοχον,</span> <span class='ocrx_word' id='word_1_728' title='bbox 2695 5332 2754 5397; x_wconf 82' lang='grc' dir='ltr'>ὃς</span> <span class='ocrx_word' id='word_1_729' title='bbox 2808 5334 2986 5403; x_wconf 80' lang='grc' dir='ltr'>κόμης</span> <span class='ocrx_word' id='word_1_730' title='bbox 3033 5331 3313 5385; x_wconf 82' lang='grc' dir='ltr'>καλεῖται’</span> <span class='ocrx_word' id='word_1_731' title='bbox 3367 5331 3565 5393; x_wconf 76' lang='grc' dir='ltr'>οἵτινες</span> <span class='ocrx_word' id='word_1_732' title='bbox 3625 5332 3694 5400; x_wconf 80' lang='grc' dir='ltr'>δὴ</span> 
     </span>
    </p>
   </div>
   <div class='ocr_carea' id='block_1_113' title="bbox 2113 5421 3696 5493">
    <p class='ocr_par' dir='ltr' id='par_1_113' title="bbox 2113 5421 3696 5493">
     <span class='ocr_line' id='line_1_113' title="bbox 2113 5421 3696 5493; baseline -0.004 -11"><span class='ocrx_word' id='word_1_733' title='bbox 2113 5429 2218 5482; x_wconf 76' lang='grc' dir='ltr'>κᾶν</span> <span class='ocrx_word' id='word_1_734' title='bbox 2278 5427 2519 5481; x_wconf 76' lang='grc' dir='ltr'>ἐλάττων</span> <span class='ocrx_word' id='word_1_735' title='bbox 2562 5426 2715 5490; x_wconf 80' lang='grc' dir='ltr'>τάξις</span> <span class='ocrx_word' id='word_1_736' title='bbox 2767 5423 3171 5493; x_wconf 85' lang='grc' dir='ltr'>εὑρίσκωνται,</span> <span class='ocrx_word' id='word_1_737' title='bbox 3227 5422 3344 5474; x_wconf 78' lang='grc' dir='ltr'>ἀλλ’</span> <span class='ocrx_word' id='word_1_738' title='bbox 3395 5421 3491 5473; x_wconf 81' lang='grc' dir='ltr'><strong>οὖν</strong></span> <span class='ocrx_word' id='word_1_739' title='bbox 3540 5422 3696 5475; x_wconf 83' lang='grc' dir='ltr'>κάτω</span> 
     </span>
    </p>
   </div>
   <div class='ocr_carea' id='block_1_114' title="bbox 2114 5514 3693 5589">
    <p class='ocr_par' dir='ltr' id='par_1_114' title="bbox 2114 5514 3693 5589">
     <span class='ocr_line' id='line_1_114' title="bbox 2114 5514 3693 5589; baseline -0.005 -16"><span class='ocrx_word' id='word_1_740' title='bbox 2114 5522 2359 5575; x_wconf 82' lang='grc' dir='ltr'>ἵστανται</span> <span class='ocrx_word' id='word_1_741' title='bbox 2397 5522 2494 5589; x_wconf 86' lang='grc' dir='ltr'><strong>τῆς</strong></span> <span class='ocrx_word' id='word_1_742' title='bbox 2549 5517 2900 5589; x_wconf 82' lang='grc' dir='ltr'>προκύψεως.</span> <span class='ocrx_word' id='word_1_743' title='bbox 2934 5517 2998 5569; x_wconf 82' lang='grc' dir='ltr'><strong>Οἱ</strong></span> <span class='ocrx_word' id='word_1_744' title='bbox 3055 5514 3112 5567; x_wconf 80' lang='grc' dir='ltr'>δὲ</span> <span class='ocrx_word' id='word_1_745' title='bbox 3164 5514 3550 5585; x_wconf 66' lang='grc' dir='ltr'>Βαρδαριῶται</span> <span class='ocrx_word' id='word_1_746' title='bbox 3608 5515 3693 5577; x_wconf 80' lang='grc' dir='ltr'><strong>είς</strong></span> 
     </span>
    </p>
   </div>
   <div class='ocr_carea' id='block_1_115' title="bbox 2116 5593 3691 5680">
    <p class='ocr_par' dir='ltr' id='par_1_115' title="bbox 2116 5593 3691 5680">
     <span class='ocr_line' id='line_1_115' title="bbox 2116 5593 3691 5680; baseline -0.008 -17"><span class='ocrx_word' id='word_1_747' title='bbox 2116 5611 2213 5680; x_wconf 79' lang='grc' dir='ltr'><strong>τὴν</strong></span> <span class='ocrx_word' id='word_1_748' title='bbox 2260 5612 2357 5678; x_wconf 78' lang='grc' dir='ltr'>τῆς</span> <span class='ocrx_word' id='word_1_749' title='bbox 2409 5609 2580 5675; x_wconf 83' lang='grc' dir='ltr'>αὐλῆς</span> <span class='ocrx_word' id='word_1_750' title='bbox 2622 5607 2817 5675; x_wconf 82' lang='grc' dir='ltr'>θύραν.</span> <span class='ocrx_word' id='word_1_751' title='bbox 2884 5605 3089 5663; x_wconf 84' lang='grc' dir='ltr'>Πάντες</span> <span class='ocrx_word' id='word_1_752' title='bbox 3139 5597 3233 5654; x_wconf 78' lang='grc' dir='ltr'><strong>οὖν</strong></span> <span class='ocrx_word' id='word_1_753' title='bbox 3287 5593 3458 5664; x_wconf 74' lang='grc' dir='ltr'>οὗτοι,</span> <span class='ocrx_word' id='word_1_754' title='bbox 3493 5603 3587 5652; x_wconf 78' lang='grc' dir='ltr'><strong>καὶ</strong></span> <span class='ocrx_word' id='word_1_755' title='bbox 3640 5601 3691 5650; x_wconf 89' lang='grc' dir='ltr'><strong>οί</strong></span> 
     </span>
    </p>
   </div>
   <div class='ocr_carea' id='block_1_116' title="bbox 2116 5690 3689 5778">
    <p class='ocr_par' dir='ltr' id='par_1_116' title="bbox 2116 5690 3689 5778">
     <span class='ocr_line' id='line_1_116' title="bbox 2116 5690 3689 5778; baseline -0.008 -25"><span class='ocrx_word' id='word_1_756' title='bbox 2116 5702 2419 5769; x_wconf 75' lang='grc' dir='ltr'>εἰρημένοι,</span> <span class='ocrx_word' id='word_1_757' title='bbox 2448 5699 2570 5755; x_wconf 85' lang='grc' dir='ltr'>καθ’</span> <span class='ocrx_word' id='word_1_758' title='bbox 2611 5698 2678 5768; x_wconf 83' lang='grc' dir='ltr'>ἢν</span> <span class='ocrx_word' id='word_1_759' title='bbox 2712 5696 2861 5767; x_wconf 84' lang='grc' dir='ltr'>ὥραν</span> <span class='ocrx_word' id='word_1_760' title='bbox 2894 5698 2921 5749; x_wconf 90' lang='grc' dir='ltr'><strong>ὂ</strong></span> <span class='ocrx_word' id='word_1_761' title='bbox 2957 5710 3015 5747; x_wconf 84' lang='grc' dir='ltr'><strong>τε</strong></span> <span class='ocrx_word' id='word_1_762' title='bbox 3041 5692 3289 5763; x_wconf 83' lang='grc' dir='ltr'>όρΘρινὸς</span> <span class='ocrx_word' id='word_1_763' title='bbox 3338 5692 3512 5761; x_wconf 76' lang='grc' dir='ltr'>ὕμνος</span> <span class='ocrx_word' id='word_1_764' title='bbox 3532 5690 3689 5778; x_wconf 51' lang='grc' dir='ltr'>’ψάλ-</span> 
     </span>
    </p>
   </div>
  </div>
