4044 6470
269 363 327 426 57
796 338 799 343 ’
1210 367 1308 428 DE
1358 368 1694 429 OFFICIIS
1749 369 2209 433 CPOLITANIS
2271 370 2435 434 CAP.
2478 374 2548 436 v.
3458 372 3529 432 ιδ

271 480 434 545 λεται,
462 479 492 532 ὁ
520 477 620 548 τῆς
645 479 1129 551 λειτουργίας,καὶ
1166 483 1195 535 ὁ
1226 483 1321 536 τοῦ
1355 485 1673 555 ὲσπερινοῦ,
1695 488 1837 540 κατὰ

1980 491 2259 546 rimioerio
2288 491 2429 545 auiae
2460 490 2610 559 ipsos
2670 489 2739 544 in-
2771 488 3022 546 ordinem
3086 489 3375 544 decentem
3420 484 3531 544 eo.

270 574 415 638 τάξιν
456 572 723 639 ἵστανται,
764 575 1153 636 εὐτακτοῦντος
1202 577 1404 641 αὐτοὺς
1448 577 1544 632 τοῦ
1598 596 1839 650 πριμμι-

1980 591 2126 650 ente,
2161 594 2219 639 ut
2243 584 2451 639 dictum
2496 594 2609 640 est.

272 668 459 737 κηρίου
484 667 583 735 τῆς
614 667 811 737 αὐλῆς,
848 668 989 721 καθὰ
1012 667 1255 738 εἴρηται.

347 761 715 830 Ὑπηρετοῦσι
746 760 803 812 δὲ
833 761 883 814 οί
916 761 1265 833 Κορτινάριοι
1296 764 1377 826 είς
1410 762 1511 834 τὴν
1542 764 1638 818 τοῦ
1682 766 1840 835 βασι.⁴

2013 766 2125 837 38
2150 764 2449 821 Cortinarii
2476 764 2796 820 ministrant
2847 764 2916 819 ad
2966 763 3316 833 imperatoris
3352 764 3533 818 taber-

275 854 398 916 λέως
451 853 678 923 σκηνὴν,
708 854 832 923 ἥτις
880 853 1048 923 κόρτη
1123 854 1478 925 ὀνομάζεται.
1524 858 1585 910 '0
1650 858 1840 927 μέντοι

1985 861 2229 923 aculum,
2269 861 2415 929 quod
2481 859 2653 914 cortis
2693 857 3053 922 nominatur;
3087 871 3318 925 quorum
3349 871 3532 910 comes

284 948 451 1015 κόμης
489 944 673 998 αὐτῶν
698 946 790 997 καὶ
816 944 973 997 αὐτοὶ
1005 944 1050 996 δ’
1080 937 1237 1008 οὗτοι
1261 947 1431 1002 πανία
1456 948 1686 1017 φοροῦσι
1713 949 1846 1002 κόκ-

1945 962 2005 1009 et
2036 953 2142 1021 ipsi
2170 952 2357 1006 ferum
2396 965 2611 1020 pannos
2629 944 2922 1006 coccineos
2955 964 3020 1003 ex
3053 949 3222 1002 cortis
3253 942 3532 1002 veteribus

282 1055 395 1089 κινα
435 1038 499 1090 ἐκ
546 1037 656 1089 τῶν
695 1037 796 1105 τῆς
846 1036 1050 1107 κόρτης
1100 1039 1355 1092 παλαιῶν
1401 1042 1623 1105 πανίων,
1664 1045 1723 1109 ἐξ
1771 1040 1847 1098 ὧν

1980 1045 2168 1111 ianuis,
2202 1052 2256 1098 et
2298 1058 2364 1097 ex
2404 1043 2599 1108 iisdem
2650 1043 2706 1096 in
2749 1042 2933 1110 capite
2961 1038 3293 1111 galericulos
3332 1038 3535 1091 rubros

282 1132 370 1182 xui
398 1129 495 1182 ἐπὶ
520 1130 767 1200 κεφαλῆς
795 1131 1061 1199 σκουφίας
1093 1133 1258 1201 μόνον
1289 1132 1528 1202 ὲρυθρὰς
1558 1137 1709 1198 ἐντὸς
1745 1138 1846 1206 μὲν

1980 1148 2098 1193 utra
2124 1138 2305 1191 aulam
2347 1137 2591 1205 quidem,
2626 1144 2681 1189 at
2714 1148 2831 1189 non
2851 1142 3099 1203 pctasos.
3127 1132 3400 1186 Praeterea
3439 1144 3537 1184 ca-

284 1222 374 1290 τῆς
411 1221 600 1291 αὐλῆς,
654 1223 714 1274 οὐ
756 1222 863 1292 μὴν
920 1222 975 1275 δὲ
1027 1224 1122 1276 καὶ
1173 1224 1460 1277 καπάσια·
1506 1225 1585 1278 ἔτι
1635 1243 1696 1279 τε
1751 1230 1850 1282 καὶ

1980 1232 2092 1301 igas
2144 1231 2389 1297 ejusdem
2450 1229 2669 1298 generis
2714 1242 2838 1282 cum
2884 1226 3061 1295 nigris
3120 1222 3532 1279 calceamentis.

287 1317 514 1380 καλτζας
585 1317 857 1380 τοιαύτας,
921 1317 1060 1387 μετὰ
1141 1318 1500 1383 παπουτζιῶν
1577 1321 1845 1390 μελάνων.

298 1411 481 1471 Ἕκτος
530 1411 587 1462 δὲ
635 1411 860 1481 φοροῦσι
912 1415 1010 1477 τὰς
1066 1412 1321 1475 τοιαύτας

287 1500 585 1554 καπασίων.
1123 1539 1157 1566 ,

349 1592 588 1647 Τοιαῦτα
633 1594 906 1665 ἐνδύματα
951 1599 1154 1671 ἐρυθρὰ
1190 1603 1466 1656 ὲνδύονται
1519 1602 1620 1671 μὲν
1673 1601 1769 1654 καὶ
1803 1601 1854 1652 oi

284 1686 673 1755 Βαρδαριῶται,
702 1689 790 1741 διὰ
836 1692 1063 1754 σπανίων,
1099 1695 1197 1748 οῦκ
1238 1698 1299 1748 ὲκ
1326 1696 1424 1764 τῆς
1461 1696 1693 1765 κύρτης,
1737 1693 1853 1746 ἀλλ’

284 1776 342 1839 ἐξ
364 1776 599 1841 οἰκείων,
639 1779 730 1831 ἐπὶ
758 1782 998 1847 κεφαλῆς
1022 1782 1078 1837 δὲ
1100 1785 1371 1855 Περσικὸν
1392 1786 1628 1854 φόρεμα,
1654 1786 1856 1851 ἀγγου-

1956 1322 2118 1376 Extra
2150 1323 2331 1376 aulam
2386 1335 2517 1375 vero
2552 1329 2770 1390 gestant
2826 1316 3148 1386 huiusmodi
3203 1315 3535 1385 galericulos

1396 1418 1662 1484 cntempla;
1710 1417 1853 1486 μετὰ
1955 1432 2080 1471 cum
2118 1416 2322 1486 petasis
2347 1429 2446 1470 seu
2473 1413 2885 1469 cuculionibus.

2027 1597 2357 1669 Huiusmodi
2404 1597 2592 1651 rubris
2641 1594 2988 1650 indumentis
3018 1591 3331 1649 vestiuntur
3369 1582 3536 1647 etiam

1959 1692 2317 1754 Bardariotae,
2363 1704 2487 1759 quae
2526 1689 2778 1745 coniecta
2819 1695 2952 1742 sunt
2992 1701 3057 1741 ex
3090 1685 3310 1752 pannis,
3360 1698 3468 1739 non
3510 1698 3540 1736 a

1958 1792 2111 1837 corte
2143 1781 2400 1851 sumptis,
2436 1780 2533 1836 sed
2568 1795 2637 1834 ex
2667 1778 2933 1849 propriis.
2964 1776 3019 1831 In
3043 1777 3226 1846 capite
3252 1773 3541 1829 Persicum

290 1874 457 1941 ρωτὸν
486 1870 905 1941 ὀνομαζόμενον,
950 1872 1070 1944 ἔχον
1120 1876 1244 1928 ἀντὶ
1279 1872 1629 1944 μαργελὶίων
1662 1873 1857 1925 πάνιον

1980 1885 2240 1947 gestamen
2264 1884 2503 1945 gestant.
2526 1875 2615 1929 cui
2641 1887 2843 1927 nomen
2869 1880 3229 1941 angnrotum,
3253 1869 3397 1939 quod
3418 1869 3542 1922 loco

287 1964 548 2033 κίτρινον.
585 1965 905 2035 Κρέμανται
944 1965 996 2018 δὲ
1031 1967 1124 2021 ἐπὶ
1167 1966 1344 2037 ζώνης
1388 1966 1624 2019 ἑκάστου
1650 1967 1857 2017 τούτων

1961 1970 2350 2040 margellarum
2380 1982 2620 2038 pannum
2650 1965 2839 2021 citrini
2866 1964 3072 2019 coloris
3109 1963 3294 2017 habet.
3328 1962 3407 2015 Ex
3436 1975 3541 2016 ctr-

281 2058 463 2126 λῶροι,
520 2055 611 2118 οὓς
657 2058 879 2110 καλοῦσι
950 2058 1305 2127 μαγκλάϐια,
1370 2058 1659 2128 μαστίζειν
1722 2055 1857 2119 τοὺς

1983 2062 2186 2116 uslibet
2212 2061 2422 2115 horum
2463 2074 2601 2113 zona
2639 2058 2879 2128 pendent
2930 2057 3069 2121 lora,
3108 2070 3233 2125 quae
3273 2062 3546 2108 vocantur

283 2150 468 2214 ἀξίους
520 2150 898 2218 μαστίζεσθαι,
937 2151 1196 2221 φέροντες
1236 2152 1325 2205 ἀεὶ
1375 2150 1675 2205 δικανίκια.
1726 2150 1858 2202 Ὅτε

282 2244 337 2297 δὲ
385 2242 796 2313 κασαλλικεύσῃ
825 2245 852 2296 ὁ
888 2242 1166 2312 βασιλεὺς,
1208 2242 1604 2314 προηγοῦνται,
1630 2244 1728 2296 καὶ
1757 2242 1857 2309 φέ-

287 2353 471 2404 ροντες
503 2336 643 2389 αὐτὰ
694 2335 853 2404 ὄρθια
885 2335 1213 2389 εὐτακτοῦσι
1243 2336 1335 2390 τὸν
1360 2335 1511 2389 λαόν.
1540 2336 1771 2405 Ἔχουσι
1799 2333 1859 2387 δὲ

284 2419 429 2480 οὗτοι
455 2426 554 2480 καὶ
580 2429 1001 2496 πριμμικήριον.
1018 2428 1255 2491 Τούτους
1280 2428 1446 2482 παλαι
1468 2425 1863 2498 Πέρσας-κατὰ.

288 2519 441 2587 γένος
487 2518 649 2581 ὄντας
695 2520 723 2571 ὁ
756 2518 1009 2588 βασιλεὺς
1042 2519 1361 2588 μετοικίσας
1394 2519 1607 2574 ἐκεῖθεν
1652 2523 1735 2582 είς
1766 2519 1861 2572 τὸν

290 2610 585 2681 Βαρδὰριον
606 2609 830 2664 ἐκάθισε
854 2609 1120 2680 ποταμὸν,
1141 2612 1236 2681 ἀφ’
1264 2605 1326 2665 οὗ
1352 2612 1448 2665 καὶ
1472 2610 1861 2681 Βαρδαριῶται

293 2701 603 2756 καλοῦνται.

376 2795 435 2848 '0
479 2796 973 2867 πρωτοσπαθάριος
1019 2796 1238 2865 λέγεται
1267 2797 1350 2850 ὅτι
1381 2790 1449 2867 ἦν
1472 2795 1620 2850 κατὰ
1675 2795 1775 2866 μὲν
1803 2794 1864 2848 τὸ

307 2886 519 2941 παλαιὴν
570 2889 788 2960 πρῶτος
830 2891 941 2944 τῶν
983 2889 1314 2961 ’σπαθαρίων
1359 2888 1716 2960 παραμονῶν.
1749 2887 1865 2943 Νῦν

311 2979 365 3031 δὲ
390 2979 630 3049 οὐδεμίαν
659 2981 968 3050 ὑπηρεσίαν
1001 2982 1137 3049 ἔχει.

384 3073 438 3125 '0
473 3075 641 3141 μέγας
680 3072 864 3143 ἄρχων
905 3074 1026 3126 οὐδὲ
1079 3072 1138 3126 ἓν
1189 3072 1527 3143 ὑπηρέτημα
1575 3073 1862 3143 κέκτηται.

299 3168 387 3220 καὶ
418 3169 446 3220 6
468 3168 635 3231 τατᾶς
660 3166 761 3236 τῆς
793 3167 959 3234 αὐλῆς
999 3168 1282 3230 ὡσαύτως.

361 3258 428 3313 Οί
475 3259 700 3329 μεγάλοι
746 3258 1024 3322 τζαούσιοι
1074 3259 1420 3325 εὑρίσκονται
1471 3258 1866 3321 εὐτακτοῦντες

294 3352 390 3422 τὴν
418 3350 514 3405 τοῦ
544 3351 803 3421 βασιλέως
835 3349 1108 3416 σύνταξιν,
1139 3348 1243 3404 ὑπὸ
1273 3352 1365 3404 τὸν
1413 3351 1591 3421 μέγαν
1620 3366 1868 3421 πριμμι-

295 3445 486 3515 κήριον
515 3444 689 3506 ὄντες.
1652 3480 1657 3483 -

369 3535 436 3591 Ὀ
465 3536 718 3607 πραιτωρ
757 3533 852 3588 τοῦ
879 3534 1056 3605 δήμου
1083 3535 1193 3589 οὐδ’
1220 3527 1378 3598 οὗτος
1411 3535 1524 3605 ἔχει
1559 3533 1871 3605 ὑπηρεσίαν

294 3628 439 3680 τινά.

381 3717 441 3770 Ὀ
465 3716 573 3768 τῶν
605 3717 891 3769 οἰκειακῶν
920 3716 1213 3787 λογοθέτης
1244 3717 1535 3779 ὡσαύτως.

372 3811 483 3863 Καὶ
523 3812 552 3862 ὁ
597 3808 963 3879 λογαριαστὴς
1004 3809 1102 3879 τῆς
1135 3809 1307 3879 αὐλῆς
1351 3810 1462 3863 οὐδ’
1487 3800 1641 3872 οὗτος
1674 3808 1786 3879 ἔχει
1818 3825 1874 3860 τι

294 3903 632 3974 ὑπηρέτημα
664 3900 779 3956 νῦν.
1496 3928 1499 3929 ν

376 4021 436 4073 '0
470 4017 893 4088 πρωτοκυνηγὸς
928 4016 1038 4101 ἔχει
1066 4016 1164 4085 μὲν
1197 4018 1295 4087 τὴν
1327 4019 1637 4087 ὑπηρεσίαν
1665 4014 1875 4093 ταύτην

292 4113 377 4165 ὅτι
429 4109 526 4164 τοῦ
574 4107 980 4178 βασιλέως-τὸν
1033 4107 1199 4161 ἵππον
1258 4109 1641 4169 ἀναϐαίνοντος
1691 4109 1874 4172 οὐδεὶς

290 4204 478 4273 ἕτερος
537 4202 637 4272 τὴν
692 4201 893 4255 σκάλαν
939 4201 1160 4271 κατέχει
1201 4202 1250 4253 εί
1295 4202 1372 4271 μὴ
1416 4202 1573 4265 μόνος
1617 4194 1793 4267 οὗτος,
1825 4200 1875 4254 εί

296 4297 489 4363 παρὼν
526 4293 857 4365 εὑρίσκεται,
893 4292 1048 4362 ἄρχει
1091 4293 1146 4346 δὲ
1178 4293 1274 4345 καὶ
1311 4292 1420 4346 τῶν
1459 4293 1717 4361 κυνηγῶν
1763 4293 1877 4345 τῶν

292 4388 609 4457 λεγομένων
657 4385 1106 4454 σκύλλομὰγγων.
1139 4385 1200 4437 Εἰ
1246 4385 1303 4438 δέ
1335 4402 1466 4437 ποτε
1511 4384 1879 4456 κυνηγετοῦν-

1965 2153 2339 2218 manuclavia,
2382 2152 2488 2206 hoc
2521 2160 2607 2205 est
2643 2149 2827 2204 baculi
2868 2158 2969 2203 seu
3002 2147 3189 2216 virgae,
3228 2156 3291 2199 ut
3316 2144 3547 2212 ﬂagellis

1963 2249 2160 2320 dignos
2202 2246 2502 2315 ﬂagellent.
2546 2244 2778 2311 Semper
2816 2240 3004 2294 ferunt
3044 2238 3289 2293 bacuios.
3320 2238 3548 2291 'Praece-

1963 2345 2122 2406 dunt,
2157 2343 2378 2412 quando
2408 2341 2707 2408 imperator
2733 2335 2966 2407 equitat,
2992 2341 3047 2389 et
3079 2332 3310 2387 baculos
3332 2342 3548 2385 erectos

1966 2438 2170 2501 ferunt,
2220 2446 2279 2488 ut
2313 2432 2653 2489 constituant
2682 2430 2933 2484 ordinem
2969 2427 3022 2480 in
3070 2425 3297 2495 pepulo.
3335 2422 3553 2478 Habent

1965 2542 2019 2587 et
2050 2530 2141 2587 isti
2172 2527 2552 2599 primicerium
2580 2543 2595 2592 ;
2618 2537 2761 2594 quos
2787 2523 2999 2592 origine
3025 2522 3221 2576 Persas
3242 2508 3554 2587 imperator

1967 2624 2094 2681 inde
2134 2620 2418 2677 transtulit
2452 2620 2519 2673 ad
2560 2618 2883 2673 Bardarium
2920 2614 3153 2677 fiumen,
3183 2628 3215 2667 a
3238 2624 3354 2682 quo
3383 2611 3550 2667 etiam

1967 2715 2417 2770 Bardariotarum
2459 2725 2662 2765 nomen
2702 2708 2938 2763 inditum
2967 2713 3077 2760 est.

2039 2802 2527 2874 Protospatharius
2577 2802 2935 2857 boc'nomen
2994 2794 3227 2864 adeptus
3278 2800 3383 2858 est,
3417 2791 3553 2862 quia

1968 2899 2101 2954 olim
2137 2899 2242 2952 fuit
2273 2897 2489 2967 primus
2531 2895 2676 2949 inter
2707 2892 3021 2963 apatharios
3063 2887 3445 2943 stationarios.
3495 2884 3555 2937 in

1969 2984 2232 3063 prasenti
2262 2991 2473 3045 nullum
2508 2988 2747 3043 oﬂicium
2785 2987 2945 3057 gerit.
3174 2992 3185 3007 ‘
3320 3000 3323 3003 ·
3384 3014 3385 3017 η
3522 3010 3525 3021 λ
3614 2977 3619 2983 ’

2041 3084 2153 3154 39
2174 3082 2361 3151 Neque
2387 3096 2619 3151 magnus
2651 3081 2908 3148 princeps
2935 3076 3172 3131 ofﬁcium
3199 3072 3421 3143 aliquod
3459 3071 3558 3126 ha-

1893 3174 1936 3232 C
1970 3178 2082 3243 bet,
2128 3185 2185 3229 ut
2211 3190 2312 3229 nec
2340 3183 2480 3228 tatas
2510 3174 2671 3227 aulae.

2044 3274 2226 3344 Magni
2276 3272 2471 3327 tzausii
2506 3271 2833 3327 comitatum
2873 3266 3228 3340 imperatoris
3256 3265 3557 3329 ordinant,

1973 3374 2029 3419 et
2051 3363 2287 3418 subsunt
2314 3376 2514 3431 magno
2547 3360 2892 3430 primicerio.

1958 3590 1961 3591 γ
2048 3548 2257 3640 Ιξειεῑοτ
2288 3546 2475 3617 populi
2508 3552 2659 3600 caret
2689 3542 2991 3600 iunctione.

2049 3730 2316 3788 Similiter
2340 3728 2616 3799 logotheta
2652 3726 2728 3782 rei
2763 3724 3085 3780 familiaris.

2032 3823 2235 3894 Neque
2269 3821 2603 3890 legat-instes
2624 3818 2760 3873 aulae
2790 3817 2982 3888 aliquo
3016 3826 3251 3870 munere
3289 3812 3561 3884 fungitur.

2040 4024 2270 4079 Primus
2303 4029 2625 4077 venatorum
2651 4019 2756 4073 hoc
2790 4016 3038 4072 muneris
3074 4016 3241 4071 habet
3275 4033 3286 4068 :
3320 4016 3563 4083 impera-

1982 4126 2099 4171 tore
2127 4116 2328 4187 eqhum
2360 4113 2689 4168 ascendente
2718 4109 2900 4163 nullus
2921 4109 3084 4172 alius,
3106 4110 3199 4162 sed
3230 4105 3559 4175 ipse‘solus,

1981 4209 2028 4265 si
2059 4210 2300 4277 presens
2324 4206 2415 4267 sit,
2436 4203 2723 4273 stapedem
2749 4210 2916 4257 tenet.
2944 4200 3147 4255 Prazest
3177 4200 3563 4263 venatoribus,

1981 4312 2120 4373 quos
2155 4312 2355 4355 canum
2388 4311 2694 4365 mangones
2725 4296 2996 4350 vocitant.
3052 4293 3111 4349 Si
3141 4294 3422 4364 contingat
3456 4294 3565 4348 ali-
3625 4347 3629 4351 ,

1983 4392 2128 4465 quod
2162 4407 2228 4448 ex
2265 4390 2607 4447 vestimentis
2649 4388 3001 4457 imperatoris
3043 4385 3313 4456 sanguine
3344 4385 3563 4456 aspergi

290 4497 386 4540 τος
413 4478 505 4531 τοῦ
541 4478 803 4546 βασιλέως
830 4477 1167 4547 αἱμαχθῆναι
1208 4477 1391 4547 συμϐῇ
1421 4494 1475 4529 τι
1504 4477 1613 4530 τῶν
1642 4477 1865 4548 ίματίωι

1985 4487 2039 4540 ἰιι
2071 4484 2379 4549 venatione,
2426 4481 2626 4551 accipit
2669 4480 2806 4535 illud
2841 4494 2905 4535 ex
2938 4495 3167 4535 munere
3197 4493 3298 4534 suo
3344 4479 3562 4548 primus

291 4571 488 4637 αὖτοῦ,
519 4570 789 4641 λαμόάνει
819 4572 977 4626 τοῦτο
1013 4570 1136 4625 καθ’
1183 4572 1493 4641 ὑπηρεσίαν
1521 4573 1550 4624 ὁ
1584 4588 1876 4641 πρωτοκυ-

290 4666 482 4733 νητὸς.

374 4780 437 4831 Ὀ
467 4779 1073 4848 σκουτέριοςβαστάξει
1122 4781 1183 4835 τὸ
1224 4780 1495 4835 διόἐλλιον
1530 4780 1623 4834 καὶ
1654 4780 1748 4833 τοῦ
1780 4780 1877 4851 βα-

292 4872 486 4934 σιλέως
548 4872 888 4941 σκουτάριον,
923 4872 983 4924 ού
1034 4872 1195 4941 μόνον
1253 4875 1333 4937 είς
1394 4872 1492 4937 τὰς
1545 4873 1873 4945 προκύψεις,

292 4966 437 5018 ἀλλὰ
470 4963 569 5016 κᾶν
611 4966 746 5016 ὅπου
777 4966 804 5017 ὁ
842 4963 1096 5034 βασιλεὺς
1144 4966 1480 5036 ἀπέρχηται.
1508 4963 1878 5035 Εὑρίσκονται

290 5061 350 5112 δὲ
407 5059 546 5128 μετὰ
589 5058 684 5111 τοῦ
733 5059 1001 5112 διὸελλξου
1051 5059 1147 5112 καὶ
1211 5060 1414 5123 πάντες
1466 5062 1512 5113 oi
1565 5060 1871 5130 Βάραγγοι.

288 5152 425 5204 Εἴτε
474 5145 568 5203 οὖν
617 5152 696 5211 εἰς
741 5154 801 5203 τὸ
832 5153 1119 5219 φωσσάτον
1162 5154 1190 5205 ὀ
1219 5153 1475 5222 βασιλεὺς
1524 5152 1873 5223 εὑρίσκεται,

292 5241 409 5293 εἴτε
456 5241 549 5293 καὶ
591 5240 852 5313 ἀλλαχοῦ,
894 5245 957 5295 τὸ
997 5242 1263 5297 δισέλλιον
1299 5245 1534 5299 πάντοτε
1566 5244 1877 5315 ἔμπροσθεν

293 5331 466 5384 αὑτοῦ
493 5332 739 5403 φέρεται.

376 5445 445 5497 Ὀ
466 5447 767 5515 ἀμηράλιος
800 5448 908 5501 ὑπὸ
936 5447 1030 5501 τὸν
1078 5449 1250 5517 μέγαν
1294 5447 1497 5503 δοῦκαν
1534 5449 1874 5519 εὑρίσκεται,

302 5539 514 5607 ἡγεῖται
540 5539 594 5592 δὲ
620 5540 713 5593 τοῦ
738 5541 931 5593 στόλου
972 5543 1197 5605 παντός.

388 5650 448 5701 Ὀ
475 5650 695 5703 ἐπὶτῶν
722 5653 971 5721 δεήσεων
1008 5651 1227 5722 δέχεται
1276 5653 1376 5717 τὰς
1426 5654 1536 5708 τῶν
1582 5652 1881 5709 αἰτούντων

306 5742 399 5795 καὶ
428 5742 536 5795 τῶν
561 5745 936 5817 ἀδικουμένων
989 5745 1287 5817 ἀναφορὰς,
1318 5748 1686 5822 καὸαλλαρίου
1735 5749 1881 5821 διερ-

306 5835 533 5904 χομένου
560 5838 648 5891 τοῦ
682 5839 985 5909 βασιλέως.

1984 4592 2114 4634 vena
2124 4589 2303 4632 torum
2312 4616 2327 4629 .

2059 4780 2297 4836 Scutifer
2322 4778 2428 4834 fert
2448 4777 2710 4832 vexillum
2742 4783 2796 4831 et
2828 4773 3182 4846 imperatoris
3213 4780 3427 4827 scutum
3456 4785 3563 4824 non

1987 4875 2265 4933 solum‘ad
2295 4875 2413 4928 loca
2441 4872 2645 4943 quibus
2674 4871 2727 4923 in
2761 4870 2960 4923 throno
2986 4867 3237 4922 sublimis
3268 4864 3441 4929 sedet,
3470 4864 3567 4917 sed

1986 4980 2316 5039 quocunque
2343 4979 2399 5018 se
2427 4962 2644 5018 confert
2676 4961 2997 5031 imperator.
3030 4959 3236 5013 Omnes
3268 4947 3433 5026 porro
3470 4953 3571 5008 Ba—

1984 5037 2139 5129 rangi
2175 5060 2241 5114 ad
2267 5058 2376 5112 hoc
2400 5055 2660 5110 vexillum
2686 5037 3092 5109 defendendum
3120 5060 3249 5105 sunt
3284 5050 3569 5104 destinati.

1985 5153 2112 5207 Sive
2149 5150 2313 5222 igitur
2346 5148 2644 5218 imperator
2674 5147 2745 5203 sit
2780 5146 2835 5199 in
2860 5145 3128 5210 exercitu,
3156 5147 3268 5199 sive
3303 5143 3454 5209 alibi,
3480 5157 3575 5197 vc-

1985 5247 2174 5302 xillum
2216 5260 2431 5313 semper
2461 5244 2538 5299 illi
2568 5251 2950 5313 praeponatur.

2053 5445 2366 5501 Ameralius
2400 5458 2600 5515 magno
2640 5442 2768 5499 duci
2798 5443 3080 5510 subditur,
3113 5443 3365 5514 regitque
3398 5449 3569 5496 totam

1984 5538 2217 5595 classem
2230 5578 2243 5593 .

2057 5653 2316 5727 Magister
2344 5651 2655 5723 supplicum
2690 5613 3025 5718 libellorum,
3055 5649 3295 5721 quando.
3327 5649 3571 5717 impera-

1988 5756 2075 5802 tor
2094 5745 2330 5815 equitat,
2358 5743 2789 5814 supplicationes
2809 5759 2999 5799 eorum
3025 5742 3121 5813 qui
3144 5748 3347 5811 petunt
3363 5739 3572 5810 quique

1990 5838 2194 5908 injuria
2228 5836 2409 5894 affecti
2443 5847 2571 5893 sunt
2601 5837 2821 5907 recipit;
3426 5856 3427 5859 η
