4044 6428
266 417 337 479 £5
1245 403 1345 465 DE
1382 400 1717 464 OFFICIlS
1759 393 2236 459 CPOLITANIS.
2278 391 2442 454 CAP.
2479 388 2580 450 VI.
3501 377 3570 439 (36

268 526 668 599 ἀρχιδιάκονος,
717 522 822 589 τὴν
869 517 1205 592 προφητείαν
1234 517 1331 572 καὶ
1362 516 1462 569 τὸν
1508 513 1812 569 ἀπόστολον
1837 512 1864 565 ὁ

1973 517 2026 562 et
2067 505 2381 577 apostolum
2430 494 2956 572 protapostolat-ius.
2991 494 3068 548 Ex
3100 490 3409 563 Evangeliis
3442 494 3558 563 pri-

268 618 859 691 πρωταποστολάριος,
889 612 996 666 τῶν
1018 608 1449 676 δὶςΕΰαγγελίων
1479 606 1540 659 τὸ
1570 605 1671 674 μὲν
1698 605 1857 673 πρῶ-

271 732 359 768 τον
381 716 411 767 ὁ
441 711 855 783 ngrata-traxi;
891 707 957 758 τὰ
992 705 1047 758 δὲ
1076 702 1237 756 λοιπὰ
1268 702 1433 767 ἱερεῖς
1471 700 1671 769 ἕτεροι.

339 807 496 861 Μετὰ
528 805 587 857 δὲ
620 803 723 871 τὴν
774 799 1041 854 ἀπόλυσιν
1082 795 1192 848 τῶν
1239 793 1402 863 ὡρῶν
1444 791 1538 845 τοῦ
1590 788 1857 860 βασιλέως

288 896 607 957 ἀπελθόντος
639 889 796 955 αὖθις
822 891 916 944 καὶ
951 888 1052 949 τὰς
1076 886 1240 953 ἁγίας
1267 884 1485 942 εἰκόνας
1526 880 1860 948 ἀσπασαμέ-

283 1010 389 1050 νου.
426 990 522 1041 καὶ
560 986 702 1057 μετὰ
728 984 888 1037 τοῦτο
930 983 1007 1044 είς
1037 980 1097 1033 τὸ
1126 977 1344 1032 ςκελλίον
1370 974 1539 1029 αὐτοῦ
1587 975 1859 1028 είσελοόν-

279 1102 388 1149 τος,
422 1082 616 1135 λύεται
643 1081 677 1148 ἡ
702 1078 1045 1148 παράστασις
1075 1073 1272 1143 μέχρις
1307 1070 1374 1122 ἂν
1407 1073 1441 1137 ἡ
1474 1070 1573 1135 τῆς
1607 1069 1855 1137 λειτουρ-

281 1178 402 1245 γίας
460 1175 819 1240 προσήκουσα
864 1168 995 1239 ἔλθῃ
1042 1167 1180 1236 ὥρα,
1232 1165 1327 1218 καὶ
1375 1164 1496 1216 τότε
1527 1162 1791 1231 ψάλλεται
1829 1162 1859 1215 ὁ

283 1268 568 1337 ὲσπερινὸς
597 1266 783 1335 ὕμνος.
806 1263 1024 1327 Γίνεται
1065 1258 1247 1329 μέντοι
1282 1256 1444 1309 τοῦτο
1471 1254 1670 1318 οὕτως,
1697 1254 1858 1323 είπερ

283 1362 436 1430 τύχοι
464 1359 600 1413 οὖσα
632 1359 664 1426 ἡ
711 1355 876 1426 ἑορτὴ
903 1356 962 1407 ὲν
988 1353 1120 1425 ἄλλῃ
1150 1351 1250 1420 τῆς
1295 1348 1590 1419 ἑϐδομάδος
1628 1346 1813 1418 ἡμέρᾳ
1839 1362 1852 1375 ·

282 1457 330 1508 εξ
360 1455 418 1506 δὲ
451 1455 511 1505 ὲν
560 1449 813 1517 σαϐϐάτῳ
853 1445 887 1516 ἢ
943 1445 1206 1515 κυριακῇ,
1237 1442 1346 1495 τῶν
1392 1440 1554 1508 ὡρῶν
1606 1440 1705 1493 καὶ
1742 1439 1857 1506 τῶν

281 1546 598 1619 τροπαρίων
644 1541 999 1612 ψαλλομένων
1046 1538 1315 1607 πάρεστιν
1363 1535 1463 1604 μὲν
1507 1535 1537 1586 ὁ
1571 1532 1856 1602 βασιλεὺς.

282 1642 343 1696 ού
369 1639 478 1709 μὴν
500 1638 559 1691 δὲ
589 1635 683 1689 καὶ
719 1636 797 1697 είς
825 1632 928 1702 τὴν
970 1629 1339 1700 λειτουργίαν,
1371 1627 1487 1683 ἀλλ’
1525 1628 1633 1698 ἰδία
1660 1626 1862 1695 ψάλλε-

278 1750 374 1787 ται
408 1731 571 1797 αὐτή.
611 1729 677 1781 Ἦ
711 1727 767 1780 δέ
789 1741 852 1794 γε
892 1725 1039 1778 αἰτία
1064 1723 1157 1776 τοῦ
1182 1720 1257 1791 μὴ
1287 1721 1543 1791 παρεῖναι
1567 1718 1733 1772 αὐτὸν
1767 1718 1860 1787 βα-

285 1826 439 1879 σιλέα
490 1825 585 1875 καὶ
631 1821 711 1883 είς
759 1820 856 1889 τὴν
908 1815 1257 1885 λειτουργίαν
1285 1814 1434 1866 ἐστὶν
1480 1813 1563 1866 δτι
1595 1812 1695 1874 τάς
1755 1810 1860 1878 μὲν

283 1918 453 1979 ἄλλας
493 1917 655 1970 πέντε
708 1913 922 1983 ἡμέρας
957 1910 1220 1980 ψάλλεται
1261 1906 1481 1977 πρῶτον
1514 1906 1547 1957 ὁ
1574 1906 1865 1974 ἑσπερινὸς

285 2012 455 2079 ὕμνος
485 2008 583 2061 καὶ
641 2006 756 2077 μετ’
786 2005 949 2058 αὐτὸν
985 2006 1028 2073 ,ἡ
1071 2001 1407 2070 λειτουργία,
1453 2000 1503 2053 τί
1534 1999 1591 2053 δὲ
1633 2001 1692 2053 ὲν
1725 1998 1866 2052 Σαϐα-

283 2104 436 2171 ϐάτῳ
466 2100 621 2169 τύχοι
647 2099 680 2170 ἢ
710 2098 968 2168 κυριακῇ,
1005 2096 1085 2158 είς
1115 2095 1307 2164 τρίτην
1329 2093 1481 2164 ὤραν
1515 2092 1618 2161 τῆς
1655 2091 1866 2162 ἡμέρας

282 2198 493 2263 γίνεται
524 2196 561 2263 ἡ
586 2191 912 2260 λειτουργία,
944 2191 1042 2243 Διά
1068 2204 1153 2241 τοι
1184 2186 1347 2241 τοῦτο
1376 2185 1473 2240 καὶ
1519 2186 1672 2239 οὐδὲν
1696 2183 1864 2247 σώζει

282 2285 597 2359 ψάλλεσθαι
654 2283 751 2355 τὴν
793 2281 1057 2351 τοιαύτην
1104 2281 1237 2352 ὃλην
1291 2278 1619 2335 ἀκολουθίαν
1663 2277 1775 2331 τῶν
1804 2293 1865 2330 τε

281 2383 445 2454 ὧρῶν
474 2380 571 2433 καὶ
596 2377 707 2431 τῶν
756 2376 1091 2446 τροπαρίων,
1142 2375 1231 2428 διὰ
1273 2374 1347 2427 τοο
1383 2373 1649 2441 πλείστην
1697 2367 1864 2435 εἶναι,

282 2477 379 2529 καὶ
421 2473 479 2538 ἐξ
521 2472 768 2540 ἀνάγκης
796 2469 1058 2539 enim:
1093 2469 1189 2538 μὶν
1228 2467 1447 2538 πρῶτον
1480 2469 1514 2537 ή
1547 2464 1866 2534 λειτουργία

288 2568 454 2631 ἰδίως,
483 2567 560 2627 ὼς
593 2564 734 2618 κατά
771 2564 863 2617 τὸν
885 2562 1216 2630 τεταγμένον
1244 2560 1457 2627 καιρὸν,
1480 2559 1577 2612 καὶ
1604 2558 1734 2613 ἄνευ
1764 2558 1865 2626 τῆς

286 2660 380 2713 τοῦ
417 2658 680 2728 βασιλέως
712 2656 1030 2726 ὶπιδημίας,
1060 2654 1201 2707 κατά
1227 2652 1285 2706 δὲ
1317 2651 1419 2722 τὴν
1446 2651 1543 2705 τοῦ
1573 2650 1863 2720 ἐστηρινοῦ

292 2753 441 2823 ὥραν
473 2753 500 2805 ὁ
532 2751 789 2819 βασιλεὺς
814 2749 1038 2821 ἔρχεται
1064 2749 1145 2810 είς
1182 2748 1281 2816 τὴν
1309 2746 1630 2814 ἐκκλησίαν.

369 2846 487 2897 Τᾶςν
511 2846 603 2899 οὖν
644 2844 961 2915 τροπαρίων
1002 2840 1355 2912 ψαλλομένων
1385 2841 1413 2892 ὁ
1456 2838 1558 2910 μὶν
1612 2838 1867 2909 βασιλεὺς

308 2938 462 3007 φορεῖ
486 2937 717 2991 σκιάδιον
752 2936 848 2990 καὶ
894 2934 993 3006 τὴν
1021 2933 1399 3003 καθημερινὴν
1428 2932 1627 3002 στολὴν
1669 2930 1861 2997 αὐτοῦ,

298 3033 393 3084 καὶ
424 3030 471 3081 οί
496 3030 757 3100 ἄρχοντες
785 3027 841 3080 δὲ
864 3027 1128 3088 ὡσαύτως
1147 3040 1163 3057 ο
1200 3025 1344 3079 κατά
1373 3023 1433 3077 δὲ
1461 3024 1554 3078 τὸν
1576 3023 1865 3093 ἑσπερινδν

290 3124 378 3177 καὶ
424 3123 524 3193 τὴν
569 3120 917 3189 λειτουργίαν
971 3117 1233 3172 ἀλλάσσει
1272 3115 1469 3187 ῥοῦχον
1512 3131 1864 3185 μαργαριτα-

289 3217 483 3285 ρέῖνον.
536 3215 702 3283 Φορεῖ
731 3212 788 3266 δὲ
817 3210 910 3264 ἐπὶ
959 3208 1202 3278 κεφαλῆς
1241 3205 1303 3260 τὺ
1343 3205 1538 3260 δοκοῦν
1572 3205 1726 3275 αὐτῷ
1768 3205 1863 3272 φό-
1890 3236 1933 3296 c

285 3325 444 3376 ρεμα,
476 3306 594 3375 ἠως
632 3303 665 3373 ἢ
715 3302 1004 3374 κρινωνίαν
1029 3300 1063 3370 ἢ
1106 3297 1478 3369 τετράφυλλον
1514 3297 1546 3368 ἦ
1579 3314 1633 3350 τι
1673 3297 1864 3366 ἕτερον

283 3400 467 3469 ὅμοιον
495 3397 743 3459 τούτοιςο
766 3395 817 3449 οι
844 3394 903 3448 δὲ
931 3395 1193 3464 ἄρχοντες
1220 3391 1555 3461 σκαράνικοι⁹
1584 3388 1865 3457 φακεώλια

282 3493 374 3544 καὶ
398 3489 678 3543 καὸὄὰδια
711 3487 804 3543 καὶ
830 3484 1175 3556 ἑπιλούρικα,
1202 3482 1433 3547 ’ἕκαστος
1471 3480 1614 3535 κατά
1643 3481 1743 3551 τὴν
1769 3479 1866 3534 τάσ-

286 3582 366 3647 ξιν
401 3580 594 3636 αὑτοῦ.

350 3758 723 3830 Ψαλλομένης
768 3754 864 3813 οὖν
914 3758 1016 3826 τῆς
1064 3754 1435 3825 λειτουργίας,
1484 3755 1519 3824 ἢ
1573 3752 1734 3823 μόνον
1765 3750 1863 3807 τοῦ

285 3857 600 3932 imponi},
633 3856 681 3909 εί
716 3858 775 3909 ἐν
808 3852 1065 3923 σαῦσάτῳ
1086 3852 1121 3923 ἢ
1147 3852 1387 3923 κυριακῇ
1413 3850 1587 3920 τύχοι,
1610 3849 1687 3912 ὡς
1711 3849 1864 3919 sip-q-

286 3971 398 4016 ται,
422 3953 473 4005 oi
510 3948 914 4022 προρρηθέντες
945 3946 1204 4016 ἄρχοντες
1243 3944 1293 3998 οἱ
1328 3945 1421 3998 καὶ
1446 3944 1546 4010 τῆς
1576 3941 1862 4013 παραστά-

287 4061 422 4106 σεως
458 4042 730 4112 ὑπηρέται
757 4041 828 4092 τὰ
858 4037 1113 4108 βασιλικά
1141 4036 1402 4106 φέροντες
1432 4034 1734 4105 φλάμουλα.
1760 4034 1862 4103 τῆς

287 4134 612 4206 προκύψσως
633 4129 824 4185 ίστῶσι
844 4128 1205 4197 καταντικρύ.
1238 4128 1306 4179 Ἀ
1324 4126 1389 4197 δὴ
1412 4126 1507 4180 καὶ
1531 4126 1640 4181 είσὶ
1667 4123 1860 4187 ταῦτα,

286 4230 350 4281 τδ
385 4228 483 4296 μὲν
510 4226 569 4278 ἓν
597 4221 1056 4294 ἀρχιστράτηγος,
1086 4220 1150 4272 τὸ
1177 4219 1234 4273 δὲ
1267 4217 1707 4288 ἓτερονείκόνας
1738 4217 1861 4285 ἕχον

290 4320 491 4383 πολλὰς
516 4319 664 4379 θείας
696 4313 968 4386 ίεραρχῶν
994 4311 1404 4380 ὀκτάγλωσσον,
1446 4310 1585 4380 ὅπερ
1617 4309 1863 4362 καλεῖται

286 4410 630 4467 ὀκταπόδιον.
674 4407 836 4459 Ἀλλο
861 4405 1092 4474 σταυρὸς
1130 4402 1270 4473 ἔχων
1300 4403 1517 4466 εἰκόνας
1545 4403 1655 4457 τῶν
1689 4403 1862 4471 ἁγίων

285 4503 572 4574 τεσσάρων
625 4499 879 4571 μεγάλων
908 4495 1225 4568 μαρτύρων,
1257 4494 1599 4565 Δημητρίου,
1647 4495 1858 4564 [190m-

1971 614 2122 651 ntum
2160 594 2392 665 quidem
2458 591 2591 661 legit
2638 585 3206 660 protopapa,,reliqua
3259 582 3347 638 alii
3381 601 3569 640 sacer-

1966 694 2150 748 dotes.
2756 744 2759 745 ν

2021 785 2221 841 Finitis
2234 783 2410 846 horis,
2426 780 2757 849 imperatore
2788 790 2981 830 rursus
3003 773 3240 828 abeunte
3263 782 3317 826 et
3343 781 3567 827 sanctas

1967 878 2239 949 imagines
2269 873 2624 929 exosculante
2650 884 2922 937 suumque
2960 866 3218 921 conclave
3263 872 3566 934 repetente,

1968 972 2205 1027 Solvitur
2222 966 2626 1027 circumstatio,
2648 964 2822 1017 donec
2844 960 3026 1015 debita
3054 958 3289 1027 liturgiae
3317 958 3450 1011 hora
3469 956 3570 1009 ad-

1965 1063 2202 1119 venerit.
2243 1061 2474 1125 Ettunc
2514 1056 2825 1126 psalluntur
2859 1068 3117 1122 vesperm.
3154 1052 3218 1103 Et
3254 1051 3355 1104 hoc
3380 1048 3454 1102 ita
3486 1047 3569 1108 ﬁt,

1966 1158 2019 1212 si
2076 1155 2273 1209 festum
2308 1152 2362 1206 in
2404 1150 2726 1220 septimanae
2762 1147 2907 1203 diem
2956 1146 3184 1199 incidat.
3224 1142 3279 1196 Si
3328 1157 3459 1195 vero
3493 1142 3569 1194 le-

1966 1258 2113 1305 sttttn
2134 1247 2188 1300 in
2208 1246 2503 1299 Sahhatnm
2519 1250 2614 1296 aut
2634 1239 2971 1294 Dominicam
2989 1238 3127 1291 diem
3153 1235 3428 1301 inciderit,
3445 1250 3567 1287 cum

1968 1342 2116 1397 horae
2138 1351 2192 1396 et
2221 1338 2460 1408 troparia
2512 1335 2902 1399 concinuntur,
2943 1334 3099 1387 adest
3123 1330 3344 1400 quidem
3400 1330 3568 1396 impe-

1968 1446 2143 1498 rator,
2166 1432 2261 1489 sed
2282 1446 2386 1484 non
2404 1430 2456 1482 in
2474 1427 2720 1498 liturgia,
2739 1441 2858 1495 quae
2876 1408 3129 1494 privatim
3154 1417 3566 1511 peragitunh']

1965 1526 2145 1581 Causa
2165 1540 2263 1578 cur
2283 1523 2581 1590 imperator
2600 1519 2833 1588 litnrgiaa
2852 1534 2959 1571 non
2979 1519 3045 1572 sit
3068 1530 3310 1586 praesens
3327 1520 3410 1567 est
3434 1514 3558 1571 ista,

1966 1617 2096 1687 quia
2142 1617 2269 1670 aliis
2304 1616 2551 1685 quinque
2584 1610 3045 1666 antecedentibus
3079 1606 3275 1662 diebus
3302 1611 3567 1659 cantatur

1966 1711 2205 1780 primum
2241 1707 2592 1777 vespertinus
2626 1706 2884 1775 hymnus,
2913 1713 2966 1757 et
2996 1711 3121 1772 post
3163 1702 3311 1755 hunc
3346 1697 3567 1766 liturgia

1968 1800 2275 1870 perﬁcitur.
2314 1800 2368 1853 Si
2422 1813 2550 1852 vero
2583 1798 2782 1851 festum
2822 1797 2875 1850 in
2912 1795 3214 1849 Sabhatum
3251 1792 3331 1845 vel
3378 1790 3565 1843 Domi-

1971 1894 2155 1949 nicum
2182 1894 2326 1948 diem
2386 1892 2656 1954 incurrat,
2681 1891 2816 1945 hora
2858 1889 3016 1943 tertia
3046 1888 3150 1941 diei
3180 1885 3396 1954 liturgia
3425 1888 3566 1937 cclc-

1970 1985 2186 2041 bratttr.
2239 1984 2609 2051 Quamobrem
2664 1983 2939 2052 integrum
2996 1996 3105 2033 non
3144 1986 3230 2033 est
3272 1985 3332 2030 ut
3370 1977 3563 2047 hujus-

1970 2078 2120 2134 modi
2199 2086 2369 2132 totum
2442 2076 2683 2131 oﬂicium
2746 2075 3009 2129 horarum
3079 2080 3133 2127 et
3198 2071 3565 2139 tropariorum

1969 2169 2338 2243 persolvatur,
2358 2183 2423 2223 eo
2453 2166 2597 2238 quod
2625 2150 2695 2220 sit
2714 2166 2867 2219 valde
2890 2163 3184 2233 prolixum.
3206 2161 3343 2215 llinc
3371 2177 3568 2215 neces-

1971 2242 2118 2317 Sario
2143 2262 2295 2329 prius
2345 2258 2571 2328 liturgia
2617 2257 2846 2312 senrsim
2907 2242 3254 2318 decantatur,
3298 2265 3561 2321 tanquam

1969 2364 2177 2433 atatuto
2201 2365 2468 2425 tempore,
2510 2360 2563 2406 et
2588 2352 2709 2409 sine
2739 2350 3093 2421 imperatoris
3143 2348 3457 2419 praesentia.
3492 2349 3565 2397 At

1969 2448 2119 2503 circa
2157 2461 2512 2517 vesperarum
2574 2445 2769 2501 horam
2806 2444 3111 2511 imperator
3144 2440 3213 2495 ad
3272 2437 3563 2494 ecclesiam

1970 2554 2029 2594 sc
2064 2539 2307 2595 confert.

2043 2818 2179 2873 Dum
2220 2817 2386 2889 igitur
2438 2815 2681 2886 troparia
2716 2815 3050 2886 psalluntur,
3104 2813 3407 2883 imperator
3460 2809 3567 2866 fert

1968 2911 2172 2981 pileum
2224 2922 2277 2965 et
2328 2909 2709 2980 quotidianum
2743 2923 2905 2964 suum
2967 2906 3251 2961 amictum.
3293 2903 3561 2959 Similiter

1967 3012 2021 3058 et
2064 3016 2323 3074 proceres
2371 3001 2557 3055 aulici.
2595 3000 2752 3053 Circa
2800 2998 3148 3068 vespertinas
3196 3013 3328 3052 vero
3375 2997 3565 3050 laudes

1968 3104 2023 3150 et
2048 3096 2333 3165 liturgiam
2370 3101 2551 3147 mutat
2584 3107 2746 3146 suum
2784 3089 3039 3149 ruchum,
3067 3088 3172 3144 hoc
3196 3098 3277 3143 est
3296 3090 3563 3145 extimum

1971 3186 2377 3252 indumentum,
2430 3183 2746 3251 margaritis
2794 3191 3111 3238 contextum
3151 3200 3164 3237 :
3221 3182 3327 3236 fert
3376 3194 3561 3236 autem

1971 3279 2024 3334 in
2051 3280 2232 3350 capite
2262 3278 2407 3348 quod
2467 3278 2756 3332 allubescit
2794 3284 3100 3345 gestamen,
3135 3284 3264 3344 puta
3315 3276 3397 3329 \‘el
3454 3275 3562 3329 cri-

1970 3372 2196 3425 naniam
2230 3369 2315 3439 vel
2352 3370 2747 3440 tetrapltyllum
2785 3370 2872 3424 vel
2895 3368 3027 3438 quid
3058 3364 3323 3423 assintilc.
3355 3369 3557 3423 Proce-

1968 3478 2055 3516 res
2082 3478 2212 3516 vero
2237 3471 2456 3535 gestant
2486 3463 2797 3526 scaranica,
2834 3460 3140 3532 phaceolia,
3191 3462 3459 3516 cahbadia
3505 3471 3561 3516 et

1886 3626 1893 3631 D
1970 3553 2262 3621 epilorica,
2290 3553 2525 3608 cuilibet
2548 3552 2850 3609 Secundum
2883 3551 3133 3631 ordinem
3163 3558 3217 3605 et
3240 3552 3559 3621 dignitatem

1967 3662 2149 3703 suam.

2041 3738 2180 3794 Dum
2214 3738 2387 3807 igitur
2428 3737 2655 3808 liturgia
2690 3737 2974 3806 peragitur
3005 3745 3100 3790 aut
3123 3736 3257 3791 solae
3290 3736 3560 3809 vesperti-

1968 3847 2049 3887 na:
2074 3831 2267 3885 laudes
2294 3830 2679 3889 decantantur,
2708 3826 2754 3880 si
2789 3823 2988 3880 festum
3022 3825 3265 3878 Sahbato
3318 3834 3412 3877 aut
3438 3823 3550 3876 Do-

1968 3925 2177 3979 minico
2198 3922 2288 3976 die
2331 3929 2611 3983 occurrat,
2649 3918 2936 3972 utdictutn
2990 3928 3095 3981 est,
3180 3917 3562 3988 praenon'tinati

1970 4028 2245 4085 proceres,
2278 4011 2373 4082 qui
2422 4011 2588 4086 etiam
2648 4007 3124 4063 circumstationis
3180 4008 3560 4063 moderatores

1966 4117 2119 4173 sunt,
2146 4116 2365 4176 gestant
2390 4102 2668 4157 llammula
2696 4116 2762 4156 ex
2789 4100 3022 4155 adverso
3058 4100 3401 4169 imperatorii
3455 4117 3555 4154 so-

1936 4194 2046 4266 'lii,
2081 4218 2203 4271 qua:
2236 4208 2365 4254 sunt
2393 4198 2520 4251 ista.
2557 4193 2736 4249 Unum
2778 4194 2996 4262 quidem
3034 4191 3146 4263 48
3199 4191 3555 4247 arcltiStrate-

1951 4310 2068 4365 .gus
2093 4292 2446 4363 appellatum,
2506 4290 2739 4343 alterum
2783 4286 2993 4341 habens
3051 4284 3251 4340 multas
3312 4285 3558 4340 divinas-

1965 4401 2075 4458 que
2134 4396 2422 4441 sacrorum
2462 4379 2784 4448 pontiﬁcum
2824 4376 3093 4446 imagines
3151 4375 3369 4445 lingulis
3410 4386 3559 4441 octo,

1965 4478 2110 4551 quod
2147 4484 2345 4531 vocant
2373 4473 2764 4543 octapodium;
2799 4469 3027 4524 tertium
3056 4485 3193 4524 crux
3224 4476 3329 4531 est,
3352 4468 3559 4524 habens

286 4596 407 4647 πίου
433 4572 531 4646 καὶ
556 4591 872 4659 Θεοδὼρων,
896 4589 1085 4659 ἕτερον
1110 4586 1233 4657 ἔχον
1265 4586 1356 4640 τὸν
1388 4585 1544 4655 ἅγιον
1578 4586 1860 4655 Γεὼργιον

1969 4572 2235 4642 imagines
2268 4580 2588 4623 sanctorum
2613 4575 2851 4635 quatuor
2877 4579 3195 4632 magnorum
3233 4577 3560 4633 martyrum,

284 4688 548 4755 ἔφιππον,
604 4684 732 4739 ἀλλο
778 4682 1144 4753 δρακόντειον,
1171 4681 1265 4735 καὶ
1309 4680 1496 4749 ἕτερον
1538 4679 1597 4733 δὲ
1623 4679 1720 4749 τὴν
1762 4679 1856 4731 τοῦ
1956 4736 1959 4741 λ

287 4779 551 4849 βασιλέως
592 4776 715 4847 ἔχον
747 4774 947 4845 στήλην
992 4774 1253 4844 ἔφιππον.
1295 4773 1364 4825 ’Δ
1404 4772 1473 4841 δὴ
1511 4770 1685 4826 ταῦτά
1717 4773 1858 4825 εἰσιν

285 4873 513 4925 ἕκαστον
540 4869 645 4921 ἀνά
662 4867 776 4933 δύο,
809 4868 927 4938 ἦτοι
952 4867 1090 4934 ὁμοῦ
1115 4865 1182 4936 ιβ’
1200 4866 1290 4919 τὸν
1320 4864 1576 4936 ἀριθμόν.
1610 4866 1861 4934 Ἐμπρο-

290 4965 413 5015 σθεν
441 4962 500 5015 δὲ
526 4960 635 5013 τῶν
666 4960 920 5012 τοιούτων
946 4958 1275 5028 φλαμούλων
1306 4957 1629 5024 προΐσταται
1648 4959 1677 5010 ὁ
1699 4974 1859 5011 σκον-

288 5056 466 5124 τέριος
500 5052 780 5124 βαστάζων
806 5052 865 5105 τὸ
890 5050 1176 5115 διὸἐλλιον,
1205 5050 1233 5104 ὃ
1259 5051 1323 5121 δὴ
1346 5051 1425 5103 ἔνι
1460 5051 1621 5118 μόνον
1650 5048 1731 5114 ἓν,
1763 5052 1859 5103 καὶ

288 5148 346 5199 τὸ
378 5146 693 5214 σκουτάριον
720 5144 782 5196 τὺ
810 5142 1111 5213 βασιλικόν.
1142 5139 1250 5195 Ἦν
1283 5142 1385 5211 μὲν
1407 5138 1502 5194 οὖν
1533 5141 1705 5194 πάλαι
1732 5156 1857 5194 συν-

287 5237 468 5306 ήθεια,
499 5235 589 5287 ὅτε
624 5235 658 5303 ἡ
688 5231 781 5286 τοῦ
816 5232 1077 5302 βασιλέως
1118 5231 1369 5295 σύνταξις
1397 5226 1537 5301 ἦσαν
1582 5229 1862 5297 ἑξακισχί-

288 5327 419 5389 λιοι,
444 5321 587 5396 ἦσαν
612 5323 733 5379 καθ’
772 5323 831 5377 ἓν
854 5323 1087 5375 ἕκαστον
1124 5321 1436 5390 φλάμουλον
1484 5320 1860 5374 πεντακόσιοι.

290 5418 408 5471 Νῦν
423 5418 480 5470 δὲ
500 5417 568 5469 τὰ
597 5415 695 5485 μὲν
714 5414 939 5469 τοιαῦτα
969 5411 1252 5482 φλάμουλα
1283 5410 1512 5485 φέρουσι
1548 5410 1644 5462 καὶ
1675 5410 1864 5462 ίστῶσι

291 5508 642 5578 καταντικρὺ,
686 5507 758 5568 ὡς
791 5506 1032 5575 εἴρηται,
1067 5506 1166 5575 τῆς
1207 5504 1534 5573 προκύψεως
1557 5519 1569 5532 ·
1623 5503 1780 5565 ἐκτὸς
1807 5502 1865 5554 δὲ

294 5600 495 5651 ὁπόταν
539 5597 823 5665 στρατεύει
864 5599 891 5648 ὁ
922 5594 1199 5664 βασιλεὺς,
1241 5597 1382 5648 κατά
1426 5592 1720 5665 ἀναλογίαν
1760 5580 1866 5659 ’τῆς

295 5662 720 5756 ποσότητος-τῆς
760 5662 933 5738 αὐτού
970 5685 1272 5750 συντάξεως
1313 5683 1425 5753 ἔχει
1469 5683 1565 5737 καὶ
1612 5662 1862 5751 φλάμου-

294 5783 384 5834 λον
414 5779 469 5830 ἓν
501 5779 662 5847 τυχὸν
700 5777 732 5848 ἢ
758 5777 874 5831 δύο.
909 5776 1175 5830 Ὀπισθεν
1203 5775 1260 5829 δὲ
1289 5777 1397 5830 τῶν
1429 5774 1686 5827 τοιούτων
1710 5774 1867 5843 βασι-

295 5873 461 5926 λικῶν
484 5870 802 5940 φλαμούλων
827 5872 1076 5926 ἵστανται
1103 5871 1173 5924 τὰ
1195 5869 1304 5923 τῶν
1328 5869 1606 5923 δεσποτῶν
1634 5872 1727 5921 καὶ
1755 5868 1866 5921 τῶν

1966 4663 2251 4729 Demetrii,
2284 4658 2536 4728 Procopii
2567 4665 2621 4712 et
2655 4657 2945 4724 utriusque
2963 4647 3237 4708 Theodori
3264 4672 3275 4717 ;
3304 4655 3449 4709 aliud
3471 4671 3559 4708 re-

1966 4767 2311 4827 praesentans
2346 4752 2409 4809 S.
2449 4751 2749 4821 Georgium
2781 4758 3118 4819 equestrem,
3146 4747 3299 4826 aliud
3325 4749 3559 4803 dracon-

1967 4858 2139 4909 teum,
2163 4843 2298 4899 illud
2333 4843 2683 4911 imperatoris
2714 4818 2945 4908 cﬂigiem
2972 4853 3116 4908 equo
3140 4818 3433 4893 insidentis
3466 4854 3562 4891 ex~

1968 4940 2187 4997 ltibens.
2226 4936 2358 4990 Bina
2398 4947 2457 4991 et
2492 4934 2621 4988 bina
2647 4942 2777 4987 sunt
2805 4934 3014 4999 omnia,
3045 4933 3146 4987 hoc
3171 4940 3253 4985 est
3301 4933 3559 4985 universe

1967 5030 2275 5085 duodecim.
2305 5029 2445 5080 Ante
2469 5041 2589 5094 qua:
2629 5024 2906 5079 ﬂammula
2936 5032 3045 5078 stat
3094 5022 3346 5089 scutil‘er,
3380 5022 3562 5077 ferens

1968 5120 2229 5175 divelium
2246 5132 2343 5174 seu
2361 5118 2616 5171 vexillum
2640 5117 3074 5185 imperatorium,
3092 5114 3232 5187 quod
3248 5116 3316 5169 ab
3334 5113 3455 5168 aliis
3479 5129 3563 5168 sc-

1967 5213 2199 5282 paratitn
2220 5222 2276 5265 et
2295 5210 2573 5279 singulare
2600 5218 2840 5272 tenetur,
2865 5225 2988 5265 cum
3011 5209 3355 5279 imperatoris
3381 5220 3558 5265 scuto.

1969 5305 2134 5371 Olim,
2167 5294 2388 5374 quando
2419 5300 2740 5372 praesidium
2792 5301 3144 5371 imperatoris
3175 5320 3271 5358 scx
3306 5304 3556 5357 millibus

1972 5398 2279 5461 constabat,
2298 5398 2528 5450 aderant
2547 5394 2723 5449 cuivis
2752 5392 3038 5451 llammulo
3065 5398 3375 5468 quingenti.
3400 5396 3559 5453 Nunc

1972 5504 2101 5545 vero
2134 5486 2263 5541 talia
2302 5484 2579 5539 ﬂammula
2615 5484 2798 5538 ferunt
2830 5496 2885 5540 et
2935 5497 3190 5541 statuunt
3241 5502 3271 5540 e
3339 5488 3560 5556 regione

1972 5579 2312 5651 imperatorii
2346 5578 2494 5642 solii,
2530 5588 2591 5632 ut
2630 5578 2904 5635 diximus.
2950 5576 3116 5633 Extra
3148 5564 3301 5640 vero.
3335 5580 3557 5647 quando

1954 5678 2268 5757 “imperator
2300 5674 2354 5729 in
2382 5672 2733 5743 expeditione
2771 5682 3048 5739 versatur,
3089 5672 3553 5725 secum'cirmtm-

1974 5767 2079 5823 (ert
2107 5782 2205 5836 pro
2239 5765 2519 5820 exercitus
2548 5764 2925 5835 magnitudine
2976 5776 3144 5817 unum
3177 5762 3263 5816 vel
3317 5761 3553 5816 alterum

1972 5861 2337 5918 ilammulum.
2357 5858 2526 5914 Retro
2539 5858 2860 5928 huiusmodi
2890 5854 3252 5926 imperatoria
3275 5853 3553 5909 llammula
