  <div class='ocr_page' id='page_1' title='image "/cluster/home/n/w/nwhite01/storage/ocr_20150623/157/coo.31924054870625/043.png"; bbox 0 0 4044 6426; ppageno 0'>
   <div class='ocr_carea' id='block_1_1' title="bbox 468 406 534 470">
    <p class='ocr_par' dir='ltr' id='par_1_1' title="bbox 468 406 534 470">
     <span class='ocr_line' id='line_1_1' title="bbox 468 406 534 470; baseline 0.03 -2"><span class='ocrx_word' id='word_1_1' title='bbox 468 406 534 470; x_wconf 82' lang='grc'><strong>71</strong></span> 
     </span>
    </p>
   </div>
   <div class='ocr_carea' id='block_1_2' title="bbox 1662 408 2497 472">
    <p class='ocr_par' dir='ltr' id='par_1_2' title="bbox 1662 408 2497 472">
     <span class='ocr_line' id='line_1_2' title="bbox 1662 408 2497 472; baseline 0.004 -4"><span class='ocrx_word' id='word_1_2' title='bbox 1662 408 1932 470; x_wconf 79' lang='lat' dir='ltr'><strong>CODINI</strong></span> <span class='ocrx_word' id='word_1_3' title='bbox 1971 410 2497 472; x_wconf 65' lang='lat' dir='ltr'><strong>CUROPALATAE</strong></span> 
     </span>
    </p>
   </div>
   <div class='ocr_carea' id='block_1_3' title="bbox 3654 412 3723 475">
    <p class='ocr_par' dir='ltr' id='par_1_3' title="bbox 3654 412 3723 475">
     <span class='ocr_line' id='line_1_3' title="bbox 3654 412 3723 475; baseline 0.029 -2"><span class='ocrx_word' id='word_1_4' title='bbox 3654 412 3723 475; x_wconf 73' lang='lat'><strong>&#39;72</strong></span> 
     </span>
    </p>
   </div>
   <div class='ocr_carea' id='block_1_4' title="bbox 467 514 2051 594">
    <p class='ocr_par' dir='ltr' id='par_1_4' title="bbox 467 514 2051 586">
     <span class='ocr_line' id='line_1_4' title="bbox 467 514 2051 586; baseline 0 -13"><span class='ocrx_word' id='word_1_5' title='bbox 467 521 572 574; x_wconf 82' lang='lat' dir='ltr'><strong>sim</strong></span> <span class='ocrx_word' id='word_1_6' title='bbox 612 514 833 570; x_wconf 85' lang='lat' dir='ltr'><strong>mantile</strong></span> <span class='ocrx_word' id='word_1_7' title='bbox 867 530 1028 571; x_wconf 77' lang='lat' dir='ltr'><strong>suum</strong></span> <span class='ocrx_word' id='word_1_8' title='bbox 1047 524 1302 571; x_wconf 84' lang='lat' dir='ltr'><strong>movente</strong></span> <span class='ocrx_word' id='word_1_9' title='bbox 1337 526 1551 572; x_wconf 83' lang='lat' dir='ltr'><strong>cessant</strong></span> <span class='ocrx_word' id='word_1_10' title='bbox 1580 524 1633 571; x_wconf 91' lang='lat' dir='ltr'><strong>et</strong></span> <span class='ocrx_word' id='word_1_11' title='bbox 1668 520 1788 586; x_wconf 81' lang='lat' dir='ltr'><strong>ipsa</strong></span> <span class='ocrx_word' id='word_1_12' title='bbox 1820 530 1914 585; x_wconf 87' lang='lat' dir='ltr'><strong>;et</strong></span> <span class='ocrx_word' id='word_1_13' title='bbox 1935 537 2051 573; x_wconf 86' lang='lat' dir='ltr'><strong>rur-</strong></span> 
     </span>
    </p>
   </div>
   <div class='ocr_carea' id='block_1_5' title="bbox 2157 514 3726 594">
    <p class='ocr_par' dir='ltr' id='par_1_5' title="bbox 2157 522 3726 594">
     <span class='ocr_line' id='line_1_5' title="bbox 2157 522 3726 594; baseline 0.003 -19"><span class='ocrx_word' id='word_1_14' title='bbox 2157 522 2218 575; x_wconf 79' lang='grc' dir='ltr'>τὸ</span> <span class='ocrx_word' id='word_1_15' title='bbox 2277 523 2565 591; x_wconf 82' lang='grc' dir='ltr'><strong>μανδύλιον</strong></span> <span class='ocrx_word' id='word_1_16' title='bbox 2624 523 2927 592; x_wconf 79' lang='grc' dir='ltr'><strong>κτήσαντος</strong></span> <span class='ocrx_word' id='word_1_17' title='bbox 2987 523 3307 594; x_wconf 74' lang='grc' dir='ltr'><strong>παραυτίκα</strong></span> <span class='ocrx_word' id='word_1_18' title='bbox 3378 525 3474 579; x_wconf 73' lang='grc' dir='ltr'><strong>καὶ</strong></span> <span class='ocrx_word' id='word_1_19' title='bbox 3548 526 3726 581; x_wconf 87' lang='grc' dir='ltr'><strong>ταῦτα</strong></span> 
     </span>
    </p>
   </div>
   <div class='ocr_carea' id='block_1_6' title="bbox 468 608 2051 689">
    <p class='ocr_par' dir='ltr' id='par_1_6' title="bbox 468 608 2047 675">
     <span class='ocr_line' id='line_1_6' title="bbox 468 608 2047 675; baseline 0.001 -12"><span class='ocrx_word' id='word_1_20' title='bbox 468 623 566 663; x_wconf 76' lang='lat' dir='ltr'><strong>sus</strong></span> <span class='ocrx_word' id='word_1_21' title='bbox 596 608 866 674; x_wconf 88' lang='lat' dir='ltr'><strong>incipiunt</strong></span> <span class='ocrx_word' id='word_1_22' title='bbox 884 616 1144 659; x_wconf 81' lang='lat' dir='ltr'><strong>cantores</strong></span> <span class='ocrx_word' id='word_1_23' title='bbox 1174 608 1622 675; x_wconf 68' lang='lat' dir='ltr'><strong>accommodatos</strong></span> <span class='ocrx_word' id='word_1_24' title='bbox 1665 608 1807 662; x_wconf 74' lang='lat' dir='ltr'><strong>festo</strong></span> <span class='ocrx_word' id='word_1_25' title='bbox 1854 618 2047 664; x_wconf 82' lang='lat' dir='ltr'><strong>versus</strong></span> 
     </span>
    </p>
   </div>
   <div class='ocr_carea' id='block_1_7' title="bbox 2157 608 3728 689">
    <p class='ocr_par' dir='ltr' id='par_1_7' title="bbox 2157 616 3728 689">
     <span class='ocr_line' id='line_1_7' title="bbox 2157 616 3728 689; baseline 0.003 -22"><span class='ocrx_word' id='word_1_26' title='bbox 2157 616 2443 680; x_wconf 83' lang='grc' dir='ltr'><strong>παύουσιν,</strong></span> <span class='ocrx_word' id='word_1_27' title='bbox 2468 618 2563 669; x_wconf 69' lang='grc' dir='ltr'><strong>καὶ</strong></span> <span class='ocrx_word' id='word_1_28' title='bbox 2593 618 2853 685; x_wconf 73' lang='grc' dir='ltr'><strong>ἄρχονται</strong></span> <span class='ocrx_word' id='word_1_29' title='bbox 2907 616 3072 670; x_wconf 81' lang='grc' dir='ltr'><strong>πάλιν</strong></span> <span class='ocrx_word' id='word_1_30' title='bbox 3119 618 3169 670; x_wconf 76' lang='grc' dir='ltr'><strong>οἱ</strong></span> <span class='ocrx_word' id='word_1_31' title='bbox 3219 616 3442 685; x_wconf 75' lang='grc' dir='ltr'><strong>ψάλται,</strong></span> <span class='ocrx_word' id='word_1_32' title='bbox 3483 619 3728 689; x_wconf 87' lang='grc' dir='ltr'><strong>προσφό-</strong></span> 
     </span>
    </p>
   </div>
   <div class='ocr_carea' id='block_1_8' title="bbox 466 699 2045 767">
    <p class='ocr_par' dir='ltr' id='par_1_8' title="bbox 466 699 2045 767">
     <span class='ocr_line' id='line_1_8' title="bbox 466 699 2045 767; baseline 0 -14"><span class='ocrx_word' id='word_1_33' title='bbox 466 701 780 761; x_wconf 82' lang='lat' dir='ltr'><strong>decantare,</strong></span> <span class='ocrx_word' id='word_1_34' title='bbox 801 708 855 752; x_wconf 87' lang='lat' dir='ltr'><strong>et</strong></span> <span class='ocrx_word' id='word_1_35' title='bbox 886 699 1049 765; x_wconf 83' lang='lat' dir='ltr'><strong>paulo</strong></span> <span class='ocrx_word' id='word_1_36' title='bbox 1072 710 1196 767; x_wconf 88' lang='lat' dir='ltr'><strong>post</strong></span> <span class='ocrx_word' id='word_1_37' title='bbox 1226 699 1357 751; x_wconf 92' lang='lat' dir='ltr'><strong>illud</strong></span> <span class='ocrx_word' id='word_1_38' title='bbox 1392 716 1406 751; x_wconf 87' lang='lat'><strong>:</strong></span> <span class='ocrx_word' id='word_1_39' title='bbox 1434 716 1452 749; x_wconf 83' lang='grc' dir='ltr'><strong>ι</strong></span> <span class='ocrx_word' id='word_1_40' title='bbox 1476 699 1730 754; x_wconf 74' lang='lat' dir='ltr'><strong>Christus</strong></span> <span class='ocrx_word' id='word_1_41' title='bbox 1755 713 1917 756; x_wconf 84' lang='lat' dir='ltr'><strong>natus</strong></span> <span class='ocrx_word' id='word_1_42' title='bbox 1935 710 2045 767; x_wconf 89' lang='lat' dir='ltr'><strong>est,</strong></span> 
     </span>
    </p>
   </div>
   <div class='ocr_carea' id='block_1_9' title="bbox 468 792 2051 859">
    <p class='ocr_par' dir='ltr' id='par_1_9' title="bbox 468 792 2051 859">
     <span class='ocr_line' id='line_1_9' title="bbox 468 792 2051 859; baseline 0.003 -16"><span class='ocrx_word' id='word_1_43' title='bbox 468 792 560 859; x_wconf 89' lang='lat' dir='ltr'><strong>qui</strong></span> <span class='ocrx_word' id='word_1_44' title='bbox 593 802 642 844; x_wconf 85' lang='lat' dir='ltr'><strong>te</strong></span> <span class='ocrx_word' id='word_1_45' title='bbox 673 793 1060 858; x_wconf 75' lang='lat' dir='ltr'><strong>imperatorem</strong></span> <span class='ocrx_word' id='word_1_46' title='bbox 1085 792 1391 853; x_wconf 75' lang='lat' dir='ltr'><strong>coronavit,</strong></span> <span class='ocrx_word' id='word_1_47' title='bbox 1430 809 1450 841; x_wconf 74' lang='grc' dir='ltr'><strong>ο</strong></span> <span class='ocrx_word' id='word_1_48' title='bbox 1489 801 1545 843; x_wconf 90' lang='lat' dir='ltr'><strong>et</strong></span> <span class='ocrx_word' id='word_1_49' title='bbox 1575 801 1698 858; x_wconf 87' lang='lat' dir='ltr'><strong>post</strong></span> <span class='ocrx_word' id='word_1_50' title='bbox 1719 792 1822 846; x_wconf 83' lang='lat' dir='ltr'><strong>hoc</strong></span> <span class='ocrx_word' id='word_1_51' title='bbox 1840 794 2051 847; x_wconf 78' lang='lat' dir='ltr'><strong>sliclios</strong></span> 
     </span>
    </p>
   </div>
   <div class='ocr_carea' id='block_1_10' title="bbox 467 883 2049 953">
    <p class='ocr_par' dir='ltr' id='par_1_10' title="bbox 467 883 2049 953">
     <span class='ocr_line' id='line_1_10' title="bbox 467 883 2049 953; baseline 0 -15"><span class='ocrx_word' id='word_1_52' title='bbox 467 901 562 938; x_wconf 87' lang='lat' dir='ltr'><strong>seu</strong></span> <span class='ocrx_word' id='word_1_53' title='bbox 590 900 800 938; x_wconf 83' lang='lat' dir='ltr'><strong>versus.</strong></span> <span class='ocrx_word' id='word_1_54' title='bbox 831 883 893 935; x_wconf 83' lang='lat' dir='ltr'><strong>Et</strong></span> <span class='ocrx_word' id='word_1_55' title='bbox 912 899 1101 936; x_wconf 86' lang='lat' dir='ltr'><strong>rursus</strong></span> <span class='ocrx_word' id='word_1_56' title='bbox 1126 885 1266 936; x_wconf 86' lang='lat' dir='ltr'><strong>idem</strong></span> <span class='ocrx_word' id='word_1_57' title='bbox 1296 893 1380 937; x_wconf 90' lang='lat' dir='ltr'><strong>sat</strong></span> <span class='ocrx_word' id='word_1_58' title='bbox 1400 885 1563 950; x_wconf 79' lang='lat' dir='ltr'><strong>longo</strong></span> <span class='ocrx_word' id='word_1_59' title='bbox 1593 890 1853 953; x_wconf 85' lang='lat' dir='ltr'><strong>tempore.</strong></span> <span class='ocrx_word' id='word_1_60' title='bbox 1884 886 2049 939; x_wconf 81' lang='lat' dir='ltr'><strong>Dein-</strong></span> 
     </span>
    </p>
   </div>
   <div class='ocr_carea' id='block_1_11' title="bbox 468 978 2053 1047">
    <p class='ocr_par' dir='ltr' id='par_1_11' title="bbox 468 978 2053 1047">
     <span class='ocr_line' id='line_1_11' title="bbox 468 978 2053 1047; baseline 0.001 -16"><span class='ocrx_word' id='word_1_61' title='bbox 468 980 531 1031; x_wconf 86' lang='lat' dir='ltr'><strong>de</strong></span> <span class='ocrx_word' id='word_1_62' title='bbox 558 978 777 1030; x_wconf 78' lang='lat' dir='ltr'><strong>numina</strong></span> <span class='ocrx_word' id='word_1_63' title='bbox 809 980 1197 1045; x_wconf 71' lang='lat' dir='ltr'><strong>imperatorum</strong></span> <span class='ocrx_word' id='word_1_64' title='bbox 1232 988 1286 1029; x_wconf 86' lang='lat' dir='ltr'><strong>et</strong></span> <span class='ocrx_word' id='word_1_65' title='bbox 1317 979 1727 1045; x_wconf 81' lang='lat' dir='ltr'><strong>imperatricum</strong></span> <span class='ocrx_word' id='word_1_66' title='bbox 1758 980 2053 1047; x_wconf 79' lang='lat' dir='ltr'><strong>bouispre-</strong></span> 
     </span>
    </p>
   </div>
   <div class='ocr_carea' id='block_1_12' title="bbox 467 1069 2049 1137">
    <p class='ocr_par' dir='ltr' id='par_1_12' title="bbox 467 1069 2049 1137">
     <span class='ocr_line' id='line_1_12' title="bbox 467 1069 2049 1137; baseline -0.001 -14"><span class='ocrx_word' id='word_1_67' title='bbox 467 1069 774 1124; x_wconf 79' lang='lat' dir='ltr'><strong>eationibus</strong></span> <span class='ocrx_word' id='word_1_68' title='bbox 818 1069 1144 1123; x_wconf 72' lang='lat' dir='ltr'><strong>afﬁciuntur.</strong></span> <span class='ocrx_word' id='word_1_69' title='bbox 1166 1069 1285 1133; x_wconf 90' lang='lat' dir='ltr'><strong>Quo</strong></span> <span class='ocrx_word' id='word_1_70' title='bbox 1327 1078 1546 1137; x_wconf 82' lang='lat' dir='ltr'><strong>peracto</strong></span> <span class='ocrx_word' id='word_1_71' title='bbox 1579 1078 1830 1123; x_wconf 88' lang='lat' dir='ltr'><strong>cantores</strong></span> <span class='ocrx_word' id='word_1_72' title='bbox 1856 1070 2049 1122; x_wconf 77' lang='lat' dir='ltr'><strong>iterum</strong></span> 
     </span>
    </p>
   </div>
   <div class='ocr_carea' id='block_1_13' title="bbox 467 1160 2057 1225">
    <p class='ocr_par' dir='ltr' id='par_1_13' title="bbox 467 1160 2057 1225">
     <span class='ocr_line' id='line_1_13' title="bbox 467 1160 2057 1225; baseline 0 -13"><span class='ocrx_word' id='word_1_73' title='bbox 467 1162 667 1215; x_wconf 89' lang='lat' dir='ltr'><strong>multos</strong></span> <span class='ocrx_word' id='word_1_74' title='bbox 682 1176 853 1214; x_wconf 89' lang='lat' dir='ltr'><strong>annos</strong></span> <span class='ocrx_word' id='word_1_75' title='bbox 867 1161 1183 1214; x_wconf 86' lang='lat' dir='ltr'><strong>concinunt.</strong></span> <span class='ocrx_word' id='word_1_76' title='bbox 1206 1160 1416 1225; x_wconf 79' lang='lat' dir='ltr'><strong>Quibus</strong></span> <span class='ocrx_word' id='word_1_77' title='bbox 1434 1160 1611 1214; x_wconf 85' lang='lat' dir='ltr'><strong>adhuc</strong></span> <span class='ocrx_word' id='word_1_78' title='bbox 1625 1161 1949 1215; x_wconf 82' lang='lat' dir='ltr'><strong>canentibus</strong></span> <span class='ocrx_word' id='word_1_79' title='bbox 1962 1175 2057 1213; x_wconf 77' lang='lat' dir='ltr'><strong>ex-</strong></span> 
     </span>
    </p>
   </div>
   <div class='ocr_carea' id='block_1_14' title="bbox 466 1253 2055 1323">
    <p class='ocr_par' dir='ltr' id='par_1_14' title="bbox 466 1253 2055 1323">
     <span class='ocr_line' id='line_1_14' title="bbox 466 1253 2055 1323; baseline -0.002 -16"><span class='ocrx_word' id='word_1_80' title='bbox 466 1254 785 1323; x_wconf 74' lang='lat' dir='ltr'><strong>pilnduulur</strong></span> <span class='ocrx_word' id='word_1_81' title='bbox 813 1263 867 1306; x_wconf 91' lang='lat' dir='ltr'><strong>ct</strong></span> <span class='ocrx_word' id='word_1_82' title='bbox 892 1255 1222 1308; x_wconf 86' lang='lat' dir='ltr'><strong>clauduntur</strong></span> <span class='ocrx_word' id='word_1_83' title='bbox 1241 1254 1467 1307; x_wconf 60' lang='lat' dir='ltr'><strong>cortina</strong></span> <span class='ocrx_word' id='word_1_84' title='bbox 1498 1253 1871 1321; x_wconf 78' lang='lat' dir='ltr'><strong>imperatoris;</strong></span> <span class='ocrx_word' id='word_1_85' title='bbox 1896 1268 2055 1322; x_wconf 86' lang='lat' dir='ltr'><strong>orga-</strong></span> 
     </span>
    </p>
   </div>
   <div class='ocr_carea' id='block_1_15' title="bbox 467 1346 2055 1416">
    <p class='ocr_par' dir='ltr' id='par_1_15' title="bbox 467 1346 2055 1416">
     <span class='ocr_line' id='line_1_15' title="bbox 467 1346 2055 1416; baseline -0.003 -15"><span class='ocrx_word' id='word_1_86' title='bbox 467 1348 555 1401; x_wconf 78' lang='lat' dir='ltr'><strong>nis</strong></span> <span class='ocrx_word' id='word_1_87' title='bbox 586 1353 766 1401; x_wconf 88' lang='lat' dir='ltr'><strong>denuo</strong></span> <span class='ocrx_word' id='word_1_88' title='bbox 810 1352 874 1399; x_wconf 82' lang='lat' dir='ltr'><strong>ad</strong></span> <span class='ocrx_word' id='word_1_89' title='bbox 904 1347 1175 1400; x_wconf 89' lang='lat' dir='ltr'><strong>modicum</strong></span> <span class='ocrx_word' id='word_1_90' title='bbox 1205 1356 1417 1416; x_wconf 89' lang='lat' dir='ltr'><strong>tempus</strong></span> <span class='ocrx_word' id='word_1_91' title='bbox 1447 1346 1830 1399; x_wconf 80' lang='lat' dir='ltr'><strong>resonantibus</strong></span> <span class='ocrx_word' id='word_1_92' title='bbox 1858 1354 2055 1398; x_wconf 79' lang='lat' dir='ltr'><strong>exeunt</strong></span> 
     </span>
    </p>
   </div>
   <div class='ocr_carea' id='block_1_16' title="bbox 464 1437 2053 1505">
    <p class='ocr_par' dir='ltr' id='par_1_16' title="bbox 464 1437 2053 1505">
     <span class='ocr_line' id='line_1_16' title="bbox 464 1437 2053 1505; baseline -0.002 -13"><span class='ocrx_word' id='word_1_93' title='bbox 464 1440 743 1493; x_wconf 84' lang='lat' dir='ltr'><strong>ﬂammula</strong></span> <span class='ocrx_word' id='word_1_94' title='bbox 774 1454 867 1491; x_wconf 88' lang='lat' dir='ltr'><strong>seu</strong></span> <span class='ocrx_word' id='word_1_95' title='bbox 905 1439 1123 1492; x_wconf 83' lang='lat' dir='ltr'><strong>vexilla.</strong></span> <span class='ocrx_word' id='word_1_96' title='bbox 1146 1437 1211 1490; x_wconf 86' lang='lat' dir='ltr'><strong>Et</strong></span> <span class='ocrx_word' id='word_1_97' title='bbox 1235 1438 1586 1505; x_wconf 88' lang='lat' dir='ltr'><strong>imperatoria</strong></span> <span class='ocrx_word' id='word_1_98' title='bbox 1616 1437 1835 1505; x_wconf 85' lang='lat' dir='ltr'><strong>quidem</strong></span> <span class='ocrx_word' id='word_1_99' title='bbox 1863 1437 2053 1490; x_wconf 81' lang='lat' dir='ltr'><strong>ferun-</strong></span> 
     </span>
    </p>
   </div>
   <div class='ocr_carea' id='block_1_17' title="bbox 472 1530 2051 1597">
    <p class='ocr_par' dir='ltr' id='par_1_17' title="bbox 472 1530 2051 1597">
     <span class='ocr_line' id='line_1_17' title="bbox 472 1530 2051 1597; baseline -0.002 -14"><span class='ocrx_word' id='word_1_100' title='bbox 472 1543 559 1584; x_wconf 80' lang='grc' dir='ltr'><strong>ιιι-ι·</strong></span> <span class='ocrx_word' id='word_1_101' title='bbox 588 1533 640 1584; x_wconf 92' lang='lat' dir='ltr'><strong>iu</strong></span> <span class='ocrx_word' id='word_1_102' title='bbox 663 1532 1010 1595; x_wconf 71' lang='lat' dir='ltr'><strong>vestiarium,</strong></span> <span class='ocrx_word' id='word_1_103' title='bbox 1046 1532 1136 1583; x_wconf 88' lang='lat' dir='ltr'><strong>ubi</strong></span> <span class='ocrx_word' id='word_1_104' title='bbox 1185 1530 1458 1583; x_wconf 76' lang='lat' dir='ltr'><strong>asservari</strong></span> <span class='ocrx_word' id='word_1_105' title='bbox 1509 1530 1688 1583; x_wconf 80' lang='lat' dir='ltr'><strong>solent</strong></span> <span class='ocrx_word' id='word_1_106' title='bbox 1721 1546 1736 1594; x_wconf 88' lang='lat'>;</span> <span class='ocrx_word' id='word_1_107' title='bbox 1764 1542 2051 1597; x_wconf 86' lang='lat' dir='ltr'><strong>procerum</strong></span> 
     </span>
    </p>
   </div>
   <div class='ocr_carea' id='block_1_18' title="bbox 468 1621 2050 1693">
    <p class='ocr_par' dir='ltr' id='par_1_18' title="bbox 468 1621 2050 1693">
     <span class='ocr_line' id='line_1_18' title="bbox 468 1621 2050 1693; baseline -0.002 -17"><span class='ocrx_word' id='word_1_108' title='bbox 468 1639 601 1677; x_wconf 86' lang='lat' dir='ltr'><strong>vero</strong></span> <span class='ocrx_word' id='word_1_109' title='bbox 636 1626 917 1693; x_wconf 91' lang='lat' dir='ltr'><strong>quodlibet</strong></span> <span class='ocrx_word' id='word_1_110' title='bbox 948 1625 1013 1678; x_wconf 88' lang='lat' dir='ltr'><strong>ad</strong></span> <span class='ocrx_word' id='word_1_111' title='bbox 1036 1625 1283 1693; x_wconf 87' lang='lat' dir='ltr'><strong>proprias</strong></span> <span class='ocrx_word' id='word_1_112' title='bbox 1314 1624 1584 1691; x_wconf 81' lang='lat' dir='ltr'><strong>cujusque</strong></span> <span class='ocrx_word' id='word_1_113' title='bbox 1607 1624 1750 1676; x_wconf 69' lang='lat' dir='ltr'><strong>aedes</strong></span> <span class='ocrx_word' id='word_1_114' title='bbox 1783 1621 2050 1674; x_wconf 78' lang='lat' dir='ltr'><strong>defertur.</strong></span> 
     </span>
    </p>
   </div>
   <div class='ocr_carea' id='block_1_19' title="bbox 470 1714 2057 1788">
    <p class='ocr_par' dir='ltr' id='par_1_19' title="bbox 470 1714 2057 1788">
     <span class='ocr_line' id='line_1_19' title="bbox 470 1714 2057 1788; baseline -0.005 -15"><span class='ocrx_word' id='word_1_115' title='bbox 470 1720 817 1773; x_wconf 79' lang='lat' dir='ltr'><strong>Descendens</strong></span> <span class='ocrx_word' id='word_1_116' title='bbox 847 1719 1138 1788; x_wconf 76' lang='lat' dir='ltr'><strong>imperator</strong></span> <span class='ocrx_word' id='word_1_117' title='bbox 1166 1718 1229 1770; x_wconf 84' lang='lat' dir='ltr'><strong>ad</strong></span> <span class='ocrx_word' id='word_1_118' title='bbox 1268 1732 1505 1771; x_wconf 83' lang='lat' dir='ltr'><strong>mensam</strong></span> <span class='ocrx_word' id='word_1_119' title='bbox 1535 1732 1592 1770; x_wconf 88' lang='lat' dir='ltr'><strong>se</strong></span> <span class='ocrx_word' id='word_1_120' title='bbox 1616 1715 1850 1774; x_wconf 77' lang='lat' dir='ltr'><strong>confert.</strong></span> <span class='ocrx_word' id='word_1_121' title='bbox 1877 1714 2057 1782; x_wconf 88' lang='lat' dir='ltr'><strong>quoti-</strong></span> 
     </span>
    </p>
   </div>
   <div class='ocr_carea' id='block_1_20' title="bbox 468 1809 2050 1879">
    <p class='ocr_par' dir='ltr' id='par_1_20' title="bbox 468 1809 2050 1879">
     <span class='ocr_line' id='line_1_20' title="bbox 468 1809 2050 1879; baseline -0.003 -14"><span class='ocrx_word' id='word_1_122' title='bbox 468 1814 689 1867; x_wconf 87' lang='lat' dir='ltr'><strong>dianum</strong></span> <span class='ocrx_word' id='word_1_123' title='bbox 718 1812 977 1865; x_wconf 87' lang='lat' dir='ltr'><strong>amictum</strong></span> <span class='ocrx_word' id='word_1_124' title='bbox 1008 1810 1186 1865; x_wconf 79' lang='lat' dir='ltr'><strong>ferens</strong></span> <span class='ocrx_word' id='word_1_125' title='bbox 1220 1827 1235 1865; x_wconf 85' lang='lat'><strong>:</strong></span> <span class='ocrx_word' id='word_1_126' title='bbox 1263 1820 1319 1863; x_wconf 89' lang='lat' dir='ltr'><strong>at</strong></span> <span class='ocrx_word' id='word_1_127' title='bbox 1338 1824 1597 1879; x_wconf 82' lang='lat' dir='ltr'><strong>proceres</strong></span> <span class='ocrx_word' id='word_1_128' title='bbox 1618 1824 1783 1879; x_wconf 84' lang='lat' dir='ltr'><strong>supra</strong></span> <span class='ocrx_word' id='word_1_129' title='bbox 1802 1809 2050 1877; x_wconf 67' lang='lat' dir='ltr'><strong>etpesita</strong></span> 
     </span>
    </p>
   </div>
   <div class='ocr_carea' id='block_1_21' title="bbox 468 1906 1033 1975">
    <p class='ocr_par' dir='ltr' id='par_1_21' title="bbox 468 1906 1033 1975">
     <span class='ocr_line' id='line_1_21' title="bbox 468 1906 1033 1975; baseline 0 -17"><span class='ocrx_word' id='word_1_130' title='bbox 468 1913 685 1975; x_wconf 78' lang='lat' dir='ltr'><strong>gestant</strong></span> <span class='ocrx_word' id='word_1_131' title='bbox 708 1906 1033 1974; x_wconf 77' lang='lat' dir='ltr'><strong>gestamina.</strong></span> 
     </span>
    </p>
   </div>
   <div class='ocr_carea' id='block_1_22' title="bbox 539 1994 2049 2053">
    <p class='ocr_par' dir='ltr' id='par_1_22' title="bbox 539 1994 2049 2053">
     <span class='ocr_line' id='line_1_22' title="bbox 539 1994 2049 2053; baseline -0.002 -3"><span class='ocrx_word' id='word_1_132' title='bbox 539 1998 811 2053; x_wconf 64' lang='lat' dir='ltr'><strong>Caeterum</strong></span> <span class='ocrx_word' id='word_1_133' title='bbox 844 1999 1021 2051; x_wconf 78' lang='lat' dir='ltr'><strong>oratio</strong></span> <span class='ocrx_word' id='word_1_134' title='bbox 1071 1997 1138 2050; x_wconf 90' lang='lat' dir='ltr'><strong>de</strong></span> <span class='ocrx_word' id='word_1_135' title='bbox 1184 2010 1375 2051; x_wconf 90' lang='lat' dir='ltr'><strong>mensa</strong></span> <span class='ocrx_word' id='word_1_136' title='bbox 1435 1995 1729 2051; x_wconf 79' lang='lat' dir='ltr'><strong>differatur</strong></span> <span class='ocrx_word' id='word_1_137' title='bbox 1776 1994 2049 2049; x_wconf 84' lang='lat' dir='ltr'><strong>nonnihil.</strong></span> 
     </span>
    </p>
   </div>
   <div class='ocr_carea' id='block_1_23' title="bbox 467 2088 2048 2159">
    <p class='ocr_par' dir='ltr' id='par_1_23' title="bbox 467 2088 2048 2159">
     <span class='ocr_line' id='line_1_23' title="bbox 467 2088 2048 2159; baseline -0.004 -15"><span class='ocrx_word' id='word_1_138' title='bbox 467 2091 734 2156; x_wconf 75' lang='lat' dir='ltr'><strong>Quoniam</strong></span> <span class='ocrx_word' id='word_1_139' title='bbox 763 2107 893 2145; x_wconf 88' lang='lat' dir='ltr'><strong>vero</strong></span> <span class='ocrx_word' id='word_1_140' title='bbox 923 2090 1290 2159; x_wconf 80' lang='lat' dir='ltr'><strong>pilaticiorum</strong></span> <span class='ocrx_word' id='word_1_141' title='bbox 1322 2091 1657 2143; x_wconf 84' lang='lat' dir='ltr'><strong>mentionem</strong></span> <span class='ocrx_word' id='word_1_142' title='bbox 1693 2101 1851 2144; x_wconf 84' lang='lat' dir='ltr'><strong>antea</strong></span> <span class='ocrx_word' id='word_1_143' title='bbox 1909 2088 2048 2142; x_wconf 80' lang='lat' dir='ltr'><strong>feci-</strong></span> 
     </span>
    </p>
   </div>
   <div class='ocr_carea' id='block_1_24' title="bbox 467 2184 2048 2253">
    <p class='ocr_par' dir='ltr' id='par_1_24' title="bbox 467 2184 2048 2253">
     <span class='ocr_line' id='line_1_24' title="bbox 467 2184 2048 2253; baseline 0.001 -14"><span class='ocrx_word' id='word_1_144' title='bbox 467 2201 615 2247; x_wconf 90' lang='lat' dir='ltr'><strong>mus,</strong></span> <span class='ocrx_word' id='word_1_145' title='bbox 645 2185 895 2239; x_wconf 84' lang='lat' dir='ltr'><strong>dicamus</strong></span> <span class='ocrx_word' id='word_1_146' title='bbox 943 2187 1095 2253; x_wconf 88' lang='lat' dir='ltr'><strong>prius</strong></span> <span class='ocrx_word' id='word_1_147' title='bbox 1133 2184 1206 2239; x_wconf 86' lang='lat' dir='ltr'><strong>de</strong></span> <span class='ocrx_word' id='word_1_148' title='bbox 1237 2184 1367 2251; x_wconf 82' lang='lat' dir='ltr'><strong>illis,</strong></span> <span class='ocrx_word' id='word_1_149' title='bbox 1406 2193 1462 2238; x_wconf 89' lang='lat' dir='ltr'><strong>ut</strong></span> <span class='ocrx_word' id='word_1_150' title='bbox 1491 2184 1844 2253; x_wconf 72' lang='lat' dir='ltr'><strong>postmodum</strong></span> <span class='ocrx_word' id='word_1_151' title='bbox 1881 2187 2048 2241; x_wconf 87' lang='lat' dir='ltr'><strong>etiam</strong></span> 
     </span>
    </p>
   </div>
   <div class='ocr_carea' id='block_1_25' title="bbox 466 2276 1143 2329">
    <p class='ocr_par' dir='ltr' id='par_1_25' title="bbox 466 2276 1143 2329">
     <span class='ocr_line' id='line_1_25' title="bbox 466 2276 1143 2329; baseline 0 0"><span class='ocrx_word' id='word_1_152' title='bbox 466 2276 535 2329; x_wconf 88' lang='lat' dir='ltr'><strong>de</strong></span> <span class='ocrx_word' id='word_1_153' title='bbox 569 2291 761 2329; x_wconf 81' lang='lat' dir='ltr'><strong>mensa</strong></span> <span class='ocrx_word' id='word_1_154' title='bbox 786 2277 1143 2329; x_wconf 83' lang='lat' dir='ltr'><strong>disseramus.</strong></span> 
     </span>
    </p>
   </div>
   <div class='ocr_carea' id='block_1_26' title="bbox 535 2366 2050 2439">
    <p class='ocr_par' dir='ltr' id='par_1_26' title="bbox 535 2366 2050 2439">
     <span class='ocr_line' id='line_1_26' title="bbox 535 2366 2050 2439; baseline 0.003 -19"><span class='ocrx_word' id='word_1_155' title='bbox 535 2368 710 2437; x_wconf 81' lang='lat' dir='ltr'><strong>Cyrus</strong></span> <span class='ocrx_word' id='word_1_156' title='bbox 741 2383 997 2438; x_wconf 79' lang='lat' dir='ltr'><strong>magnus,</strong></span> <span class='ocrx_word' id='word_1_157' title='bbox 1032 2383 1125 2421; x_wconf 80' lang='lat' dir='ltr'><strong>rex</strong></span> <span class='ocrx_word' id='word_1_158' title='bbox 1181 2367 1497 2433; x_wconf 82' lang='lat' dir='ltr'><strong>Persarum,</strong></span> <span class='ocrx_word' id='word_1_159' title='bbox 1544 2368 1687 2422; x_wconf 81' lang='lat' dir='ltr'><strong>illius</strong></span> <span class='ocrx_word' id='word_1_160' title='bbox 1743 2366 2050 2439; x_wconf 63' lang='lat' dir='ltr'><strong>Cambysae,</strong></span> 
     </span>
    </p>
   </div>
   <div class='ocr_carea' id='block_1_27' title="bbox 467 2460 2050 2530">
    <p class='ocr_par' dir='ltr' id='par_1_27' title="bbox 467 2460 2050 2530">
     <span class='ocr_line' id='line_1_27' title="bbox 467 2460 2050 2530; baseline 0.002 -17"><span class='ocrx_word' id='word_1_161' title='bbox 467 2468 596 2528; x_wconf 88' lang='lat' dir='ltr'><strong>post</strong></span> <span class='ocrx_word' id='word_1_162' title='bbox 627 2461 837 2513; x_wconf 85' lang='lat' dir='ltr'><strong>obitum</strong></span> <span class='ocrx_word' id='word_1_163' title='bbox 871 2461 1121 2530; x_wconf 78' lang='lat' dir='ltr'><strong>Astyagis</strong></span> <span class='ocrx_word' id='word_1_164' title='bbox 1156 2461 1244 2514; x_wconf 81' lang='lat' dir='ltr'><strong>avi</strong></span> <span class='ocrx_word' id='word_1_165' title='bbox 1271 2462 1353 2513; x_wconf 90' lang='lat' dir='ltr'><strong>sui</strong></span> <span class='ocrx_word' id='word_1_166' title='bbox 1381 2460 1708 2514; x_wconf 67' lang='lat' dir='ltr'><strong>haereditate</strong></span> <span class='ocrx_word' id='word_1_167' title='bbox 1739 2463 1908 2515; x_wconf 89' lang='lat' dir='ltr'><strong>etiam</strong></span> <span class='ocrx_word' id='word_1_168' title='bbox 1953 2478 2050 2516; x_wconf 87' lang='lat' dir='ltr'><strong>ac-</strong></span> 
     </span>
    </p>
   </div>
   <div class='ocr_carea' id='block_1_28' title="bbox 469 2551 2049 2623">
    <p class='ocr_par' dir='ltr' id='par_1_28' title="bbox 469 2551 2049 2623">
     <span class='ocr_line' id='line_1_28' title="bbox 469 2551 2049 2623; baseline 0.004 -20"><span class='ocrx_word' id='word_1_169' title='bbox 469 2551 701 2619; x_wconf 88' lang='lat' dir='ltr'><strong>quisivit</strong></span> <span class='ocrx_word' id='word_1_170' title='bbox 730 2552 1024 2618; x_wconf 88' lang='lat' dir='ltr'><strong>imperium</strong></span> <span class='ocrx_word' id='word_1_171' title='bbox 1059 2552 1201 2621; x_wconf 84' lang='lat' dir='ltr'><strong>ejus,</strong></span> <span class='ocrx_word' id='word_1_172' title='bbox 1238 2552 1343 2606; x_wconf 90' lang='lat' dir='ltr'><strong>hoc</strong></span> <span class='ocrx_word' id='word_1_173' title='bbox 1374 2561 1459 2605; x_wconf 90' lang='lat' dir='ltr'><strong>est</strong></span> <span class='ocrx_word' id='word_1_174' title='bbox 1495 2551 1774 2606; x_wconf 80' lang='lat' dir='ltr'><strong>Medorum</strong></span> <span class='ocrx_word' id='word_1_175' title='bbox 1799 2569 2049 2623; x_wconf 82' lang='lat' dir='ltr'><strong>regnum.</strong></span> 
     </span>
    </p>
   </div>
   <div class='ocr_carea' id='block_1_29' title="bbox 469 2640 2051 2712">
    <p class='ocr_par' dir='ltr' id='par_1_29' title="bbox 469 2640 2051 2712">
     <span class='ocr_line' id='line_1_29' title="bbox 469 2640 2051 2712; baseline 0.004 -17"><span class='ocrx_word' id='word_1_176' title='bbox 469 2642 607 2695; x_wconf 88' lang='lat' dir='ltr'><strong>Cum</strong></span> <span class='ocrx_word' id='word_1_177' title='bbox 635 2642 803 2712; x_wconf 77' lang='lat' dir='ltr'><strong>igitur</strong></span> <span class='ocrx_word' id='word_1_178' title='bbox 834 2640 1125 2697; x_wconf 83' lang='lat' dir='ltr'><strong>Persarum</strong></span> <span class='ocrx_word' id='word_1_179' title='bbox 1162 2658 1297 2712; x_wconf 89' lang='lat' dir='ltr'><strong>gens</strong></span> <span class='ocrx_word' id='word_1_180' title='bbox 1330 2658 1495 2712; x_wconf 87' lang='lat' dir='ltr'><strong>parva</strong></span> <span class='ocrx_word' id='word_1_181' title='bbox 1586 2654 1732 2698; x_wconf 85' lang='lat' dir='ltr'><strong>esset</strong></span> <span class='ocrx_word' id='word_1_182' title='bbox 1786 2656 1837 2701; x_wconf 93' lang='lat' dir='ltr'><strong>et</strong></span> <span class='ocrx_word' id='word_1_183' title='bbox 1883 2644 2051 2701; x_wconf 85' lang='lat' dir='ltr'><strong>vitam</strong></span> 
     </span>
    </p>
   </div>
   <div class='ocr_carea' id='block_1_30' title="bbox 468 2734 2051 2805">
    <p class='ocr_par' dir='ltr' id='par_1_30' title="bbox 468 2734 2051 2805">
     <span class='ocr_line' id='line_1_30' title="bbox 468 2734 2051 2805; baseline 0.006 -19"><span class='ocrx_word' id='word_1_184' title='bbox 468 2734 809 2803; x_wconf 77' lang='lat' dir='ltr'><strong>pastoritiam</strong></span> <span class='ocrx_word' id='word_1_185' title='bbox 850 2744 1057 2805; x_wconf 78' lang='lat' dir='ltr'><strong>ageret,</strong></span> <span class='ocrx_word' id='word_1_186' title='bbox 1090 2736 1289 2805; x_wconf 83' lang='lat' dir='ltr'><strong>Cyrus,</strong></span> <span class='ocrx_word' id='word_1_187' title='bbox 1322 2738 1529 2792; x_wconf 75' lang='lat' dir='ltr'><strong>relictis</strong></span> <span class='ocrx_word' id='word_1_188' title='bbox 1562 2738 1853 2793; x_wconf 81' lang='lat' dir='ltr'><strong>Persarum</strong></span> <span class='ocrx_word' id='word_1_189' title='bbox 1881 2743 2051 2795; x_wconf 90' lang='lat' dir='ltr'><strong>mori-</strong></span> 
     </span>
    </p>
   </div>
   <div class='ocr_carea' id='block_1_31' title="bbox 469 2824 2055 2899">
    <p class='ocr_par' dir='ltr' id='par_1_31' title="bbox 469 2824 2055 2899">
     <span class='ocr_line' id='line_1_31' title="bbox 469 2824 2055 2899; baseline 0.004 -21"><span class='ocrx_word' id='word_1_190' title='bbox 469 2825 598 2890; x_wconf 89' lang='lat' dir='ltr'><strong>bus,</strong></span> <span class='ocrx_word' id='word_1_191' title='bbox 626 2824 882 2877; x_wconf 86' lang='lat' dir='ltr'><strong>utebatur</strong></span> <span class='ocrx_word' id='word_1_192' title='bbox 916 2825 1025 2877; x_wconf 87' lang='lat' dir='ltr'><strong>ritu</strong></span> <span class='ocrx_word' id='word_1_193' title='bbox 1053 2827 1518 2881; x_wconf 85' lang='lat' dir='ltr'><strong>etconsuetudiue</strong></span> <span class='ocrx_word' id='word_1_194' title='bbox 1546 2826 2055 2899; x_wconf 88' lang='lat' dir='ltr'><strong>Medorum,utpote</strong></span> 
     </span>
    </p>
   </div>
   <div class='ocr_carea' id='block_1_32' title="bbox 471 2913 2055 2989">
    <p class='ocr_par' dir='ltr' id='par_1_32' title="bbox 471 2913 2055 2989">
     <span class='ocr_line' id='line_1_32' title="bbox 471 2913 2055 2989; baseline 0.006 -23"><span class='ocrx_word' id='word_1_195' title='bbox 471 2913 651 2982; x_wconf 79' lang='lat' dir='ltr'><strong>gentis</strong></span> <span class='ocrx_word' id='word_1_196' title='bbox 684 2929 892 2981; x_wconf 69' lang='lat' dir='ltr'><strong>magnae</strong></span> <span class='ocrx_word' id='word_1_197' title='bbox 924 2925 978 2969; x_wconf 91' lang='lat' dir='ltr'><strong>et</strong></span> <span class='ocrx_word' id='word_1_198' title='bbox 1009 2916 1329 2983; x_wconf 69' lang='lat' dir='ltr'><strong>magniﬁcae.</strong></span> <span class='ocrx_word' id='word_1_199' title='bbox 1357 2917 1561 2971; x_wconf 88' lang='lat' dir='ltr'><strong>llorum</strong></span> <span class='ocrx_word' id='word_1_200' title='bbox 1591 2934 1717 2973; x_wconf 82' lang='lat' dir='ltr'><strong>vero</strong></span> <span class='ocrx_word' id='word_1_201' title='bbox 1742 2920 1954 2989; x_wconf 83' lang='lat' dir='ltr'><strong>jndiees</strong></span> <span class='ocrx_word' id='word_1_202' title='bbox 1980 2922 2055 2977; x_wconf 71' lang='lat' dir='ltr'><strong>{eo</strong></span> 
     </span>
    </p>
   </div>
   <div class='ocr_carea' id='block_1_33' title="bbox 470 3005 2053 3083">
    <p class='ocr_par' dir='ltr' id='par_1_33' title="bbox 470 3005 2053 3083">
     <span class='ocr_line' id='line_1_33' title="bbox 470 3005 2053 3083; baseline 0.006 -24"><span class='ocrx_word' id='word_1_203' title='bbox 470 3006 665 3060; x_wconf 85' lang='lat' dir='ltr'><strong>rebant</strong></span> <span class='ocrx_word' id='word_1_204' title='bbox 688 3005 795 3077; x_wconf 62' lang='grc'><strong>54</strong></span> <span class='ocrx_word' id='word_1_205' title='bbox 824 3008 1083 3077; x_wconf 86' lang='lat' dir='ltr'><strong>epilorica</strong></span> <span class='ocrx_word' id='word_1_206' title='bbox 1113 3024 1208 3063; x_wconf 90' lang='lat' dir='ltr'><strong>seu</strong></span> <span class='ocrx_word' id='word_1_207' title='bbox 1248 3012 1560 3079; x_wconf 79' lang='lat' dir='ltr'><strong>superulas,</strong></span> <span class='ocrx_word' id='word_1_208' title='bbox 1596 3020 1648 3067; x_wconf 91' lang='lat' dir='ltr'><strong>et</strong></span> <span class='ocrx_word' id='word_1_209' title='bbox 1682 3012 1738 3065; x_wconf 86' lang='lat' dir='ltr'><strong>in</strong></span> <span class='ocrx_word' id='word_1_210' title='bbox 1774 3016 1958 3083; x_wconf 82' lang='lat' dir='ltr'><strong>capite</strong></span> <span class='ocrx_word' id='word_1_211' title='bbox 1990 3015 2053 3068; x_wconf 86' lang='lat' dir='ltr'><strong>li-</strong></span> 
     </span>
    </p>
   </div>
   <div class='ocr_carea' id='block_1_34' title="bbox 470 3100 2054 3176">
    <p class='ocr_par' dir='ltr' id='par_1_34' title="bbox 470 3100 2054 3176">
     <span class='ocr_line' id='line_1_34' title="bbox 470 3100 2054 3176; baseline 0.006 -24"><span class='ocrx_word' id='word_1_212' title='bbox 470 3114 635 3153; x_wconf 89' lang='lat' dir='ltr'><strong>neum</strong></span> <span class='ocrx_word' id='word_1_213' title='bbox 669 3110 882 3168; x_wconf 81' lang='lat' dir='ltr'><strong>tegmen</strong></span> <span class='ocrx_word' id='word_1_214' title='bbox 910 3100 1286 3168; x_wconf 84' lang='lat' dir='ltr'><strong>pliaceolidem</strong></span> <span class='ocrx_word' id='word_1_215' title='bbox 1305 3105 1661 3171; x_wconf 87' lang='lat' dir='ltr'><strong>appellatum.</strong></span> <span class='ocrx_word' id='word_1_216' title='bbox 1683 3105 1757 3157; x_wconf 81' lang='lat' dir='ltr'><strong>Ex</strong></span> <span class='ocrx_word' id='word_1_217' title='bbox 1807 3107 2054 3176; x_wconf 86' lang='lat' dir='ltr'><strong>quolibet</strong></span> 
     </span>
    </p>
   </div>
   <div class='ocr_carea' id='block_1_35' title="bbox 2081 1853 2126 1911">
    <p class='ocr_par' dir='ltr' id='par_1_35' title="bbox 2081 1853 2126 1911">
     <span class='ocr_line' id='line_1_35' title="bbox 2081 1853 2126 1911; baseline 0 0"><span class='ocrx_word' id='word_1_218' title='bbox 2081 1853 2126 1911; x_wconf 85' lang='grc' dir='ltr'><strong><em>Β</em></strong></span> 
     </span>
    </p>
   </div>
   <div class='ocr_carea' id='block_1_36' title="bbox 2156 707 3725 779">
    <p class='ocr_par' dir='ltr' id='par_1_36' title="bbox 2156 707 3725 779">
     <span class='ocr_line' id='line_1_36' title="bbox 2156 707 3725 779; baseline 0.002 -20"><span class='ocrx_word' id='word_1_219' title='bbox 2156 723 2283 777; x_wconf 80' lang='grc' dir='ltr'><strong>ρους</strong></span> <span class='ocrx_word' id='word_1_220' title='bbox 2317 707 2571 774; x_wconf 88' lang='grc' dir='ltr'><strong>λέγοντες</strong></span> <span class='ocrx_word' id='word_1_221' title='bbox 2603 710 2821 778; x_wconf 86' lang='grc' dir='ltr'><strong>στίχους</strong></span> <span class='ocrx_word' id='word_1_222' title='bbox 2851 712 2917 779; x_wconf 76' lang='grc' dir='ltr'><strong>τῇ</strong></span> <span class='ocrx_word' id='word_1_223' title='bbox 2953 711 3139 779; x_wconf 82' lang='grc' dir='ltr'><strong>ἑορτῇ,</strong></span> <span class='ocrx_word' id='word_1_224' title='bbox 3176 710 3267 762; x_wconf 72' lang='grc' dir='ltr'><strong>καὶ</strong></span> <span class='ocrx_word' id='word_1_225' title='bbox 3321 710 3441 779; x_wconf 83' lang='grc' dir='ltr'><strong>μετ’</strong></span> <span class='ocrx_word' id='word_1_226' title='bbox 3495 710 3677 777; x_wconf 80' lang='grc' dir='ltr'><strong>ὀλίγον</strong></span> <span class='ocrx_word' id='word_1_227' title='bbox 3708 728 3725 743; x_wconf 88' lang='grc'><strong>·</strong></span> 
     </span>
    </p>
   </div>
   <div class='ocr_carea' id='block_1_37' title="bbox 2158 794 3733 871">
    <p class='ocr_par' dir='ltr' id='par_1_37' title="bbox 2158 794 3733 871">
     <span class='ocr_line' id='line_1_37' title="bbox 2158 794 3733 871; baseline 0.003 -21"><span class='ocrx_word' id='word_1_228' title='bbox 2158 820 2176 849; x_wconf 78' lang='grc' dir='ltr'><strong>ι</strong></span> <span class='ocrx_word' id='word_1_229' title='bbox 2212 800 2445 871; x_wconf 80' lang='grc' dir='ltr'><strong>Χριστὸς</strong></span> <span class='ocrx_word' id='word_1_230' title='bbox 2478 803 2743 871; x_wconf 72' lang='grc' dir='ltr'><strong>ἐγεννήθη</strong></span> <span class='ocrx_word' id='word_1_231' title='bbox 2766 794 2793 854; x_wconf 94' lang='lat'><strong>6</strong></span> <span class='ocrx_word' id='word_1_232' title='bbox 2813 802 3013 870; x_wconf 75' lang='grc' dir='ltr'><strong>στέψας</strong></span> <span class='ocrx_word' id='word_1_233' title='bbox 3042 819 3101 854; x_wconf 88' lang='grc' dir='ltr'><strong>σε</strong></span> <span class='ocrx_word' id='word_1_234' title='bbox 3139 801 3388 871; x_wconf 66' lang='grc' dir='ltr'><strong>βασιλέα,</strong></span> <span class='ocrx_word' id='word_1_235' title='bbox 3416 821 3434 854; x_wconf 74' lang='grc' dir='ltr'><strong>ι</strong></span> <span class='ocrx_word' id='word_1_236' title='bbox 3473 803 3571 854; x_wconf 78' lang='grc' dir='ltr'><strong>καὶ</strong></span> <span class='ocrx_word' id='word_1_237' title='bbox 3589 802 3733 871; x_wconf 85' lang='grc' dir='ltr'><strong>μετὰ</strong></span> 
     </span>
    </p>
   </div>
   <div class='ocr_carea' id='block_1_38' title="bbox 2153 890 3732 964">
    <p class='ocr_par' dir='ltr' id='par_1_38' title="bbox 2153 890 3732 964">
     <span class='ocr_line' id='line_1_38' title="bbox 2153 890 3732 964; baseline 0.003 -23"><span class='ocrx_word' id='word_1_238' title='bbox 2153 890 2315 944; x_wconf 86' lang='grc' dir='ltr'><strong>τοῦτο</strong></span> <span class='ocrx_word' id='word_1_239' title='bbox 2353 894 2589 961; x_wconf 82' lang='grc' dir='ltr'><strong>στίχους,</strong></span> <span class='ocrx_word' id='word_1_240' title='bbox 2627 893 2721 945; x_wconf 78' lang='grc' dir='ltr'><strong>καὶ</strong></span> <span class='ocrx_word' id='word_1_241' title='bbox 2776 895 2940 948; x_wconf 83' lang='grc' dir='ltr'><strong>πάλιν</strong></span> <span class='ocrx_word' id='word_1_242' title='bbox 2974 894 3109 947; x_wconf 75' lang='grc' dir='ltr'><strong>αὐτὸ</strong></span> <span class='ocrx_word' id='word_1_243' title='bbox 3171 894 3332 964; x_wconf 86' lang='grc' dir='ltr'><strong>μέχρι</strong></span> <span class='ocrx_word' id='word_1_244' title='bbox 3395 894 3490 947; x_wconf 71' lang='grc' dir='ltr'><strong>καὶ</strong></span> <span class='ocrx_word' id='word_1_245' title='bbox 3538 894 3732 963; x_wconf 79' lang='grc' dir='ltr'><strong>ἱκανῆς</strong></span> 
     </span>
    </p>
   </div>
   <div class='ocr_carea' id='block_1_39' title="bbox 2153 980 3732 1054">
    <p class='ocr_par' dir='ltr' id='par_1_39' title="bbox 2153 980 3732 1054">
     <span class='ocr_line' id='line_1_39' title="bbox 2153 980 3732 1054; baseline 0.003 -21"><span class='ocrx_word' id='word_1_246' title='bbox 2153 980 2323 1049; x_wconf 82' lang='grc' dir='ltr'><strong>ὧρας.</strong></span> <span class='ocrx_word' id='word_1_247' title='bbox 2359 980 2491 1034; x_wconf 77' lang='grc' dir='ltr'><strong>Εἶτα</strong></span> <span class='ocrx_word' id='word_1_248' title='bbox 2534 984 2803 1054; x_wconf 85' lang='grc' dir='ltr'><strong>γίνεταιὴ</strong></span> <span class='ocrx_word' id='word_1_249' title='bbox 2829 985 3076 1054; x_wconf 74' lang='grc' dir='ltr'><strong>εὐφημία</strong></span> <span class='ocrx_word' id='word_1_250' title='bbox 3127 986 3238 1037; x_wconf 85' lang='grc' dir='ltr'><strong>τῶν</strong></span> <span class='ocrx_word' id='word_1_251' title='bbox 3275 984 3559 1054; x_wconf 80' lang='grc' dir='ltr'><strong>ὀνομάτων</strong></span> <span class='ocrx_word' id='word_1_252' title='bbox 3618 986 3732 1037; x_wconf 82' lang='grc' dir='ltr'><strong>τῶν</strong></span> 
     </span>
    </p>
   </div>
   <div class='ocr_carea' id='block_1_40' title="bbox 2158 1073 3734 1149">
    <p class='ocr_par' dir='ltr' id='par_1_40' title="bbox 2158 1073 3734 1149">
     <span class='ocr_line' id='line_1_40' title="bbox 2158 1073 3734 1149; baseline 0.003 -22"><span class='ocrx_word' id='word_1_253' title='bbox 2158 1073 2427 1143; x_wconf 84' lang='grc' dir='ltr'><strong>βασιλέων</strong></span> <span class='ocrx_word' id='word_1_254' title='bbox 2460 1077 2554 1128; x_wconf 71' lang='grc' dir='ltr'><strong>καὶ</strong></span> <span class='ocrx_word' id='word_1_255' title='bbox 2599 1078 2707 1129; x_wconf 77' lang='grc' dir='ltr'><strong>τῶν</strong></span> <span class='ocrx_word' id='word_1_256' title='bbox 2739 1076 3060 1142; x_wconf 83' lang='grc' dir='ltr'><strong>δεσποινῶν,</strong></span> <span class='ocrx_word' id='word_1_257' title='bbox 3126 1074 3246 1146; x_wconf 82' lang='grc' dir='ltr'><strong>μεθ’</strong></span> <span class='ocrx_word' id='word_1_258' title='bbox 3301 1076 3369 1148; x_wconf 71' lang='grc' dir='ltr'><strong>ἢν</strong></span> <span class='ocrx_word' id='word_1_259' title='bbox 3412 1078 3734 1149; x_wconf 83' lang='grc' dir='ltr'><strong>πολυχρονί-</strong></span> 
     </span>
    </p>
   </div>
   <div class='ocr_carea' id='block_1_41' title="bbox 2157 1162 3731 1237">
    <p class='ocr_par' dir='ltr' id='par_1_41' title="bbox 2157 1162 3731 1237">
     <span class='ocr_line' id='line_1_41' title="bbox 2157 1162 3731 1237; baseline 0.003 -20"><span class='ocrx_word' id='word_1_260' title='bbox 2157 1166 2342 1228; x_wconf 79' lang='grc' dir='ltr'><strong>ζουσιν</strong></span> <span class='ocrx_word' id='word_1_261' title='bbox 2374 1162 2532 1229; x_wconf 80' lang='grc' dir='ltr'><strong>αὖθις</strong></span> <span class='ocrx_word' id='word_1_262' title='bbox 2586 1169 2637 1220; x_wconf 79' lang='lat' dir='ltr'><strong>oi</strong></span> <span class='ocrx_word' id='word_1_263' title='bbox 2667 1168 2891 1237; x_wconf 76' lang='grc' dir='ltr'><strong>ψάλται.</strong></span> <span class='ocrx_word' id='word_1_264' title='bbox 2931 1169 3136 1221; x_wconf 81' lang='grc' dir='ltr'>Τούτου</span> <span class='ocrx_word' id='word_1_265' title='bbox 3172 1170 3218 1222; x_wconf 80' lang='grc' dir='ltr'><strong>δ’</strong></span> <span class='ocrx_word' id='word_1_266' title='bbox 3276 1169 3356 1222; x_wconf 88' lang='grc' dir='ltr'><strong>ἔτι</strong></span> <span class='ocrx_word' id='word_1_267' title='bbox 3388 1170 3731 1237; x_wconf 71' lang='grc' dir='ltr'><strong>ψαλλομένου</strong></span> 
     </span>
    </p>
   </div>
   <div class='ocr_carea' id='block_1_42' title="bbox 2156 1257 3732 1331">
    <p class='ocr_par' dir='ltr' id='par_1_42' title="bbox 2156 1257 3732 1331">
     <span class='ocr_line' id='line_1_42' title="bbox 2156 1257 3732 1331; baseline 0.003 -22"><span class='ocrx_word' id='word_1_268' title='bbox 2156 1257 2400 1310; x_wconf 85' lang='grc' dir='ltr'><strong>κλείουσι</strong></span> <span class='ocrx_word' id='word_1_269' title='bbox 2426 1261 2493 1311; x_wconf 85' lang='grc' dir='ltr'><strong>τὰ</strong></span> <span class='ocrx_word' id='word_1_270' title='bbox 2531 1258 2831 1329; x_wconf 86' lang='grc' dir='ltr'><strong>βηλόθυρα.</strong></span> <span class='ocrx_word' id='word_1_271' title='bbox 2869 1262 3039 1313; x_wconf 82' lang='grc' dir='ltr'><strong>Πάλιν</strong></span> <span class='ocrx_word' id='word_1_272' title='bbox 3062 1261 3118 1313; x_wconf 80' lang='grc' dir='ltr'><strong>δὲ</strong></span> <span class='ocrx_word' id='word_1_273' title='bbox 3145 1260 3253 1314; x_wconf 89' lang='grc' dir='ltr'>τῶν</span> <span class='ocrx_word' id='word_1_274' title='bbox 3283 1261 3534 1331; x_wconf 80' lang='grc' dir='ltr'><strong>ὀργάνων</strong></span> <span class='ocrx_word' id='word_1_275' title='bbox 3589 1266 3732 1331; x_wconf 77' lang='grc' dir='ltr'><strong>πρὸς</strong></span> 
     </span>
    </p>
   </div>
   <div class='ocr_carea' id='block_1_43' title="bbox 2155 1351 3731 1422">
    <p class='ocr_par' dir='ltr' id='par_1_43' title="bbox 2155 1351 3731 1422">
     <span class='ocr_line' id='line_1_43' title="bbox 2155 1351 3731 1422; baseline 0.002 -18"><span class='ocrx_word' id='word_1_276' title='bbox 2155 1351 2334 1419; x_wconf 81' lang='grc' dir='ltr'><strong>ὀλίγον</strong></span> <span class='ocrx_word' id='word_1_277' title='bbox 2358 1351 2635 1420; x_wconf 73' lang='grc' dir='ltr'>ἠχούντων</span> <span class='ocrx_word' id='word_1_278' title='bbox 2668 1352 2981 1405; x_wconf 70' lang='grc' dir='ltr'><strong>ἐκϐαίνουσι</strong></span> <span class='ocrx_word' id='word_1_279' title='bbox 3033 1355 3101 1405; x_wconf 79' lang='grc' dir='ltr'><strong>τὰ</strong></span> <span class='ocrx_word' id='word_1_280' title='bbox 3136 1354 3447 1422; x_wconf 80' lang='grc' dir='ltr'><strong>φλάμουλα..</strong></span> <span class='ocrx_word' id='word_1_281' title='bbox 3512 1356 3620 1406; x_wconf 70' lang='grc' dir='ltr'><strong>Καὶ</strong></span> <span class='ocrx_word' id='word_1_282' title='bbox 3658 1355 3731 1407; x_wconf 80' lang='grc' dir='ltr'><strong>τὰ</strong></span> 
     </span>
    </p>
   </div>
   <div class='ocr_carea' id='block_1_44' title="bbox 2160 1445 3731 1517">
    <p class='ocr_par' dir='ltr' id='par_1_44' title="bbox 2160 1445 3731 1517">
     <span class='ocr_line' id='line_1_44' title="bbox 2160 1445 3731 1517; baseline 0.004 -20"><span class='ocrx_word' id='word_1_283' title='bbox 2160 1445 2263 1514; x_wconf 81' lang='grc' dir='ltr'><strong>μὲν</strong></span> <span class='ocrx_word' id='word_1_284' title='bbox 2293 1446 2554 1514; x_wconf 84' lang='grc' dir='ltr'><strong>βασιλικά</strong></span> <span class='ocrx_word' id='word_1_285' title='bbox 2590 1445 3003 1513; x_wconf 75' lang='grc' dir='ltr'><strong>διακομίζονται</strong></span> <span class='ocrx_word' id='word_1_286' title='bbox 3034 1449 3112 1510; x_wconf 81' lang='grc' dir='ltr'><strong>εις</strong></span> <span class='ocrx_word' id='word_1_287' title='bbox 3156 1448 3215 1499; x_wconf 81' lang='grc' dir='ltr'>τὸ</span> <span class='ocrx_word' id='word_1_288' title='bbox 3248 1447 3731 1517; x_wconf 84' lang='grc' dir='ltr'><strong>βεστιάριον,δπου</strong></span> 
     </span>
    </p>
   </div>
   <div class='ocr_carea' id='block_1_45' title="bbox 2157 1537 3736 1609">
    <p class='ocr_par' dir='ltr' id='par_1_45' title="bbox 2157 1537 3736 1609">
     <span class='ocr_line' id='line_1_45' title="bbox 2157 1537 3736 1609; baseline 0.001 -19"><span class='ocrx_word' id='word_1_289' title='bbox 2157 1537 2496 1607; x_wconf 85' lang='grc' dir='ltr'><strong>εὑρίσκεται,</strong></span> <span class='ocrx_word' id='word_1_290' title='bbox 2560 1539 2630 1590; x_wconf 79' lang='grc' dir='ltr'>τὰ</span> <span class='ocrx_word' id='word_1_291' title='bbox 2687 1538 2742 1590; x_wconf 79' lang='grc' dir='ltr'><strong>δὲ</strong></span> <span class='ocrx_word' id='word_1_292' title='bbox 2790 1540 2897 1591; x_wconf 82' lang='grc' dir='ltr'><strong>τῶν</strong></span> <span class='ocrx_word' id='word_1_293' title='bbox 2943 1539 3219 1609; x_wconf 82' lang='grc' dir='ltr'><strong>ἀρχόντων</strong></span> <span class='ocrx_word' id='word_1_294' title='bbox 3282 1542 3340 1591; x_wconf 81' lang='grc' dir='ltr'><strong>ἔν</strong></span> <span class='ocrx_word' id='word_1_295' title='bbox 3398 1545 3511 1601; x_wconf 87' lang='grc' dir='ltr'><strong>τοῖς</strong></span> <span class='ocrx_word' id='word_1_296' title='bbox 3559 1542 3736 1602; x_wconf 78' lang='grc' dir='ltr'>οἴκοις</span> 
     </span>
    </p>
   </div>
   <div class='ocr_carea' id='block_1_46' title="bbox 2160 1628 3736 1701">
    <p class='ocr_par' dir='ltr' id='par_1_46' title="bbox 2160 1628 3736 1701">
     <span class='ocr_line' id='line_1_46' title="bbox 2160 1628 3736 1701; baseline 0 -18"><span class='ocrx_word' id='word_1_297' title='bbox 2160 1631 2431 1684; x_wconf 80' lang='grc' dir='ltr'><strong>ἑκάστων.</strong></span> <span class='ocrx_word' id='word_1_298' title='bbox 2480 1628 2779 1682; x_wconf 85' lang='grc' dir='ltr'><strong>Κατελθὼν</strong></span> <span class='ocrx_word' id='word_1_299' title='bbox 2833 1630 2889 1683; x_wconf 82' lang='grc' dir='ltr'><strong>δὲ</strong></span> <span class='ocrx_word' id='word_1_300' title='bbox 2947 1634 2974 1683; x_wconf 89' lang='grc' dir='ltr'><strong>ό</strong></span> <span class='ocrx_word' id='word_1_301' title='bbox 3017 1630 3272 1700; x_wconf 74' lang='grc' dir='ltr'><strong>βασιλεὺς</strong></span> <span class='ocrx_word' id='word_1_302' title='bbox 3310 1631 3612 1701; x_wconf 81' lang='grc' dir='ltr'><strong>ἀπέρχεται</strong></span> <span class='ocrx_word' id='word_1_303' title='bbox 3652 1634 3736 1694; x_wconf 83' lang='grc' dir='ltr'><strong>είς</strong></span> 
     </span>
    </p>
   </div>
   <div class='ocr_carea' id='block_1_47' title="bbox 2157 1718 3738 1790">
    <p class='ocr_par' dir='ltr' id='par_1_47' title="bbox 2157 1718 3738 1790">
     <span class='ocr_line' id='line_1_47' title="bbox 2157 1718 3738 1790; baseline 0.002 -20"><span class='ocrx_word' id='word_1_304' title='bbox 2157 1719 2255 1788; x_wconf 74' lang='grc' dir='ltr'><strong>τὴν</strong></span> <span class='ocrx_word' id='word_1_305' title='bbox 2289 1719 2568 1788; x_wconf 72' lang='grc' dir='ltr'><strong>τράπεζαν</strong></span> <span class='ocrx_word' id='word_1_306' title='bbox 2602 1720 2726 1772; x_wconf 82' lang='grc' dir='ltr'><strong>κατ’</strong></span> <span class='ocrx_word' id='word_1_307' title='bbox 2758 1718 2895 1786; x_wconf 81' lang='grc' dir='ltr'><strong>ἔθος,</strong></span> <span class='ocrx_word' id='word_1_308' title='bbox 2946 1719 3130 1787; x_wconf 83' lang='grc' dir='ltr'><strong>φορῶν</strong></span> <span class='ocrx_word' id='word_1_309' title='bbox 3192 1720 3573 1790; x_wconf 73' lang='grc' dir='ltr'><strong>καθημερινὴν</strong></span> <span class='ocrx_word' id='word_1_310' title='bbox 3612 1738 3738 1773; x_wconf 87' lang='grc' dir='ltr'><strong>στο-</strong></span> 
     </span>
    </p>
   </div>
   <div class='ocr_carea' id='block_1_48' title="bbox 2157 1812 3738 1885">
    <p class='ocr_par' dir='ltr' id='par_1_48' title="bbox 2157 1812 3738 1885">
     <span class='ocr_line' id='line_1_48' title="bbox 2157 1812 3738 1885; baseline 0 -21"><span class='ocrx_word' id='word_1_311' title='bbox 2157 1812 2275 1884; x_wconf 82' lang='grc' dir='ltr'><strong>λὴν,</strong></span> <span class='ocrx_word' id='word_1_312' title='bbox 2312 1817 2359 1867; x_wconf 81' lang='grc' dir='ltr'><strong>οί</strong></span> <span class='ocrx_word' id='word_1_313' title='bbox 2401 1815 2457 1868; x_wconf 73' lang='grc' dir='ltr'><strong>δὲ</strong></span> <span class='ocrx_word' id='word_1_314' title='bbox 2492 1815 2754 1883; x_wconf 83' lang='grc' dir='ltr'><strong>ἄρχοντες</strong></span> <span class='ocrx_word' id='word_1_315' title='bbox 2797 1814 2865 1867; x_wconf 81' lang='grc' dir='ltr'><strong>τὰ</strong></span> <span class='ocrx_word' id='word_1_316' title='bbox 2916 1814 3301 1885; x_wconf 68' lang='grc' dir='ltr'><strong>προρρηθέντα</strong></span> <span class='ocrx_word' id='word_1_317' title='bbox 3337 1813 3539 1865; x_wconf 83' lang='grc' dir='ltr'>τούτων</span> <span class='ocrx_word' id='word_1_318' title='bbox 3570 1814 3738 1883; x_wconf 81' lang='grc' dir='ltr'><strong>φορέ-</strong></span> 
     </span>
    </p>
   </div>
   <div class='ocr_carea' id='block_1_49' title="bbox 2159 1924 2327 1977">
    <p class='ocr_par' dir='ltr' id='par_1_49' title="bbox 2159 1924 2327 1977">
     <span class='ocr_line' id='line_1_49' title="bbox 2159 1924 2327 1977; baseline 0.012 -18"><span class='ocrx_word' id='word_1_319' title='bbox 2159 1924 2327 1977; x_wconf 83' lang='grc' dir='ltr'><strong>ματα.</strong></span> 
     </span>
    </p>
   </div>
   <div class='ocr_carea' id='block_1_50' title="bbox 2237 1997 3733 2071">
    <p class='ocr_par' dir='ltr' id='par_1_50' title="bbox 2237 1997 3733 2071">
     <span class='ocr_line' id='line_1_50' title="bbox 2237 1997 3733 2071; baseline -0.003 -17"><span class='ocrx_word' id='word_1_320' title='bbox 2237 1999 2297 2054; x_wconf 90' lang='grc' dir='ltr'><strong>Ὅ</strong></span> <span class='ocrx_word' id='word_1_321' title='bbox 2333 2001 2519 2068; x_wconf 90' lang='grc' dir='ltr'><strong>μέντοι</strong></span> <span class='ocrx_word' id='word_1_322' title='bbox 2538 2001 2639 2070; x_wconf 76' lang='grc' dir='ltr'><strong>τῆς</strong></span> <span class='ocrx_word' id='word_1_323' title='bbox 2662 1999 2944 2071; x_wconf 75' lang='grc' dir='ltr'><strong>τραπέζης</strong></span> <span class='ocrx_word' id='word_1_324' title='bbox 2966 2000 3123 2067; x_wconf 81' lang='grc' dir='ltr'><strong>λόγος</strong></span> <span class='ocrx_word' id='word_1_325' title='bbox 3144 2000 3243 2053; x_wconf 82' lang='grc' dir='ltr'><strong>ἀνα</strong></span> <span class='ocrx_word' id='word_1_326' title='bbox 3252 2000 3492 2069; x_wconf 81' lang='grc' dir='ltr'><strong>μεινάτω</strong></span> <span class='ocrx_word' id='word_1_327' title='bbox 3513 1997 3733 2068; x_wconf 80' lang='grc' dir='ltr'><strong>μικρόν·</strong></span> 
     </span>
    </p>
   </div>
   <div class='ocr_carea' id='block_1_51' title="bbox 2153 2090 3737 2163">
    <p class='ocr_par' dir='ltr' id='par_1_51' title="bbox 2153 2090 3737 2163">
     <span class='ocr_line' id='line_1_51' title="bbox 2153 2090 3737 2163; baseline 0.001 -19"><span class='ocrx_word' id='word_1_328' title='bbox 2153 2091 2278 2144; x_wconf 70' lang='grc' dir='ltr'><strong>ἐπεὶ</strong></span> <span class='ocrx_word' id='word_1_329' title='bbox 2309 2090 2364 2144; x_wconf 86' lang='grc' dir='ltr'>δὲ</span> <span class='ocrx_word' id='word_1_330' title='bbox 2396 2091 2723 2145; x_wconf 81' lang='grc' dir='ltr'><strong>πιλατικίων</strong></span> <span class='ocrx_word' id='word_1_331' title='bbox 2757 2092 3246 2163; x_wconf 78' lang='grc' dir='ltr'><strong>προεμνήσθημεν,</strong></span> <span class='ocrx_word' id='word_1_332' title='bbox 3283 2093 3531 2161; x_wconf 71' lang='grc' dir='ltr'><strong>εἴπωμεν</strong></span> <span class='ocrx_word' id='word_1_333' title='bbox 3588 2091 3737 2145; x_wconf 84' lang='grc' dir='ltr'><strong>κατὰ</strong></span> 
     </span>
    </p>
   </div>
   <div class='ocr_carea' id='block_1_52' title="bbox 2157 2182 3734 2255">
    <p class='ocr_par' dir='ltr' id='par_1_52' title="bbox 2157 2182 3734 2255">
     <span class='ocr_line' id='line_1_52' title="bbox 2157 2182 3734 2255; baseline 0.001 -21"><span class='ocrx_word' id='word_1_334' title='bbox 2157 2182 2373 2253; x_wconf 82' lang='grc' dir='ltr'><strong>πρῶτον</strong></span> <span class='ocrx_word' id='word_1_335' title='bbox 2405 2182 2534 2251; x_wconf 70' lang='grc' dir='ltr'><strong>περὶ</strong></span> <span class='ocrx_word' id='word_1_336' title='bbox 2579 2184 2781 2249; x_wconf 80' lang='grc' dir='ltr'><strong>αὐτῶν,</strong></span> <span class='ocrx_word' id='word_1_337' title='bbox 2817 2184 3015 2237; x_wconf 79' lang='grc' dir='ltr'><strong>ἔπειτα</strong></span> <span class='ocrx_word' id='word_1_338' title='bbox 3065 2184 3153 2237; x_wconf 77' lang='grc' dir='ltr'><strong>ἴνα</strong></span> <span class='ocrx_word' id='word_1_339' title='bbox 3203 2186 3299 2238; x_wconf 84' lang='grc' dir='ltr'><strong>καὶ</strong></span> <span class='ocrx_word' id='word_1_340' title='bbox 3360 2185 3490 2254; x_wconf 69' lang='grc' dir='ltr'><strong>περὶ</strong></span> <span class='ocrx_word' id='word_1_341' title='bbox 3522 2184 3734 2255; x_wconf 83' lang='grc' dir='ltr'><strong>ταύτης</strong></span> 
     </span>
    </p>
   </div>
   <div class='ocr_carea' id='block_1_53' title="bbox 2153 2272 2513 2342">
    <p class='ocr_par' dir='ltr' id='par_1_53' title="bbox 2153 2272 2513 2342">
     <span class='ocr_line' id='line_1_53' title="bbox 2153 2272 2513 2342; baseline 0.014 -19"><span class='ocrx_word' id='word_1_342' title='bbox 2153 2272 2513 2342; x_wconf 81' lang='grc' dir='ltr'><strong>δηλώσωμεν.</strong></span> 
     </span>
    </p>
   </div>
   <div class='ocr_carea' id='block_1_54' title="bbox 2240 2361 3734 2438">
    <p class='ocr_par' dir='ltr' id='par_1_54' title="bbox 2240 2361 3734 2438">
     <span class='ocr_line' id='line_1_54' title="bbox 2240 2361 3734 2438; baseline 0.005 -24"><span class='ocrx_word' id='word_1_343' title='bbox 2240 2361 2301 2415; x_wconf 88' lang='grc'><strong>’0</strong></span> <span class='ocrx_word' id='word_1_344' title='bbox 2334 2362 2512 2433; x_wconf 82' lang='grc' dir='ltr'><strong>Κῦρος</strong></span> <span class='ocrx_word' id='word_1_345' title='bbox 2544 2366 2569 2416; x_wconf 86' lang='grc' dir='ltr'><strong>ό</strong></span> <span class='ocrx_word' id='word_1_346' title='bbox 2595 2366 2790 2433; x_wconf 79' lang='grc' dir='ltr'><strong>μέγας.</strong></span> <span class='ocrx_word' id='word_1_347' title='bbox 2813 2368 2841 2419; x_wconf 88' lang='lat'><strong>6</strong></span> <span class='ocrx_word' id='word_1_348' title='bbox 2875 2367 2982 2420; x_wconf 86' lang='grc' dir='ltr'><strong>τῶν</strong></span> <span class='ocrx_word' id='word_1_349' title='bbox 3006 2367 3233 2437; x_wconf 85' lang='grc' dir='ltr'><strong>Περσῶν</strong></span> <span class='ocrx_word' id='word_1_350' title='bbox 3281 2370 3557 2438; x_wconf 70' lang='grc' dir='ltr'><strong>βασιλεὺς,</strong></span> <span class='ocrx_word' id='word_1_351' title='bbox 3612 2368 3734 2431; x_wconf 64' lang='lat' dir='ltr'><strong>uio;-</strong></span> 
     </span>
    </p>
   </div>
   <div class='ocr_carea' id='block_1_55' title="bbox 2152 2453 3729 2528">
    <p class='ocr_par' dir='ltr' id='par_1_55' title="bbox 2152 2453 3729 2528">
     <span class='ocr_line' id='line_1_55' title="bbox 2152 2453 3729 2528; baseline 0.005 -23"><span class='ocrx_word' id='word_1_352' title='bbox 2152 2453 2229 2505; x_wconf 81' lang='grc' dir='ltr'><strong>ὣν</strong></span> <span class='ocrx_word' id='word_1_353' title='bbox 2266 2453 2361 2506; x_wconf 87' lang='grc' dir='ltr'><strong>τοῦ</strong></span> <span class='ocrx_word' id='word_1_354' title='bbox 2406 2455 2735 2524; x_wconf 76' lang='grc' dir='ltr'><strong>Καμϐύσου,</strong></span> <span class='ocrx_word' id='word_1_355' title='bbox 2794 2459 2935 2527; x_wconf 81' lang='grc' dir='ltr'><strong>μετὰ</strong></span> <span class='ocrx_word' id='word_1_356' title='bbox 2992 2460 3225 2513; x_wconf 85' lang='grc' dir='ltr'><strong>θάνατον</strong></span> <span class='ocrx_word' id='word_1_357' title='bbox 3281 2459 3585 2528; x_wconf 81' lang='grc' dir='ltr'>Ἀστυάγου</span> <span class='ocrx_word' id='word_1_358' title='bbox 3635 2460 3729 2513; x_wconf 87' lang='grc' dir='ltr'><strong>τοῦ</strong></span> 
     </span>
    </p>
   </div>
   <div class='ocr_carea' id='block_1_56' title="bbox 2156 2545 3731 2622">
    <p class='ocr_par' dir='ltr' id='par_1_56' title="bbox 2156 2545 3731 2622">
     <span class='ocr_line' id='line_1_56' title="bbox 2156 2545 3731 2622; baseline 0.004 -24"><span class='ocrx_word' id='word_1_359' title='bbox 2156 2545 2382 2599; x_wconf 82' lang='grc' dir='ltr'><strong>πάππου</strong></span> <span class='ocrx_word' id='word_1_360' title='bbox 2408 2547 2575 2600; x_wconf 81' lang='grc' dir='ltr'><strong>αὐτοῦ</strong></span> <span class='ocrx_word' id='word_1_361' title='bbox 2610 2550 2967 2620; x_wconf 73' lang='grc' dir='ltr'><strong>ἐκληρώσατο</strong></span> <span class='ocrx_word' id='word_1_362' title='bbox 3006 2552 3099 2604; x_wconf 72' lang='grc' dir='ltr'><strong>καὶ</strong></span> <span class='ocrx_word' id='word_1_363' title='bbox 3126 2553 3227 2620; x_wconf 76' lang='grc' dir='ltr'><strong>τὴν</strong></span> <span class='ocrx_word' id='word_1_364' title='bbox 3288 2553 3502 2606; x_wconf 75' lang='grc' dir='ltr'><strong>ἐκείνου</strong></span> <span class='ocrx_word' id='word_1_365' title='bbox 3553 2553 3731 2622; x_wconf 71' lang='grc' dir='ltr'><strong>ἀρχὴν</strong></span> 
     </span>
    </p>
   </div>
   <div class='ocr_carea' id='block_1_57' title="bbox 2156 2638 3732 2711">
    <p class='ocr_par' dir='ltr' id='par_1_57' title="bbox 2156 2638 3732 2711">
     <span class='ocr_line' id='line_1_57' title="bbox 2156 2638 3732 2711; baseline 0.006 -23"><span class='ocrx_word' id='word_1_366' title='bbox 2156 2638 2275 2707; x_wconf 70' lang='grc' dir='ltr'><strong>ἦτοι</strong></span> <span class='ocrx_word' id='word_1_367' title='bbox 2305 2638 2428 2699; x_wconf 78' lang='grc' dir='ltr'><strong>τοὺς</strong></span> <span class='ocrx_word' id='word_1_368' title='bbox 2454 2639 2694 2705; x_wconf 76' lang='grc' dir='ltr'><strong>Μήδους.</strong></span> <span class='ocrx_word' id='word_1_369' title='bbox 2724 2641 2848 2693; x_wconf 85' lang='grc' dir='ltr'><strong>Τῶν</strong></span> <span class='ocrx_word' id='word_1_370' title='bbox 2880 2642 3060 2695; x_wconf 84' lang='grc' dir='ltr'><strong>τοίνυν</strong></span> <span class='ocrx_word' id='word_1_371' title='bbox 3088 2644 3315 2711; x_wconf 86' lang='grc' dir='ltr'><strong>Περσῶν</strong></span> <span class='ocrx_word' id='word_1_372' title='bbox 3349 2642 3536 2706; x_wconf 85' lang='grc' dir='ltr'><strong>ἔθνους</strong></span> <span class='ocrx_word' id='word_1_373' title='bbox 3557 2645 3732 2697; x_wconf 85' lang='grc' dir='ltr'><strong>δντων</strong></span> 
     </span>
    </p>
   </div>
   <div class='ocr_carea' id='block_1_58' title="bbox 2159 2732 3730 2807">
    <p class='ocr_par' dir='ltr' id='par_1_58' title="bbox 2159 2732 3730 2807">
     <span class='ocr_line' id='line_1_58' title="bbox 2159 2732 3730 2807; baseline 0.004 -25"><span class='ocrx_word' id='word_1_374' title='bbox 2159 2732 2384 2800; x_wconf 81' lang='grc' dir='ltr'><strong>μικροῦ,</strong></span> <span class='ocrx_word' id='word_1_375' title='bbox 2417 2734 2512 2786; x_wconf 76' lang='grc' dir='ltr'><strong>καὶ</strong></span> <span class='ocrx_word' id='word_1_376' title='bbox 2562 2736 2855 2805; x_wconf 76' lang='grc' dir='ltr'><strong>νομαδικὸν</strong></span> <span class='ocrx_word' id='word_1_377' title='bbox 2891 2736 3006 2805; x_wconf 88' lang='grc' dir='ltr'><strong>βίον</strong></span> <span class='ocrx_word' id='word_1_378' title='bbox 3044 2736 3285 2800; x_wconf 78' lang='grc' dir='ltr'><strong>ζώντων,</strong></span> <span class='ocrx_word' id='word_1_379' title='bbox 3349 2739 3375 2791; x_wconf 75' lang='grc' dir='ltr'><strong>ὁ</strong></span> <span class='ocrx_word' id='word_1_380' title='bbox 3427 2739 3613 2807; x_wconf 80' lang='grc' dir='ltr'><strong>Κῦρος</strong></span> <span class='ocrx_word' id='word_1_381' title='bbox 3664 2738 3730 2807; x_wconf 78' lang='grc' dir='ltr'>δὴ</span> 
     </span>
    </p>
   </div>
   <div class='ocr_carea' id='block_1_59' title="bbox 2154 2816 3729 2896">
    <p class='ocr_par' dir='ltr' id='par_1_59' title="bbox 2154 2816 3729 2896">
     <span class='ocr_line' id='line_1_59' title="bbox 2154 2816 3729 2896; baseline 0.003 -22"><span class='ocrx_word' id='word_1_382' title='bbox 2154 2816 2309 2884; x_wconf 66' lang='grc' dir='ltr'><strong>οὗτος</strong></span> <span class='ocrx_word' id='word_1_383' title='bbox 2341 2823 2410 2875; x_wconf 82' lang='grc' dir='ltr'><strong>τὰ</strong></span> <span class='ocrx_word' id='word_1_384' title='bbox 2432 2824 2540 2877; x_wconf 81' lang='grc' dir='ltr'>τῶν</span> <span class='ocrx_word' id='word_1_385' title='bbox 2579 2826 2809 2893; x_wconf 85' lang='grc' dir='ltr'><strong>Περσῶν</strong></span> <span class='ocrx_word' id='word_1_386' title='bbox 2838 2826 3005 2896; x_wconf 80' lang='grc' dir='ltr'><strong>ἔθιμα</strong></span> <span class='ocrx_word' id='word_1_387' title='bbox 3063 2826 3402 2895; x_wconf 65' lang='grc' dir='ltr'><strong>καταλείψας</strong></span> <span class='ocrx_word' id='word_1_388' title='bbox 3451 2829 3564 2891; x_wconf 80' lang='grc' dir='ltr'><strong>τοῖς</strong></span> <span class='ocrx_word' id='word_1_389' title='bbox 3620 2830 3729 2880; x_wconf 84' lang='grc' dir='ltr'><strong>τῶν</strong></span> 
     </span>
    </p>
   </div>
   <div class='ocr_carea' id='block_1_60' title="bbox 2156 2916 3732 2990">
    <p class='ocr_par' dir='ltr' id='par_1_60' title="bbox 2156 2916 3732 2990">
     <span class='ocr_line' id='line_1_60' title="bbox 2156 2916 3732 2990; baseline 0.003 -22"><span class='ocrx_word' id='word_1_390' title='bbox 2156 2916 2357 2983; x_wconf 76' lang='grc' dir='ltr'>Μήδων</span> <span class='ocrx_word' id='word_1_391' title='bbox 2390 2917 2684 2985; x_wconf 71' lang='grc' dir='ltr'><strong>ἐχρήσατο,</strong></span> <span class='ocrx_word' id='word_1_392' title='bbox 2719 2920 2959 2987; x_wconf 80' lang='grc' dir='ltr'><strong>μεγάλου</strong></span> <span class='ocrx_word' id='word_1_393' title='bbox 3003 2919 3157 2981; x_wconf 70' lang='grc' dir='ltr'><strong>ὄντος</strong></span> <span class='ocrx_word' id='word_1_394' title='bbox 3206 2918 3392 2982; x_wconf 82' lang='grc' dir='ltr'><strong>ἔθνους</strong></span> <span class='ocrx_word' id='word_1_395' title='bbox 3424 2920 3521 2972; x_wconf 74' lang='grc' dir='ltr'><strong>καὶ</strong></span> <span class='ocrx_word' id='word_1_396' title='bbox 3557 2938 3732 2990; x_wconf 83' lang='grc' dir='ltr'><strong>μεγα-</strong></span> 
     </span>
    </p>
   </div>
   <div class='ocr_carea' id='block_1_61' title="bbox 2156 3004 3731 3081">
    <p class='ocr_par' dir='ltr' id='par_1_61' title="bbox 2156 3004 3731 3081">
     <span class='ocr_line' id='line_1_61' title="bbox 2156 3004 3731 3081; baseline 0.003 -22"><span class='ocrx_word' id='word_1_397' title='bbox 2156 3007 2486 3076; x_wconf 83' lang='grc' dir='ltr'><strong>λοπρεποῦς,</strong></span> <span class='ocrx_word' id='word_1_398' title='bbox 2520 3004 2595 3062; x_wconf 83' lang='grc' dir='ltr'><strong>ὧν</strong></span> <span class='ocrx_word' id='word_1_399' title='bbox 2622 3009 2684 3078; x_wconf 83' lang='grc' dir='ltr'>δὴ</span> <span class='ocrx_word' id='word_1_400' title='bbox 2716 3011 2763 3061; x_wconf 75' lang='grc' dir='ltr'>οἱ</span> <span class='ocrx_word' id='word_1_401' title='bbox 2796 3011 2983 3079; x_wconf 70' lang='grc' dir='ltr'><strong>κριταὶ</strong></span> <span class='ocrx_word' id='word_1_402' title='bbox 3012 3011 3242 3079; x_wconf 79' lang='grc' dir='ltr'><strong>ἐφόρουν</strong></span> <span class='ocrx_word' id='word_1_403' title='bbox 3277 3011 3603 3081; x_wconf 79' lang='grc' dir='ltr'><strong>ὲπιλοὺρικα</strong></span> <span class='ocrx_word' id='word_1_404' title='bbox 3636 3014 3731 3066; x_wconf 75' lang='grc' dir='ltr'><strong>καὶ</strong></span> 
     </span>
    </p>
   </div>
   <div class='ocr_carea' id='block_1_62' title="bbox 2156 3097 3735 3173">
    <p class='ocr_par' dir='ltr' id='par_1_62' title="bbox 2156 3097 3735 3173">
     <span class='ocr_line' id='line_1_62' title="bbox 2156 3097 3735 3173; baseline 0.001 -20"><span class='ocrx_word' id='word_1_405' title='bbox 2156 3100 2249 3153; x_wconf 71' lang='grc' dir='ltr'><strong>ἐπὶ</strong></span> <span class='ocrx_word' id='word_1_406' title='bbox 2287 3101 2534 3170; x_wconf 77' lang='grc' dir='ltr'><strong>κεφαλῆς</strong></span> <span class='ocrx_word' id='word_1_407' title='bbox 2568 3100 2905 3166; x_wconf 76' lang='grc' dir='ltr'><strong>φακεωλίδα.</strong></span> <span class='ocrx_word' id='word_1_408' title='bbox 2942 3100 3033 3153; x_wconf 87' lang='grc' dir='ltr'><strong>Ἐν</strong></span> <span class='ocrx_word' id='word_1_409' title='bbox 3067 3097 3159 3154; x_wconf 80' lang='grc' dir='ltr'><strong>οὖν</strong></span> <span class='ocrx_word' id='word_1_410' title='bbox 3196 3101 3486 3172; x_wconf 80' lang='grc' dir='ltr'><strong>φακεωλίῳ</strong></span> <span class='ocrx_word' id='word_1_411' title='bbox 3515 3102 3735 3173; x_wconf 79' lang='grc' dir='ltr'><strong>ἑκάστῳ</strong></span> 
     </span>
    </p>
   </div>
   <div class='ocr_carea' id='block_1_63' title="bbox 470 3192 2051 3269">
    <p class='ocr_par' dir='ltr' id='par_1_63' title="bbox 470 3193 2051 3269">
     <span class='ocr_line' id='line_1_63' title="bbox 470 3193 2051 3269; baseline 0.009 -25"><span class='ocrx_word' id='word_1_412' title='bbox 470 3193 756 3261; x_wconf 75' lang='lat' dir='ltr'><strong>phaeeolio</strong></span> <span class='ocrx_word' id='word_1_413' title='bbox 792 3196 1062 3263; x_wconf 83' lang='lat' dir='ltr'><strong>pendebat</strong></span> <span class='ocrx_word' id='word_1_414' title='bbox 1095 3211 1123 3249; x_wconf 90' lang='lat' dir='ltr'><strong>a</strong></span> <span class='ocrx_word' id='word_1_415' title='bbox 1151 3198 1373 3251; x_wconf 86' lang='lat' dir='ltr'><strong>sinistra</strong></span> <span class='ocrx_word' id='word_1_416' title='bbox 1395 3210 1548 3267; x_wconf 85' lang='lat' dir='ltr'><strong>parte</strong></span> <span class='ocrx_word' id='word_1_417' title='bbox 1574 3202 1912 3269; x_wconf 59' lang='lat' dir='ltr'><strong>miirgellium</strong></span> <span class='ocrx_word' id='word_1_418' title='bbox 1939 3202 2051 3258; x_wconf 87' lang='lat' dir='ltr'><strong>sive</strong></span> 
     </span>
    </p>
   </div>
   <div class='ocr_carea' id='block_1_64' title="bbox 2157 3192 3736 3269">
    <p class='ocr_par' dir='ltr' id='par_1_64' title="bbox 2158 3192 3736 3265">
     <span class='ocr_line' id='line_1_64' title="bbox 2158 3192 3736 3265; baseline 0.003 -22"><span class='ocrx_word' id='word_1_419' title='bbox 2158 3192 2434 3260; x_wconf 80' lang='grc' dir='ltr'><strong>κρέμαται</strong></span> <span class='ocrx_word' id='word_1_420' title='bbox 2461 3209 2518 3243; x_wconf 90' lang='grc' dir='ltr'><strong>τε</strong></span> <span class='ocrx_word' id='word_1_421' title='bbox 2543 3192 2681 3244; x_wconf 82' lang='grc' dir='ltr'><strong>κατὰ</strong></span> <span class='ocrx_word' id='word_1_422' title='bbox 2714 3192 2775 3244; x_wconf 80' lang='grc' dir='ltr'><strong>τὸ</strong></span> <span class='ocrx_word' id='word_1_423' title='bbox 2837 3193 3130 3264; x_wconf 74' lang='grc' dir='ltr'><strong>ἀριστερὸν</strong></span> <span class='ocrx_word' id='word_1_424' title='bbox 3186 3196 3350 3264; x_wconf 80' lang='grc' dir='ltr'><strong>μέρος</strong></span> <span class='ocrx_word' id='word_1_425' title='bbox 3406 3194 3736 3265; x_wconf 86' lang='grc' dir='ltr'><strong>μαργέ).λιον</strong></span> 
     </span>
    </p>
   </div>
   <div class='ocr_carea' id='block_1_65' title="bbox 473 3280 2054 3361">
    <p class='ocr_par' dir='ltr' id='par_1_65' title="bbox 473 3280 2054 3361">
     <span class='ocr_line' id='line_1_65' title="bbox 473 3280 2054 3361; baseline 0.009 -28"><span class='ocrx_word' id='word_1_426' title='bbox 473 3280 688 3338; x_wconf 78' lang='lat' dir='ltr'><strong>(lmbria</strong></span> <span class='ocrx_word' id='word_1_427' title='bbox 718 3298 784 3337; x_wconf 79' lang='lat' dir='ltr'><strong>ex</strong></span> <span class='ocrx_word' id='word_1_428' title='bbox 817 3285 1099 3354; x_wconf 84' lang='lat' dir='ltr'><strong>margella,</strong></span> <span class='ocrx_word' id='word_1_429' title='bbox 1138 3286 1361 3341; x_wconf 88' lang='lat' dir='ltr'><strong>alteram</strong></span> <span class='ocrx_word' id='word_1_430' title='bbox 1397 3302 1584 3342; x_wconf 84' lang='lat' dir='ltr'><strong>aurem</strong></span> <span class='ocrx_word' id='word_1_431' title='bbox 1618 3291 1737 3359; x_wconf 84' lang='lat' dir='ltr'><strong>ejus</strong></span> <span class='ocrx_word' id='word_1_432' title='bbox 1759 3292 1848 3359; x_wconf 81' lang='lat' dir='ltr'><strong>qui</strong></span> <span class='ocrx_word' id='word_1_433' title='bbox 1877 3302 2054 3361; x_wconf 85' lang='lat' dir='ltr'><strong>gesta-</strong></span> 
     </span>
    </p>
   </div>
   <div class='ocr_carea' id='block_1_66' title="bbox 474 3374 2053 3449">
    <p class='ocr_par' dir='ltr' id='par_1_66' title="bbox 474 3374 2053 3449">
     <span class='ocr_line' id='line_1_66' title="bbox 474 3374 2053 3449; baseline 0.008 -22"><span class='ocrx_word' id='word_1_434' title='bbox 474 3374 566 3427; x_wconf 85' lang='lat' dir='ltr'><strong>bat</strong></span> <span class='ocrx_word' id='word_1_435' title='bbox 597 3375 882 3443; x_wconf 84' lang='lat' dir='ltr'><strong>obtegens.</strong></span> <span class='ocrx_word' id='word_1_436' title='bbox 907 3376 1029 3440; x_wconf 82' lang='lat' dir='ltr'><strong>Quo</strong></span> <span class='ocrx_word' id='word_1_437' title='bbox 1058 3378 1474 3446; x_wconf 78' lang='lat' dir='ltr'><strong>signiﬁcabatur</strong></span> <span class='ocrx_word' id='word_1_438' title='bbox 1498 3396 1685 3435; x_wconf 87' lang='lat' dir='ltr'><strong>aurem</strong></span> <span class='ocrx_word' id='word_1_439' title='bbox 1710 3385 1927 3449; x_wconf 79' lang='lat' dir='ltr'><strong>quidem</strong></span> <span class='ocrx_word' id='word_1_440' title='bbox 1962 3401 2053 3438; x_wconf 86' lang='lat' dir='ltr'><strong>re-</strong></span> 
     </span>
    </p>
   </div>
   <div class='ocr_carea' id='block_1_67' title="bbox 473 3469 2054 3547">
    <p class='ocr_par' dir='ltr' id='par_1_67' title="bbox 473 3469 2054 3547">
     <span class='ocr_line' id='line_1_67' title="bbox 473 3469 2054 3547; baseline 0.007 -28"><span class='ocrx_word' id='word_1_441' title='bbox 473 3474 669 3547; x_wconf 72' lang='lat' dir='ltr'><strong>tectam</strong></span> <span class='ocrx_word' id='word_1_442' title='bbox 700 3469 1117 3522; x_wconf 84' lang='lat' dir='ltr'><strong>accusatoribus</strong></span> <span class='ocrx_word' id='word_1_443' title='bbox 1143 3471 1282 3533; x_wconf 86' lang='lat' dir='ltr'><strong>dari,</strong></span> <span class='ocrx_word' id='word_1_444' title='bbox 1316 3482 1511 3526; x_wconf 85' lang='lat' dir='ltr'><strong>tectam</strong></span> <span class='ocrx_word' id='word_1_445' title='bbox 1550 3490 1676 3529; x_wconf 88' lang='lat' dir='ltr'><strong>vero</strong></span> <span class='ocrx_word' id='word_1_446' title='bbox 1726 3491 1913 3529; x_wconf 85' lang='lat' dir='ltr'><strong>aurem</strong></span> <span class='ocrx_word' id='word_1_447' title='bbox 1964 3491 2054 3530; x_wconf 87' lang='lat' dir='ltr'><strong>ac-</strong></span> 
     </span>
    </p>
   </div>
   <div class='ocr_carea' id='block_1_68' title="bbox 473 3554 2050 3637">
    <p class='ocr_par' dir='ltr' id='par_1_68' title="bbox 473 3554 2050 3637">
     <span class='ocr_line' id='line_1_68' title="bbox 473 3554 2050 3637; baseline 0.008 -26"><span class='ocrx_word' id='word_1_448' title='bbox 473 3558 702 3623; x_wconf 80' lang='lat' dir='ltr'><strong>cusatis,</strong></span> <span class='ocrx_word' id='word_1_449' title='bbox 736 3559 828 3613; x_wconf 88' lang='lat' dir='ltr'><strong>sed</strong></span> <span class='ocrx_word' id='word_1_450' title='bbox 848 3560 1189 3626; x_wconf 83' lang='lat' dir='ltr'><strong>absentibus,</strong></span> <span class='ocrx_word' id='word_1_451' title='bbox 1219 3567 1507 3619; x_wconf 88' lang='lat' dir='ltr'><strong>reservari.</strong></span> <span class='ocrx_word' id='word_1_452' title='bbox 1541 3567 1774 3621; x_wconf 76' lang='lat' dir='ltr'><strong>Excollo</strong></span> <span class='ocrx_word' id='word_1_453' title='bbox 1800 3554 2050 3637; x_wconf 87' lang='lat' dir='ltr'><strong>judicum</strong></span> 
     </span>
    </p>
   </div>
   <div class='ocr_carea' id='block_1_69' title="bbox 473 3649 2052 3725">
    <p class='ocr_par' dir='ltr' id='par_1_69' title="bbox 473 3649 2052 3725">
     <span class='ocr_line' id='line_1_69' title="bbox 473 3649 2052 3725; baseline 0.01 -25"><span class='ocrx_word' id='word_1_454' title='bbox 473 3649 785 3717; x_wconf 86' lang='lat' dir='ltr'><strong>pendebant</strong></span> <span class='ocrx_word' id='word_1_455' title='bbox 814 3651 863 3704; x_wconf 88' lang='lat' dir='ltr'><strong>iu</strong></span> <span class='ocrx_word' id='word_1_456' title='bbox 892 3654 1085 3707; x_wconf 86' lang='lat' dir='ltr'><strong>sericis</strong></span> <span class='ocrx_word' id='word_1_457' title='bbox 1121 3655 1225 3709; x_wconf 83' lang='lat' dir='ltr'><strong>lilis</strong></span> <span class='ocrx_word' id='word_1_458' title='bbox 1256 3658 1534 3725; x_wconf 84' lang='lat' dir='ltr'><strong>margellia</strong></span> <span class='ocrx_word' id='word_1_459' title='bbox 1565 3674 1702 3713; x_wconf 90' lang='lat' dir='ltr'><strong>auro</strong></span> <span class='ocrx_word' id='word_1_460' title='bbox 1723 3661 1908 3715; x_wconf 91' lang='lat' dir='ltr'><strong>ductili</strong></span> <span class='ocrx_word' id='word_1_461' title='bbox 1933 3674 2052 3715; x_wconf 76' lang='lat' dir='ltr'><strong>tex-</strong></span> 
     </span>
    </p>
   </div>
   <div class='ocr_carea' id='block_1_70' title="bbox 474 3739 2053 3814">
    <p class='ocr_par' dir='ltr' id='par_1_70' title="bbox 474 3739 2053 3814">
     <span class='ocr_line' id='line_1_70' title="bbox 474 3739 2053 3814; baseline 0.009 -22"><span class='ocrx_word' id='word_1_462' title='bbox 474 3747 551 3792; x_wconf 86' lang='lat' dir='ltr'><strong>ta.</strong></span> <span class='ocrx_word' id='word_1_463' title='bbox 580 3739 891 3809; x_wconf 76' lang='lat' dir='ltr'><strong>Longitudo</strong></span> <span class='ocrx_word' id='word_1_464' title='bbox 912 3754 1029 3797; x_wconf 92' lang='lat' dir='ltr'><strong>erat</strong></span> <span class='ocrx_word' id='word_1_465' title='bbox 1061 3746 1330 3814; x_wconf 85' lang='lat' dir='ltr'><strong>spithama</strong></span> <span class='ocrx_word' id='word_1_466' title='bbox 1366 3755 1570 3813; x_wconf 89' lang='lat' dir='ltr'><strong>minor,</strong></span> <span class='ocrx_word' id='word_1_467' title='bbox 1618 3752 1849 3806; x_wconf 86' lang='lat' dir='ltr'><strong>latitudo</strong></span> <span class='ocrx_word' id='word_1_468' title='bbox 1892 3755 2053 3807; x_wconf 87' lang='lat' dir='ltr'><strong>unius</strong></span> 
     </span>
    </p>
   </div>
   <div class='ocr_carea' id='block_1_71' title="bbox 472 3829 2058 3913">
    <p class='ocr_par' dir='ltr' id='par_1_71' title="bbox 472 3829 2058 3913">
     <span class='ocr_line' id='line_1_71' title="bbox 472 3829 2058 3913; baseline 0.008 -34"><span class='ocrx_word' id='word_1_469' title='bbox 472 3829 638 3897; x_wconf 80' lang='lat' dir='ltr'><strong>palmi</strong></span> <span class='ocrx_word' id='word_1_470' title='bbox 666 3847 683 3895; x_wconf 88' lang='lat'><strong>;</strong></span> <span class='ocrx_word' id='word_1_471' title='bbox 716 3847 839 3899; x_wconf 66' lang='lat' dir='ltr'><strong>quae</strong></span> <span class='ocrx_word' id='word_1_472' title='bbox 866 3848 960 3888; x_wconf 74' lang='lat' dir='ltr'><strong>rex</strong></span> <span class='ocrx_word' id='word_1_473' title='bbox 992 3834 1274 3891; x_wconf 76' lang='lat' dir='ltr'><strong>Medorum</strong></span> <span class='ocrx_word' id='word_1_474' title='bbox 1308 3840 1538 3904; x_wconf 81' lang='lat' dir='ltr'><strong>ferebat,</strong></span> <span class='ocrx_word' id='word_1_475' title='bbox 1576 3842 1831 3895; x_wconf 87' lang='lat' dir='ltr'><strong>similiter</strong></span> <span class='ocrx_word' id='word_1_476' title='bbox 1876 3852 1932 3895; x_wconf 90' lang='lat' dir='ltr'><strong>et</strong></span> <span class='ocrx_word' id='word_1_477' title='bbox 1966 3845 2058 3913; x_wconf 89' lang='lat' dir='ltr'><strong>ju.</strong></span> 
     </span>
    </p>
   </div>
   <div class='ocr_carea' id='block_1_72' title="bbox 473 3918 2053 3999">
    <p class='ocr_par' dir='ltr' id='par_1_72' title="bbox 473 3918 2053 3999">
     <span class='ocr_line' id='line_1_72' title="bbox 473 3918 2053 3999; baseline 0.011 -23"><span class='ocrx_word' id='word_1_478' title='bbox 473 3921 640 3976; x_wconf 81' lang='lat' dir='ltr'><strong>dices.</strong></span> <span class='ocrx_word' id='word_1_479' title='bbox 669 3922 1136 3988; x_wconf 84' lang='lat' dir='ltr'><strong>Quemadmodum</strong></span> <span class='ocrx_word' id='word_1_480' title='bbox 1175 3918 1339 3999; x_wconf 85' lang='lat' dir='ltr'><strong>igitur</strong></span> <span class='ocrx_word' id='word_1_481' title='bbox 1370 3932 1499 3985; x_wconf 88' lang='lat' dir='ltr'><strong>olim</strong></span> <span class='ocrx_word' id='word_1_482' title='bbox 1531 3936 1866 3990; x_wconf 81' lang='lat' dir='ltr'><strong>exercituum</strong></span> <span class='ocrx_word' id='word_1_483' title='bbox 1886 3936 2053 3993; x_wconf 87' lang='lat' dir='ltr'><strong>duces</strong></span> 
     </span>
    </p>
   </div>
   <div class='ocr_carea' id='block_1_73' title="bbox 470 4020 2054 4095">
    <p class='ocr_par' dir='ltr' id='par_1_73' title="bbox 470 4020 2054 4095">
     <span class='ocr_line' id='line_1_73' title="bbox 470 4020 2054 4095; baseline 0.009 -24"><span class='ocrx_word' id='word_1_484' title='bbox 470 4020 723 4075; x_wconf 73' lang='lat' dir='ltr'><strong>ferebant</strong></span> <span class='ocrx_word' id='word_1_485' title='bbox 750 4030 995 4093; x_wconf 86' lang='lat' dir='ltr'><strong>torques,</strong></span> <span class='ocrx_word' id='word_1_486' title='bbox 1022 4025 1115 4094; x_wconf 80' lang='lat' dir='ltr'><strong>qui</strong></span> <span class='ocrx_word' id='word_1_487' title='bbox 1144 4035 1301 4077; x_wconf 89' lang='lat' dir='ltr'><strong>erant</strong></span> <span class='ocrx_word' id='word_1_488' title='bbox 1332 4026 1556 4078; x_wconf 81' lang='lat' dir='ltr'><strong>honoris</strong></span> <span class='ocrx_word' id='word_1_489' title='bbox 1585 4027 1817 4095; x_wconf 76' lang='lat' dir='ltr'><strong>indices,</strong></span> <span class='ocrx_word' id='word_1_490' title='bbox 1864 4030 1944 4084; x_wconf 86' lang='lat' dir='ltr'><strong>sic</strong></span> <span class='ocrx_word' id='word_1_491' title='bbox 1998 4039 2054 4085; x_wconf 88' lang='lat' dir='ltr'><strong>et</strong></span> 
     </span>
    </p>
   </div>
   <div class='ocr_carea' id='block_1_74' title="bbox 472 4113 2052 4192">
    <p class='ocr_par' dir='ltr' id='par_1_74' title="bbox 472 4113 2052 4192">
     <span class='ocr_line' id='line_1_74' title="bbox 472 4113 2052 4192; baseline 0.008 -27"><span class='ocrx_word' id='word_1_492' title='bbox 472 4113 718 4181; x_wconf 77' lang='lat' dir='ltr'><strong>pilaticia</strong></span> <span class='ocrx_word' id='word_1_493' title='bbox 752 4114 1015 4170; x_wconf 91' lang='lat' dir='ltr'><strong>honorem</strong></span> <span class='ocrx_word' id='word_1_494' title='bbox 1070 4116 1318 4186; x_wconf 90' lang='lat' dir='ltr'><strong>judicum</strong></span> <span class='ocrx_word' id='word_1_495' title='bbox 1374 4116 1817 4173; x_wconf 70' lang='lat' dir='ltr'><strong>manifestabunt.</strong></span> <span class='ocrx_word' id='word_1_496' title='bbox 1876 4122 2052 4192; x_wconf 81' lang='lat' dir='ltr'><strong>Cyrus</strong></span> 
     </span>
    </p>
   </div>
   <div class='ocr_carea' id='block_1_75' title="bbox 472 4204 2052 4281">
    <p class='ocr_par' dir='ltr' id='par_1_75' title="bbox 472 4204 2052 4281">
     <span class='ocr_line' id='line_1_75' title="bbox 472 4204 2052 4281; baseline 0.006 -24"><span class='ocrx_word' id='word_1_497' title='bbox 472 4204 639 4272; x_wconf 81' lang='lat' dir='ltr'><strong>igitur</strong></span> <span class='ocrx_word' id='word_1_498' title='bbox 685 4223 912 4275; x_wconf 88' lang='lat' dir='ltr'><strong>regnum</strong></span> <span class='ocrx_word' id='word_1_499' title='bbox 970 4206 1251 4261; x_wconf 87' lang='lat' dir='ltr'><strong>Medorum</strong></span> <span class='ocrx_word' id='word_1_500' title='bbox 1308 4208 1537 4277; x_wconf 87' lang='lat' dir='ltr'><strong>adeptus</strong></span> <span class='ocrx_word' id='word_1_501' title='bbox 1592 4225 1782 4264; x_wconf 87' lang='lat' dir='ltr'><strong>eorum</strong></span> <span class='ocrx_word' id='word_1_502' title='bbox 1834 4228 2052 4281; x_wconf 90' lang='lat' dir='ltr'><strong>quoque</strong></span> 
     </span>
    </p>
   </div>
   <div class='ocr_carea' id='block_1_76' title="bbox 471 4303 2048 4371">
    <p class='ocr_par' dir='ltr' id='par_1_76' title="bbox 471 4303 2048 4371">
     <span class='ocr_line' id='line_1_76' title="bbox 471 4303 2048 4371; baseline 0.004 -18"><span class='ocrx_word' id='word_1_503' title='bbox 471 4303 964 4356; x_wconf 84' lang='lat' dir='ltr'><strong>consuetudinibus</strong></span> <span class='ocrx_word' id='word_1_504' title='bbox 998 4304 1280 4367; x_wconf 85' lang='lat' dir='ltr'><strong>utebatur,</strong></span> <span class='ocrx_word' id='word_1_505' title='bbox 1314 4312 1371 4355; x_wconf 90' lang='lat' dir='ltr'><strong>ut</strong></span> <span class='ocrx_word' id='word_1_506' title='bbox 1397 4314 1554 4355; x_wconf 81' lang='lat' dir='ltr'><strong>antea</strong></span> <span class='ocrx_word' id='word_1_507' title='bbox 1586 4305 1897 4371; x_wconf 72' lang='lat' dir='ltr'><strong>expositum</strong></span> <span class='ocrx_word' id='word_1_508' title='bbox 1943 4313 2048 4360; x_wconf 87' lang='lat' dir='ltr'><strong>est.</strong></span> 
     </span>
    </p>
   </div>
   <div class='ocr_carea' id='block_1_77' title="bbox 470 4392 2053 4464">
    <p class='ocr_par' dir='ltr' id='par_1_77' title="bbox 470 4392 2053 4464">
     <span class='ocr_line' id='line_1_77' title="bbox 470 4392 2053 4464; baseline 0.003 -17"><span class='ocrx_word' id='word_1_509' title='bbox 470 4394 654 4447; x_wconf 82' lang='lat' dir='ltr'><strong>Armis</strong></span> <span class='ocrx_word' id='word_1_510' title='bbox 687 4408 817 4447; x_wconf 87' lang='lat' dir='ltr'><strong>vero</strong></span> <span class='ocrx_word' id='word_1_511' title='bbox 848 4396 904 4446; x_wconf 92' lang='lat' dir='ltr'><strong>iu</strong></span> <span class='ocrx_word' id='word_1_512' title='bbox 934 4392 1187 4461; x_wconf 82' lang='lat' dir='ltr'><strong>Assyrios</strong></span> <span class='ocrx_word' id='word_1_513' title='bbox 1205 4397 1436 4461; x_wconf 88' lang='lat' dir='ltr'><strong>sumptis</strong></span> <span class='ocrx_word' id='word_1_514' title='bbox 1450 4409 1639 4446; x_wconf 89' lang='lat' dir='ltr'><strong>eorum</strong></span> <span class='ocrx_word' id='word_1_515' title='bbox 1662 4396 1847 4448; x_wconf 89' lang='lat' dir='ltr'><strong>itidem</strong></span> <span class='ocrx_word' id='word_1_516' title='bbox 1886 4398 2053 4464; x_wconf 85' lang='lat' dir='ltr'><strong>impe-</strong></span> 
     </span>
    </p>
   </div>
   <div class='ocr_carea' id='block_1_78' title="bbox 472 4483 2049 4556">
    <p class='ocr_par' dir='ltr' id='par_1_78' title="bbox 472 4483 2049 4556">
     <span class='ocr_line' id='line_1_78' title="bbox 472 4483 2049 4556; baseline 0.003 -18"><span class='ocrx_word' id='word_1_517' title='bbox 472 4487 611 4538; x_wconf 86' lang='lat' dir='ltr'><strong>rium</strong></span> <span class='ocrx_word' id='word_1_518' title='bbox 665 4487 958 4553; x_wconf 80' lang='lat' dir='ltr'><strong>occupavit</strong></span> <span class='ocrx_word' id='word_1_519' title='bbox 1003 4484 1181 4552; x_wconf 88' lang='lat' dir='ltr'><strong>majus</strong></span> <span class='ocrx_word' id='word_1_520' title='bbox 1204 4485 1432 4553; x_wconf 87' lang='lat' dir='ltr'><strong>imperio</strong></span> <span class='ocrx_word' id='word_1_521' title='bbox 1464 4486 1767 4550; x_wconf 77' lang='lat' dir='ltr'><strong>Medorum,</strong></span> <span class='ocrx_word' id='word_1_522' title='bbox 1795 4503 1824 4541; x_wconf 91' lang='lat' dir='ltr'><strong>a</strong></span> <span class='ocrx_word' id='word_1_523' title='bbox 1853 4483 2049 4556; x_wconf 71' lang='lat' dir='ltr'><strong>quibus</strong></span> 
     </span>
    </p>
   </div>
   <div class='ocr_carea' id='block_1_79' title="bbox 469 4576 2057 4650">
    <p class='ocr_par' dir='ltr' id='par_1_79' title="bbox 469 4576 2057 4650">
     <span class='ocr_line' id='line_1_79' title="bbox 469 4576 2057 4650; baseline 0.004 -21"><span class='ocrx_word' id='word_1_524' title='bbox 469 4580 634 4629; x_wconf 81' lang='lat' dir='ltr'><strong>etiam</strong></span> <span class='ocrx_word' id='word_1_525' title='bbox 656 4576 950 4630; x_wconf 78' lang='lat' dir='ltr'><strong>nonnullas</strong></span> <span class='ocrx_word' id='word_1_526' title='bbox 974 4578 1702 4633; x_wconf 79' lang='lat' dir='ltr'><strong>consuetudines&#39;mutuatus</strong></span> <span class='ocrx_word' id='word_1_527' title='bbox 1722 4590 1802 4633; x_wconf 88' lang='lat' dir='ltr'><strong>est</strong></span> <span class='ocrx_word' id='word_1_528' title='bbox 1832 4597 1846 4645; x_wconf 91' lang='lat'>;</span> <span class='ocrx_word' id='word_1_529' title='bbox 1872 4596 1931 4635; x_wconf 86' lang='lat' dir='ltr'><strong>se</strong></span> <span class='ocrx_word' id='word_1_530' title='bbox 1973 4583 2057 4650; x_wconf 87' lang='lat' dir='ltr'><strong>ip-</strong></span> 
     </span>
    </p>
   </div>
   <div class='ocr_carea' id='block_1_80' title="bbox 472 4668 2057 4740">
    <p class='ocr_par' dir='ltr' id='par_1_80' title="bbox 472 4668 2057 4740">
     <span class='ocr_line' id='line_1_80' title="bbox 472 4668 2057 4740; baseline 0.004 -17"><span class='ocrx_word' id='word_1_531' title='bbox 472 4686 592 4723; x_wconf 90' lang='lat' dir='ltr'><strong>sum</strong></span> <span class='ocrx_word' id='word_1_532' title='bbox 616 4682 746 4721; x_wconf 90' lang='lat' dir='ltr'><strong>vero</strong></span> <span class='ocrx_word' id='word_1_533' title='bbox 764 4668 1057 4722; x_wconf 88' lang='lat' dir='ltr'><strong>Persarum</strong></span> <span class='ocrx_word' id='word_1_534' title='bbox 1084 4685 1269 4738; x_wconf 84' lang='lat' dir='ltr'><strong>regem</strong></span> <span class='ocrx_word' id='word_1_535' title='bbox 1314 4672 1623 4740; x_wconf 71' lang='lat' dir='ltr'><strong>appellavit,</strong></span> <span class='ocrx_word' id='word_1_536' title='bbox 1661 4675 1905 4729; x_wconf 87' lang='lat' dir='ltr'><strong>tribuens</strong></span> <span class='ocrx_word' id='word_1_537' title='bbox 1954 4677 2057 4730; x_wconf 88' lang='lat' dir='ltr'><strong>hoc</strong></span> 
     </span>
    </p>
   </div>
   <div class='ocr_carea' id='block_1_81' title="bbox 471 4750 2057 4833">
    <p class='ocr_par' dir='ltr' id='par_1_81' title="bbox 471 4750 2057 4833">
     <span class='ocr_line' id='line_1_81' title="bbox 471 4750 2057 4833; baseline 0.004 -19"><span class='ocrx_word' id='word_1_538' title='bbox 471 4761 683 4830; x_wconf 83' lang='lat' dir='ltr'><strong>paterni</strong></span> <span class='ocrx_word' id='word_1_539' title='bbox 702 4762 852 4829; x_wconf 85' lang='lat' dir='ltr'><strong>regni</strong></span> <span class='ocrx_word' id='word_1_540' title='bbox 876 4762 1090 4823; x_wconf 85' lang='lat' dir='ltr'><strong>honori,</strong></span> <span class='ocrx_word' id='word_1_541' title='bbox 1112 4762 1235 4816; x_wconf 87' lang='lat' dir='ltr'><strong>licet</strong></span> <span class='ocrx_word' id='word_1_542' title='bbox 1261 4750 1443 4817; x_wconf 75' lang='lat' dir='ltr'><strong>minus</strong></span> <span class='ocrx_word' id='word_1_543' title='bbox 1465 4775 1605 4817; x_wconf 84' lang='lat' dir='ltr'><strong>esset</strong></span> <span class='ocrx_word' id='word_1_544' title='bbox 1627 4766 1854 4833; x_wconf 83' lang='lat' dir='ltr'><strong>imperio</strong></span> <span class='ocrx_word' id='word_1_545' title='bbox 1873 4766 2057 4821; x_wconf 84' lang='lat' dir='ltr'><strong>Medo-</strong></span> 
     </span>
    </p>
   </div>
   <div class='ocr_carea' id='block_1_82' title="bbox 472 4852 2057 4925">
    <p class='ocr_par' dir='ltr' id='par_1_82' title="bbox 472 4852 2057 4925">
     <span class='ocr_line' id='line_1_82' title="bbox 472 4852 2057 4925; baseline 0.006 -20"><span class='ocrx_word' id='word_1_546' title='bbox 472 4868 591 4906; x_wconf 82' lang='lat' dir='ltr'><strong>rum</strong></span> <span class='ocrx_word' id='word_1_547' title='bbox 610 4860 663 4906; x_wconf 87' lang='lat' dir='ltr'><strong>et</strong></span> <span class='ocrx_word' id='word_1_548' title='bbox 683 4852 1058 4924; x_wconf 75' lang='lat' dir='ltr'><strong>Assyriorum,</strong></span> <span class='ocrx_word' id='word_1_549' title='bbox 1088 4863 1147 4907; x_wconf 88' lang='lat' dir='ltr'><strong>ut</strong></span> <span class='ocrx_word' id='word_1_550' title='bbox 1174 4856 1379 4908; x_wconf 85' lang='lat' dir='ltr'><strong>dictum</strong></span> <span class='ocrx_word' id='word_1_551' title='bbox 1411 4867 1511 4911; x_wconf 91' lang='lat' dir='ltr'><strong>est.</strong></span> <span class='ocrx_word' id='word_1_552' title='bbox 1545 4855 1687 4925; x_wconf 82' lang='lat' dir='ltr'><strong>Ergo</strong></span> <span class='ocrx_word' id='word_1_553' title='bbox 1717 4873 1745 4910; x_wconf 90' lang='lat' dir='ltr'><strong>a</strong></span> <span class='ocrx_word' id='word_1_554' title='bbox 1774 4856 1941 4913; x_wconf 82' lang='lat' dir='ltr'><strong>Medis</strong></span> <span class='ocrx_word' id='word_1_555' title='bbox 1965 4876 2057 4914; x_wconf 76' lang='lat' dir='ltr'><strong>ac-</strong></span> 
     </span>
    </p>
   </div>
   <div class='ocr_carea' id='block_1_83' title="bbox 470 4930 2050 5018">
    <p class='ocr_par' dir='ltr' id='par_1_83' title="bbox 470 4930 2050 5018">
     <span class='ocr_line' id='line_1_83' title="bbox 470 4930 2050 5018; baseline 0.004 -22"><span class='ocrx_word' id='word_1_556' title='bbox 470 4945 609 5010; x_wconf 85' lang='lat' dir='ltr'><strong>cepit</strong></span> <span class='ocrx_word' id='word_1_557' title='bbox 630 4944 966 5013; x_wconf 79' lang='lat' dir='ltr'><strong>pliaceolium</strong></span> <span class='ocrx_word' id='word_1_558' title='bbox 1004 4958 1053 4997; x_wconf 86' lang='lat' dir='ltr'><strong>et</strong></span> <span class='ocrx_word' id='word_1_559' title='bbox 1084 4946 1424 5014; x_wconf 85' lang='lat' dir='ltr'><strong>epiloricum,</strong></span> <span class='ocrx_word' id='word_1_560' title='bbox 1452 4948 1519 5001; x_wconf 86' lang='lat' dir='ltr'><strong>ab</strong></span> <span class='ocrx_word' id='word_1_561' title='bbox 1550 4930 1791 5018; x_wconf 71' lang='lat' dir='ltr'><strong>Assyriis</strong></span> <span class='ocrx_word' id='word_1_562' title='bbox 1812 4949 2050 5002; x_wconf 88' lang='lat' dir='ltr'><strong>scarani-</strong></span> 
     </span>
    </p>
   </div>
   <div class='ocr_carea' id='block_1_84' title="bbox 472 5037 2047 5110">
    <p class='ocr_par' dir='ltr' id='par_1_84' title="bbox 472 5037 2047 5110">
     <span class='ocr_line' id='line_1_84' title="bbox 472 5037 2047 5110; baseline 0.005 -22"><span class='ocrx_word' id='word_1_563' title='bbox 472 5050 619 5098; x_wconf 89' lang='lat' dir='ltr'><strong>cum,</strong></span> <span class='ocrx_word' id='word_1_564' title='bbox 646 5037 1396 5095; x_wconf 86' lang='lat' dir='ltr'><strong>cabbadiumetdraconibus</strong></span> <span class='ocrx_word' id='word_1_565' title='bbox 1432 5041 1750 5110; x_wconf 75' lang='lat' dir='ltr'><strong>insignitum</strong></span> <span class='ocrx_word' id='word_1_566' title='bbox 1789 5042 2047 5096; x_wconf 79' lang='lat' dir='ltr'><strong>ﬂammu-</strong></span> 
     </span>
    </p>
   </div>
   <div class='ocr_carea' id='block_1_85' title="bbox 470 5130 2049 5203">
    <p class='ocr_par' dir='ltr' id='par_1_85' title="bbox 470 5130 2049 5203">
     <span class='ocr_line' id='line_1_85' title="bbox 470 5130 2049 5203; baseline 0.004 -19"><span class='ocrx_word' id='word_1_567' title='bbox 470 5130 582 5184; x_wconf 88' lang='lat' dir='ltr'><strong>lum</strong></span> <span class='ocrx_word' id='word_1_568' title='bbox 616 5146 712 5183; x_wconf 87' lang='lat' dir='ltr'><strong>seu</strong></span> <span class='ocrx_word' id='word_1_569' title='bbox 749 5132 1003 5184; x_wconf 76' lang='lat' dir='ltr'><strong>vexillum</strong></span> <span class='ocrx_word' id='word_1_570' title='bbox 1040 5151 1055 5198; x_wconf 87' lang='lat'><strong>;</strong></span> <span class='ocrx_word' id='word_1_571' title='bbox 1094 5143 1147 5187; x_wconf 90' lang='lat' dir='ltr'><strong>et</strong></span> <span class='ocrx_word' id='word_1_572' title='bbox 1181 5135 1249 5187; x_wconf 87' lang='lat' dir='ltr'><strong>ab</strong></span> <span class='ocrx_word' id='word_1_573' title='bbox 1277 5151 1341 5189; x_wconf 89' lang='lat' dir='ltr'><strong>eo</strong></span> <span class='ocrx_word' id='word_1_574' title='bbox 1378 5146 1622 5203; x_wconf 85' lang='lat' dir='ltr'><strong>tempore</strong></span> <span class='ocrx_word' id='word_1_575' title='bbox 1661 5150 1779 5190; x_wconf 86' lang='lat' dir='ltr'><strong>mos</strong></span> <span class='ocrx_word' id='word_1_576' title='bbox 1812 5137 2049 5190; x_wconf 86' lang='lat' dir='ltr'><strong>obtinuit</strong></span> 
     </span>
    </p>
   </div>
   <div class='ocr_carea' id='block_1_86' title="bbox 473 5223 2047 5297">
    <p class='ocr_par' dir='ltr' id='par_1_86' title="bbox 473 5223 2047 5297">
     <span class='ocr_line' id='line_1_86' title="bbox 473 5223 2047 5297; baseline 0.006 -24"><span class='ocrx_word' id='word_1_577' title='bbox 473 5232 532 5275; x_wconf 86' lang='lat' dir='ltr'><strong>ut</strong></span> <span class='ocrx_word' id='word_1_578' title='bbox 552 5236 745 5277; x_wconf 88' lang='lat' dir='ltr'><strong>omnes</strong></span> <span class='ocrx_word' id='word_1_579' title='bbox 772 5234 891 5290; x_wconf 85' lang='lat' dir='ltr'><strong>post</strong></span> <span class='ocrx_word' id='word_1_580' title='bbox 909 5223 1107 5295; x_wconf 74' lang='lat' dir='ltr'><strong>Cyrum</strong></span> <span class='ocrx_word' id='word_1_581' title='bbox 1137 5229 1715 5297; x_wconf 77' lang='lat' dir='ltr'><strong>appellarenturreges</strong></span> <span class='ocrx_word' id='word_1_582' title='bbox 1736 5227 2047 5293; x_wconf 82' lang='lat' dir='ltr'><strong>Persarum,</strong></span> 
     </span>
    </p>
   </div>
   <div class='ocr_carea' id='block_1_87' title="bbox 471 5306 2050 5388">
    <p class='ocr_par' dir='ltr' id='par_1_87' title="bbox 471 5306 2050 5388">
     <span class='ocr_line' id='line_1_87' title="bbox 471 5306 2050 5388; baseline 0.006 -22"><span class='ocrx_word' id='word_1_583' title='bbox 471 5329 646 5385; x_wconf 84' lang='lat' dir='ltr'><strong>usque</strong></span> <span class='ocrx_word' id='word_1_584' title='bbox 675 5306 740 5371; x_wconf 51' lang='lat' dir='ltr'><strong>a&#39;d</strong></span> <span class='ocrx_word' id='word_1_585' title='bbox 772 5315 1194 5388; x_wconf 82' lang='lat' dir='ltr'><strong>Darium,qucm</strong></span> <span class='ocrx_word' id='word_1_586' title='bbox 1226 5336 1349 5374; x_wconf 86' lang='lat' dir='ltr'><strong>cum</strong></span> <span class='ocrx_word' id='word_1_587' title='bbox 1370 5320 1674 5375; x_wconf 68' lang='lat' dir='ltr'><strong>Alexander</strong></span> <span class='ocrx_word' id='word_1_588' title='bbox 1698 5319 2050 5375; x_wconf 84' lang='lat' dir='ltr'><strong>Macedonum</strong></span> 
     </span>
    </p>
   </div>
   <div class='ocr_carea' id='block_1_88' title="bbox 470 5402 2048 5484">
    <p class='ocr_par' dir='ltr' id='par_1_88' title="bbox 470 5402 2048 5484">
     <span class='ocr_line' id='line_1_88' title="bbox 470 5402 2048 5484; baseline 0.005 -23"><span class='ocrx_word' id='word_1_589' title='bbox 470 5424 563 5463; x_wconf 74' lang='lat' dir='ltr'><strong>rex</strong></span> <span class='ocrx_word' id='word_1_590' title='bbox 602 5402 919 5475; x_wconf 77' lang='lat' dir='ltr'><strong>devicisset,</strong></span> <span class='ocrx_word' id='word_1_591' title='bbox 952 5415 1157 5480; x_wconf 89' lang='lat' dir='ltr'><strong>pariter</strong></span> <span class='ocrx_word' id='word_1_592' title='bbox 1184 5423 1236 5467; x_wconf 87' lang='lat' dir='ltr'><strong>et</strong></span> <span class='ocrx_word' id='word_1_593' title='bbox 1262 5430 1427 5484; x_wconf 81' lang='lat' dir='ltr'><strong>regno</strong></span> <span class='ocrx_word' id='word_1_594' title='bbox 1448 5413 1552 5483; x_wconf 86' lang='lat'><strong>55</strong></span> <span class='ocrx_word' id='word_1_595' title='bbox 1576 5417 1693 5484; x_wconf 85' lang='lat' dir='ltr'><strong>ejus</strong></span> <span class='ocrx_word' id='word_1_596' title='bbox 1718 5416 1919 5483; x_wconf 73' lang='lat' dir='ltr'><strong>petitus</strong></span> <span class='ocrx_word' id='word_1_597' title='bbox 1944 5423 2048 5470; x_wconf 77' lang='lat' dir='ltr'><strong>est.</strong></span> 
     </span>
    </p>
   </div>
   <div class='ocr_carea' id='block_1_89' title="bbox 469 5503 2051 5571">
    <p class='ocr_par' dir='ltr' id='par_1_89' title="bbox 469 5503 2051 5571">
     <span class='ocr_line' id='line_1_89' title="bbox 469 5503 2051 5571; baseline -0.001 -16"><span class='ocrx_word' id='word_1_598' title='bbox 469 5504 713 5571; x_wconf 78' lang='lat' dir='ltr'><strong>Cumque</strong></span> <span class='ocrx_word' id='word_1_599' title='bbox 742 5518 970 5571; x_wconf 82' lang='lat' dir='ltr'><strong>magnus</strong></span> <span class='ocrx_word' id='word_1_600' title='bbox 1001 5503 1395 5555; x_wconf 84' lang='lat' dir='ltr'><strong>Constantinus</strong></span> <span class='ocrx_word' id='word_1_601' title='bbox 1424 5513 1476 5555; x_wconf 91' lang='lat' dir='ltr'><strong>et</strong></span> <span class='ocrx_word' id='word_1_602' title='bbox 1507 5512 1650 5555; x_wconf 78' lang='lat' dir='ltr'><strong>esset</strong></span> <span class='ocrx_word' id='word_1_603' title='bbox 1680 5511 1731 5557; x_wconf 89' lang='lat' dir='ltr'><strong>et</strong></span> <span class='ocrx_word' id='word_1_604' title='bbox 1771 5504 2051 5556; x_wconf 88' lang='lat' dir='ltr'><strong>diceretur</strong></span> 
     </span>
    </p>
   </div>
   <div class='ocr_carea' id='block_1_90' title="bbox 468 5595 2051 5664">
    <p class='ocr_par' dir='ltr' id='par_1_90' title="bbox 468 5595 2051 5664">
     <span class='ocr_line' id='line_1_90' title="bbox 468 5595 2051 5664; baseline 0.001 -17"><span class='ocrx_word' id='word_1_605' title='bbox 468 5595 765 5661; x_wconf 86' lang='lat' dir='ltr'><strong>imperator</strong></span> <span class='ocrx_word' id='word_1_606' title='bbox 799 5595 1196 5659; x_wconf 75' lang='lat' dir='ltr'><strong>Romanorum,</strong></span> <span class='ocrx_word' id='word_1_607' title='bbox 1228 5610 1574 5649; x_wconf 86' lang='lat' dir='ltr'><strong>successores</strong></span> <span class='ocrx_word' id='word_1_608' title='bbox 1595 5596 1710 5663; x_wconf 87' lang='lat' dir='ltr'><strong>ejus</strong></span> <span class='ocrx_word' id='word_1_609' title='bbox 1755 5610 1929 5664; x_wconf 87' lang='lat' dir='ltr'><strong>usque</strong></span> <span class='ocrx_word' id='word_1_610' title='bbox 1985 5596 2051 5649; x_wconf 87' lang='lat' dir='ltr'><strong>ad</strong></span> 
     </span>
    </p>
   </div>
   <div class='ocr_carea' id='block_1_91' title="bbox 467 5674 2039 5756">
    <p class='ocr_par' dir='ltr' id='par_1_91' title="bbox 467 5674 2039 5756">
     <span class='ocr_line' id='line_1_91' title="bbox 467 5674 2039 5756; baseline 0.003 -18"><span class='ocrx_word' id='word_1_611' title='bbox 467 5686 583 5739; x_wconf 76' lang='lat' dir='ltr'><strong>haec</strong></span> <span class='ocrx_word' id='word_1_612' title='bbox 608 5696 853 5756; x_wconf 72' lang='lat' dir='ltr'><strong>tempora</strong></span> <span class='ocrx_word' id='word_1_613' title='bbox 889 5688 1251 5756; x_wconf 88' lang='lat' dir='ltr'><strong>imperatores</strong></span> <span class='ocrx_word' id='word_1_614' title='bbox 1284 5674 1657 5742; x_wconf 75' lang='lat' dir='ltr'><strong>Romanorum</strong></span> <span class='ocrx_word' id='word_1_615' title='bbox 1683 5678 1996 5743; x_wconf 81' lang='lat' dir='ltr'><strong>salutantur</strong></span> <span class='ocrx_word' id='word_1_616' title='bbox 2023 5707 2039 5756; x_wconf 90' lang='lat'><strong>;</strong></span> 
     </span>
    </p>
   </div>
   <div class='ocr_carea' id='block_1_92' title="bbox 466 5780 2042 5844">
    <p class='ocr_par' dir='ltr' id='par_1_92' title="bbox 466 5780 2042 5844">
     <span class='ocr_line' id='line_1_92' title="bbox 466 5780 2042 5844; baseline 0.003 -12"><span class='ocrx_word' id='word_1_617' title='bbox 466 5787 522 5832; x_wconf 88' lang='lat' dir='ltr'><strong>et</strong></span> <span class='ocrx_word' id='word_1_618' title='bbox 552 5796 678 5835; x_wconf 71' lang='lat' dir='ltr'><strong>cum</strong></span> <span class='ocrx_word' id='word_1_619' title='bbox 708 5782 1015 5834; x_wconf 81' lang='lat' dir='ltr'><strong>Alexander</strong></span> <span class='ocrx_word' id='word_1_620' title='bbox 1044 5780 1205 5834; x_wconf 80' lang='lat' dir='ltr'><strong>fuerit</strong></span> <span class='ocrx_word' id='word_1_621' title='bbox 1240 5797 1333 5835; x_wconf 80' lang='lat' dir='ltr'><strong>rex</strong></span> <span class='ocrx_word' id='word_1_622' title='bbox 1371 5780 1753 5844; x_wconf 88' lang='lat' dir='ltr'><strong>Macedonum,</strong></span> <span class='ocrx_word' id='word_1_623' title='bbox 1787 5782 2042 5837; x_wconf 76' lang='lat' dir='ltr'><strong>Macedo-</strong></span> 
     </span>
    </p>
   </div>
   <div class='ocr_carea' id='block_1_93' title="bbox 466 5871 2041 5943">
    <p class='ocr_par' dir='ltr' id='par_1_93' title="bbox 466 5871 2041 5943">
     <span class='ocr_line' id='line_1_93' title="bbox 466 5871 2041 5943; baseline 0.001 -18"><span class='ocrx_word' id='word_1_624' title='bbox 466 5871 557 5925; x_wconf 85' lang='lat' dir='ltr'><strong>nia</strong></span> <span class='ocrx_word' id='word_1_625' title='bbox 586 5880 769 5929; x_wconf 85' lang='lat' dir='ltr'><strong>autem</strong></span> <span class='ocrx_word' id='word_1_626' title='bbox 810 5872 1180 5927; x_wconf 82' lang='lat' dir='ltr'><strong>llomanorum</strong></span> <span class='ocrx_word' id='word_1_627' title='bbox 1215 5872 1568 5943; x_wconf 86' lang='lat' dir='ltr'><strong>imperatoris</strong></span> <span class='ocrx_word' id='word_1_628' title='bbox 1602 5877 1657 5931; x_wconf 88' lang='lat' dir='ltr'><strong>in</strong></span> <span class='ocrx_word' id='word_1_629' title='bbox 1692 5876 1899 5931; x_wconf 84' lang='lat' dir='ltr'><strong>ditione</strong></span> <span class='ocrx_word' id='word_1_630' title='bbox 1948 5875 2041 5941; x_wconf 87' lang='lat' dir='ltr'><strong>sit,</strong></span> 
     </span>
    </p>
   </div>
   <div class='ocr_carea' id='block_1_94' title="bbox 2091 4531 2131 4581">
    <p class='ocr_par' dir='ltr' id='par_1_94' title="bbox 2091 4531 2131 4581">
     <span class='ocr_line' id='line_1_94' title="bbox 2091 4531 2131 4581; baseline 0 0"><span class='ocrx_word' id='word_1_631' title='bbox 2091 4531 2131 4581; x_wconf 69' lang='grc' dir='ltr'><strong>ἓ)</strong></span> 
     </span>
    </p>
   </div>
   <div class='ocr_carea' id='block_1_95' title="bbox 2160 3284 3736 3355">
    <p class='ocr_par' dir='ltr' id='par_1_95' title="bbox 2160 3284 3736 3355">
     <span class='ocr_line' id='line_1_95' title="bbox 2160 3284 3736 3355; baseline 0.003 -19"><span class='ocrx_word' id='word_1_632' title='bbox 2160 3285 2548 3355; x_wconf 79' lang='grc' dir='ltr'><strong>συρματέῖνον,</strong></span> <span class='ocrx_word' id='word_1_633' title='bbox 2580 3284 2640 3335; x_wconf 76' lang='grc' dir='ltr'>τὸ</span> <span class='ocrx_word' id='word_1_634' title='bbox 2668 3284 2859 3352; x_wconf 81' lang='grc' dir='ltr'><strong>ἔτερον</strong></span> <span class='ocrx_word' id='word_1_635' title='bbox 2918 3285 3012 3337; x_wconf 88' lang='grc' dir='ltr'><strong>τοῦ</strong></span> <span class='ocrx_word' id='word_1_636' title='bbox 3069 3286 3365 3355; x_wconf 81' lang='grc' dir='ltr'><strong>φοροῦντος</strong></span> <span class='ocrx_word' id='word_1_637' title='bbox 3417 3287 3527 3338; x_wconf 86' lang='grc' dir='ltr'>τῶν</span> <span class='ocrx_word' id='word_1_638' title='bbox 3577 3287 3736 3341; x_wconf 77' lang='grc' dir='ltr'><strong>ὢτων</strong></span> 
     </span>
    </p>
   </div>
   <div class='ocr_carea' id='block_1_96' title="bbox 2157 3376 3742 3446">
    <p class='ocr_par' dir='ltr' id='par_1_96' title="bbox 2157 3376 3742 3446">
     <span class='ocr_line' id='line_1_96' title="bbox 2157 3376 3742 3446; baseline 0.001 -16"><span class='ocrx_word' id='word_1_639' title='bbox 2157 3377 2459 3439; x_wconf 81' lang='grc' dir='ltr'><strong>καλύπτον,</strong></span> <span class='ocrx_word' id='word_1_640' title='bbox 2485 3376 2680 3445; x_wconf 84' lang='grc' dir='ltr'><strong>δηλοῦν</strong></span> <span class='ocrx_word' id='word_1_641' title='bbox 2714 3378 2788 3439; x_wconf 83' lang='grc' dir='ltr'><strong>ὡς</strong></span> <span class='ocrx_word' id='word_1_642' title='bbox 2813 3378 2874 3429; x_wconf 84' lang='grc' dir='ltr'><strong>τὺ</strong></span> <span class='ocrx_word' id='word_1_643' title='bbox 2914 3377 3014 3445; x_wconf 83' lang='grc' dir='ltr'><strong>μὲν</strong></span> <span class='ocrx_word' id='word_1_644' title='bbox 3045 3378 3287 3440; x_wconf 83' lang='grc' dir='ltr'><strong>ἁσκεπὲς</strong></span> <span class='ocrx_word' id='word_1_645' title='bbox 3310 3377 3418 3430; x_wconf 82' lang='grc' dir='ltr'><strong>τῶν</strong></span> <span class='ocrx_word' id='word_1_646' title='bbox 3440 3378 3742 3446; x_wconf 74' lang='grc' dir='ltr'><strong>ἐγκαλούν-</strong></span> 
     </span>
    </p>
   </div>
   <div class='ocr_carea' id='block_1_97' title="bbox 2156 3464 3742 3538">
    <p class='ocr_par' dir='ltr' id='par_1_97' title="bbox 2156 3464 3742 3538">
     <span class='ocr_line' id='line_1_97' title="bbox 2156 3464 3742 3538; baseline -0.001 -15"><span class='ocrx_word' id='word_1_647' title='bbox 2156 3488 2264 3523; x_wconf 85' lang='grc' dir='ltr'>των</span> <span class='ocrx_word' id='word_1_648' title='bbox 2300 3470 2438 3536; x_wconf 72' lang='grc' dir='ltr'><strong>ὲστὶ,</strong></span> <span class='ocrx_word' id='word_1_649' title='bbox 2481 3470 2540 3522; x_wconf 73' lang='grc' dir='ltr'>τὸ</span> <span class='ocrx_word' id='word_1_650' title='bbox 2567 3469 2621 3521; x_wconf 85' lang='grc' dir='ltr'><strong>δὲ</strong></span> <span class='ocrx_word' id='word_1_651' title='bbox 2652 3469 2992 3537; x_wconf 82' lang='grc' dir='ltr'><strong>σκεπόμενον</strong></span> <span class='ocrx_word' id='word_1_652' title='bbox 3039 3464 3133 3530; x_wconf 82' lang='grc' dir='ltr'><strong>οὖς</strong></span> <span class='ocrx_word' id='word_1_653' title='bbox 3176 3468 3286 3521; x_wconf 85' lang='grc' dir='ltr'>τῶν</span> <span class='ocrx_word' id='word_1_654' title='bbox 3322 3470 3742 3538; x_wconf 86' lang='grc' dir='ltr'><strong>κατηγορουμέ-</strong></span> 
     </span>
    </p>
   </div>
   <div class='ocr_carea' id='block_1_98' title="bbox 2156 3560 3737 3632">
    <p class='ocr_par' dir='ltr' id='par_1_98' title="bbox 2156 3560 3737 3632">
     <span class='ocr_line' id='line_1_98' title="bbox 2156 3560 3737 3632; baseline -0.001 -17"><span class='ocrx_word' id='word_1_655' title='bbox 2156 3581 2262 3616; x_wconf 87' lang='grc' dir='ltr'><strong>νων</strong></span> <span class='ocrx_word' id='word_1_656' title='bbox 2297 3564 2415 3630; x_wconf 74' lang='grc' dir='ltr'><strong>μὶν,</strong></span> <span class='ocrx_word' id='word_1_657' title='bbox 2476 3562 2550 3632; x_wconf 81' lang='grc' dir='ltr'><strong>μὴ</strong></span> <span class='ocrx_word' id='word_1_658' title='bbox 2598 3563 2886 3631; x_wconf 77' lang='grc' dir='ltr'><strong>παρόντων</strong></span> <span class='ocrx_word' id='word_1_659' title='bbox 2919 3561 2997 3614; x_wconf 79' lang='grc' dir='ltr'><strong>δέ.</strong></span> <span class='ocrx_word' id='word_1_660' title='bbox 3047 3561 3171 3615; x_wconf 75' lang='grc' dir='ltr'><strong>Ἐπὶ</strong></span> <span class='ocrx_word' id='word_1_661' title='bbox 3220 3562 3276 3614; x_wconf 82' lang='grc' dir='ltr'>δὲ</span> <span class='ocrx_word' id='word_1_662' title='bbox 3318 3560 3591 3632; x_wconf 82' lang='grc' dir='ltr'><strong>τραχήλου</strong></span> <span class='ocrx_word' id='word_1_663' title='bbox 3624 3561 3737 3613; x_wconf 82' lang='grc' dir='ltr'><strong>τῶν</strong></span> 
     </span>
    </p>
   </div>
   <div class='ocr_carea' id='block_1_99' title="bbox 2157 3652 3738 3725">
    <p class='ocr_par' dir='ltr' id='par_1_99' title="bbox 2157 3652 3738 3725">
     <span class='ocr_line' id='line_1_99' title="bbox 2157 3652 3738 3725; baseline -0.001 -19"><span class='ocrx_word' id='word_1_664' title='bbox 2157 3653 2365 3723; x_wconf 85' lang='grc' dir='ltr'><strong>κριτῶν</strong></span> <span class='ocrx_word' id='word_1_665' title='bbox 2397 3654 2709 3725; x_wconf 77' lang='grc' dir='ltr'><strong>ἐκρέμαντο</strong></span> <span class='ocrx_word' id='word_1_666' title='bbox 2735 3652 2827 3705; x_wconf 80' lang='grc' dir='ltr'>δύο</span> <span class='ocrx_word' id='word_1_667' title='bbox 2873 3652 2997 3705; x_wconf 87' lang='grc' dir='ltr'><strong>τινὰ</strong></span> <span class='ocrx_word' id='word_1_668' title='bbox 3033 3652 3119 3705; x_wconf 83' lang='grc' dir='ltr'><strong>διὰ</strong></span> <span class='ocrx_word' id='word_1_669' title='bbox 3152 3652 3413 3704; x_wconf 87' lang='grc' dir='ltr'><strong>σιτανίων</strong></span> <span class='ocrx_word' id='word_1_670' title='bbox 3445 3652 3738 3704; x_wconf 78' lang='grc' dir='ltr'><strong>πιλατεκια</strong></span> 
     </span>
    </p>
   </div>
   <div class='ocr_carea' id='block_1_100' title="bbox 2156 3745 3743 3817">
    <p class='ocr_par' dir='ltr' id='par_1_100' title="bbox 2156 3745 3743 3817">
     <span class='ocr_line' id='line_1_100' title="bbox 2156 3745 3743 3817; baseline -0.001 -19"><span class='ocrx_word' id='word_1_671' title='bbox 2156 3746 2451 3817; x_wconf 81' lang='grc' dir='ltr'><strong>λεγόμενα,</strong></span> <span class='ocrx_word' id='word_1_672' title='bbox 2496 3748 2639 3814; x_wconf 73' lang='grc' dir='ltr'><strong>ἅπερ</strong></span> <span class='ocrx_word' id='word_1_673' title='bbox 2682 3746 2790 3798; x_wconf 73' lang='grc' dir='ltr'><strong>εἰσὶ</strong></span> <span class='ocrx_word' id='word_1_674' title='bbox 2826 3745 3132 3815; x_wconf 86' lang='grc' dir='ltr'><strong>μαργέλλια</strong></span> <span class='ocrx_word' id='word_1_675' title='bbox 3164 3745 3302 3813; x_wconf 75' lang='grc' dir='ltr'><strong>μετὰ</strong></span> <span class='ocrx_word' id='word_1_676' title='bbox 3332 3745 3632 3814; x_wconf 80' lang='grc' dir='ltr'><strong>σύρματος,</strong></span> <span class='ocrx_word' id='word_1_677' title='bbox 3674 3746 3743 3797; x_wconf 85' lang='grc' dir='ltr'><strong>τδ</strong></span> 
     </span>
    </p>
   </div>
   <div class='ocr_carea' id='block_1_101' title="bbox 2160 3837 3745 3911">
    <p class='ocr_par' dir='ltr' id='par_1_101' title="bbox 2160 3837 3745 3911">
     <span class='ocr_line' id='line_1_101' title="bbox 2160 3837 3745 3911; baseline -0.002 -18"><span class='ocrx_word' id='word_1_678' title='bbox 2160 3842 2259 3911; x_wconf 84' lang='grc' dir='ltr'><strong>μὲν</strong></span> <span class='ocrx_word' id='word_1_679' title='bbox 2291 3843 2464 3909; x_wconf 79' lang='grc' dir='ltr'><strong>μῆκος</strong></span> <span class='ocrx_word' id='word_1_680' title='bbox 2500 3840 2781 3907; x_wconf 78' lang='grc' dir='ltr'><strong>σπιθαμῆς</strong></span> <span class='ocrx_word' id='word_1_681' title='bbox 2827 3838 3068 3904; x_wconf 83' lang='grc' dir='ltr'><strong>ἔλαττον,</strong></span> <span class='ocrx_word' id='word_1_682' title='bbox 3102 3838 3162 3889; x_wconf 77' lang='grc' dir='ltr'><strong>τὸ</strong></span> <span class='ocrx_word' id='word_1_683' title='bbox 3213 3837 3271 3889; x_wconf 80' lang='grc' dir='ltr'><strong>δὲ</strong></span> <span class='ocrx_word' id='word_1_684' title='bbox 3317 3838 3520 3901; x_wconf 73' lang='grc' dir='ltr'><strong>πλάτος</strong></span> <span class='ocrx_word' id='word_1_685' title='bbox 3558 3838 3745 3890; x_wconf 80' lang='grc' dir='ltr'><strong>παλα-</strong></span> 
     </span>
    </p>
   </div>
   <div class='ocr_carea' id='block_1_102' title="bbox 2160 3929 3745 4004">
    <p class='ocr_par' dir='ltr' id='par_1_102' title="bbox 2160 3929 3745 4004">
     <span class='ocr_line' id='line_1_102' title="bbox 2160 3929 3745 4004; baseline -0.003 -19"><span class='ocrx_word' id='word_1_686' title='bbox 2160 3938 2357 4004; x_wconf 82' lang='grc' dir='ltr'><strong>μιαῖον.</strong></span> <span class='ocrx_word' id='word_1_687' title='bbox 2385 3931 2627 3984; x_wconf 75' lang='grc' dir='ltr'><strong>Ἀτιναὸ</strong></span> <span class='ocrx_word' id='word_1_688' title='bbox 2649 3932 2756 3985; x_wconf 82' lang='grc' dir='ltr'>τῶν</span> <span class='ocrx_word' id='word_1_689' title='bbox 2784 3932 2985 4000; x_wconf 81' lang='grc' dir='ltr'>Μήδων</span> <span class='ocrx_word' id='word_1_690' title='bbox 3008 3929 3199 3998; x_wconf 75' lang='grc' dir='ltr'><strong>ἐφόρει</strong></span> <span class='ocrx_word' id='word_1_691' title='bbox 3230 3930 3506 4000; x_wconf 81' lang='grc' dir='ltr'><strong>βασιλεὺς,</strong></span> <span class='ocrx_word' id='word_1_692' title='bbox 3534 3929 3745 3998; x_wconf 83' lang='grc' dir='ltr'><strong>ὁμοίως</strong></span> 
     </span>
    </p>
   </div>
   <div class='ocr_carea' id='block_1_103' title="bbox 2156 4004 3749 4094">
    <p class='ocr_par' dir='ltr' id='par_1_103' title="bbox 2156 4004 3749 4094">
     <span class='ocr_line' id='line_1_103' title="bbox 2156 4004 3749 4094; baseline -0.004 -15"><span class='ocrx_word' id='word_1_693' title='bbox 2156 4004 2332 4080; x_wconf 67' lang='grc' dir='ltr'><strong>καὶόί</strong></span> <span class='ocrx_word' id='word_1_694' title='bbox 2366 4024 2573 4094; x_wconf 82' lang='grc' dir='ltr'><strong>κριταί.</strong></span> <span class='ocrx_word' id='word_1_695' title='bbox 2608 4024 2820 4091; x_wconf 75' lang='grc' dir='ltr'><strong>Ὥσπερ</strong></span> <span class='ocrx_word' id='word_1_696' title='bbox 2851 4018 2943 4075; x_wconf 80' lang='grc' dir='ltr'>οὖν</span> <span class='ocrx_word' id='word_1_697' title='bbox 2981 4022 3211 4091; x_wconf 72' lang='grc' dir='ltr'><strong>ἐφόρουν</strong></span> <span class='ocrx_word' id='word_1_698' title='bbox 3259 4023 3424 4075; x_wconf 87' lang='grc' dir='ltr'><strong>πάλαι</strong></span> <span class='ocrx_word' id='word_1_699' title='bbox 3482 4023 3531 4075; x_wconf 79' lang='grc' dir='ltr'><strong>οἱ</strong></span> <span class='ocrx_word' id='word_1_700' title='bbox 3575 4038 3749 4088; x_wconf 82' lang='grc' dir='ltr'><strong>στρα-</strong></span> 
     </span>
    </p>
   </div>
   <div class='ocr_carea' id='block_1_104' title="bbox 2155 4095 3745 4189">
    <p class='ocr_par' dir='ltr' id='par_1_104' title="bbox 2155 4095 3745 4189">
     <span class='ocr_line' id='line_1_104' title="bbox 2155 4095 3745 4189; baseline -0.004 -18"><span class='ocrx_word' id='word_1_701' title='bbox 2155 4119 2315 4189; x_wconf 74' lang='grc' dir='ltr'><strong>τηγοὶ</strong></span> <span class='ocrx_word' id='word_1_702' title='bbox 2352 4116 2616 4185; x_wconf 83' lang='grc' dir='ltr'><strong>στρεπτὰ,</strong></span> <span class='ocrx_word' id='word_1_703' title='bbox 2667 4116 2765 4186; x_wconf 81' lang='grc' dir='ltr'><strong>τὴν</strong></span> <span class='ocrx_word' id='word_1_704' title='bbox 2804 4116 2968 4186; x_wconf 84' lang='grc' dir='ltr'><strong>τιμὴν</strong></span> <span class='ocrx_word' id='word_1_705' title='bbox 3002 4114 3211 4172; x_wconf 85' lang='grc' dir='ltr'><strong>τούτων</strong></span> <span class='ocrx_word' id='word_1_706' title='bbox 3258 4113 3542 4184; x_wconf 81' lang='grc' dir='ltr'><strong>δηλοῦντα,</strong></span> <span class='ocrx_word' id='word_1_707' title='bbox 3593 4095 3745 4165; x_wconf 57' lang='grc' dir='ltr'>οὕτω</span> 
     </span>
    </p>
   </div>
   <div class='ocr_carea' id='block_1_105' title="bbox 2156 4204 3741 4279">
    <p class='ocr_par' dir='ltr' id='par_1_105' title="bbox 2156 4204 3741 4279">
     <span class='ocr_line' id='line_1_105' title="bbox 2156 4204 3741 4279; baseline -0.006 -12"><span class='ocrx_word' id='word_1_708' title='bbox 2156 4214 2252 4267; x_wconf 66' lang='grc' dir='ltr'><strong>καὶ</strong></span> <span class='ocrx_word' id='word_1_709' title='bbox 2284 4212 2355 4264; x_wconf 82' lang='grc' dir='ltr'>τὰ</span> <span class='ocrx_word' id='word_1_710' title='bbox 2387 4208 2673 4263; x_wconf 81' lang='grc' dir='ltr'><strong>πιλατίκια</strong></span> <span class='ocrx_word' id='word_1_711' title='bbox 2709 4208 2807 4272; x_wconf 75' lang='grc' dir='ltr'><strong>τὴν</strong></span> <span class='ocrx_word' id='word_1_712' title='bbox 2851 4208 3019 4279; x_wconf 80' lang='grc' dir='ltr'><strong>τιμὴν</strong></span> <span class='ocrx_word' id='word_1_713' title='bbox 3063 4208 3173 4260; x_wconf 82' lang='grc' dir='ltr'><strong>τῶν</strong></span> <span class='ocrx_word' id='word_1_714' title='bbox 3221 4206 3427 4276; x_wconf 79' lang='grc' dir='ltr'><strong>κριτῶν</strong></span> <span class='ocrx_word' id='word_1_715' title='bbox 3486 4204 3741 4274; x_wconf 69' lang='grc' dir='ltr'><strong>ἐδήλουν.</strong></span> 
     </span>
    </p>
   </div>
   <div class='ocr_carea' id='block_1_106' title="bbox 2167 4299 3743 4371">
    <p class='ocr_par' dir='ltr' id='par_1_106' title="bbox 2167 4299 3743 4371">
     <span class='ocr_line' id='line_1_106' title="bbox 2167 4299 3743 4371; baseline -0.004 -17"><span class='ocrx_word' id='word_1_716' title='bbox 2167 4306 2228 4358; x_wconf 81' lang='grc' dir='ltr'>Ὀ</span> <span class='ocrx_word' id='word_1_717' title='bbox 2262 4304 2444 4356; x_wconf 71' lang='grc' dir='ltr'><strong>τοίνυν</strong></span> <span class='ocrx_word' id='word_1_718' title='bbox 2479 4302 2658 4369; x_wconf 77' lang='grc' dir='ltr'><strong>Κῦρος</strong></span> <span class='ocrx_word' id='word_1_719' title='bbox 2683 4299 2781 4371; x_wconf 76' lang='grc' dir='ltr'><strong>τὴν</strong></span> <span class='ocrx_word' id='word_1_720' title='bbox 2800 4301 2908 4353; x_wconf 85' lang='grc' dir='ltr'><strong>τῶν</strong></span> <span class='ocrx_word' id='word_1_721' title='bbox 2937 4301 3139 4371; x_wconf 82' lang='grc' dir='ltr'>Μήδων</span> <span class='ocrx_word' id='word_1_722' title='bbox 3169 4302 3344 4371; x_wconf 75' lang='grc' dir='ltr'><strong>ἀρχὴν</strong></span> <span class='ocrx_word' id='word_1_723' title='bbox 3367 4299 3743 4367; x_wconf 79' lang='grc' dir='ltr'><strong>κτησάμενος,</strong></span> 
     </span>
    </p>
   </div>
   <div class='ocr_carea' id='block_1_107' title="bbox 2157 4392 3745 4465">
    <p class='ocr_par' dir='ltr' id='par_1_107' title="bbox 2157 4392 3745 4465">
     <span class='ocr_line' id='line_1_107' title="bbox 2157 4392 3745 4465; baseline -0.004 -16"><span class='ocrx_word' id='word_1_724' title='bbox 2157 4397 2233 4459; x_wconf 85' lang='grc' dir='ltr'><strong>ὡς</strong></span> <span class='ocrx_word' id='word_1_725' title='bbox 2256 4395 2576 4465; x_wconf 83' lang='grc' dir='ltr'><strong>δεδήλωται,</strong></span> <span class='ocrx_word' id='word_1_726' title='bbox 2615 4394 2708 4446; x_wconf 72' lang='grc' dir='ltr'><strong>καὶ</strong></span> <span class='ocrx_word' id='word_1_727' title='bbox 2743 4396 2855 4457; x_wconf 87' lang='grc' dir='ltr'><strong>τοῖς</strong></span> <span class='ocrx_word' id='word_1_728' title='bbox 2888 4394 3037 4446; x_wconf 84' lang='grc' dir='ltr'><strong>ἔθεσι</strong></span> <span class='ocrx_word' id='word_1_729' title='bbox 3089 4392 3297 4446; x_wconf 77' lang='grc' dir='ltr'><strong>τούτων</strong></span> <span class='ocrx_word' id='word_1_730' title='bbox 3348 4395 3544 4462; x_wconf 75' lang='grc' dir='ltr'><strong>ἐχρῆτο</strong></span> <span class='ocrx_word' id='word_1_731' title='bbox 3568 4408 3579 4420; x_wconf 94' lang='grc'><strong>·</strong></span> <span class='ocrx_word' id='word_1_732' title='bbox 3634 4408 3745 4443; x_wconf 82' lang='grc' dir='ltr'><strong>πο-</strong></span> 
     </span>
    </p>
   </div>
   <div class='ocr_carea' id='block_1_108' title="bbox 2157 4483 3741 4558">
    <p class='ocr_par' dir='ltr' id='par_1_108' title="bbox 2157 4483 3741 4558">
     <span class='ocr_line' id='line_1_108' title="bbox 2157 4483 3741 4558; baseline -0.003 -16"><span class='ocrx_word' id='word_1_733' title='bbox 2157 4491 2406 4558; x_wconf 79' lang='grc' dir='ltr'><strong>λεμήσας</strong></span> <span class='ocrx_word' id='word_1_734' title='bbox 2438 4488 2493 4539; x_wconf 73' lang='grc' dir='ltr'><strong>δὲ</strong></span> <span class='ocrx_word' id='word_1_735' title='bbox 2536 4487 2726 4539; x_wconf 82' lang='grc' dir='ltr'><strong>ἔπειτα</strong></span> <span class='ocrx_word' id='word_1_736' title='bbox 2748 4488 2842 4538; x_wconf 59' lang='grc' dir='ltr'><strong>κα.)⁵</strong></span> <span class='ocrx_word' id='word_1_737' title='bbox 2861 4488 2971 4548; x_wconf 78' lang='grc' dir='ltr'><strong>τοῖς</strong></span> <span class='ocrx_word' id='word_1_738' title='bbox 3004 4485 3316 4554; x_wconf 77' lang='grc' dir='ltr'><strong>Ἀσσυρίοις</strong></span> <span class='ocrx_word' id='word_1_739' title='bbox 3336 4483 3741 4552; x_wconf 77' lang='grc' dir='ltr'><strong>συμπαρέλαϐε</strong></span> 
     </span>
    </p>
   </div>
   <div class='ocr_carea' id='block_1_109' title="bbox 2164 4576 3743 4651">
    <p class='ocr_par' dir='ltr' id='par_1_109' title="bbox 2164 4576 3743 4651">
     <span class='ocr_line' id='line_1_109' title="bbox 2164 4576 3743 4651; baseline -0.003 -17"><span class='ocrx_word' id='word_1_740' title='bbox 2164 4583 2262 4651; x_wconf 70' lang='grc' dir='ltr'><strong>μὲν</strong></span> <span class='ocrx_word' id='word_1_741' title='bbox 2299 4583 2395 4634; x_wconf 81' lang='grc' dir='ltr'><strong>καὶ</strong></span> <span class='ocrx_word' id='word_1_742' title='bbox 2429 4582 2527 4650; x_wconf 79' lang='grc' dir='ltr'><strong>τὴν</strong></span> <span class='ocrx_word' id='word_1_743' title='bbox 2559 4579 2766 4633; x_wconf 79' lang='grc' dir='ltr'><strong>τούτων</strong></span> <span class='ocrx_word' id='word_1_744' title='bbox 2808 4578 3005 4648; x_wconf 81' lang='grc' dir='ltr'><strong>ἀρχὴν,</strong></span> <span class='ocrx_word' id='word_1_745' title='bbox 3045 4577 3216 4646; x_wconf 77' lang='grc' dir='ltr'><strong>μείζω</strong></span> <span class='ocrx_word' id='word_1_746' title='bbox 3267 4576 3363 4645; x_wconf 80' lang='grc' dir='ltr'><strong>τῆς</strong></span> <span class='ocrx_word' id='word_1_747' title='bbox 3392 4576 3501 4626; x_wconf 82' lang='grc' dir='ltr'><strong>τῶν</strong></span> <span class='ocrx_word' id='word_1_748' title='bbox 3532 4576 3743 4644; x_wconf 82' lang='grc' dir='ltr'>Μήδων</span> 
     </span>
    </p>
   </div>
   <div class='ocr_carea' id='block_1_110' title="bbox 2159 4666 3745 4739">
    <p class='ocr_par' dir='ltr' id='par_1_110' title="bbox 2159 4666 3745 4739">
     <span class='ocr_line' id='line_1_110' title="bbox 2159 4666 3745 4739; baseline -0.005 -14"><span class='ocrx_word' id='word_1_749' title='bbox 2159 4675 2350 4732; x_wconf 77' lang='grc' dir='ltr'><strong>οὖσαν,</strong></span> <span class='ocrx_word' id='word_1_750' title='bbox 2388 4674 2480 4739; x_wconf 71' lang='grc' dir='ltr'><strong>ἀφ’</strong></span> <span class='ocrx_word' id='word_1_751' title='bbox 2516 4666 2590 4724; x_wconf 85' lang='grc' dir='ltr'>ὧν</span> <span class='ocrx_word' id='word_1_752' title='bbox 2621 4672 2713 4722; x_wconf 81' lang='grc' dir='ltr'><strong>καί</strong></span> <span class='ocrx_word' id='word_1_753' title='bbox 2760 4688 2885 4724; x_wconf 85' lang='grc' dir='ltr'><strong>τινα</strong></span> <span class='ocrx_word' id='word_1_754' title='bbox 2918 4670 3123 4721; x_wconf 79' lang='grc' dir='ltr'><strong>τούτων</strong></span> <span class='ocrx_word' id='word_1_755' title='bbox 3158 4667 3320 4737; x_wconf 87' lang='grc' dir='ltr'><strong>ἔθιμα</strong></span> <span class='ocrx_word' id='word_1_756' title='bbox 3358 4668 3570 4731; x_wconf 71' lang='grc' dir='ltr'><strong>ἔλαῦεν,</strong></span> <span class='ocrx_word' id='word_1_757' title='bbox 3606 4668 3745 4717; x_wconf 79' lang='grc' dir='ltr'><strong>ἔαυ-</strong></span> 
     </span>
    </p>
   </div>
   <div class='ocr_carea' id='block_1_111' title="bbox 2157 4758 3747 4835">
    <p class='ocr_par' dir='ltr' id='par_1_111' title="bbox 2157 4758 3747 4835">
     <span class='ocr_line' id='line_1_111' title="bbox 2157 4758 3747 4835; baseline -0.004 -18"><span class='ocrx_word' id='word_1_758' title='bbox 2157 4767 2249 4818; x_wconf 81' lang='grc' dir='ltr'><strong>τδν</strong></span> <span class='ocrx_word' id='word_1_759' title='bbox 2280 4766 2334 4818; x_wconf 82' lang='grc' dir='ltr'><strong>δὲ</strong></span> <span class='ocrx_word' id='word_1_760' title='bbox 2363 4764 2587 4835; x_wconf 61' lang='grc' dir='ltr'><strong>βασιλέα</strong></span> <span class='ocrx_word' id='word_1_761' title='bbox 2640 4764 2867 4834; x_wconf 79' lang='grc' dir='ltr'><strong>Περσῶν</strong></span> <span class='ocrx_word' id='word_1_762' title='bbox 2913 4758 3165 4830; x_wconf 74' lang='grc' dir='ltr'><strong>ὠνόμαζε</strong></span> <span class='ocrx_word' id='word_1_763' title='bbox 3209 4760 3377 4828; x_wconf 81' lang='grc' dir='ltr'><strong>τιμῆς</strong></span> <span class='ocrx_word' id='word_1_764' title='bbox 3422 4760 3585 4813; x_wconf 72' lang='grc' dir='ltr'><strong>ἕνεκα</strong></span> <span class='ocrx_word' id='word_1_765' title='bbox 3637 4758 3747 4827; x_wconf 80' lang='grc' dir='ltr'><strong>τῆς</strong></span> 
     </span>
    </p>
   </div>
   <div class='ocr_carea' id='block_1_112' title="bbox 2161 4844 3746 4926">
    <p class='ocr_par' dir='ltr' id='par_1_112' title="bbox 2161 4844 3746 4926">
     <span class='ocr_line' id='line_1_112' title="bbox 2161 4844 3746 4926; baseline -0.011 -18"><span class='ocrx_word' id='word_1_766' title='bbox 2161 4855 2253 4908; x_wconf 79' lang='grc' dir='ltr'><strong>τοῦ</strong></span> <span class='ocrx_word' id='word_1_767' title='bbox 2286 4856 2493 4926; x_wconf 77' lang='grc' dir='ltr'><strong>πατρὸς</strong></span> <span class='ocrx_word' id='word_1_768' title='bbox 2525 4853 2722 4922; x_wconf 76' lang='grc' dir='ltr'><strong>ἀρχῆς,</strong></span> <span class='ocrx_word' id='word_1_769' title='bbox 2755 4852 2801 4903; x_wconf 78' lang='grc' dir='ltr'><strong>εξ</strong></span> <span class='ocrx_word' id='word_1_770' title='bbox 2833 4851 2928 4903; x_wconf 69' lang='grc' dir='ltr'><strong>καὶ</strong></span> <span class='ocrx_word' id='word_1_771' title='bbox 2953 4850 3061 4901; x_wconf 84' lang='grc' dir='ltr'><strong>τῶν</strong></span> <span class='ocrx_word' id='word_1_772' title='bbox 3093 4850 3296 4918; x_wconf 83' lang='grc' dir='ltr'>Μήδων</span> <span class='ocrx_word' id='word_1_773' title='bbox 3344 4847 3438 4899; x_wconf 70' lang='grc' dir='ltr'><strong>καὶ</strong></span> <span class='ocrx_word' id='word_1_774' title='bbox 3472 4848 3581 4898; x_wconf 80' lang='grc' dir='ltr'><strong>τῶν</strong></span> <span class='ocrx_word' id='word_1_775' title='bbox 3608 4844 3746 4897; x_wconf 85' lang='grc' dir='ltr'><strong>Ἀσ..</strong></span> 
     </span>
    </p>
   </div>
   <div class='ocr_carea' id='block_1_113' title="bbox 2164 4938 3745 5019">
    <p class='ocr_par' dir='ltr' id='par_1_113' title="bbox 2164 4938 3745 5019">
     <span class='ocr_line' id='line_1_113' title="bbox 2164 4938 3745 5019; baseline -0.006 -19"><span class='ocrx_word' id='word_1_776' title='bbox 2164 4950 2367 5019; x_wconf 81' lang='grc' dir='ltr'><strong>συρίων</strong></span> <span class='ocrx_word' id='word_1_777' title='bbox 2406 4948 2645 5000; x_wconf 72' lang='grc' dir='ltr'><strong>ἐλάττων</strong></span> <span class='ocrx_word' id='word_1_778' title='bbox 2679 4941 2745 5013; x_wconf 80' lang='grc' dir='ltr'>ἢν</span> <span class='ocrx_word' id='word_1_779' title='bbox 2777 4943 2939 5010; x_wconf 81' lang='grc' dir='ltr'><strong>αὐτὴ,</strong></span> <span class='ocrx_word' id='word_1_780' title='bbox 2973 4942 3049 5004; x_wconf 83' lang='grc' dir='ltr'><strong>ὡς</strong></span> <span class='ocrx_word' id='word_1_781' title='bbox 3102 4942 3339 5010; x_wconf 75' lang='grc' dir='ltr'><strong>εἴρηται.</strong></span> <span class='ocrx_word' id='word_1_782' title='bbox 3366 4941 3477 4992; x_wconf 74' lang='grc' dir='ltr'><strong>Καὶ</strong></span> <span class='ocrx_word' id='word_1_783' title='bbox 3498 4938 3607 4990; x_wconf 86' lang='grc' dir='ltr'><strong>ἀπὸ</strong></span> <span class='ocrx_word' id='word_1_784' title='bbox 3636 4938 3745 5007; x_wconf 80' lang='grc' dir='ltr'><strong>μὲν</strong></span> 
     </span>
    </p>
   </div>
   <div class='ocr_carea' id='block_1_114' title="bbox 2156 5030 3745 5109">
    <p class='ocr_par' dir='ltr' id='par_1_114' title="bbox 2156 5030 3745 5109">
     <span class='ocr_line' id='line_1_114' title="bbox 2156 5030 3745 5109; baseline -0.006 -16"><span class='ocrx_word' id='word_1_785' title='bbox 2156 5041 2258 5109; x_wconf 70' lang='grc' dir='ltr'><strong>τῆς</strong></span> <span class='ocrx_word' id='word_1_786' title='bbox 2294 5040 2404 5091; x_wconf 81' lang='grc' dir='ltr'><strong>τῶν</strong></span> <span class='ocrx_word' id='word_1_787' title='bbox 2433 5038 2638 5105; x_wconf 76' lang='grc' dir='ltr'>Μήδων</span> <span class='ocrx_word' id='word_1_788' title='bbox 2664 5038 2841 5107; x_wconf 80' lang='grc' dir='ltr'><strong>ἀρχῆς</strong></span> <span class='ocrx_word' id='word_1_789' title='bbox 2878 5034 3040 5085; x_wconf 74' lang='grc' dir='ltr'><strong>ἔλαϐε</strong></span> <span class='ocrx_word' id='word_1_790' title='bbox 3089 5034 3150 5086; x_wconf 84' lang='grc' dir='ltr'><strong>τό</strong></span> <span class='ocrx_word' id='word_1_791' title='bbox 3186 5050 3245 5084; x_wconf 88' lang='grc' dir='ltr'><strong>τε</strong></span> <span class='ocrx_word' id='word_1_792' title='bbox 3307 5030 3614 5098; x_wconf 80' lang='grc' dir='ltr'><strong>φακεώλιον</strong></span> <span class='ocrx_word' id='word_1_793' title='bbox 3642 5031 3745 5084; x_wconf 76' lang='grc' dir='ltr'><strong>καὶ</strong></span> 
     </span>
    </p>
   </div>
   <div class='ocr_carea' id='block_1_115' title="bbox 2156 5122 3745 5197">
    <p class='ocr_par' dir='ltr' id='par_1_115' title="bbox 2156 5122 3745 5197">
     <span class='ocr_line' id='line_1_115' title="bbox 2156 5122 3745 5197; baseline -0.008 -13"><span class='ocrx_word' id='word_1_794' title='bbox 2156 5132 2217 5183; x_wconf 77' lang='grc' dir='ltr'><strong>τὸ</strong></span> <span class='ocrx_word' id='word_1_795' title='bbox 2245 5130 2620 5197; x_wconf 71' lang='grc' dir='ltr'><strong>ἔπελοὺρικον,</strong></span> <span class='ocrx_word' id='word_1_796' title='bbox 2690 5128 2798 5181; x_wconf 80' lang='grc' dir='ltr'><strong>ἀπὸ</strong></span> <span class='ocrx_word' id='word_1_797' title='bbox 2853 5125 2909 5177; x_wconf 79' lang='grc' dir='ltr'><strong>δὲ</strong></span> <span class='ocrx_word' id='word_1_798' title='bbox 2966 5128 3063 5193; x_wconf 78' lang='grc' dir='ltr'><strong>τῆς</strong></span> <span class='ocrx_word' id='word_1_799' title='bbox 3130 5126 3241 5177; x_wconf 86' lang='grc' dir='ltr'><strong>τῶν</strong></span> <span class='ocrx_word' id='word_1_800' title='bbox 3296 5123 3605 5191; x_wconf 77' lang='grc' dir='ltr'><strong>Ἀσσυρίων</strong></span> <span class='ocrx_word' id='word_1_801' title='bbox 3675 5122 3745 5172; x_wconf 79' lang='grc' dir='ltr'><strong>τὸ</strong></span> 
     </span>
    </p>
   </div>
   <div class='ocr_carea' id='block_1_116' title="bbox 2163 5211 3747 5290">
    <p class='ocr_par' dir='ltr' id='par_1_116' title="bbox 2163 5211 3747 5290">
     <span class='ocr_line' id='line_1_116' title="bbox 2163 5211 3747 5290; baseline -0.008 -15"><span class='ocrx_word' id='word_1_802' title='bbox 2163 5224 2502 5290; x_wconf 80' lang='grc' dir='ltr'><strong>σκαράνικον</strong></span> <span class='ocrx_word' id='word_1_803' title='bbox 2532 5222 2591 5272; x_wconf 85' lang='grc' dir='ltr'><strong>τό</strong></span> <span class='ocrx_word' id='word_1_804' title='bbox 2622 5237 2679 5272; x_wconf 71' lang='grc' dir='ltr'><strong>τε</strong></span> <span class='ocrx_word' id='word_1_805' title='bbox 2705 5218 3005 5271; x_wconf 78' lang='grc' dir='ltr'><strong>καϐὁὰδιον</strong></span> <span class='ocrx_word' id='word_1_806' title='bbox 3028 5218 3119 5269; x_wconf 62' lang='grc' dir='ltr'><strong>καὶ</strong></span> <span class='ocrx_word' id='word_1_807' title='bbox 3139 5217 3200 5268; x_wconf 86' lang='grc' dir='ltr'><strong>τὸ</strong></span> <span class='ocrx_word' id='word_1_808' title='bbox 3220 5216 3570 5286; x_wconf 77' lang='grc' dir='ltr'><strong>δρακόντειον</strong></span> <span class='ocrx_word' id='word_1_809' title='bbox 3603 5211 3747 5279; x_wconf 81' lang='grc' dir='ltr'><strong>φλά-</strong></span> 
     </span>
    </p>
   </div>
   <div class='ocr_carea' id='block_1_117' title="bbox 2159 5305 3744 5384">
    <p class='ocr_par' dir='ltr' id='par_1_117' title="bbox 2159 5305 3744 5384">
     <span class='ocr_line' id='line_1_117' title="bbox 2159 5305 3744 5384; baseline -0.007 -17"><span class='ocrx_word' id='word_1_810' title='bbox 2159 5315 2381 5384; x_wconf 75' lang='grc' dir='ltr'><strong>μουλον.</strong></span> <span class='ocrx_word' id='word_1_811' title='bbox 2433 5314 2543 5365; x_wconf 72' lang='grc' dir='ltr'><strong>Καὶ</strong></span> <span class='ocrx_word' id='word_1_812' title='bbox 2594 5313 2781 5364; x_wconf 77' lang='grc' dir='ltr'><strong>ἔκτοτε</strong></span> <span class='ocrx_word' id='word_1_813' title='bbox 2823 5310 3169 5378; x_wconf 71' lang='grc' dir='ltr'><strong>ἐπεκράτησε</strong></span> <span class='ocrx_word' id='word_1_814' title='bbox 3196 5308 3321 5370; x_wconf 76' lang='grc' dir='ltr'><strong>τοὺς</strong></span> <span class='ocrx_word' id='word_1_815' title='bbox 3383 5308 3520 5375; x_wconf 77' lang='grc' dir='ltr'><strong>μετὰ</strong></span> <span class='ocrx_word' id='word_1_816' title='bbox 3553 5305 3744 5374; x_wconf 76' lang='grc' dir='ltr'><strong>Κῦρον</strong></span> 
     </span>
    </p>
   </div>
   <div class='ocr_carea' id='block_1_118' title="bbox 2156 5397 3742 5475">
    <p class='ocr_par' dir='ltr' id='par_1_118' title="bbox 2156 5397 3742 5475">
     <span class='ocr_line' id='line_1_118' title="bbox 2156 5397 3742 5475; baseline -0.006 -16"><span class='ocrx_word' id='word_1_817' title='bbox 2156 5409 2368 5470; x_wconf 73' lang='grc' dir='ltr'><strong>πάντας</strong></span> <span class='ocrx_word' id='word_1_818' title='bbox 2404 5406 2661 5475; x_wconf 78' lang='grc' dir='ltr'><strong>βασιλέας</strong></span> <span class='ocrx_word' id='word_1_819' title='bbox 2695 5403 2982 5455; x_wconf 68' lang='grc' dir='ltr'><strong>κςςλεῖεθαι</strong></span> <span class='ocrx_word' id='word_1_820' title='bbox 3020 5402 3268 5473; x_wconf 81' lang='grc' dir='ltr'><strong>Περσῶν,</strong></span> <span class='ocrx_word' id='word_1_821' title='bbox 3311 5401 3472 5468; x_wconf 79' lang='grc' dir='ltr'><strong>μέχρι</strong></span> <span class='ocrx_word' id='word_1_822' title='bbox 3513 5400 3603 5451; x_wconf 80' lang='grc' dir='ltr'><strong>καὶ</strong></span> <span class='ocrx_word' id='word_1_823' title='bbox 3642 5397 3742 5450; x_wconf 80' lang='grc' dir='ltr'><strong>τοῦ</strong></span> 
     </span>
    </p>
   </div>
   <div class='ocr_carea' id='block_1_119' title="bbox 2157 5490 3741 5568">
    <p class='ocr_par' dir='ltr' id='par_1_119' title="bbox 2157 5490 3741 5568">
     <span class='ocr_line' id='line_1_119' title="bbox 2157 5490 3741 5568; baseline -0.008 -14"><span class='ocrx_word' id='word_1_824' title='bbox 2157 5501 2412 5568; x_wconf 76' lang='grc' dir='ltr'><strong>Δαρείου,</strong></span> <span class='ocrx_word' id='word_1_825' title='bbox 2449 5499 2508 5550; x_wconf 82' lang='grc' dir='ltr'><strong>ὃν</strong></span> <span class='ocrx_word' id='word_1_826' title='bbox 2572 5495 3096 5565; x_wconf 69' lang='grc' dir='ltr'><strong>καταστρεψάμενος</strong></span> <span class='ocrx_word' id='word_1_827' title='bbox 3166 5492 3517 5558; x_wconf 68' lang='grc' dir='ltr'><strong>Ἀλέξανδρος</strong></span> <span class='ocrx_word' id='word_1_828' title='bbox 3557 5491 3583 5541; x_wconf 89' lang='lat'><strong>6</strong></span> <span class='ocrx_word' id='word_1_829' title='bbox 3626 5490 3741 5541; x_wconf 80' lang='grc' dir='ltr'><strong>τῶν</strong></span> 
     </span>
    </p>
   </div>
   <div class='ocr_carea' id='block_1_120' title="bbox 2156 5582 3740 5661">
    <p class='ocr_par' dir='ltr' id='par_1_120' title="bbox 2156 5582 3740 5661">
     <span class='ocr_line' id='line_1_120' title="bbox 2156 5582 3740 5661; baseline -0.008 -15"><span class='ocrx_word' id='word_1_830' title='bbox 2156 5594 2484 5647; x_wconf 83' lang='grc' dir='ltr'><strong>Μακεδόνων</strong></span> <span class='ocrx_word' id='word_1_831' title='bbox 2526 5590 2781 5661; x_wconf 74' lang='grc' dir='ltr'><strong>βασιλεὺς</strong></span> <span class='ocrx_word' id='word_1_832' title='bbox 2816 5589 2940 5657; x_wconf 69' lang='grc' dir='ltr'><strong>ἔσχε</strong></span> <span class='ocrx_word' id='word_1_833' title='bbox 2987 5589 3086 5654; x_wconf 76' lang='grc' dir='ltr'><strong>τὴν</strong></span> <span class='ocrx_word' id='word_1_834' title='bbox 3114 5586 3292 5655; x_wconf 75' lang='grc' dir='ltr'><strong>ἀρχὴν</strong></span> <span class='ocrx_word' id='word_1_835' title='bbox 3322 5585 3541 5637; x_wconf 81' lang='grc' dir='ltr'><strong>τούτου.</strong></span> <span class='ocrx_word' id='word_1_836' title='bbox 3575 5582 3740 5634; x_wconf 72' lang='grc' dir='ltr'><strong>Ἐπεὶ</strong></span> 
     </span>
    </p>
   </div>
   <div class='ocr_carea' id='block_1_121' title="bbox 2156 5674 3733 5753">
    <p class='ocr_par' dir='ltr' id='par_1_121' title="bbox 2156 5674 3733 5753">
     <span class='ocr_line' id='line_1_121' title="bbox 2156 5674 3733 5753; baseline -0.004 -17"><span class='ocrx_word' id='word_1_837' title='bbox 2156 5686 2211 5736; x_wconf 83' lang='grc' dir='ltr'><strong>δὲ</strong></span> <span class='ocrx_word' id='word_1_838' title='bbox 2239 5687 2265 5736; x_wconf 87' lang='lat'><strong>6</strong></span> <span class='ocrx_word' id='word_1_839' title='bbox 2295 5684 2469 5753; x_wconf 79' lang='grc' dir='ltr'><strong>μέγας</strong></span> <span class='ocrx_word' id='word_1_840' title='bbox 2497 5683 2915 5742; x_wconf 81' lang='grc' dir='ltr'><strong>Κωνσταντῖνος</strong></span> <span class='ocrx_word' id='word_1_841' title='bbox 2966 5680 3062 5732; x_wconf 71' lang='grc' dir='ltr'><strong>καὶ</strong></span> <span class='ocrx_word' id='word_1_842' title='bbox 3090 5674 3157 5749; x_wconf 76' lang='grc' dir='ltr'>ἦν</span> <span class='ocrx_word' id='word_1_843' title='bbox 3191 5679 3287 5728; x_wconf 72' lang='grc' dir='ltr'><strong>καὶ</strong></span> <span class='ocrx_word' id='word_1_844' title='bbox 3327 5677 3545 5742; x_wconf 75' lang='grc' dir='ltr'><strong>ἐλέγετο</strong></span> <span class='ocrx_word' id='word_1_845' title='bbox 3581 5674 3733 5743; x_wconf 73' lang='grc' dir='ltr'><strong>βασι-</strong></span> 
     </span>
    </p>
   </div>
   <div class='ocr_carea' id='block_1_122' title="bbox 2156 5768 3733 5844">
    <p class='ocr_par' dir='ltr' id='par_1_122' title="bbox 2156 5768 3733 5844">
     <span class='ocr_line' id='line_1_122' title="bbox 2156 5768 3733 5844; baseline -0.003 -18"><span class='ocrx_word' id='word_1_846' title='bbox 2156 5776 2281 5837; x_wconf 68' lang='grc' dir='ltr'><strong>λεὺς</strong></span> <span class='ocrx_word' id='word_1_847' title='bbox 2328 5775 2644 5844; x_wconf 81' lang='grc' dir='ltr'><strong>Ῥωμαίων,</strong></span> <span class='ocrx_word' id='word_1_848' title='bbox 2672 5774 2909 5844; x_wconf 82' lang='grc' dir='ltr'><strong>βασιλεῖς</strong></span> <span class='ocrx_word' id='word_1_849' title='bbox 2937 5773 3044 5825; x_wconf 79' lang='grc' dir='ltr'><strong>τῶν</strong></span> <span class='ocrx_word' id='word_1_850' title='bbox 3098 5770 3391 5840; x_wconf 74' lang='grc' dir='ltr'><strong>Ῥωμαίων</strong></span> <span class='ocrx_word' id='word_1_851' title='bbox 3429 5768 3733 5822; x_wconf 87' lang='grc' dir='ltr'><strong>καλοῦνται</strong></span> 
     </span>
    </p>
   </div>
   <div class='ocr_carea' id='block_1_123' title="bbox 2160 5856 3743 5939">
    <p class='ocr_par' dir='ltr' id='par_1_123' title="bbox 2160 5856 3743 5939">
     <span class='ocr_line' id='line_1_123' title="bbox 2160 5856 3743 5939; baseline -0.005 -19"><span class='ocrx_word' id='word_1_852' title='bbox 2160 5868 2324 5939; x_wconf 80' lang='grc' dir='ltr'><strong>μέχρι</strong></span> <span class='ocrx_word' id='word_1_853' title='bbox 2352 5869 2447 5921; x_wconf 72' lang='grc' dir='ltr'><strong>τοῦ</strong></span> <span class='ocrx_word' id='word_1_854' title='bbox 2483 5867 2577 5921; x_wconf 86' lang='grc' dir='ltr'><strong>νῦν</strong></span> <span class='ocrx_word' id='word_1_855' title='bbox 2606 5868 2698 5919; x_wconf 74' lang='grc' dir='ltr'><strong>καὶ</strong></span> <span class='ocrx_word' id='word_1_856' title='bbox 2732 5869 2779 5919; x_wconf 76' lang='grc' dir='ltr'><strong>οἱ</strong></span> <span class='ocrx_word' id='word_1_857' title='bbox 2807 5866 3021 5921; x_wconf 76' lang='grc' dir='ltr'><strong>ἐκείνου</strong></span> <span class='ocrx_word' id='word_1_858' title='bbox 3042 5856 3279 5932; x_wconf 77' lang='grc' dir='ltr'><strong>διάδοχοι</strong></span> <span class='ocrx_word' id='word_1_859' title='bbox 3330 5861 3591 5932; x_wconf 85' lang='grc' dir='ltr'><strong>βασιλεῖς.</strong></span> <span class='ocrx_word' id='word_1_860' title='bbox 3626 5862 3743 5913; x_wconf 80' lang='grc' dir='ltr'><strong>Καὶ</strong></span> 
     </span>
    </p>
   </div>
  </div>
