4044 6432
488 379 559 442 ἾΞ
1671 367 1930 426 CODINI
1972 367 2079 427 CU'

2190 368 2420 428 PALAT
2437 367 2496 426 ,Ε
3107 318 3112 325 ⁵
3224 418 3230 424 .
3583 379 3590 383 '
3665 362 3736 426 76

489 501 541 544 at
561 505 663 544 non
693 495 1099 555 mancnlusquc
1125 482 1188 537 ad
1211 481 1596 545 mensam.sed
1629 481 1852 538 abeunt.
1878 484 2056 538 Causa

2190 487 2635 558 ιροσκαρτεροῦσι
2663 485 2871 550 δὲ,ἀλλ⁹
2893 481 3254 552 ἀπέρχονται.
3294 481 3361 534 Ἦ
3383 480 3533 535 αἰτία
3561 483 3702 552 ῥηοή

489 597 588 636 suo
617 581 735 635 loco
752 578 1132 648 cxplimbitur.

561 671 754 725 Postea
787 670 1008 723 veniunt
1031 668 1299 724 etmultos
1325 684 1500 723 annos
1528 678 1823 737 precantur
1853 667 2059 721 Baran-

490 763 564 830 gi,
589 760 762 828 patria
813 775 912 813 sua
964 757 1168 822 lingua,
1233 773 1428 826 nempe
1456 757 1786 826 Anglicana;
1817 771 2060 809 concus-

489 851 675 919 sisque
703 849 934 903 invicem
963 848 1248 903 Securibus
1281 848 1396 903 suis
1432 849 1724 918 strepitum
1761 847 1951 924 edunt.

563 1033 862 1101 Postquam
886 1030 1052 1100 igitur
1072 1042 1262 1081 onmes
1295 1026 1519 1096 palatini
1550 1041 1613 1080 ex
1641 1025 1835 1079 ordine
1857 1026 2063 1094 quique

419 1175 422 1178 .
489 1142 591 1179 suo
620 1125 721 1178 hoc
756 1122 936 1177 oiiicio
990 1121 1231 1176 dcl'unctl
1279 1129 1424 1180 sum,
1448 1118 1800 1187 etiamusque
1823 1117 1888 1169 ad
1931 1120 2060 1170 Bar-

487 1215 759 1279 t‘lariotas,
821 1209 1114 1265 vernacula
1183 1222 1304 1270 sua,
1361 1210 1462 1261 hoc
1496 1218 1581 1261 est
1629 1205 1845 1260 l’crsica
1884 1206 2064 1274 lingua

488 1321 638 1368 usos,
673 1305 1063 1374 ingrediuntur
1090 1310 1348 1355 cantores
1394 1299 1706 1367 multosque
1737 1312 1911 1351 annos
1940 1312 2067 1349 can-

488 1398 654 1451 tando
729 1405 1061 1464 precantur,
1113 1392 1406 1461 psallentes
1486 1399 1677 1457 postea
1750 1388 2063 1443 contacium

493 1489 678 1545 illud:
744 1488 940 1556 «Virgo
994 1485 1156 1539 hodie
1208 1482 1792 1552 supersubstantialcm
1846 1481 2059 1548 paritp

490 1585 802 1653 iterumque
829 1581 1104 1636 canticum
1134 1575 1498 1647 longaevitatis
1541 1583 1816 1653 repetunt.

560 1675 856 1742 Postquam
894 1681 1072 1725 autem
1104 1684 1336 1738 magnus
1368 1650 1702 1721 domesticus
1733 1679 1856 1718 cum
1893 1665 2066 1731 prima

495 1767 677 1821 classe
733 1779 1018 1834 procerum
1071 1762 1226 1826 abiit,
1260 1761 1625 1819 domesticus,
1654 1757 1734 1809 vel
1773 1753 2068 1826 praefectus

2165 594 2316 631 σεται
2349 582 2489 647 μετὰ
2520 579 2713 632 ταῦτα.

2240 673 2474 725 Ἔπειτα
2507 673 2762 743 ἔρχονται
2824 672 2920 724 καὶ
2983 667 3472 738 πολυχρονίζουσιν
3533 667 3629 722 καὶ
3689 670 3738 720 oi
3823 653 3828 660 ’

2165 765 2468 835 Βάραγγοι,
2530 765 2671 818 κατὰ
2729 765 2828 833 τὴν
2864 765 3095 833 πάτριον
3134 763 3230 816 καὶ
3277 760 3422 814 οὗτοι
3485 759 3743 828 γλῶσσαν

2166 856 2376 919 αὐτῶν,
2399 857 2570 924 ἤγουν
2609 856 2949 921 Ἰγκλινιστὶ,
2974 855 3074 916 τὰς
3106 852 3360 916 πελέκεις
3391 852 3572 906 αὐτῶν
3605 867 3742 918 συγ-

2167 948 2458 1017 κρούοντες
2491 947 2700 1002 κτύπον
2731 946 3152 1000 ἀποτελοῦνται.
3199 955 3204 957 “

2236 1040 2392 1093 Μετὰ
2425 1040 2556 1106 γοῦν
2583 1039 2644 1092 τὸ
2668 1039 2879 1102 πάντας
2914 1036 3009 1092 τοῦ
3043 1037 3313 1090 παλατίου
3341 1035 3737 1106 πολυχρονίσαι

2166 1129 2308 1182 κατὰ
2338 1130 2437 1200 τὴν
2468 1131 2618 1194 τάξιν
2650 1130 2849 1194 αὐτῶν,
2879 1130 3042 1200 μέχρι
3102 1129 3198 1183 καὶ
3249 1129 3361 1182 τῶν
3415 1128 3742 1198 Βαρδαριω-

2167 1221 2297 1282 τῶν,
2332 1221 2476 1275 κατὰ
2516 1223 2622 1292 τὴν
2652 1223 2822 1277 πάλαι
2862 1223 3098 1292 πάτριον
3146 1221 3241 1274 καὶ
3289 1219 3497 1273 τούτων
3534 1219 3744 1288 φωνὴν,

2168 1315 2288 1382 ἢτοι
2323 1313 2606 1383 Περσιστὶ,
2641 1313 2982 1384 εἰσέρχονται
3015 1314 3114 1368 καὶ
3132 1305 3423 1382 οίψάλται,
3460 1313 3554 1364 καὶ
3579 1311 3751 1363 πολυ-

2168 1403 2482 1474 χρονίζουσι
2507 1405 2812 1473 ψάλλοντες
2833 1407 2928 1458 καὶ
2958 1406 3079 1474 μετ’
3112 1405 3246 1459 αὐτὸ
3297 1405 3358 1458 τὸ
3408 1405 3704 1458 κοντάκιον
3730 1417 3747 1433 ³

2175 1517 2191 1547 ι
2241 1497 2305 1549 Ἦ
2341 1496 2611 1566 παρθένος
2661 1499 2906 1567 σήμερον
2963 1497 3292 1568 ὑπερούσιον
3340 1496 3538 1558 τίκτει,
3576 1513 3596 1547 ι
3656 1497 3756 1549 καὶ

2169 1587 2335 1642 πάλιν
2371 1590 2430 1640 τδ
2465 1588 2843 1660 πολυχρόνιον.

2245 1675 2353 1727 Καὶ
2382 1676 2572 1743 ἐπειδὴ
2607 1681 2635 1727 ὁ
2688 1677 2786 1744 μὲν
2837 1677 3008 1746 μέγας
3070 1679 3393 1746 δομέστικος
3440 1680 3738 1748 προαπέρ-

2171 1781 2322 1833 χεται
2354 1766 2493 1834 μετὰ
2513 1768 2611 1835 τῆς
2637 1767 2866 1838 πρώτης
2904 1770 3112 1835 τάξεως
3142 1770 3253 1822 τῶν
3295 1771 3573 1840 ἀρχόντων
3595 1788 3608 1802 ·
3637 1774 3665 1823 ὁ
3695 1771 3763 1823 δὲ

491 1874 712 1920 mensae,
750 1856 826 1910 uti
859 1856 1062 1910 dictum
1091 1863 1195 1916 est,
1229 1851 1550 1906 nominatim
1606 1852 1832 1903 advocat
1867 1862 2033 1902 unum

2190 1859 2500 1925 ῐομέστικος
2531 1859 2622 1912 τοῦ
2655 1861 2748 1913 ἐπὶ
2781 1863 2878 1930 τῆς
2908 1862 3193 1932 τραπέζης
3239 1839 3644 1932 προϊστάμενος
3677 1863 3767 1928 τῷ

491 1966 762 2018 quemque
815 1963 878 2001 ex
935 1947 1279 2014 primatibus,
1315 1960 1340 1995 a
1368 1941 1788 2012 protovestia-io
1819 1949 1873 1992 et
1903 1939 2062 1992 dein-

490 2058 640 2111 ceps,
675 2043 869 2109 datque
901 2039 1010 2109 58
1041 2037 1303 2091 ferculum
1334 2036 1400 2090 de
1427 2049 1636 2088 mensa.
1670 2033 1792 2098 Quo
1834 2042 2066 2099 accepto

492 2132 694 2187 recedit
731 2133 781 2185 is
804 2132 896 2200 qui
947 2130 1186 2198 accepit,
1245 2127 1298 2180 in
1328 2127 1507 2180 locum
1560 2138 1720 2193 quem
1762 2139 1826 2177 ex
1864 2122 2074 2177 ordinis

491 2224 812 2293 prarscripto
845 2232 1030 2276 tenere
1049 2221 1210 2274 solet.
1231 2219 1386 2272 Stant
1421 2224 1601 2271 autem
1638 2215 1712 2270 ibi
1739 2213 2072 2283 imperatorii

494 2316 705 2381 t'amuli,
739 2315 831 2384 qui
853 2330 916 2368 ex
948 2314 1200 2367 manibus
1223 2325 1412 2366 eorum
1449 2309 1656 2363 l‘ercula
1682 2307 1981 2376 accipiunt.
2019 2313 2074 2358 et

496 2412 570 2462 ita
595 2423 785 2461 omnes
800 2406 1122 2462 abscedunt.
1153 2404 1267 2460 Hoc
1291 2407 1443 2456 hunc
1470 2401 1525 2455 in
1560 2399 1780 2453 modum
1816 2398 1874 2452 ﬁt
1900 2412 2078 2466 usque

497 2502 562 2554 ad
589 2501 919 2569 logotltetam
979 2511 1244 2568 gregum:
1290 2503 1377 2548 est
1415 2492 1559 2548 enim
1607 2491 1708 2545 iste
1741 2489 1898 2560 quasi
1925 2489 2079 2542 limes

497 2601 552 2643 et
575 2589 838 2642 terminus
857 2586 1102 2655 quidam,
1125 2599 1248 2639 cum
1269 2597 1444 2650 neque
1472 2595 1698 2635 aureum
1731 2578 2076 2634 scaranicnm

498 2697 674 2752 neque
715 2679 939 2734 rubrum
967 2677 1122 2734 ferat.
1150 2677 1252 2742 Qui
1287 2689 1414 2730 vero
1446 2673 1735 2728 inferiores
1793 2681 1921 2726 sunt
1950 2671 2077 2730 isto.

501 2773 751 2826 nimirum
785 2779 1048 2840 quotquot
1091 2767 1373 2824 scaranica
1404 2765 1663 2820 concines
1705 2771 1957 2834 gestant,
1983 2777 2076 2816 ac~

501 2873 654 2931 cepta
691 2862 897 2916 fercula
953 2875 1128 2930 usque
1163 2860 1227 2914 ad
1266 2858 1414 2913 fores
1447 2856 1667 2911 triclinii
1699 2864 1947 2923 portant,
1985 2855 2074 2908 ubi

500 2968 563 3007 ea
621 2951 842 3005 famulis
911 2951 1027 3006 suis
1095 2950 1350 3013 tradunt,
1401 2947 1796 3014 disceduntque
1863 2959 2077 3012 omnes,

503 3043 788 3098 utdictum
823 3050 938 3104 est,
978 3041 1198 3094 nemine
1239 3046 1579 3092 remanente.

2176 1949 2387 2016 βασιλεῖ
2415 1952 2698 2020 ὑπηρετεῖ,
2740 1953 3225 2021 συκκυπηρετοῦντα
3261 1953 3398 2021 ἔχων
3421 1953 3514 2004 καὶ
3543 1953 3634 2004 τὸν
3663 1954 3766 2004 ἐπὶ

2171 2043 2473 2113 τραπέζης,
2501 2045 2726 2116 κράζων
2744 2038 2898 2108 οὗτος
2927 2046 3164 2100 ἕκαστον
3187 2045 3295 2098 τῶν
3315 2047 3592 2114 ἀρχόντων
3611 2046 3770 2098 κατὰ

2175 2136 2267 2186 τὸν
2293 2136 2460 2187 τόπον
2492 2137 2680 2199 αὑτοῦ,
2711 2137 2830 2207 ἦτοι
2861 2138 2966 2190 ἀπὸ
2996 2137 3089 2190 τοῦ
3123 2138 3625 2207 πρωτοῦεστιαρίου
3664 2138 3772 2189 καὶ

2178 2228 2353 2288 κάτω.
2383 2228 2571 2280 δίδωσι
2605 2229 2798 2298 μίνσον
2829 2229 2936 2283 ἀπὸ
2963 2231 3061 2297 τῆς
3094 2231 3382 2299 τραπέζης
3405 2244 3418 2259 ο
3455 2229 3515 2282 ὃν
3544 2227 3773 2297 λαμϐά-

2183 2335 2288 2372 νων
2327 2320 2355 2371 ὁ
2383 2319 2567 2390 ἄρχων
2602 2321 2882 2391 ὑποχωρεῖ
2915 2321 3015 2391 μὲν
3041 2323 3140 2391 τῆς
3170 2321 3452 2391 τραπέζης
3485 2321 3645 2392 μέχρι
3661 2324 3772 2372 καὶ

2182 2407 2276 2461 τοῦ
2338 2410 2508 2461 τόπου
2566 2411 2625 2462 ὲν
2674 2404 2719 2478 ᾧ
2776 2411 2995 2464 ἵσταται
3047 2413 3208 2466 κατᾶ
3241 2413 3342 2482 τὴν
3369 2411 3525 2476 τάξιν
3564 2411 3773 2478 αὐτοῦ,

2188 2498 2459 2568 ἱστάμενα
2484 2499 2540 2551 δὲ
2575 2502 2759 2563 ἐκεῖσε
2787 2502 3043 2567 βασιλικὰ
3098 2499 3436 2556 παιδόπουλα
3466 2502 3773 2569 ἐπαίρουσι

2181 2588 2309 2650 τοὺς
2363 2589 2593 2657 μίνσους
2637 2592 2697 2644 ὲκ
2743 2591 2853 2645 τῶν
2909 2593 3110 2663 χειρῶν
3168 2594 3370 2656 αὐτῶν,
3432 2593 3527 2647 καὶ
3585 2592 3775 2656 οὕτως

2183 2679 2520 2748 ἀπέρχονται
2551 2682 2774 2746 πάντες.
2814 2683 2987 2738 Τοῦτο
3039 2686 3096 2738 δὲ
3144 2686 3357 2754 γίνεται
3411 2684 3555 2738 οὕτω
3598 2687 3776 2756 μέχρι

2187 2771 2284 2824 καὶ
2302 2772 2717 2842 τοῦ-λογοθέτου
2744 2777 2852 2830 τῶν
2881 2778 3096 2845 ἀγελῶν
3119 2792 3131 2806 ⁸
3157 2780 3415 2848 μεθόριον
3443 2779 3778 2850 γὰρῶσπερ

2186 2863 2402 2915 ἵσταται
2437 2864 2618 2931 οὗτος,
2646 2867 2770 2922 ἐπεὶ
2801 2871 2929 2924 οὔτε
2957 2873 3198 2941 χρυσοῦν
3250 2875 3590 2944 σκαράνικον
3634 2872 3779 2926 οὔτε

2188 2955 2414 3025 ἐρυθρὸν
2455 2961 2632 3029 φορεῖ.
2663 2961 2727 3013 Οί
2754 2961 2813 3014 δὲ
2856 2965 2996 3028 μετὰ
3052 2965 3244 3019 τοῦτον
3279 2971 3376 3020 καὶ
3422 2967 3594 3030 κάτω,
3648 2968 3782 3021 ὅσοι

2188 3043 2438 3112 δηλονότι
2469 3051 2784 3118 σκαράνικα
2815 3052 3048 3107 κόκκινα
3078 3056 3366 3126 φοροῦσιν,
3392 3057 3522 3118 τοὺς
3543 3057 3782 3125 μῐνσους

500 3136 870 3208 λαμϐάνοντες
931 3134 1025 3187 καὶ
1059 3133 1220 3202 μέχρι
1277 3131 1377 3199 τῆς
1422 3134 1516 3183 τοῦ
1570 3131 1850 3198 τρικλίνου
1900 3127 2072 3197 θύρας
2107 3133 2378 3204 φέροντες
2409 3142 2545 3208 πρὸς
2606 3143 2732 3206 τοὺς
2760 3143 2972 3197 ἑαυτῶν
3036 3145 3358 3215 ἀνθρώπους
3395 3147 3626 3212 διδόασι,
3671 3149 3782 3203 καὶ

501 3231 835 3300 ἀπέρχονται
863 3227 1084 3288 πάντες,
1109 3225 1184 3286 ὡς
1226 3224 1465 3292 εἴρηται,
1524 3220 2072 3291 προσκαρτεροῦντος
2113 3224 2172 3288 ἐξ
2204 3227 2386 3282 αὐτῶν
2413 3231 2654 3296 οὐδενός.

573 3326 631 3380 Si
695 3325 994 3393 imperator
1041 3321 1229 3375 bibere
1292 3318 1450 3384 velit,
1500 3318 1757 3388 pincerna
1812 3318 2068 3386 poculum
2109 3326 2148 3377 ρ

521 3415 772 3491 porrigit,
801 3430 910 3470 non
945 3413 1124 3469 solum
1176 3411 1230 3466 in
1264 3409 1438 3475 (estis,
1475 3410 1571 3464 sed
1616 3419 1670 3464 et
1702 3409 1839 3463 alias
1867 3423 2080 3477 semper

516 3515 851 3580 imperatore
891 3504 1070 3575 epulis
1101 3502 1458 3558 accumbente
1487 3499 1742 3570 poculum
1788 3501 2001 3565 miscet,
2033 3501 2080 3552 si

507 3615 748 3674 praesens
782 3599 891 3665 sit;
917 3605 1205 3668 propterea
1235 3593 1384 3650 enim
1407 3593 1682 3663 pincerna:
1707 3607 1904 3647 nomen
1934 3591 2082 3654 tulit,

509 3711 538 3750 α
575 3695 805 3747 mistura
863 3691 1076 3744 scilicet
1136 3687 1563 3743 seu-mistione.
1610 3686 1672 3739 Et
1704 3685 1832 3738 olim
1865 3683 2084 3752 quidem

509 3798 663 3843 extra
686 3784 967 3838 civitatem
1001 3781 1390 3850 imperatorem
1419 3779 1693 3834 comitans
1721 3775 1934 3830 ferebat
1959 3789 2084 3830 sus-

510 3892 739 3947 pensum
779 3890 843 3931 ex
867 3873 1121 3930 catcnula
1172 3870 1465 3941 pocillum,
1503 3868 1628 3923 utsi
1669 3867 1971 3934 imperator
1993 3862 2084 3919 siti

519 3975 832 4041 urgeretur,
869 3981 934 4022 ex
967 3964 1132 4019 -l'onte
1165 3964 1246 4018 vel
1283 3962 1446 4016 iluvio
1481 3961 1736 4015 haustum
1762 3957 2084 4028 porrigeret.

513 4061 669 4129 Quod
699 4062 801 4115 hoc
828 4068 1070 4128 tempore
1096 4070 1200 4109 non
1225 4065 1313 4109 est
1338 4055 1622 4108 usitatum.

588 4156 719 4210 Post
761 4165 973 4207 orenam
1011 4150 1398 4218 imperatorem
1454 4159 1612 4198 suum
1649 4144 1703 4196 in
1745 4140 2005 4196 conclave
2031 4154 2090 4196 se

518 4246 870 4316 recipientem
895 4241 1073 4321 fausta
1090 4238 1383 4293 multorum
1411 4251 1676 4290 annorum
1707 4232 2091 4302 apprecatioue

517 4343 926 4406 prosequuntur
958 4331 1226 4401 despotae,
1256 4331 1727 4385 sebastocratores
1745 4335 1797 4378 et
1823 4323 2088 4380 Caesares.

517 4427 727 4494 Quibus
757 4426 872 4494 ipse
900 4423 1195 4492 imperator
1227 4436 1321 4490 per
1358 4434 1418 4474 se
1460 4418 1666 4472 multos
1701 4430 1878 4485 annos
1911 4429 2092 4483 reprc-

519 4529 695 4580 eatur,
738 4516 847 4588 59
899 4516 1142 4586 abitque.
1203 4512 1313 4567 Hos
1361 4511 1415 4564 in
1455 4511 1647 4564 eodem
1689 4508 1853 4562 oliicii
1896 4520 2094 4576 genere

523 4611 936 4676 subsequuntur
990 4605 1146 4675 pueri
1203 4600 1515 4662 h-onorarii,
1577 4599 1670 4668 qui
1706 4599 2092 4666 imperatorem

2258 3323 2318 3375 Ei
2359 3325 2541 3396 δεήσει
2591 3327 2646 3381 δὲ
2704 3329 2794 3383 τὸν
2849 3329 3078 3399 βασιλέα
3130 3333 3313 3397 πιεῖν,
3379 3332 3407 3384 ὁ
3464 3330 3779 3403 πιγκέρνης

2189 3412 2458 3484 ὑπηρετεῖ
2486 3419 2666 3484 τοῦτο,
2685 3421 2745 3474 οὐ
2771 3422 2913 3476 κατὰ
2942 3423 3041 3486 τὰς
3073 3422 3269 3493 ἑορτὰς
3307 3423 3403 3476 καὶ
3427 3424 3608 3490 μόνον,
3629 3424 3780 3478 ἀλλὰ

2191 3505 2284 3557 καὶ
2327 3507 2562 3562 πάντοτε
2595 3510 2688 3563 τοῦ
2713 3510 2987 3580 βασιλέως
3047 3515 3324 3576 ισθίοντος
3364 3515 3548 3585 κιρνᾷ,
3579 3515 3628 3566 εί
3663 3533 3786 3569 πα-

2194 3597 2303 3666 ρὼν
2333 3599 2677 3669 εὑρίσκεται·
2706 3603 2793 3658 διὰ
2826 3605 2985 3659 τοῦτο
3019 3605 3128 3675 γὰρ
3153 3607 3251 3660 καὶ
3277 3607 3372 3660 ἐπὶ
3405 3610 3629 3678 κερνῆς.
3660 3609 3786 3665 Καὶ

2167 3691 2336 3743 κατὰ
2385 3693 2485 3761 μὲν
2511 3694 2570 3746 τὸ
2592 3695 2832 3751 παλαιὸν
2874 3699 3032 3760 ἐκτὸς
3068 3699 3165 3769 τῆς
3200 3701 3410 3762 πόλεως
3449 3701 3788 3756 ἀκολουθῶν

2192 3780 2270 3846 τῷ
2289 3782 2498 3851 βασιλεῖ
2522 3786 2687 3856 ἔφερε
2719 3787 2996 3843 κωθώνιον
3029 3791 3167 3858 μετὰ
3222 3790 3488 3855 ἁλύσεως,
3519 3792 3600 3854 ὼς
3671 3793 3780 3853 ἂν.

2195 3875 2244 3926 εί
2268 3873 2327 3926 ὲν
2352 3874 2516 3945 χρείᾳ
2543 3875 2756 3944 γένοιτο
2774 3882 2920 3932 πιεῖν
2947 3881 3112 3934 αὐτὸν
3140 3881 3250 3936 ἀπὸ
3297 3881 3505 3952 βρῦσης
3543 3881 3575 3952 ἦ
3603 3899 3788 3938 ποτα-

2199 3961 2326 4032 μοῦ,
2352 3963 2427 4035 δῷ
2457 3965 2616 4019 τοῦτο
2653 3971 2746 4022 καὶ
2784 3971 2884 4042 πίῃ
2910 3972 3099 4027 ’τοῦτο
3123 3973 3180 4026 δὲ
3213 3972 3354 4027 κατὰ
3389 3972 3452 4026 τὸ
3473 3972 3654 4042 παρὸν
3671 3974 3782 4028 οὐκ

2195 4056 2289 4126 ὲνη
2297 4057 2500 4125 ργεϊτο.

2267 4148 2424 4202 Μετὰ
2473 4149 2662 4218 μέντοι
2715 4153 2774 4204 τὸ
2827 4153 3046 4208 δεῖπνον
3100 4154 3195 4208 τοῦ
3253 4153 3522 4224 βασιλέως
3576 4155 3638 4207 ὲν
3699 4155 3788 4224 τῷ

2199 4239 2398 4306 κελλίῳ
2450 4241 2618 4294 αὑτοῦ
2679 4242 3013 4308 ἀπελθόντος
3073 4245 3563 4315 πολυχρονίζουσιν
3609 4245 3663 4299 οἵ
3717 4264 3784 4300 τε

2199 4331 2479 4396 δεσπὶται,
2534 4333 2583 4385 oi
2636 4335 3144 4408 σεϐαστοκράτορες
3211 4337 3305 4392 καὶ
3343 4337 3394 4390 οἱ
3454 4337 3787 4407 Καίσαρεςο

2201 4425 2339 4490 πρὸς
2368 4423 2460 4486 οὓς
2502 4426 2596 4477 καὶ
2625 4427 2797 4496 ὁρίζει
2823 4431 2850 4481 ὁ
2882 4428 3137 4496 βασιλεὺς
3166 4429 3234 4482 δι’
3268 4427 3467 4482 ἑαυτοῦ
3502 4431 3584 4490 εἰς
3604 4429 3788 4483 πολλὰ

2203 4517 2322 4584 ἔτη,
2359 4517 2454 4568 καὶ⁸
2482 4518 2808 4588 ἀπέρχεται.
2839 4521 2974 4573 Μετ’
3017 4521 3220 4584 αὐτοὺς
3289 4521 3794 4591 πολυχρονίζουσιν

2205 4608 2470 4671 ὡσαύτως
2501 4611 2596 4661 καὶ
2621 4611 2720 4662 ὅσα
2744 4611 2854 4664 τῶν
2883 4612 3026 4664 κατὰ
3060 4612 3218 4678 γένος
3277 4612 3666 4683 προσηκόντων
3703 4614 3792 4683 τῷ

522 4701 787 4768 sanguine
827 4697 1103 4766 attingunt
1135 4705 1184 4748 et
1221 4693 1382 4746 nudis
1424 4691 1694 4760 capitibus
1730 4688 1986 4743 incedere
2018 4701 2104 4741 so-
2136 4681 2180 4736 D
2210 4699 2422 4768 βασιλεῖ
2451 4700 2866 4771 amona-mum
2897 4703 3037 4756 εξσιν
3067 4704 3314 4774 ἀσκεπῆ,

525 4794 655 4847 lcnt.

593 4885 822 4939 Postero
874 4880 983 4943 die,
1051 4891 1297 4944 tempore
1327 4875 1619 4941 matutino,
1655 4872 1826 4930 solita
1859 4871 2079 4927 circum

2271 4875 2349 4945 Τῇ
2379 4876 2434 4928 δὲ
2470 4875 2741 4946 ἐπαύριον
2773 4877 2853 4940 είς
2886 4877 2986 4945 μὲν
3020 4877 3110 4929 τὸν
3137 4876 3338 4949 ὄρθρον
3378 4876 3479 4947 τῆς
3501 4875 3788 4946 συνήθους

525 4974 758 5030 statione
803 4971 1054 5026 instituta
1080 5007 1095 5032 ,
1125 4968 1422 5034 imperator
1451 4973 1505 5018 et
1540 4977 1797 5033 proceres
1833 4968 2079 5016 consuet:

2202 4966 2602 5034 παραστάσεως
2633 4967 2935 5036 γενομένης
2966 4968 2994 5019 ὅ
3023 4984 3083 5019 τε
3145 4968 3407 5037 βασιλεὺς
3450 4969 3546 5020 καὶ
3593 4971 3641 5021 oi
3683 4970 3792 5039 ἄρ-

527 5068 580 5120 in
605 5066 720 5119 dies
772 5061 1018 5128 singulos
1074 5058 1376 5127 gestamina
1421 5064 1658 5128 gestant.
1716 5053 1781 5108 Et
1805 5053 2079 5120 imperata

2202 5071 2387 5124 χοντες
2443 5055 2672 5124 φοροῦσι
2751 5057 2820 5108 τὰ
2885 5055 3094 5125 συνήθη
3161 5056 3284 5110 καθ’
3346 5056 3563 5125 ἡμέραν
3620 5059 3796 5126 φορέ-

526 5158 752 5225 quidem
785 5154 850 5207 ad
889 5153 1162 5222 liturgiam
1213 5166 1308 5204 seu
1349 5151 1575 5204 missam
1616 5155 1794 5217 gestat
1838 5145 2079 5198 amictun

2211 5161 2379 5214 ματα,
2417 5147 2496 5209 ε-ίς
2544 5147 2602 5200 δὲ
2645 5147 2744 5216 τὴν
2779 5146 3124 5216 λειτουργίαν
3149 5147 3176 5199 ὁ
3218 5146 3598 5216 μὲν-βασιλεὺς
3627 5153 3800 5218 φορεῖ

527 5266 590 5303 ex
629 5247 938 5318 margaritis
966 5244 1296 5310 confectum,
1330 5243 1509 5312 capite
1535 5251 1717 5296 autem
1742 5247 1913 5309 gestat
1933 5251 2079 5290 unun

2213 5237 2408 5309 ροὖχον
2443 5240 2966 5310 μαργαριταρέῖνον,
3012 5239 3109 5293 καὶ
3143 5239 3237 5291 ἐπὶ
3291 5239 3536 5309 κεφαλῆς
3589 5240 3648 5293 ἓν
3712 5235 3802 5295 ὦν

530 5357 595 5396 ex
625 5339 729 5393 illis
762 5338 1153 5409 gestaminibus
1195 5351 1317 5402 quae
1343 5335 1496 5404 prius
1527 5331 1766 5386 diximus
1807 5344 1931 5384 eum
1963 5327 2079 5382 ferr

2210 5325 2570 5397 ἐμνήσθημεν
2598 5328 2868 5398 πρότερον
2892 5332 3080 5400 φορεῖν
3101 5329 3267 5382 αὐτὸν
3294 5329 3622 5400 φορεμάτων
3647 5335 3801 5386 κατὰ

530 5437 732 5496 solere,
791 5433 919 5486 dum
952 5430 1171 5502 lilurgia
1204 5429 1506 5498 peragitur.
1543 5425 1810 5478 Proccres
1845 5421 1959 5476 suis
1985 5419 2078 5488 qui

2212 5423 2303 5474 τὸν
2331 5422 2433 5489 τῆς
2453 5423 2800 5493 λειτουργίας
2835 5425 3052 5493 καιρὸν,
3085 5425 3136 5477 οἱ
3161 5424 3216 5478 δὲ
3253 5423 3518 5495 ἄρχοντες
3543 5425 3613 5478 τὰ
3659 5426 3798 5479 ἑαυ-

531 5542 637 5598 que
691 5524 1084 5594 gestaminibus
1143 5519 1390 5587 insigniti
1452 5519 1603 5581 sunt,
1665 5525 1723 5570 ut
1775 5513 2079 5583 explicatur:

2212 5510 2323 5566 τῶν
2358 5513 2662 5584 φορέματα,
2697 5514 2770 5576 ὡς
2788 5515 3111 5584 δεδήλωται.

531 5627 637 5672 05L

613 5709 873 5762 Absoluta
933 5703 1176 5770 liturgia,
1226 5702 1553 5769 imperatore
1603 5698 1714 5768 jam
1763 5696 1830 5751 ad
1860 5703 2104 5750 mensa-In

533 5808 820 5867 praesente,
865 5797 1019 5866 prius
1047 5809 1210 5864 quam
1263 5793 1576 5858 accumbat,
1625 5791 1772 5846 venit
1805 5798 2103 5860 protopapa

2197 5760 2202 5764 .
2283 5693 2437 5745 Μετὰ
2481 5692 2582 5759 μὲν
2608 5687 2701 5744 οὖν
2727 5692 2827 5759 τὴν
2870 5690 3241 5761 λειτουργίαν,
3269 5691 3364 5745 τοῦ
3417 5689 3687 5760 βασιλέως
3709 5691 3802 5752 εἰς

2212 5783 2309 5853 τὴν
2366 5781 2648 5853 τρᾶτιεςαν
2714 5782 3196 5853 παραγενομένου,
3265 5783 3373 5852 πρὸ
3435 5779 3532 5833 τοῦ
3597 5777 3804 5833 τοῦτον
