4044 6432
261 367 324 432 ’Π
1130 350 1226 410 DE
1269 344 1610 408 OFFlClIS
1637 334 2116 403 CPOLITANIS.
2153 360 2214 370 -
2249 334 2412 396 CAP.
2453 333 2593 397 VII.
3460 326 3531 388 78

268 482 514 546 καθίσαι,
542 476 763 549 ἔρχεται
797 475 827 529 6
859 468 1236 541 πρωτοπαπᾶς

268 578 483 644 ἕτερος,
513 574 611 626 καὶ
634 569 813 624 ποιῶν
1048 564 1137 616 ἐπὶ
1169 563 1265 629 τῆς
1309 558 1599 629 βασιλικῆς
1639 553 1846 622 τραπέ-

271 668 388 738 ζης,
434 667 523 720 διὰ
552 668 615 718 τὸ
664 664 767 734 τὴν
800 656 1257 730 Τεσσαρακοστὴν
1318 648 1633 722 παρελθεῖν,
1671 644 1847 716 ἀρχὴν

272 763 321 815 δὲ
378 760 483 831 τὴν
537 756 866 827 κρεωφάγον
924 750 1135 811 λαϐεῖν,
1210 746 1479 816 λαμϐάνει
1534 743 1700 810 ἄρτον
1753 740 1849 792 καὶ

286 856 490 925 μίνσον,
541 850 637 904 καὶ
688 848 1013 917 ἀπέρχεται.
1063 844 1303 896 Ἔπειτα.
1353 839 1409 891 δὲ
1449 834 1848 907 προσκαλεῖται

283 950 306 1000 ὁ
339 940 878 1015 πρωτοὸεστιαρίτης
908 939 1002 991 τὸν
1054 935 1228 1005 μέγαν
1268 932 1593 999 δομέστικον
1628 928 1709 991 είς
1749 926 1850 994 τὴν

283 1034 581 1104 τράπεζαν.
620 1029 727 1086 Τοῦ
768 1026 863 1082 οὖν
898 1027 1166 1099 βασιλέως
1209 1025 1540 1085 καθίσαντος
1584 1020 1854 1089 ὑπηρετεί

283 1132 309 1181 6
342 1129 513 1198 μέγας
544 1127 868 1196 δομέστικος
891 1121 1053 1176 οὕτω.
1094 1119 1437 1189 Παρίσταται
1463 1117 1680 1187 πρῶτος
1698 1114 1851 1177 οὗτος

284 1226 343 1295 δὴ
374 1225 402 1274 6
446 1222 619 1293 μέγας
637 1217 961 1288 δομέστικος
1016 1213 1245 1278 ὲνεγγὺς
1307 1208 1383 1279 τῷ
1433 1207 1667 1279 βασιλεῖ,
1711 1208 1855 1274 μετὰ

283 1320 468 1373 τοῦτον
497 1321 523 1370 6
552 1317 652 1385 τῆς
680 1313 962 1383 τραπέζης
994 1311 1341 1375 δομέστικος,
1382 1307 1473 1359 καὶ
1530 1304 1650 1376 μετ’
1688 1304 1853 1357 αὑτὸν

285 1417 311 1467 6
349 1414 438 1464 ἐπὶ
467 1412 566 1478 τῆς
597 1409 904 1479 τραπέζης.
941 1403 1368 1473 Διακομίζοντος
1396 1401 1455 1453 δὲ
1496 1401 1726 1470 μίνσους
1756 1396 1852 1451 τοῦ

285 1503 612 1573 δομεστίκου
639 1500 730 1553 τοῦ
765 1498 1132 1568 δομεστικίου,
1204 1494 1294 1556 οὓς
1343 1495 1529 1565 μέλλει
1586 1495 1783 1560 φαγεῖν
1828 1492 1855 1543 6

288 1597 571 1669 βασιλεὺς,
604 1594 697 1646 καὶ
721 1592 961 1651 διδόντος
1008 1588 1085 1659 τῷ
1121 1588 1213 1640 ἐπὶ
1264 1588 1360 1655 τῆς
1416 1587 1723 1656 τραπέζης,
1758 1586 1854 1638 τοῦ

285 1689 337 1741 δὲ
363 1689 444 1759 τῷ
476 1687 576 1755 τῆς
614 1682 894 1755 τραπέζης
938 1680 1267 1750 δομεστίκῳ,
1312 1678 1503 1731 τούτου
1529 1678 1584 1730 δὲ
1617 1673 1684 1730 αὖ
1719 1678 1858 1748 προς

283 1782 373 1832 τὸν
417 1781 588 1849 μέγαν
614 1777 949 1845 δομέστικον,
984 1776 1010 1827 6
1071 1774 1244 1843 μέγας
1276 1771 1599 1839 δομέστικος
1635 1768 1852 1838 τίθησιν

285 1875 481 1931 αὐτοὺς
515 1868 828 1940 ἔμπροσθεν
863 1867 956 1919 τοῦ
987 1867 1272 1937 βασιλέως.
1305 1862 1411 1916 Καὶ
1442 1863 1719 1925 ἐσθίοντος
1742 1862 1857 1926 οὖν,

283 1971 332 2022 εί
360 1969 458 2039 δέῃ
494 1970 665 2030 πιεῖν,
710 1965 973 2032 ὑπηρετεῖ
1015 1964 1041 2014 6
1098 1960 1422 2029 πιγκέρνης,
1481 1960 1557 2021 ὡς
1619 1960 1861 2029 εἴρηται,

286 2063 333 2115 εί
358 2059 613 2128 ἐνδημῶν
639 2059 723 2127 εἴη
745 2071 758 2084 ·
802 2056 850 2107 εἰ
878 2054 935 2107 δὲ
973 2054 1065 2123 μὴ,
1107 2051 1205 2104 καὶ
1228 2052 1257 2104 6
1310 2049 1666 2120 ἐντιμότερος
1698 2050 1864 2120 κιρνᾷ

288 2153 393 2204 τῶν
418 2150 725 2221 ἀρχόντων.
759 2147 821 2201 Ol
843 2144 938 2198 τοῦ
966 2143 1315 2213 δομεστικίου
1335 2143 1516 2194 τοίνυν
1549 2143 1865 2211 δομέστικοι

289 2245 411 2305 τοὺς
434 2244 665 2310 μίνσους
716 2238 964 2299 ἅπαντας
1007 2237 1268 2305 φέροντες
1321 2232 1569 2286 τιθέασιν
1611 2232 1700 2285 ἐπ’
1738 2231 1865 2284 ὲδά-

287 2356 446 2406 φους.
494 2332 631 2390 Εἶτα
659 2336 705 2387 οἱ
736 2330 1180 2401 προδηλωθέντες
1237 2328 1505 2398 ἄρχοντες
1566 2325 1865 2395 ὑπηρέται,

289 2430 452 2500 ruga
486 2446 545 2481 τε
608 2424 1169 2495 πρωτοϐεστιαριτης,
1220 2425 1248 2477 6
1284 2423 1457 2491 μέγας
1506 2420 1869 2491 ὲταιριὰρχης

294 2524 386 2576 καὶ
443 2523 473 2574 6
515 2520 617 2589 τῆς
670 2519 838 2586 αὐλῆς
895 2516 1332 2587 πριμμικήριος,
1412 2512 1541 2576 τοὺς
1596 2512 1869 2582 ἄρχοντας

292 2614 736 2686 προσκαλοῦνται
761 2614 841 2675 εἷς
871 2610 970 2680 τὴν
998 2608 1368 2678 παράστασινο
1393 2608 1441 2658 οί
1476 2606 1532 2659 δὲ
1559 2606 1654 2657 καὶ
1688 2621 1871 2679 παρα-

295 2709 577 2779 γενόμενοι
654 2706 905 2760 ἵστανται
949 2705 1172 2757 ἔκαστοι
1226 2703 1304 2765 είς
1340 2701 1469 2759 τοὺς
1526 2699 1725 2762 τόπους
1777 2700 1873 2752 αὖ·

305 2802 435 2854 τῶν.
456 2800 687 2853 Ἔπειτα
719 2798 1062 2868 εἰσέρχονται
1094 2799 1190 2848 καὶ⁵
1233 2796 1283 2847 οί
1331 2793 1541 2861 ψάλται·
1589 2793 1729 2860 μετά
1763 2790 1873 2844 τῶν

317 2892 735 2964 ὲπιρριπταρίων
774 2893 867 2944 καὶ
901 2888 1173 2960 καμισίων
1199 2887 1402 2952 αὐτῶν,
1439 2888 1534 2939 καὶ
1569 2885 1871 2955 ψάλλουσιν

319 2984 566 3053 ίδιόμελον
588 2982 765 3051 τὸῖτῆς
786 2983 999 3054 ἑορτῆς,
1023 2982 1144 3052 ἦτοι
1179 2980 1241 3032 τὸ
1280 2981 1496 3047 ιΜὰγοι
1527 2980 1757 3049 Περσῶν
1777 2981 1875 3049 βα-

308 3080 488 3143 σιλεῖς.
522 3098 541 3133 ι
566 3078 894 3132 Ψαλλόντων
926 3057 1018 3129 οὖν
1050 3074 1260 3129 τούτων
1299 3076 1327 3125 6
1362 3074 1460 3144 μὲν
1488 3073 1747 3143 βασιλεὺς
1786 3091 1877 3142 μι-

1277 468 1310 536 ἦ
1347 482 1431 527 τις
1476 463 1589 515 τῶν
1644 458 1873 529 ἱερέων

1980 458 2037 504 ιιι
2065 450 2204 505 alius
2236 448 2304 503 de
2321 446 2669 503 sacerdotum
2709 458 2961 506 numero,
2990 451 3041 497 et
3066 443 3396 500 benedicens
3431 443 3532 495 im-

1950 544 2280 613 peratoriam
2337 555 2609 605 mensam,
2652 553 2720 593 eo
2762 536 2907 608 quod
2939 536 3368 605 Quadragesima
3420 534 3532 604 jam

1947 636 2213 691 emuxerit
2265 642 2594 703 tempusque
2614 634 2795 688 carnis
2822 631 3048 686 edenda:
3072 630 3182 700 jam
3220 630 3532 692 advenerit,

1949 740 2174 798 accepto
2222 743 2360 798 pane
2394 736 2448 782 et
2497 726 2708 781 ferculo
2753 724 3007 780 discedit.
3051 723 3252 779 Deinde
3286 732 3537 792 protove-

1951 823 2190 876 Stiarites
2216 819 2456 875 accersit
2495 834 2753 889 magnum
2783 819 3144 872 domesticum
3170 817 3238 871 ad
3263 831 3533 870 mensam.

1951 913 2289 985 lmperatore
2324 913 2617 982 igitur-jam
2651 912 3042 974 accumbente,
3078 925 3313 980 magnus
3348 912 3536 966 dome-

1953 1010 2126 1065 sticus
2151 1009 2429 1062 ministrat
2453 1008 2595 1061 hunc
2613 1007 2665 1059 in
2692 1006 2937 1059 modum.
2960 1004 3078 1057 Stat
3100 1019 3331 1072 magnus
3354 1004 3542 1059 dome-

1955 1101 2128 1157 sticus
2157 1101 2443 1168 proximus
2490 1098 2809 1167 imperatori
2834 1139 2846 1161 ,
2882 1106 3005 1167 post
3034 1114 3158 1152 eum
3206 1099 3541 1153 domesticus

1958 1211 2181 1261 mensae,
2205 1203 2326 1263 post
2357 1194 2521 1247 istum
2546 1191 2840 1261 praefectus
2868 1178 3097 1245 mensae.
3138 1190 3416 1245 All'erente
3442 1192 3544 1259 igi-

1958 1299 2045 1344 tur
2082 1290 2289 1344 fercula
2330 1288 2633 1342 domestico
2665 1286 2740 1340 rei
2781 1286 3103 1340 domesricze
3137 1286 3339 1353 quibus
3373 1285 3546 1354 impc-

1958 1389 2110 1437 rator
2168 1378 2479 1433 vesciturus
2529 1387 2633 1441 est,
2688 1377 2856 1429 tradit
2914 1392 2976 1429 ea
3028 1376 3289 1445 pra-lecto
3318 1392 3541 1438 mensa}.

1961 1471 2049 1524 hic
2073 1470 2380 1525 domestico
2420 1483 2654 1535 mensae,
2694 1468 2801 1522 istc
2852 1483 3050 1537 magno
3099 1468 3422 1531 domestico,
3452 1469 3546 1537 qui

1957 1564 2072 1635 60
2106 1562 2392 1632 anteponit
2418 1576 2479 1615 ea
2519 1562 2859 1630 imperatori.
2911 1558 2969 1614 Si
3004 1561 3144 1613 inter
3164 1559 3437 1614 edendum
3469 1560 3550 1615 bi—

1962 1660 2091 1712 bere
2121 1656 2271 1719 velit,
2298 1655 2573 1710 ministrat
2595 1655 2878 1725 pincerna,
2907 1655 2950 1708 si
2983 1670 3090 1709 non
3125 1654 3266 1708 absit
3299 1670 3546 1725 peregre,

1966 1756 2025 1801 ut
2056 1747 2264 1802 dictum
2298 1757 2404 1803 est.
2443 1746 2539 1800 Sin
2592 1748 2800 1811 mimis,
2831 1763 2898 1799 ex
2933 1747 3258 1815 proceribus
3299 1750 3552 1802 eminen-

1968 1840 2073 1895 tior
2102 1842 2360 1911 poculum
2390 1842 2604 1895 miscet.
2648 1840 2945 1895 Domestici
2981 1841 3168 1910 itaque
3199 1857 3295 1896 seu
3331 1851 3555 1895 curato-

1969 1950 2055 1988 res
2087 1937 2165 1990 rei
2196 1936 2515 1990 domestirm
2547 1934 2710 1987 allata
2733 1934 2923 1987 omnia
2957 1933 3164 1988 fercula
3209 1935 3360 1989 humi
3393 1951 3555 2005 repo-

1968 2038 2126 2080 nunt.
2155 2028 2357 2082 Deinde
2390 2027 2774 2098 praenominati
2811 2042 3091 2097 proceres,
3126 2028 3365 2082 ministri
3400 2045 3556 2082 men-

1968 2136 2042 2175 sa!
2070 2122 2461 2190 imperatoriae,
2487 2121 2743 2175 videlicet
2786 2122 3286 2191 protovestiarites,
3324 2139 3555 2191 magnus

1971 2215 2339 2270 luctariarcha
2367 2225 2415 2269 et
2446 2215 2584 2270 aula:
2617 2214 2987 2283 primicerius,
3022 2228 3285 2283 proceres
3314 2215 3453 2271 alios
3488 2215 3556 2271 ad

1970 2308 2474 2363 circumstationem
2538 2307 2851 2374 advocant;
2914 2307 2991 2361 illi
3049 2322 3179 2363 vero
3225 2308 3557 2364 accedentes

1970 2408 2118 2455 stant
2150 2415 2249 2455 suo
2274 2399 2508 2471 quisque
2542 2400 2687 2455 loco.
2730 2399 2927 2456 Postea
2979 2401 3366 2469 ingrediuntur
3386 2403 3555 2456 etiam

1924 2494 1931 2511 '
1971 2481 2226 2548 ea'utores
2291 2508 2416 2547 cum
2453 2494 2568 2547 suis
2626 2492 2784 2562 pilcis
2820 2501 2874 2546 et
2914 2489 3162 2548 camisiis
3189 2531 3204 2558 ,
3241 2504 3560 2564 cauuntque

1975 2584 2098 2639 festi
2169 2586 2450 2655 proprium
2532 2586 2836 2653 canticum,
2905 2602 3102 2657 nempe
3166 2587 3336 2643 illud:
3382 2589 3559 2661 «Magi

1975 2681 2266 2735 Persarum
2300 2696 2509 2755 regesq
2539 2679 2637 2735 His
2662 2680 2827 2751 igitur
2852 2681 3295 2747 concinentibus,
3319 2683 3563 2739 abstinet

1977 2775 2257 2844 paululum
2308 2774 2609 2843 imperator
2638 2774 2706 2829 ab
2730 2774 2967 2829 edendo.
3018 2774 3090 2830 At
3121 2791 3357 2846 magnus
3376 2776 3566 2831 dome-

1977 2871 2172 2933 sticus,
2239 2868 2579 2922 domesticus
2634 2884 2861 2932 menszc,
2901 2877 2957 2922 et
3029 2870 3319 2939 praefectus
3362 2886 3566 2926 mensae
3636 2864 3643 2867 ’

1978 2964 2298 3019 subducunt
2320 2976 2379 3016 se
2412 2963 2478 3013 ad
2507 2961 2842 3029 latususque
2864 2952 2930 3014 ad
2955 2962 3239 3030 parietem.
3262 2963 3565 3033 Postquam

1980 3056 2069 3109 isti
2103 3054 2362 3108 cantandi
2407 3055 2569 3107 ﬁnem
2632 3052 2882 3106 fecerunt
2940 3062 2994 3106 et
3034 3053 3335 3123 imperator
3366 3055 3567 3111 iterum

303 3175 431 3241 κιών
470 3172 803 3240 ἀπεχόμενος
834 3168 924 3221 τοῦ
961 3168 1160 3220 ἐσθίειν
1204 3166 1476 3237 κάθηται·
1511 3169 1537 3219 6
1591 3168 1647 3219 δὲ
1699 3168 1873 3236 μέγας

1980 3150 2268 3207 comedere
2319 3150 2505 3218 cmpit,
2543 3164 2774 3216 magnus
2825 3147 3169 3203 domesticus
3205 3149 3270 3201 ad
3318 3165 3564 3204 mensam

299 3266 642 3333 δομέστικος,
674 3265 699 3315 ὁ
728 3263 1047 3329 δομέστικος
1095 3260 1188 3313 καὶ
1221 3262 1247 3311 6
1303 3261 1392 3312 ἐπὶ
1441 3260 1541 3326 τῆς
1591 3260 1871 3327 τραπέζης

301 3356 654 3425 ὑποχωροῦσι
693 3354 930 3422 πλαγίως
980 3355 1143 3423 μέχρι
1198 3355 1293 3405 καὶ
1354 3353 1449 3404 τοῦ
1504 3356 1709 3419 τοίχου.
1763 3353 1874 3406 Kal

304 3452 442 3519 μετὰ
473 3451 534 3502 τὸ
570 3448 850 3518 πληρῶσαι
882 3449 1102 3510 τούτους
1127 3447 1225 3516 τὴν
1257 3447 1605 3516 ψαλμῳδίαν,
1649 3447 1742 3498 τοῦ
1780 3446 1876 3514 βα-

304 3543 500 3603 σιλέως
524 3537 680 3603 αὖθις
716 3540 1022 3608 ἀρξαμένου
1059 3539 1290 3603 ἐσθίειν,
1342 3541 1368 3591 6
1400 3538 1577 3606 μέγας
1632 3539 1879 3607 ὃομέστι·

304 3653 399 3699 κος
426 3634 567 3705 πρὸς
606 3634 702 3703 τὴν
732 3632 1015 3697 τράπεζαν
1052 3632 1303 3684 ἀπελθὼν
1351 3633 1678 3702 κατέρχεται
1740 3633 1880 3700 πρὸς

304 3729 364 3781 τὸ
387 3728 581 3797 ἀκρον.
614 3726 879 3779 καὶκαλεῖ
912 3726 1033 3777 κατ’
1051 3726 1225 3794 ὄνομα
1249 3726 1339 3803 τόν
1366 3743 1426 3778 τε
1451 3724 1879 3795 πρωτοψάλτην,

308 3822 400 3873 τὸν
421 3820 766 3888 δομέστικον,
800 3819 1291 3889 τὸνλαμπαδάριον
1330 3819 1425 3872 καὶ
1453 3818 1548 3871 τὸν
1578 3819 1880 3889 μαῖστορα.

319 3912 605 3973 Ἐλθοῦσιν
628 3911 718 3963 οὖν
748 3912 843 3964 καὶ
864 3911 1079 3965 δίδωσιν
1140 3912 1366 3981 μίνσους
1407 3911 1611 3973 αὐτοῖς’
1643 3910 1741 3975 οὓς
1793 3911 1885 3964 καὶ

305 4005 640 4074 ἀπαίροντες
668 4006 718 4057 ei
751 4003 1085 4073 κανονάρχαι
1114 4003 1223 4056 ἀπὸ
1267 4002 1376 4056 τῶν
1412 4003 1616 4072 χειρῶν
1677 4001 1883 4068 αὐτῶν,

305 4097 502 4168 ὥσπερ
530 4096 598 4149 τά
632 4096 968 4149 παιδόπουλα
1006 4096 1113 4148 ἀπὸ
1142 4095 1249 4148 τῶν
1287 4096 1589 4166 ἀρχόντων,
1621 4094 1697 4159 ὡς
1722 4094 1884 4164 εἴρη-

1982 3261 2260 3309 rcvcrsus,
2291 3238 2595 3299 exfremau'.
2626 3244 2741 3313 ejus
2763 3252 2974 3310 partem
3002 3252 3263 3312 occupat,
3297 3255 3569 3315 vocatque

1983 3339 2311 3413 nominatim
2342 3339 2576 3407 primum
2612 3346 2919 3401 cautorem,
2973 3336 3122 3390 ebori
3168 3336 3562 3402 domesticum,

1984 3433 2385 3502 lampadarium
2408 3441 2458 3485 et
2484 3431 2830 3501 magistrum,
2866 3432 3145 3500 traditque
3178 3434 3572 3492 accedentibus

1989 3526 2097 3579 illis
2130 3523 2335 3578 fercula
2366 3541 2378 3586 ;
2415 3539 2534 3590 quae
2566 3523 2632 3576 de
2669 3523 2924 3577 manibus
2948 3539 3137 3578 eorum
3172 3525 3372 3580 tollunt
3403 3543 3573 3582 cano-

1990 3619 2227 3683 narebm,
2258 3617 2723 3686 quctnmlmoduu:
2759 3619 3092 3686 imperatorii
3123 3619 3276 3687 pueri
3312 3636 3338 3673 a
3384 3638 3577 3690 procc-

1989 3712 2163 3774 ribus,
2195 3720 2253 3765 ut
2283 3723 2443 3764 antea
2474 3711 2673 3764 dictum
2704 3719 2806 3775 est,
2833 3722 2886 3765 et
2920 3710 3070 3775 foras
3095 3712 3348 3770 ederunt.
3376 3714 3576 3771 Postea

1988 3805 2184 3859 iterum
2246 3802 2381 3857 dicit
2436 3817 2669 3867 magnus
2723 3801 3100 3859 domesticus:
3159 3806 3451 3861 «Accedite
3521 3819 3579 3863 et

1990 3912 2120 3965 vos;
2160 3916 2179 3950 ι
2216 3897 2596 3975 acceduntque
2626 3910 2818 3949 omnes
2842 3896 2947 3967 61
2985 3897 3243 3969 lectores,
3275 3901 3579 3971 tolluntque

1990 3999 2045 4046 et
2077 3990 2191 4045 suis
2224 3988 2479 4043 manibus
2517 3994 2805 4056 asportant
2830 3987 3062 4043 fercula.
3090 3988 3245 4054 Quod
3278 4003 3403 4062 post
3428 3993 3581 4062 ipsos

1991 4085 2244 4141 similiter
2288 4081 2651 4136 canonarcha:
2684 4079 2890 4134 reversi
2945 4080 3221 4147 factitant,
3274 4092 3327 4138 et
3353 4086 3580 4141 abeunt.

310 4204 425 4252 ται,
456 4186 813 4241 ὲκὸἑλλουσιν
845 4185 976 4248 ἔξω.
1013 4187 1124 4240 Καὶ
1156 4185 1298 4255 μετὰ
1326 4183 1488 4238 τοῦτο
1546 4184 1696 4253 λέγει
1729 4184 1893 4240 πάλιν
1931 4184 1961 4235 6
1987 4180 2163 4250 μέγας
2205 4175 2529 4244 δομέστικος
2551 4188 2568 4205 ⁸
2634 4193 2653 4224 ι
2711 4171 2937 4224 Ἔλθετε
2994 4174 3095 4226 καὶ
3145 4175 3326 4243 ὑμεῖς.
3366 4196 3384 4228 ι
3473 4178 3583 4231 Καὶ

311 4284 604 4352 ἐρχόμενοι
633 4279 833 4342 πάντες
861 4281 911 4332 οί
934 4280 1283 4348 ἀναγνῶσται
1331 4279 1625 4350 ἐπαίρουσι
1655 4262 1904 4349 μίνσους,
1946 4275 2041 4329 καὶ
2070 4272 2337 4342 φέρουσιν
2366 4266 2593 4329 τούτους
2622 4265 2688 4319 δι’
2714 4264 2947 4319 ἐαυτῶνο
3003 4266 3115 4320 Καὶ
3194 4268 3312 4338 μετ’
3384 4271 3583 4339 αὐτοὺς

315 4376 654 4445 στραφέντες
683 4374 734 4426 οἱ
764 4374 1100 4444 κανονάρχαι
1129 4374 1427 4444 ἐπαίρουσι
1468 4373 1719 4436 καὶτοὺς
1760 4371 1974 4425 ἑαυτῶν
2009 4368 2261 4439 μίνσους,
2288 4362 2387 4417 καὶ
2413 4364 2781 4430 ἀπέρχονται.
3162 4354 3165 4355 ⁷

385 4470 520 4525 Εἶτα
565 4469 789 4538 ἔρχεται
826 4467 854 4519 6
914 4467 1086 4535 μέγας
1138 4466 1459 4536 δομέστικος
1514 4467 1749 4537 πλησίον
1798 4465 1873 4518 τοί

1977 4489 1979 4510 .
2079 4459 2285 4513 Deinde
2312 4457 2525 4512 a«-ce«lit
2562 4472 2794 4524 magnus
2827 4456 3165 4514 domesﬁeus
3197 4475 3364 4531 prope
3387 4463 3452 4516 ad
3481 4464 3585 4518 im-

310 4564 603 4636 βασιλέως,
639 4560 732 4612 καὶ
797 4560 914 4627 μετ’
943 4560 1121 4623 ὀλίγον
1151 4560 1301 4628 λέγει
1339 4559 1475 4629 πρὸς
1510 4561 1602 4613 τὸν
1667 4559 1890 4629 ἀνεψιὸν

307 4658 403 4711 τοῦ
436 4654 698 4725 βασιλέως
720 4652 810 4704 τὸν
839 4653 1361 4723 πανυπερσέϐαστον
1379 4651 1546 4704 οὕτω·
1570 4672 1587 4702 ι
1606 4653 1891 4720 [ιανυπερ-

315 4747 573 4806 σέϐαστε,
605 4763 624 4794 ι
683 4747 775 4796 καὶ
802 4744 1008 4796 ἐλθόντι
1054 4743 1235 4795 δίδωσι
1287 4741 1496 4811 μίνσον,
1522 4742 1579 4794 ὃν
1610 4742 1894 4813 παρευθὺς

309 4837 680 4892 παιδόπουλον
712 4838 821 4888 ἀπο
846 4836 952 4888 τῶν
992 4835 1158 4888 αὑτοῦ
1188 4834 1462 4904 λαμϐάνει
1506 4835 1735 4907 χειρῶν,
1791 4833 1891 4887 καὶ

312 4931 568 4985 ἀπελθὼν
595 4930 811 4982 δίδωσιν
855 4928 1132 4997 ἀνθρώπῳ
1176 4927 1271 4979 τοῦ
1314 4925 1481 4980 αὑτοῦ
1538 4943 1893 4997 πανυπερσε-

313 5028 545 5078 Sictou'
576 5023 602 5073 ὁ
629 5021 683 5072 δὲ
711 5020 1035 5090 ἀπέρχεται,
1073 5020 1170 5071 καὶ
1215 5018 1435 5071 ἵσταται
1462 5018 1629 5073 πάλιν
1664 5019 1747 5080 είς
1800 5018 1893 5071 τὸν

309 5121 479 5169 τόπον
544 5112 731 5167 αὐτοῦ.
803 5112 1039 5180 Ὀμοίως
1081 5109 1238 5177 λέγει
1269 5112 1365 5164 καλ⁸
1411 5109 1491 5181 τῷ
1539 5108 1750 5181 ἀνεψιῷ
1796 5109 1892 5162 τοῦ

311 5207 590 5276 βασιλέως
619 5202 695 5273 τῷ
719 5200 1238 5272 πωτοόεστιαρίῳ,
1269 5201 1367 5253 καὶ
1408 5201 1622 5270 γίνεται
1656 5202 1751 5255 καὶ
1814 5202 1897 5264 εἰς

309 5300 484 5351 αὑτὸν
522 5294 683 5347 οὕτω.
717 5294 858 5355 Τοὺς
881 5294 935 5346 δὲ
962 5293 1188 5363 ἐτέρους
1225 5292 1482 5362 ἀνεψιοὺς
1530 5295 1658 5357 τοὺς
1691 5293 1773 5363 μὴ
1805 5294 1902 5360 ὀφ-

311 5391 480 5459 φὶκια
510 5388 732 5456 ἔχοντας
759 5385 956 5456 κράζει
985 5384 1175 5448 οὕτως·
1213 5385 1463 5460 «Ἀνεψιὲ
1504 5385 1597 5437 τοῦ
1635 5386 1900 5439 αὐθέντου

316 5499 431 5552 μας
470 5480 567 5533 τοῦ
597 5479 888 5550 βασιλέως,
914 5497 932 5528 ι
971 5478 1003 5548 ἦ
1053 5478 1432 5547 «Ἑξὰδελ.φε,ι
1470 5480 1501 5548 ἦ
1540 5497 1556 5529 ι
1585 5481 1762 5532 Deis.)
1796 5479 1904 5532 Kal

314 5572 541 5644 ἔρχεται
560 5572 587 5623 6
616 5566 1251 5639 προῖστάμενοςτούτων,
1280 5566 1379 5621 εἶτ’
1413 5569 1614 5638 ἑφεξῆς
1639 5569 1687 5620 οί
1712 5568 1895 5622 λοιποὶ

314 5666 462 5718 κατά
490 5663 581 5715 τὶν
613 5664 778 5716 τόπον
814 5663 896 5725 εἰς
936 5659 994 5712 ὃν
1029 5661 1261 5725 ἕκαστος
1298 5662 1488 5715 ἵστατο
1512 5680 1525 5692 ·
1551 5663 1647 5716 καὶ
1684 5663 1895 5732 γίνεται

310 5758 418 5813 καὶ
438 5760 521 5820 είς
547 5756 900 5826 αὐτοὺςπαρὰ
931 5754 1041 5807 τῶν
1074 5755 1456 5810 παιδοπούλων
1478 5756 1671 5828 ὥσπερ
1695 5757 1791 5810 καὶ
1815 5759 1895 5821 εἰς

312 5851 413 5903 τὴν
444 5849 947 5921 πρωτοῶστιὰριον
968 5848 1170 5905 καὶτὸν
1194 5851 1736 5920 πανυπερσέϐαστον,
1753 5850 1894 5903 καθά

322 5944 673 6015 προδεδήλωτ
682 5961 733 5995 αι
743 5982 756 5996 .
1342 5938 1353 5943 ’

1998 4562 2336 4624 peratoieui;
2377 4559 2431 4604 ct
2459 4550 2623 4620 paulo
2655 4561 2775 4618 post
2805 4550 2937 4605 dicit
2960 4551 3025 4605 ad
3052 4563 3304 4623 nepotem
3348 4554 3587 4625 impera-

2000 4645 2138 4699 toris
2167 4642 2733 4715 pauhypersebastum
2772 4643 2875 4698 hoc
2909 4654 3067 4713 pacto
3098 4661 3113 4699 :
3156 4665 3175 4699 «
3202 4646 3589 4719 Pauliyperse-

1996 4740 2217 4803 bastep
2278 4748 2331 4790 et
2388 4736 2625 4791 venienti
2716 4737 2810 4791 dat
2870 4738 3161 4805 ferculum,
3223 4743 3367 4811 quod
3394 4746 3586 4799 Statim

2001 4836 2068 4889 de
2096 4833 2349 4888 manibus
2402 4831 2521 4901 ejus
2558 4832 2701 4886 tollit
2732 4848 2868 4901 puer
2920 4835 3279 4903 honorarius,
3314 4846 3369 4890 et
3396 4838 3590 4893 abiens

2004 4928 2173 4981 tradit
2204 4926 2697 4997 panhypersebasti
2735 4927 2965 4982 famulo.
2993 4928 3088 4982 Ille
3141 4944 3273 4985 vero
3313 4930 3448 4994 abit,
3484 4932 3589 4987 ite-

2004 5033 2239 5089 rumque
2295 5019 2474 5072 locum
2535 5019 2640 5083 sibi
2690 5019 2940 5073 debitum
2998 5030 3251 5091 occupat.
3324 5019 3593 5078 Similiter

2000 5109 2167 5165 etiam
2200 5108 2333 5164 dicit
2367 5107 2550 5179 nepoti
2582 5107 2967 5178 imperatoris,
2998 5109 3092 5179 qui
3129 5110 3592 5179 protovestiarius

2000 5211 2105 5266 est,
2138 5202 2305 5272 (itque
2330 5216 2455 5255 cum
2484 5215 2549 5255 eo
2579 5201 2631 5256 in
2653 5200 2909 5256 eumdem
2938 5201 3187 5257 modum.
3214 5203 3366 5259 Alios
3402 5213 3590 5260 autem

2004 5304 2231 5359 nepotes
2258 5291 2409 5345 nullo
2425 5290 2607 5344 ofﬁcio
2634 5289 2925 5357 insignitos
2959 5290 3040 5346 sic
3069 5290 3334 5346 advocat:
3383 5290 3594 5360 «Nepos

2005 5387 2213 5441 domini
2239 5385 2644 5455 imperatoris,»
2669 5385 2751 5437 vel
2782 5386 3137 5452 «patruelis,»
3169 5393 3264 5440 aut
3300 5395 3588 5455 «patrueu

2005 5489 2058 5534 et
2089 5480 2303 5534 accedit
2338 5479 2430 5548 qui
2462 5478 2545 5533 bis
2568 5478 2759 5548 potior
2784 5491 2868 5532 est
2897 5498 2910 5545 ;
2942 5495 3107 5548 quth
3132 5482 3326 5535 ordine
3359 5495 3599 5546 sequun-

2006 5582 2095 5628 tur
2128 5573 2326 5641 reliqui
2381 5572 2682 5626 secundum
2716 5571 2909 5647 locum
2946 5588 3106 5641 quem
3140 5575 3377 5639 quisque
3406 5576 3590 5631 tenet;

1998 5665 2264 5734 idemque
2289 5665 2560 5735 ergajllos
2586 5666 2641 5719 lit
2666 5666 2733 5718 ab
2750 5666 3055 5719 honerariis
3072 5665 3278 5733 pueris,
3302 5663 3445 5732 quod
3467 5678 3593 5732 erga

2007 5757 2501 5830 protovestiarium
2569 5765 2622 5811 et
2680 5756 3277 5827 paubyperscbastum,
3317 5763 3379 5807 ut
3436 5753 3592 5825 prius

2006 5851 2311 5923 expositum
2347 5860 2451 5905 est.
