4044 6428
272 432 334 498 ει-
1059 423 1152 484 DE
1181 417 1514 481 OFFICIIS
1552 409 2021 474 CPOLITANIS.
2059 433 2122 445 -α
2159 407 2317 468 car.
2352 406 2632 468 VIII-IX.

3451 413 3521 482 sa

277 571 321 604 τι
353 550 574 619 φόρεμα
607 549 771 618 μέχρι
804 547 903 600 καὶ
931 547 1040 600 τῶν
1071 543 1166 600 νῦν
1227 545 1521 615 βασιλέων,
1553 542 1838 613 γρανάτζα

1957 534 2013 588 ad
2037 532 2331 586 hodiernos
2390 531 2753 601 imperatores
2784 537 3064 599 gestamen
3092 527 3364 596 quoddam
3394 545 3520 598 gra-

276 643 594 712 λεγόμενον,
620 641 754 709 ὅπερ
811 643 908 692 καὶ
943 641 1100 708 φορεῖ
1126 640 1153 691 ὁ
1187 637 1444 706 βασιλεὺς
1483 636 1610 689 ἄνευ
1643 633 1843 703 ξώνης,

280 735 330 788 οὗ
385 734 716 802 κρεμάμενα
780 732 850 785 τὰ
923 731 1148 799 μανίκια
1220 730 1470 798 διήκουσι
1531 729 1690 795 μέχρι
1749 727 1844 777 καὶ

286 827 639 896 ἀστραγάλων
665 840 678 856 ·
719 825 748 878 ὃ
781 825 846 895 δὴ
875 825 1094 894 φόρεμα
1125 825 1220 876 καὶ
1249 824 1356 875 τῶν
1403 824 1676 890 ἀρχόντων
1717 819 1845 872 ἕκα-

288 937 394 973 σῖοι
455 919 676 988 ἔχουσιν
727 917 814 970 ἐπ’
859 916 1046 980 ἀδείας
1077 917 1290 986 φορεῖν,
1341 913 1482 977 πλὴν
1512 911 1844 979 ἐζωσμένον,

285 1010 382 1058 τῶν
421 1008 695 1074 μανικίων
720 1007 1165 1075 ἐμπεπηγμένων
1205 1006 1372 1057 ὖντων
1420 1005 1555 1072 πρδς
1588 1006 1688 1070 τὴν
1742 1001 1846 1064 ζὼ-

288 1121 377 1168 νην
398 1101 648 1153 ὄπισθεν.
684 1101 840 1154 Καὶό
869 1101 968 1170 μὲν
998 1102 1022 1152 ὁ
1055 1098 1312 1168 βασιλεὺς
1371 1100 1545 1165 φορεῖ,
1595 1096 1846 1148 καλεῖται

285 1193 581 1260 γρανάτζα,
608 1193 681 1253 ὡς
716 1191 957 1262 εἴρηται,
992 1192 1049 1243 τὸ
1079 1192 1134 1244 δὲ
1159 1191 1267 1242 τῶν
1324 1190 1606 1258 ἀρχόντων
1640 1187 1849 1241 λαπατ-

286 1284 399 1348 ζὶ·.
439 1284 631 1345 Ὅπως
661 1283 737 1342 δὲ,
776 1282 973 1346 ἄδηλόν
999 1282 1170 1334 ἐστιν.

353 1376 460 1427 Καὶ
492 1375 540 1426 oi
574 1374 672 1442 μὲν
705 1374 856 1426 ἄλλοι
882 1371 1330 1442 ἄρχοντεςοὺτωο
1358 1371 1453 1424 τοῦ
1498 1371 1554 1422 δὲ
1610 1368 1845 1438 μεγάλου

283 1463 604 1530 δομεστίκου
653 1466 747 1516 καὶ
791 1463 923 1517 αὑτὸ
984 1461 1144 1515 τοῦτο
1196 1461 1487 1541 φρροὺντος
1540 1459 1847 1528 ἐζωσμένον

282 1559 422 1611 κατὰ
455 1559 583 1621 τοὺς
607 1557 820 1622 ἄλλους,
851 1557 912 1608 τὸ
943 1559 1040 1626 μὲν
1065 1555 1122 1608 ἓν
1151 1555 1258 1607 τῶν
1291 1551 1410 1646 ἑοῦ
1459 1552 1706 1605 τοιούτου
1754 1551 1848 1603 λα-

285 1650 467 1710 πάτζα
507 1649 773 1716 μανικίων
813 1648 893 1700 ἔνι
945 1643 1407 1724 ἐμπεπηγμένον,
1453 1643 1513 1696 τὸ
1557 1643 1614 1696 δὲ
1659 1644 1848 1714 ἕτερον

285 1742 564 1811 κρέμαται
603 1741 770 1810 τιμῆς
799 1742 988 1806 ἓνεκα,
1045 1741 1165 1792 ἐπεὶ
1215 1738 1312 1792 τοῦ
1365 1737 1630 1806 βασιλέως
1670 1737 1848 1806 ἀμφόέ

281 1851 434 1901 τερα,
468 1833 545 1894 ὡς
576 1833 815 1901 εἴρηται,
843 1831 1177 1901 κρέμανται.

1951 635 2110 679 natza
2161 623 2512 694 appellatum,
2551 622 2694 691 quod
2748 622 3046 689 imperator
3075 620 3176 673 fert
3212 621 3376 674 etiam
3404 622 3524 676 sine

1949 716 2204 785 cingulo,
2237 730 2300 768 ex
2355 730 2464 782 quo
2515 714 2890 783 dependentes
2928 712 3156 766 maniczr
3183 713 3527 768 deseendunt

1950 823 2126 876 usque
2155 807 2217 860 ad
2278 805 2455 868 talos;
2490 805 2646 875 cuius
2674 803 2998 873 gestaminis
3036 804 3245 858 ferendi
3292 804 3526 874 singulis

1951 899 2272 966 proceribus
2330 898 2497 952 libera
2549 905 2630 950 est
2683 904 2948 963 potestas,
3007 895 3100 949 sed
3149 910 3272 949 cum
3306 895 3527 962 cingulo

1950 991 2293 1058 manicisque
2319 1005 2348 1042 a
2385 999 2538 1058 tergo
2583 1004 2736 1042 zona:
2772 988 3015 1056 illigatis.
3051 988 3115 1041 Et
3143 987 3271 1041 illud
3305 988 3524 1056 quidem

1949 1083 2060 1154 64
2103 1085 2248 1151 quod
2308 1082 2602 1149 imperator
2671 1089 2845 1149 gestat
2872 1089 3099 1134 vocatur
3139 1087 3426 1152 gi'atiatza,
3469 1087 3526 1144 ut

1951 1185 2112 1235 antea
2145 1175 2376 1236 dictum,
2402 1181 2692 1242 procerum
2727 1187 2851 1226 vero
2879 1174 3110 1240 lapatza.
3131 1170 3291 1225 Ratio
3321 1173 3525 1225 incerta

1950 1274 2053 1320 θεῖ.
3364 1301 3389 1324 ο

2024 1357 2088 1412 Et
2111 1358 2200 1411 alii
2255 1357 2474 1427 quidem
2519 1358 2790 1427 primores
2837 1357 2908 1410 ita
2955 1371 3013 1412 se
3043 1355 3264 1426 gerunt,
3297 1371 3528 1426 magnus

1950 1460 2130 1505 autem
2183 1449 2521 1502 domesticus
2561 1449 2676 1516 ipse
2738 1449 2904 1502 etiam
2965 1449 3067 1502 hoc
3093 1459 3374 1517 gestamen
3425 1448 3530 1503 fert

1950 1541 2166 1595 cinctus
2207 1540 2384 1594 instar
2414 1542 2690 1595 aliorum:
2727 1557 2916 1595 verum
2962 1540 3134 1595 altera
3202 1541 3416 1593 manica
3450 1540 3532 1593 la-

1950 1642 2123 1702 patzze
2149 1632 2366 1703 cingulo
2394 1634 2813 1702 constringitur,
2835 1633 3006 1686 altera
3037 1633 3204 1687 libere
3232 1631 3527 1701 dependet,

1953 1725 2178 1780 honoris
2219 1741 2408 1790 causa,
2442 1741 2567 1780 cum
2605 1727 2952 1796 imperatoris
2976 1726 3150 1780 amba:
3180 1725 3407 1779 manica:
3435 1723 3530 1778 dc-

1954 1820 2244 1885 pendeant,
2274 1828 2331 1872 ut
2370 1819 2572 1873 dictum
2611 1829 2715 1872 est.

514 1924 584 1976 τὰ
631 1894 739 1992 ’μέν
791 1894 848 1976 έν
883 1894 967 1992 in};
1017 1922 1271 1992 παλατίῳ
1309 1921 1722 1990 ὑπηρετήματα
1751 1918 1844 1971 τοῦ

2024 1909 2088 1964 Et
2133 1911 2246 1966 [nec
2281 1911 2503 1980 quidem
2533 1919 2663 1966 sunt
2698 1910 2879 1980 magni
2922 1910 3214 1964 domestici
3241 1909 3294 1962 in
3325 1909 3538 1978 palatio,

284 2013 520 2082 μεγάλου
582 2012 902 2080 δομεστίκου
969 2011 1146 2066 ταῦτά
1223 2001 1614 2076 ἐστι,’καΟὼ-ς
1695 2009 1849 2062 εἵπο-

287 2126 398 2177 μεν,
457 2105 531 2159 τὰ
598 2105 657 2159 δὲ
731 2104 889 2168 ἐκτὸς
955 2103 1086 2178 ,μετ’
1141 2105 1326 2172 ὀλίγον
1392 2104 1693 2174 ῥηθήσεται
1755 2100 1848 2153 καὶ

286 2196 437 2252 αὑτά.

344 2291 505 2344 Ἐπεὶ
550 2289 605 2341 δὲ
631 2290 659 2341 ὁ
695 2287 946 2358 βασιλεὺς
971 2287 1235 2350 πεντάκις
1284 2287 1378 2341 τοῦ
1429 2289 1584 2352 ἔτους
1645 2285 1849 2358 τρώγει

278 2384 335 2434 ἐν
362 2379 442 2450 τῷ
467 2379 774 2450 τρικλινίῳ,
809 2380 1028 2433 πάντων
1089 2379 1517 2450 παρισταμένων
1571 2379 1856 2449 ἀρχόντων.

282 2475 376 2526 καὶ
409 2473 774 2542 ἐνδεδυμένων
807 2473 876 2526 τά
898 2490 956 2524 τε
991 2476 1298 2541 σκαρὰνικα
1344 2473 1440 2525 καὶ
1473 2470 1543 2524 τὰ
1577 2470 1848 2524 καϐϐάδια

281 2567 478 2633 αὑτῶν,
508 2569 680 2636 ἤγουν
715 2567 853 2619 κατᾶ
885 2568 984 2636 τὴν
1011 2566 1210 2637 ἑορτὴν
1248 2566 1347 2633 τῆς
1380 2564 1622 2635 Χριστοῦ
1643 2565 1848 2638 ,Γεννὴ-

283 2678 441 2724 σεως,
478 2660 589 2713 τῶν
619 2659 837 2724 Φώτων,
897 2661 1033 2712 ἀλλὰ
1073 2660 1136 2727 δὴ
1193 2660 1288 2713 καὶ
1329 2659 1438 2713 τῶν
1493 2659 1697 2723 Βαΐων,
1750 2657 1883 2726 τῆς·

294 2754 524 2824 μεγάλης
559 2753 844 2821 Κυριακῆς
875 2751 967 2805 τοῦ
994 2753 1184 2822 Πάσχα
1217 2753 1310 2805 καὶ
1356 2751 1447 2806 τοῦ
1495 2752 1651 2820 ἁγίου
1681 2749 1853 2804 ΙΙνεὺ-

307 2863 485 2915 pasce,
510 2847 737 2915 εἴπομεν
786 2844 840 2896 δὲ
878 2845 1020 2897 κατὰ
1069 2845 1238 2913 μέρος
1274 2845 1402 2914 περὶ
1457 2845 1590 2914 μιᾶς
1618 2843 1849 2910 τούτων,

305 2939 398 3003 τῆς
417 2935 500 2990 τοῦ
525 2935 765 3005 Χριστοῦ
818 2936 1066 3006 δηλονότι
1120 2936 1466 3007 Γεννήσεως,
1511 2937 1709 3008 ῥητέον
1750 2936 1848 3008 ἤδη

296 3029 382 3083 zz”:
416 3031 536 3098 περὶ
566 3029 678 3114 τῶ)
711 3028 932 3082 λοιπῶν.
1508 3024 1512 3028 ’

804 3123 846 3173 Κ
859 3122 1198 3175 ΕΦΑΛΑΙΟΝ
1237 3124 1318 3176 H'.

620 3211 830 3282 Ἐορτὴ
871 3213 988 3267 τῶν
1034 3215 1458 3284 Ἐπιφανείων.
1881 3229 1925 3288 ε

361 3301 423 3353 Ἥ
462 3301 566 3370 μὲν
596 3298 687 3355 οὑν
728 3303 835 3355 τῶν
885 3303 1040 3356 Οείων
1098 3304 1443 3372 Θεοφανείων
1500 3303 1662 3374 ἑορτὴ
1713 3305 1858 3372 γίνε-

283 3411 367 3446 ται
415 3395 869 3463 ἀπαραλλάκτως,
915 3396 990 3459 ὡς
1038 3397 1132 3450 καὶ
1183 3399 1216 3468 ἡ
1271 3398 1362 3452 τοῦ
1423 3398 1664 3468 Χριστοῦ
1726 3398 1860 3452 Γεν-

283 3492 491 3553 νήσεως
521 3500 539 3514 ·
573 3485 681 3538 ὁδε
730 3486 868 3554 μετὰ
915 3487 1012 3558 τὴν
1076 3487 1427 3558 λειτουργίαν
1473 3488 1766 3557 ἁγιασμὸς,
1809 3490 1858 3542 εί

284 3579 635 3648 πατριάρχης
663 3579 982 3648 εὑρίσκεται
1031 3567 1438 3650 οίκοομενικδς,
1469 3581 1685 3649 γίνεται
1719 3581 1856 3651 παρ’

283 3671 449 3724 αὑτοῦ
469 3689 482 3700 ’
502 3672 552 3722 εί
578 3671 633 3723 δὲ
663 3670 759 3745 μὴ,
783 3673 932 3739 παρά
951 3690 1091 3733 τινος
1111 3672 1220 3724 τῶν
1245 3673 1449 3744 ἑτέρων
1470 3675 1855 3743 πατριαρχῶν,

284 3762 318 3828 ἦ
350 3761 444 3814 τοῦ
478 3759 888 3830 Ἀλεξανδρείας
922 3761 952 3828 ἢ
1011 3760 1103 3813 τοῦ
1136 3761 1471 3830 Ἀντιοχείας
1501 3759 1650 3830 ἢτοῦ
1692 3761 1856 3830 Ἰερο-

285 3852 562 3922 σολύμων,
615 3854 709 3905 ἐὰν
766 3853 1014 3921 ἐνδημῶν
1063 3851 1226 3924 τύχῃ.
1259 3854 1320 3906 Εἰ
1383 3853 1429 3905 δ’
1469 3855 1602 3915 ἴσως
1644 3851 1857 3923 μηδένα

283 3945 492 3998 τούτων
521 3939 664 3997 εἶναι
726 3945 992 4013 συμϐαίη,
1034 3947 1180 3998 ποιεῖ
1238 3945 1329 3998 τὸν
1381 3945 1657 4014 ἁγιασμδν
1688 3947 1715 3998 ὁ
1761 3943 1855 3996 τοῦ

286 4038 549 4091 παλατίου
582 4021 976 4106 πρωτοπαπᾶς.
1028 4037 1240 4090 Δίδοται
1295 4035 1353 4088 δὲ
1411 4036 1562 4104 παρὰ
1617 4037 1716 4105 μὲν
1761 4035 1855 4090 τοῦ

289 4129 632 4200 πατριάρχου
689 4129 766 4198 τῷ
825 4127 1040 4197 βασιλεῖ
1102 4128 1354 4196 λαμπὰς,
1436 4129 1591 4196 παρὰ
1641 4128 1698 4180 δὲ
1751 4129 1857 4181 τῶν

293 4221 714 4292 προρρηθέντων
766 4220 1055 4289 ὑπηρετῶν
1119 4223 1232 4283 τοῖς
1310 4221 1371 4274 ὲν
1438 4220 1714 4291 ἀξιώμασι
1764 4222 1856 4273 καὶ

289 4316 422 4364 πὶσι
447 4314 559 4373 τοῖς
586 4330 642 4363 τε
674 4313 820 4372 ὲντῦς
855 4314 954 4379 τῆς
1007 4305 1413 4382 παραστάσεως
1470 4313 1700 4382 ἄρχουσι
1760 4313 1856 4364 καὶ

285 4406 402 4466 τοῖς
424 4406 564 4473 ὲντῇ
595 4404 752 4473 αὐλῇ,
785 4403 1042 4468 ὡσαύτως
1071 4404 1148 4476 τῷ
1172 4421 1231 4457 τε
1266 4405 1588 4475 ποτεστάτῳ
1618 4405 1712 4457 καὶ
1740 4407 1854 4467 τοῖς

288 4498 408 4567 μετ’
447 4497 640 4550 αὑτοῦ.

505 4656 514 4660 ι
807 4587 1205 4641 ΚΕΦΛΛΑΙΟΝ
1245 4583 1321 4639 e'.

506 4677 713 4748 'E'c-pn‘i
749 4677 856 4744 τῆς
888 4677 1620 4746 σταυροπροσκυνήσεως.

358 4773 610 4840 κυριακῇ
644 4773 742 4840 τῆς
788 4770 1458 4840 σταυροπροσκυνήσεως,
1519 4770 1620 4838 τῆς
1671 4786 1855 4839 παρα-

286 4867 536 4925 στάσεως
557 4865 851 4934 ἱσταμένης
868 4866 1008 4916 κατὰ
1027 4865 1122 4933 τὴν
1147 4863 1438 4933 συνήθειαν
1461 4863 1564 4916 τῶν
1584 4880 1848 4934 προειρη-

289 4959 468 5026 μένων
509 4959 733 5028 ἑορτῶν,
772 4958 897 5027 περὶ
926 4958 985 5008 τὸ
1013 4957 1163 5020 τέλος
1189 4957 1283 5008 ταῦ
1326 4957 1524 5027 ὄρθρου
1567 4955 1725 5026 φέρει
1763 4956 1854 5008 τὸν

287 5050 526 5117 σταυρὸν
554 5048 661 5101 ἀπὸ
698 5048 796 5117 τῆς
824 5049 920 5102 τοῦ
947 5047 1204 5102 παλατίου
1231 5049 1532 5117 ἐκκλησίας
1567 5047 1709 5115 μετὰ
1739 5045 1852 5099 τῶν

283 5142 506 5209 dahth
527 5143 555 5194 ὁ
575 5133 980 5211 ἁρχιδιάκονος,
1007 5137 1188 5210 φορῶ-ι
1220 5141 1321 5211 μὲν
1352 5140 1414 5193 τδ
1440 5140 1672 5204 σύνηθες
1701 5140 1852 5209 αὑτῴ

284 5232 591 5300 στιχάριον,
629 5231 809 5301 φορῶν
834 5231 889 5284 δὲ
920 5233 1004 5283 ἐπ’
1027 5231 1188 5284 αὑτοῦ
1221 5234 1313 5284 καὶ
1346 5232 1615 5300 φελώνην,
1652 5232 1712 5284 οὑ
1747 5231 1853 5301 μὴν

282 5325 389 5374 καὶ
438 5323 821 5394 ἐπιτραχήλιον
874 5323 987 5376 ἀλλ’
1015 5323 1274 5393 ιῦρὰριον,
1312 5323 1390 5389 τὸ,
1430 5324 1645 5376 ιΣῶσον
1681 5323 1851 5392 Κύριε

283 5414 382 5465 τὸν
414 5414 540 5466 λαόν
571 5431 682 5480 σου,
730 5412 823 5467 καὶ
851 5415 1138 5484 εὑλόγησον
1164 5417 1264 5484 τὴν
1293 5415 1659 5485 κληρονομίαν
1696 5433 1845 5482 ceu,»

287 5506 606 5573 ψαλλόντων
632 5521 646 5534 ·
676 5508 769 5560 καὶ
799 5511 826 5560 ὁ
853 5507 1112 5577 βασιλεὺς
1159 5509 1530 5580 προσυπαντᾷ
1557 5507 1731 5577 τούτῳ
1755 5508 1854 5578 τῆς

292 5601 697 5667 παραστάσεως
740 5600 1039 5669 ἱσταμένης
1066 5601 1143 5662 είς
1170 5601 1268 5671 τὴν
1301 5601 1401 5670 τῆς
1427 5601 1598 5671 Θὺρας
1621 5601 1850 5666 εἴσοδον,

287 5690 390 5741 καὶ
429 5686 520 5740 τοῦ
548 5688 776 5757 σταυροῦ
800 5689 890 5740 ἐπὶ
920 5687 1017 5740 τοῦ
1046 5688 1334 5757 ὰναλογίου
1363 5690 1631 5756 τεθέντος,
1675 5691 1856 5744 ἀσπά-

293 5778 449 5840 ζεται
477 5778 666 5831 τοῦτον
703 5780 731 5831 ὁ
774 5778 1066 5848 βασιλεύς·
1122 5781 1317 5833 ἔπειτα
1367 5781 1725 5851 ὑποστρέφει,
1775 5783 1870 5835 καὶ

298 5872 517 5927 inata:
561 5871 716 5927 πάλιν
754 5874 828 5937 εἰς
880 5873 969 5926 τὸν
1022 5871 1213 5945 θρόνον
1266 5873 1454 5948 αὑτοῦ.
1493 5873 1649 5929 Μετὰ
1679 5873 1734 5927 δὲ
1767 5874 1865 5929 τὴν

1955 1998 2278 2064 ministeria,
2302 2009 2464 2068 prout
2505 2002 2898 2068 exposuimus:
2932 2017 3054 2070 qum
3089 2016 3218 2055 vero
3246 2011 3402 2056 extra
3436 2016 3530 2070 pa.-

1955 2092 2140 2145 ratium
2174 2093 2354 2158 obeat,
2388 2093 2547 2160 paulo
2583 2102 2704 2162 post
2732 2103 3100 2163 exponentur.

2022 2273 2156 2328 Cum
2189 2282 2367 2328 autem
2412 2275 2710 2342 imperator
2743 2275 3041 2344 quinquies
3072 2276 3125 2329 in
3162 2291 3308 2330 anno
3341 2275 3527 2331 cibum

1953 2374 2135 2419 sumat
2219 2365 2271 2418 in
2325 2365 2602 2427 triclinio,
2656 2367 2930 2422 universis
3004 2368 3144 2421 aulae
3213 2368 3548 2438 proceribus.

1953 2457 2262 2511 astantibus
2311 2448 2630 2527 induti'sque
2681 2474 2778 2514 sua
2838 2457 3125 2514 searaniea
3167 2461 3548 2530 etcabhadin,

1953 2565 2146 2618 nempe
2179 2550 2231 2604 in
2263 2550 2402 2606 festo
2433 2550 2750 2621 Nativitatis
2783 2553 3022 2617 Domini,
3060 2553 3378 2618 Luminum,
3416 2555 3535 2610 Pal-

1954 2658 2189 2708 marum,
2225 2659 2420 2714 magna
2447 2645 2730 2700 Dominica
2765 2645 3049 2702 Paschalis
3093 2656 3147 2702 et
3189 2651 3363 2704 sancti
3409 2651 3536 2719 Spi-

1953 2739 2112 2802 ritus,
2129 2739 2240 2806 jam
2264 2755 2390 2794 vero
2418 2741 2693 2810 sigillatim
2719 2741 2784 2796 de
2802 2756 2912 2796 uno
2934 2759 2999 2798 cx
3021 2744 3105 2796 his
3132 2743 3308 2807 festis,
3340 2758 3535 2812 nempe

1953 2829 2251 2886 Nativitate
2290 2833 2514 2900 Christi,
2547 2835 2996 2902 disseruerimus,
3037 2844 3207 2893 restat
3256 2847 3316 2893 ut
3359 2846 3416 2893 et
3469 2837 3537 2892 de
3583 2839 3597 2855 ‘

1954 2924 2178 2994 reliquis
2212 2934 2529 3003 tractemus,

2545 3108 2774 3166 CAPUT
2813 3111 2950 3166 Vili.

2454 3204 2666 3259 Festum
2712 3205 3040 3275 Epiphaniw.

2033 3291 2252 3348 Festum
2277 3294 2470 3349 divinae
2506 3294 2822 3364 Epiphanire
2853 3297 3044 3352 eodem
3064 3298 3225 3352 modo
3256 3299 3546 3370 peragitur

1962 3401 2073 3456 quo
2120 3385 2432 3442 Nativitatis
2495 3387 2736 3444 Domini.
2778 3389 3045 3444 Caeterum
3107 3393 3456 3446 consecratio
3486 3401 3542 3447 et

1962 3481 2206 3548 aspersio
2235 3495 2390 3550 aqua:
2416 3491 2537 3551 post
2571 3482 2842 3551 litnrgiam
2880 3483 2939 3536 ﬁt
2972 3483 3040 3538 ab
3059 3482 3168 3553 65
3193 3485 3542 3538 oecumenico

1963 3571 2296 3641 patriarcha,
2353 3573 2412 3652 ,εἰ
2447 3588 2688 3642 praesens
2711 3574 2822 3640 sit;
2859 3575 2941 3628 sin
2988 3573 3194 3636 minus,
3246 3574 3538 3644 ali—aliquo

1962 3679 2023 3716 ex
2085 3663 2412 3733 patriarchis
2438 3705 2450 3728 ,
2486 3665 2744 3718 nimirum
2781 3665 2849 3719 ab
2882 3665 3256 3721 Alexandrino
3295 3666 3377 3718 vel
3419 3667 3537 3720 Ati-

1962 3758 2218 3813 tiocheno
2276 3759 2358 3812 vel
2394 3757 2930 3830 llierosolymitano,_
2974 3759 3017 3812 si
3054 3759 3192 3814 forte
3229 3767 3356 3813 tunc
3384 3759 3538 3826 Cpoli

1963 3859 2229 3924 versetur.
2255 3845 2310 3902 Si
2345 3847 2534 3902 nullus
2587 3848 2782 3903 horum
2813 3849 2976 3910 adsit,
3005 3848 3352 3904 consecratio
3382 3863 3542 3918 pera-

1960 3942 2105 4013 gitur
2130 3957 2160 3996 a
2219 3942 2400 4012 palatii
2434 3953 2753 4012 protopapa.
2809 3943 3130 4012 Imperatori
3163 3955 3344 3998 autem
3379 3945 3542 3998 tradit

1961 4033 2272 4105 patriarcha
2306 4048 2523 4086 cereum
2562 4034 2845 4101 majorem.
2885 4033 2926 4085 A
2975 4033 3250 4103 prmdictis
3283 4049 3414 4087 vero
3447 4035 3542 4086 mi-

1962 4125 2149 4180 nistris
2194 4124 2408 4178 dantur
2468 4124 2613 4177 cerei
2643 4124 2709 4178 iis
2770 4123 2864 4192 qui
2917 4125 2970 4176 in
2993 4123 3264 4194 dignitate
3315 4132 3542 4186 sunt,et

1961 4216 2224 4272 omnibus
2256 4215 2726 4270 circumstationis
2751 4215 3069 4282 proceribus
3109 4215 3431 4284 aulicisqne,
3466 4216 3543 4270 si-

1962 4310 2163 4363 militer
2191 4316 2244 4362 et
2275 4316 2544 4362 potestate
2588 4303 2967 4366 Genuensinm
3002 4315 3057 4362 et
3091 4307 3183 4380 qui
3211 4308 3264 4362 in
3297 4307 3418 4380 eius
3451 4323 3548 4363 co-

1961 4402 2176 4454 mitatu.

2451 4606 2460 4614 ·
2551 4583 2778 4638 CAPUT
2838 4583 2929 4640 IX.

2316 4675 2534 4728 Festum
2594 4676 2926 4731 adoratiom’s
2975 4679 3168 4731 crucis.

2029 4766 2312 4821 Dominica
2335 4783 2456 4836 quae
2491 4769 2802 4823 atlorationi
2827 4779 3028 4824 sanctae
3065 4771 3246 4825 crucis
3282 4771 3543 4838 deputata

1959 4869 2064 4924 est,
2084 4861 2424 4916 consistente
2453 4862 2565 4932 jam
2587 4863 3041 4916 circnmstationc
3067 4877 3163 4930 pro
3191 4863 3544 4917 consuetudi-

1961 4967 2029 5005 ne
2057 4953 2523 5020 supra,dictoruin
2561 4953 2825 5008 festdrum
2849 4993 2864 5015 ,
2905 4953 3053 5006 circa
3089 4952 3250 5006 ﬁnem
3286 4949 3543 5007 matutini

1962 5043 2139 5097 adfert
2165 5045 2587 5101 archidiaconus
2617 5062 2740 5101 cum
2770 5047 3090 5100 cantoribus
3138 5060 3204 5100 ex
3245 5047 3424 5116 palatii
3457 5037 3560 5102 ec?

1961 5135 2132 5190 etesia
2151 5151 2395 5200 erucem,
2425 5149 2647 5206 gestans
2670 5147 2992 5193 consuetam
3021 5139 3252 5194 diacono
3281 5141 3543 5207 tunicam,

1961 5224 2144 5280 ferens
2171 5227 2336 5280 etiam
2369 5243 2536 5296 super
2583 5228 2701 5298 ipsa
2745 5229 3014 5291 casulam,
3049 5245 3158 5284 non
3211 5241 3393 5286 tamen
3424 5242 3545 5287 sto-

1964 5318 2070 5370 lam
2101 5318 2518 5384 sacerdotalem,
2540 5323 2637 5374 sed
2662 5322 3033 5384 diaconicain,
3060 5323 3111 5376 id
3143 5332 3230 5378 est
3258 5326 3499 5379 orarium
3530 5343 3546 5390 ;

1962 5419 2276 5479 canuntque
2331 5410 2500 5467 illud:
2544 5431 2563 5464 ι
2599 5415 2822 5468 Salvum
2861 5417 2966 5480 tae,
3007 5410 3256 5479 Domine.
3288 5421 3550 5489 populum

1965 5510 2144 5566 tuum,
2173 5512 2227 5558 et
2268 5505 2494 5561 benedic
2542 5507 2849 5562 hmreditati
2887 5517 3034 5575 tute;
3075 5530 3094 5564 ι
3124 5522 3178 5566 et
3215 5515 3540 5583 imperator,

1963 5599 2044 5651 sic
2076 5597 2471 5654 circumstante
2521 5602 2786 5655 comitatu
2819 5605 3020 5668 aulico,
3057 5605 3280 5662 obviam
3304 5609 3345 5662 it
3376 5623 3551 5678 usque

1963 5691 2294 5761 adjanuam,
2317 5705 2649 5763 crucemqne
2671 5694 2722 5747 in
2751 5694 2958 5766 pulpito
2987 5701 3223 5768 positam
3242 5701 3545 5757 osculatur.

1971 5785 2092 5851 Quo
2144 5794 2366 5855 peracto
2411 5789 2740 5855 rerestitur,
2803 5800 2857 5845 et
2886 5790 3088 5846 iterum
3119 5805 3229 5852 stat
3260 5797 3312 5851 in
3345 5797 3550 5851 throne

1966 5892 2084 5931 suo.
2142 5876 2273 5933 Post
2310 5879 2630 5935 missionem
2681 5881 2827 5939 venit
2871 5883 3190 5955 imperator,
3241 5889 3560 5959 iterumque
