4044 6436
511 360 579 422 83
844 354 851 360 ’
1717 369 1992 431 CODlNI
2035 372 2099 431 Cl

2204 373 2555 434 DPALAT/E
3703 378 3770 444 84

511 476 625 546 66
656 490 875 530 crucem
914 477 1174 531 aduratct
1214 479 1495 534 osculatur
1529 496 1730 548 ;quam
1776 483 1961 537 statim
1989 485 2090 538 tol-

2204 487 2460 540 ἀπόλυσιν
2484 486 2788 559 ἀπέρχεται
2819 490 2912 545 καὶ
2941 492 3247 561 προσκυνεῖ
3278 485 3441 554 αὖθις
3468 491 3564 545 καὶ
3592 493 3771 547 ἀσπά-

513 568 638 620 lunt
686 569 982 622 comitante
1012 585 1132 623 eam
1169 570 1501 639 imperatore
1564 586 1739 642 usque
1772 573 1839 628 ad
1863 575 2087 629 triclinii

510 656 761 726 ianuam,
791 667 845 714 et
871 674 976 713 non
1013 659 1259 714 ulterius.

583 836 761 891 Causa
811 848 994 894 autem
1031 855 1130 895 cur
1163 841 1587 900 archidiaconus
1641 846 1745 901 hoc
1770 847 1914 902 festo
1956 851 2093 905 ferat

511 928 752 982 casulam
782 931 1203 995 sacerdotalem,
1232 943 1314 988 est
1347 936 1470 1000 ista,
1497 939 1623 1005 quia
1651 939 1719 993 ab
1773 941 1930 994 initio
1967 956 2096 993 exn-

514 1021 761 1076 catacaali
789 1023 1109 1078 sacerdotes
1145 1025 1248 1080 sub
1268 1042 1326 1081 se
1351 1027 1623 1083 habebant
1645 1032 1896 1099 preprias
1920 1034 2095 1089 cccle—

512 1113 623 1166 sias
678 1120 731 1166 et
754 1115 1037 1183 propriqu
1067 1116 1303 1172 clerum.
1341 1121 1685 1190 Quapropter
1715 1138 1840 1177 cum
1876 1127 2092 1194 magnis

514 1213 569 1257 et
593 1204 897 1261 illuStribus
919 1209 1076 1262 festis
1102 1211 1334 1278 quilibet
1365 1228 1463 1266 sua
1496 1213 1548 1266 iu
1577 1216 1806 1269 ecclesia
1849 1232 2090 1286 occupa-

513 1307 689 1362 retur,
723 1299 1032 1367 patriarcha
1073 1301 1341 1356 ministris
1374 1304 1823 1362 honoratioribus
1844 1309 2089 1365 carebat.

513 1387 746 1453 Quidam
785 1390 952 1459 igitur
974 1407 1035 1446 ex
1081 1396 1404 1462 patriarchis
1451 1397 1625 1451 voluit
1658 1400 1780 1455 illos
1831 1402 2094 1458 diaconos

517 1490 724 1534 tantum
757 1498 900 1549 esse,
939 1493 993 1538 ut
1038 1487 1092 1539 in
1127 1487 1435 1556 huiusmodi
1469 1492 1624 1547 festis
1672 1493 1772 1562 ipsi
1819 1494 2092 1550 ministra-

519 1581 661 1626 rent.
706 1572 859 1639 Quod
920 1585 972 1631 et
1003 1577 1252 1648 perfecit.
1315 1579 1547 1646 Quando
1578 1583 1744 1649 igitur
1782 1586 2090 1654 patriarcha

515 1666 651 1721 tales
665 1673 1066 1728 exocatacmlos
1086 1673 1325 1736 ordinat,
1353 1689 1545 1742 nempe
1566 1675 1647 1729 vel
1669 1691 1920 1746 magnum
1939 1669 2093 1732 ’ωου-

514 1773 740 1812 nomnm
809 1762 894 1816 vel
951 1779 1209 1835 magnum
1277 1766 1624 1822 sacellarium
1689 1767 1766 1822 rel
1794 1767 1962 1822 alium
2023 1783 2089 1824 ex

515 1847 712 1903 horum
749 1867 1004 1919 numero,
1036 1855 1128 1910 dat
1151 1855 1200 1912 ei
1237 1866 1564 1925 potestatem
1607 1857 1816 1913 ferendi
1843 1859 2088 1942 casulam
2124 1828 2164 1881 Β

512 1941 934 2008 sacerdotalem,
981 1948 1442 2015 quemadmodum
1492 1958 1647 2004 antea
1676 1949 1921 2006 ferebant
1964 1966 2087 2005 cum

511 2035 825 2091 sacerdotes
883 2050 1116 2092 essent:
1173 2048 1229 2093 at
1283 2057 1393 2094 non
1436 2043 1631 2097 stolam
1674 2045 2090 2110 sacerdotalem,

511 2141 700 2181 verum
762 2129 1104 2186 diaconicatn
1165 2142 1399 2197 tantum,
1447 2135 1499 2189 id
1547 2145 1630 2191 est
1666 2138 1931 2191 orarium.
1988 2137 2095 2191 lm-

510 2230 732 2285 peratnr
770 2218 934 2290 igitur
959 2225 1179 2293 quando
1234 2211 1484 2297 (lesignat
1525 2229 1996 2290 archidiaconum.
2023 2246 2090 2284 ex

515 2312 1002 2367 cxncatactelorum
1051 2318 1244 2372 ordine
1302 2326 1814 2388 tanquam'caeteris
1859 2321 2096 2374 honora-

516 2399 654 2453 tiore
692 2417 815 2455 eum
849 2404 1120 2475 designat,
1143 2423 1238 2462 nec
1261 2409 1480 2464 aliunde
1513 2413 1765 2466 assumit.
1827 2412 2096 2478 Quocirca

517 2493 617 2550 fert
640 2497 1060 2554 archidiaconus
1095 2504 1146 2556 in
1173 2506 1294 2567 hoc,
1318 2516 1371 2557 et
1393 2507 1611 2575 quidem
1652 2508 1785 2572 solo,
1809 2507 2096 2561 Adoratio-

522 2589 606 2642 nis
639 2592 822 2647 crucis
867 2593 1008 2648 festo
1037 2595 1087 2648 in
1126 2597 1324 2664 palatio
1352 2600 1616 2661 casulam,
1653 2615 1827 2669 neque
1856 2617 2092 2670 unquam

518 2681 674 2736 alias.
731 2683 786 2737 Si
821 2701 926 2739 non
983 2688 1054 2741 sit
1102 2689 1544 2755 archidiaconus,
1575 2699 1705 2746 tunc
1737 2707 1955 2747 crucem
1993 2693 2095 2746 fert

518 2774 710 2828 obvius
735 2777 962 2846 quisque
1010 2780 1296 2836 diaconus.

587 2951 745 3010 Scire
775 2967 988 3024 oportet
1009 2952 1116 3013 tota
1145 2971 1332 3015 sancta
1368 2970 1419 3016 et
1445 2977 1637 3030 magna
1661 2961 2092 3033 Quadragesima

517 3049 824 3104 sacerdotes
846 3061 899 3106 et
915 3053 1175 3108 diaconos
1192 3055 1299 3126 67
1319 3065 1531 3125 gestare
1547 3069 1815 3125 purpurea
1837 3055 2095 3111 sticharia

2197 577 2350 642 ζεται
2400 582 2493 632 τὸν
2524 581 2782 650 σταυρόν.
2823 583 2929 634 Καὶ
2963 583 3172 646 εὐθέως
3200 585 3419 650 αἴρουσι
3463 583 3652 637 τοῦτον
3674 586 3765 639 τοῦ

2199 670 2345 740 βασι)
2359 673 2463 736 έως
2499 676 2919 743 προπέμποντος
2981 677 3142 746 μέχρι
3169 678 3263 728 καὶ
3292 677 3390 748 τῆς
3429 675 3524 729 τοῦ
3553 679 3766 748 τρικλι-

2197 763 2313 815 νίου
2342 762 2529 833 θύρας,
2563 765 2658 816 καὶ
2690 766 2854 819 πλέον
2884 766 3061 821 οὐδέν.

2277 854 2347 908 Ἦ
2380 855 2436 908 δέ
2468 857 2618 909 αἰτία
2653 855 2747 909 τοῦ
2773 857 2865 910 τὸν
2899 857 3286 928 ἀρχιδιάκονον
3327 854 3575 931 φελὼνην
3625 864 3767 914 κατα

2195 948 2403 1017 ταύτην
2463 949 2562 1018 τὴν
2590 949 2784 1019 ἑορτὴν
2812 951 3000 1020 φορεῖν
3041 951 3192 1003 ἐστὶν
3219 949 3385 1020 αὕτη,
3416 952 3498 1004 ὅτι
3540 950 3685 1004 κατὰ
3711 950 3770 1003 τὸ

2199 1041 2420 1109 πρῶτον
2446 1041 2497 1092 οἱ
2519 1040 2947 1104 ἐξωκατάκοιλοι
2983 1042 3152 1111 ῑερεῖς
3185 1041 3510 1113 εὑρίσκοντο
3549 1042 3768 1112 ἔχοντες

2196 1131 2418 1185 ἕκαστοι
2478 1131 2774 1202 ἐκκλησίας
2838 1132 2932 1185 καὶ
2978 1134 3084 1186 ὑπ’
3136 1135 3332 1196 αὐτοὺς
3393 1134 3614 1204 κλῆρον.
3673 1136 3772 1187 Διὰ

2197 1225 2357 1279 τοῦτο
2379 1224 2522 1278 κατὰ
2541 1226 2639 1287 τὰς
2667 1226 2910 1293 μεγάλας
2951 1227 3047 1278 καὶ
3095 1228 3402 1296 ἐπισήμους
3433 1227 3541 1280 τῶν
3567 1228 3772 1298 ἑορτῶν

2195 1318 2409 1388 ἡμέρας
2460 1317 2631 1369 ὄντων
2667 1318 2904 1370 ἑκάστου
2942 1319 3021 1379 είς
3067 1319 3169 1388 τὴν
3214 1318 3353 1370 ἰδίαν
3401 1318 3718 1384 ἐκκλησίαν,
3747 1321 3773 1369 ὁ

2195 1408 2538 1478 πατριάρχης
2607 1409 2708 1460 οὐκ
2772 1404 2918 1478 εἶχεν
2975 1409 3255 1478 ὑπηρέτας
3311 1411 3566 1478 ἐντίμους
3643 1409 3773 1478 μεθ’

2196 1498 2412 1554 ἑαυτοῦ.
2448 1499 2570 1552 Τῶν
2624 1499 2987 1568 πατριαρχῶν
3037 1497 3131 1552 οὖν
3171 1517 3253 1562 τις
3284 1499 3553 1568 ἠθέλησεν
3579 1499 3774 1561 αὐτοὺς

2193 1593 2475 1655 διακόνους
2515 1587 2656 1645 εἶναι
2715 1592 2850 1661 ηρὸς
2881 1592 2938 1644 τδ
2999 1592 3308 1660 ὑπηρετεῖν
3351 1589 3506 1664 αὐτῷ
3563 1590 3775 1651 ἐν,ταῖς

2192 1683 2475 1747 τοιαύταις
2509 1684 2618 1739 τῶν
2655 1683 2864 1753 ἐορτῶν
2887 1699 2903 1716 ο
2957 1683 2986 1736 6
3013 1684 3078 1753 δὴ
3120 1684 3213 1736 καὶ
3245 1665 3576 1750 πεποίηκενί.
3604 1681 3774 1734 Ὅταν

2193 1769 2288 1828 οὖν
2311 1776 2339 1828 6
2368 1775 2717 1845 πατριάρχης
2750 1773 3027 1846 σφραγίζῃ
3063 1775 3193 1836 τοὺς
3253 1776 3536 1836 τοιούτους
3567 1773 3775 1839 ἐξωκα-

2192 1864 2505 1928 τακοίλους,
2528 1864 2750 1935 ἡγουνῆ
2786 1863 2964 1934 μέγαν
2982 1863 3268 1934 οἰκονόμον
3303 1862 3336 1932 ἢ
3372 1863 3548 1933 μέγαν
3577 1861 3775 1914 σακελ-

2193 1955 2385 2026 λάριον
2413 1956 2448 2026 ἡ
2487 1973 2612 2010 τινα
2643 1955 2833 2027 ἕτερον
2873 1957 2933 2019 ἐξ
2960 1955 3166 2019 αὐτῶν,
3200 1956 3348 2008 ποιεῖ
3383 1955 3547 2006 αύτδν
3584 1955 3777 2022 φορεῖν

2195 2044 2464 2116 φελώνην,
2511 2045 2586 2106 ὡς
2616 2045 2710 2098 καὶ
2761 2045 3027 2115 πρότερον
3061 2042 3197 2096 καθὸ
3254 2044 3432 2113 ἱερεὺς
3463 2042 3683 2114 ἐφόρει,
3718 2041 3776 2095 ού

2197 2138 2307 2208 μὴν
2341 2140 2435 2191 καὶ
2460 2139 2870 2209 ἐπιτραχήλιον,
2903 2139 3030 2191 ἀλλ’
3061 2137 3105 2190 ὠ
3121 2138 3330 2206 ράριον.
3367 2136 3534 2188 ὈΊεν
3566 2138 3593 2188 6
3615 2135 3776 2204 βασι-

2196 2229 2344 2292 λεὺς,
2366 2230 2455 2281 ὅτε
2479 2229 2848 2300 προϐάλλεται
2873 2228 3273 2299 ἀρχιδιάκονον,
3306 2229 3372 2286 ἐκ
3390 2227 3490 2295 τῆς
3513 2224 3776 2291 τοιαύτης

2196 2321 2306 2374 τῶν
2334 2319 2788 2386 ἐξωκατακοίλων
2809 2319 3014 2383 τάξεως
3039 2317 3112 2380 ὡς
3147 2317 3516 2386 ἐντιμοτέρων
3543 2315 3664 2367 τῶν
3691 2314 3781 2367 ά).-

2196 2413 2305 2466 λων
2355 2413 2522 2467 ὅντων
2556 2412 2923 2483 προϐάλλεται
2976 2409 3191 2471 τοῦτον,
3247 2408 3342 2460 καὶ
3374 2409 3476 2459 οὐκ
3522 2407 3777 2460 ἄλλοθεν.
3851 2442 3856 2449 ι

2197 2506 2288 2559 Διδ
2323 2505 2584 2559 καὶκατὰ
2615 2508 2710 2557 τον
2737 2503 2973 2574 ρηθέντα
3003 2503 3162 2568 λόγον
3195 2502 3354 2569 φορεῖ
3391 2502 3418 2552 ὁ
3456 2499 3780 2569 6916:6210-

2197 2615 2284 2662 vo;
2315 2599 2457 2652 κατὰ
2490 2598 2694 2667 ταύτην
2720 2597 2813 2648 καὶ
2853 2596 3028 2664 μόνην
3063 2596 3162 2662 τὴν
3191 2595 3289 2660 τῆς
3324 2607 3781 2662 σταυροπροσκυ-

2197 2696 2406 2764 νὴσεως
2464 2692 2657 2762 ἑορτὴν
2711 2693 2766 2744 ἐν
2819 2690 2896 2758 τῷ
2942 2689 3191 2758 παλατίῳ
3240 2685 3516 2754 φελὼνην,
3565 2686 3786 2739 καὶούκ

2199 2786 2388 2838 ἄλλοτέ
2413 2802 2567 2838 ποτε.
2630 2784 2692 2836 Εἰ
2738 2783 2794 2835 δὲ
2846 2781 2999 2851 τύχοι
3065 2781 3140 2847 μὴ
3182 2774 3324 2831 εἶναι
3370 2777 3783 2850 ἀρχιδιάκονον,

2199 2880 2358 2947 φέρει
2390 2877 2480 2929 τὸν
2516 2875 2750 2944 σταυρδν
2777 2874 2802 2925 ὁ
2834 2874 3015 2944 τυχὼν
3040 2871 3310 2934 διάκονος.

2269 2969 2484 3022 Είδέναι
2512 2967 2595 3019 δεῖ
2623 2968 2707 3020 ὅτι
2745 2966 2887 3034 ὑπὲρ
2928 2965 3058 3036 ὅλης
3087 2963 3188 3030 τῆς
3218 2963 3382 3030 ἁγίας
3417 2963 3510 3017 καὶ⁷
3539 2961 3793 3032 μεγάλης

2199 3062 2662 3133 Τεσσαρακοστῆς
2686 3063 2734 3113 οἱ
2763 3062 2929 3129 ἱερεῖς
2956 3074 3018 3110 τε
3057 3059 3151 3110 καὶ
3175 3057 3222 3110 οἱ
3245 3055 3486 3110 διάκονοι
3518 3055 3790 3126 πορφυρᾶ

517 3146 567 3192 et
595 3141 878 3208 phelonas,
919 3155 1145 3214 excepto
1183 3145 1322 3202 festo
1367 3147 1837 3214 Annuuliationis,
1882 3144 2095 3202 Palma-

2204 3156 2459 3226 στιχάρια
2483 3155 2576 3208 καὶ
2609 3152 2856 3222 φελῶνας
2888 3150 3136 3222 φοροῦσι,
3163 3150 3306 3220 πλὴν
3342 3149 3441 3218 τῆς
3475 3147 3568 3200 τοῦ
3611 3146 3793 3216 Euar-

518 3247 635 3286 rum
668 3244 724 3288 et
753 3250 953 3305 magno
975 3234 1240 3293 Sabbato.

1118 3414 1344 3470 CAPUT
1393 3415 1460 3470 Χ.

1018 3509 1233 3564 Festum
1263 3509 1600 3564 Palmarum.

593 3604 677 3662 Ad
735 3604 926 3660 festum
960 3602 1276 3658 l‘almarum
1335 3606 1510 3659 media
1589 3605 1924 3660 hebdomade
1972 3614 2095 3660 ante

447 3699 456 3712 "
521 3709 859 3770 praeparatur
905 3697 1280 3752 ambulacrum
1331 3698 1400 3752 ab
1459 3697 1806 3768 imperatoris
1852 3698 2098 3753 conclavi

521 3810 696 3863 usque
744 3793 808 3848 ad
851 3793 1141 3847 ecclesiam
1202 3791 1558 3862 pertingens.
1615 3790 1854 3846 Sahhato
1909 3791 2099 3847 Lazari

521 3897 686 3942 noctu
729 3884 897 3941 ramis
943 3883 1247 3939 virentibus
1280 3893 1536 3939 sternunt
1595 3885 1899 3940 ambulacri
1950 3885 2100 3956 pavi.

521 3989 788 4043 mentum,
849 3978 1198 4047 vestiuntque
1241 3992 1431 4033 omnes
1508 3977 1629 4047 ejus
1679 3978 1967 4034 columnas
2023 3979 2104 4032 vel

521 4081 827 4143 myrtorum
864 4071 948 4127 vel
1003 4071 1281 4126 laurorum
1335 4067 1418 4122 vel
1473 4067 1742 4122 olivarum
1784 4070 1952 4124 ramis
2009 4081 2108 4134 ;ιιι

522 4170 874 4224 illucescente
927 4167 1041 4233 jam
1078 4167 1166 4221 die
1205 4165 1485 4220 Dominica
1545 4164 1837 4235 derepente
1887 4176 2111 4236 apparet

519 4271 868 4317 exstructum
900 4259 1010 4330 iam
1047 4270 1100 4314 et
1133 4269 1499 4328 praeparatum
1539 4256 1936 4315 ambulacrum.
1969 4258 2105 4313 Dum

520 4368 651 4419 ergo
707 4354 1036 4404 matutinum
1097 4348 1444 4414 decantatur,
1504 4349 1736 4403 assunsit
1768 4349 2083 4404 indumenta

521 4460 620 4498 sua
670 4443 990 4511 imperator,
1022 4451 1076 4494 ct
1125 4441 1404 4511 egreditur
1442 4457 1508 4495 ex
1556 4458 1657 4496 suo
1689 4442 1930 4496 conclavi
1982 4457 2106 4495 cum

2200 3248 2464 3318 γελισμοῦ
2492 3247 2705 3319 ἑορτῆς,
2735 3245 2844 3297 τῶν
2870 3244 3076 3310 Βατων,
3106 3242 3203 3296 καὶ
3229 3241 3327 3295 τοῦ
3363 3241 3610 3312 μεγάλου
3649 3241 3786 3296 Σαδ-

2199 3339 2391 3394 ϐάτου.

2713 3428 3117 3485 ΚΕΦΑΛΑΙΟΝ
3150 3428 3227 3484 ι’.

2661 3520 2877 3591 Ἕορτὴ
2908 3521 3031 3575 τῶν
3067 3522 3289 3575 Βατων.

2261 3617 2340 3687 Τῇ
2362 3617 2519 3686 ἑορτῇ
2540 3613 2648 3668 τῶν
2663 3613 2842 3667 Βαῖων
2854 3629 3070 3683 προετοι
3079 3612 3308 3683 μάζεται
3330 3609 3430 3682 μέν
3446 3610 3476 3662 6
3487 3609 3788 3682 περίπατος

2200 3711 2289 3764 διὰ
2323 3711 2493 3779 μέσης
2520 3709 2620 3775 τῆς
2640 3706 2958 3777 ἐ6ἰομάδος,
2991 3705 3097 3759 ἀπὸ
3126 3704 3220 3758 τοῦ
3255 3702 3471 3757 κιλλίου
3499 3701 3596 3756 τοῦ
3639 3705 3789 3775 βασι-

2203 3804 2340 3866 λέως
2370 3804 2570 3873 διήκων
2596 3802 2758 3870 μέχρι
2783 3800 2879 3852 καὶ
2909 3799 3004 3866 τῆς
3038 3797 3355 3866 ἐκκλησίας,
3385 3796 3472 3848 διὰ
3495 3796 3551 3848 δὲ
3572 3797 3674 3862 τῆς
3699 3794 3789 3848 τοῦ

2205 3894 2480 3947 σαϐϐάτου
2499 3891 2594 3945 τοῦ
2619 3890 2868 3959 Λαζάρου
2888 3888 3079 3951 νυκτὸς
3097 3888 3508 3939 καταπάττουσι
3525 3886 3580 3938 τδ
3597 3886 3790 3952 ἔδαφος

2210 3988 2307 4056 μὲν
2341 3985 2436 4038 τοῦ
2464 3985 2820 4055 περιπάτου,
2873 3979 3120 4032 ἐνδύουσι
3148 3979 3204 4032 δέ
3237 3979 3443 4039 πάντας
3485 3979 3617 4041 τώς
3664 3975 3790 4029 artic

2206 4079 2332 4140 λους
2371 4077 2404 4146 ἢ
2436 4075 2522 4127 διὰ
2571 4073 2850 4144 μυρτινῶν
2885 4070 3161 4142 ἦδαφνῶν
3190 4071 3221 4140 ἢ
3253 4070 3471 4125 ἐλαιῶν.
3507 4071 3622 4123 Καὶ
3667 4071 3787 4122 ἐπι-

2210 4168 2538 4239 φωσκούσης
2571 4166 2668 4232 τῆς
2698 4163 2976 4233 κυριακῆς
3021 4163 3274 4232 φαίνεται
3331 4161 3596 4230 ἐξαίφνης
3628 4178 3788 4213 κατε-

2212 4257 2585 4327 σκευασμένος
2619 4256 2737 4324 ἅμα
2775 4256 2868 4306 καὶ
2893 4253 3109 4320 ἕτοιμος
3139 4255 3166 4306 6
3202 4253 3524 4322 περίπατος.
3552 4254 3672 4327 Τοῦγ
3699 4252 3790 4305 οὖν

2211 4352 2408 4422 ὄρθρου
2431 4326 2785 4418 ἐψαλλομένου
2811 4345 3071 4396 ἀλλάσσει
3102 4345 3128 4395 6
3155 4343 3411 4412 βασιλεὺς
3440 4345 3535 4397 καὶ
3565 4326 3787 4414 ἐξέρχεο

2215 4460 2306 4494 ται
2330 4440 2425 4494 τοῦ
2455 4439 2665 4492 κελλίου
2698 4435 2887 4490 αὑτοῦ.
2917 4436 3028 4488 Καὶ
3059 4435 3200 4488 κατὰ
3229 4435 3336 4502 μὲν.
3363 4435 3460 4497 τὰς
3486 4434 3657 4497 ἄλλας
3683 4433 3788 4487 τῶν

523 4537 799 4605 praedictis
850 4534 1189 4588 vcsdmentis
1222 4535 1358 4590 suis.
1395 4533 1460 4588 Et
1507 4534 1629 4588 aliis
1667 4532 1889 4603 quidem
1953 4533 2099 4589 festis

2211 4532 2416 4603 ἑορτῶν
2448 4534 2607 4601 φορεῖ
2634 4531 2727 4584 ἐπὶ
2765 4532 3008 4601 κεφαλῆς
3042 4549 3101 4583 τε
3126 4529 3223 4582 καὶ
3258 4527 3354 4582 τοῦ
3386 4529 3644 4598 σώματος
3676 4525 3790 4582 οἷον

524 4629 628 4683 fert
661 4629 714 4682 in
767 4629 946 4696 capite
1006 4639 1057 4682 et
1119 4643 1347 4697 corpore
1385 4643 1450 4684 ex
1511 4628 1627 4681 suis
1681 4627 2101 4695 gestaminibus.

523 4724 791 4778 arbitratu
834 4737 958 4788 suo,
988 4722 1355 4790 quodcunque
1409 4719 1662 4782 voluerit,
1699 4728 1756 4773 ut
1789 4727 1947 4774 antea
2009 4734 2107 4773 ex-

522 4816 779 4884 plicatmn
806 4823 924 4871 est:
963 4815 1065 4869 hoc
1092 4823 1272 4868 autem
1295 4813 1603 4868 Palmarum
1629 4813 1768 4868 festo
1793 4813 1928 4866 nihil
1955 4812 2103 4866 aliud

522 4908 624 4964 fert
657 4908 763 4963 nisi
813 4917 1045 4962 stemma
1079 4918 1130 4962 et
1187 4921 1431 4970 saccum,
1465 4907 1686 4962 dextera
1723 4914 1946 4974 portans
1983 4922 2107 4960 cru-

522 5015 664 5066 cem,
697 5001 918 5056 sinistra
983 5001 1204 5055 mantile
1263 5015 1384 5055 cum
1446 5000 1631 5054 acacia
1659 5039 1672 5063 ,
1699 5009 1756 5051 ut
1795 4999 1963 5053 moris
2000 5007 2104 5063 est,

523 5100 578 5144 et
629 5091 890 5160 majorem
937 5107 1154 5146 cereum
1189 5131 1202 5144 .
1240 5089 1504 5146 Similiter
1570 5100 1623 5145 et
1707 5104 1962 5160 proceres
2013 5105 2104 5143 as-

466 5173 472 5178 ’
524 5193 747 5238 siunuut
791 5184 989 5238 usitata
1026 5183 1128 5237 sibi
1183 5185 1522 5246 indumenta,
1570 5190 1628 5236 ut
1682 5191 1842 5236 antea
1897 5182 2103 5236 dierum

525 5283 631 5330 CSi.

593 5367 706 5436 68
739 5365 896 5422 Prior
931 5383 1061 5437 ergo
1085 5367 1139 5420 in
1169 5367 1542 5422 ambulacrum
1595 5367 1844 5422 ascendit
1901 5365 2108 5435 lampa-

525 5456 736 5522 darius,
767 5475 985 5519 cereum
1039 5459 1240 5524 ferens,
1302 5467 1584 5527 totumque
1635 5457 1755 5514 festi
1827 5458 2106 5526 proprium

526 5553 796 5605 canticum
829 5552 1124 5608 decantans
1153 5571 1166 5605 :
1209 5571 1226 5603 ι
1260 5551 1611 5620 Egredimini,
1643 5560 1832 5620 gentes
1853 5591 1868 5615 ,
1900 5551 2109 5620 egredi-

526 5639 660 5693 mini
709 5642 914 5709 populi,
964 5641 1413 5710 contempla-nini
1481 5641 1646 5694 hodie
1711 5655 1892 5710 regem
1949 5638 2112 5692 caelo-

529 5747 648 5785 rum
703 5734 950 5789 :tlhristi
1005 5735 1150 5788 enim
1209 5734 1438 5808 ﬁguram
1507 5748 1702 5804 gerens
1750 5730 2108 5800 Evangelium

529 5825 894 5894 progreditur.
935 5848 953 5882 ι
983 5827 1183 5893 Deinde
1213 5828 1507 5898 imperator
1523 5835 1576 5881 ct
1600 5825 1739 5880 ﬁlius
1781 5823 1901 5894 ejus
1939 5825 2112 5894 impe-

2209 4627 2274 4680 ἂν
2307 4627 2414 4678 ἀπὸ
2445 4626 2554 4678 τῶν
2589 4624 2784 4678 ἑαυτοῦ
2839 4627 3164 4694 φορεμάτων
3200 4623 3465 4694 βούλοιτο,
3509 4623 3584 4682 ὡς
3637 4625 3791 4688 656?..—

2206 4720 2396 4772 λωται·
2447 4719 2588 4771 κατὰ
2622 4718 2679 4770 δὲ
2711 4719 2916 4788 ταύτην
2967 4718 3137 4800 οὐδὲν.
3162 4715 3288 4772 ἄλλο
3321 4717 3482 4786 φορεῖ
3521 4717 3571 4768 εί
3621 4717 3695 4784 μὴ
3731 4717 3789 4766 τὸ

2209 4813 2433 4881 στέμμα
2453 4812 2544 4864 καὶ
2573 4811 2662 4863 τὸν
2682 4810 2906 4874 σάκκον,
2934 4809 3117 4879 φέρων
3141 4810 3200 4861 ἐν
3227 4808 3326 4875 μὲν
3352 4810 3419 4877 τῇ
3445 4806 3595 4876 δεξιᾷ
3621 4822 3786 4858 σταυ·

2213 4907 2325 4975 ρον,
2361 4908 2416 4958 ἐν
2441 4907 2496 4959 δέ
2519 4910 2585 4977 τῇ
2621 4907 2886 4976 ἀριστερᾷ
2908 4905 2970 4958 τὸ
3004 4903 3294 4972 μανδύλιον
3333 4903 3471 4970 μετὰ
3500 4902 3597 4968 τῆς
3653 4901 3790 4950 ἀκα-

2209 4999 2350 5060 κίας,
2380 4997 2452 5061 ὡς
2483 4998 2600 5060 ἔθος
2624 5001 2872 5062 ἐστήκαὶ
2891 4997 3167 5067 λαμπάδα.
3202 4995 3587 5048 Ἀλλάσσουσιν
3607 4990 3788 5044 ὡσαύ-

2207 5108 2314 5152 τως
2349 5093 2441 5142 καὶ
2471 5092 2520 5142 οἱ
2561 5089 2825 5159 ἄρχοντες
2856 5089 2925 5141 τὰ
2949 5087 3159 5158 συνήθη
3182 5086 3402 5140 τούτων
3432 5086 3787 5153 άλλάγματα,

2209 5181 2286 5246 ὡς
2315 5183 2673 5253 προείπομεν.

2280 5362 2617 5434 Προέρχεται
2647 5361 2778 5433 γοῦν
2798 5363 2828 5415 6
2853 5360 3235 5432 λαμπαδάριος
3260 5361 3340 5422 είς
3371 5358 3463 5410 τὸν
3483 5356 3791 5428 περίπατον

2210 5455 2476 5525 λαμπάδα
2500 5457 2704 5525 φορῶν,
2735 5455 2957 5526 ψάλλων
2999 5455 3120 5510 ὅλον
3149 5453 3231 5524 τὸκ
3255 5451 3550 5522 ίδιόμελονο
3580 5447 3799 5510 «Ἐξέλ-

2212 5547 2335 5600 οετε
2372 5547 2526 5616 ἔθνη,
2558 5546 2802 5610 ἐξέλθετε
2840 5547 2933 5599 καὶ
2959 5545 3102 5609 λαοὶ,
3124 5543 3395 5606 θεάσασθε
3422 5541 3669 5610 σήμερον
3703 5535 3795 5588 τὺν

2213 5638 2437 5706 βασιλέα
2457 5639 2562 5691 τῶν
2584 5639 2849 5707 ούρανῶψ
2867 5639 2945 5701 εἰς
2962 5639 3133 5690 τύπον
3153 5637 3259 5707 γὰρ
3277 5634 3514 5704 ἶριστοῦ
3537 5634 3596 5685 τὸ
3615 5631 3794 5696 Εὐαγ-

2211 5731 2393 5798 γέλιον
2422 5730 2701 5801 ἔρχεται.»
2736 5725 2872 5783 Εἶτα
2904 5731 2931 5784 6
2957 5727 3213 5800 βασιλεὺς
3238 5727 3334 5780 καὶ
3360 5729 3386 5780 5
3419 5724 3533 5786 υἱὸς
3564 5720 3735 5776 αὐτοῦ
3765 5720 3793 5770 6

2214 5822 2491 5894 βασιλεὺς,
2532 5825 2582 5876 εἰ
2637 5821 2966 5894 παρατύχοιο
3010 5821 3070 5885 ὃς
3113 5821 3178 5893 δὴ
3216 5821 3312 5874 καὶ
3350 5821 3398 5873 εί
3455 5813 3790 5888 ἐστεμμένος
