4044 6436
305 322 375 385 83
1151 324 1250 384 DE
1292 324 1626 384 OFFlClIS
1648 325 1908 386 CPOLl'I

2028 327 2121 387 IS.
2170 352 2239 361 --
2271 328 2435 388 CAP.
2480 328 2702 388 Χ-ΧΙΙ.
3516 324 3586 387 86

305 434 441 499 ἐστὶ,
482 434 642 503 φορεῖ
698 435 927 506 στέμμα
972 438 1063 489 καί
1093 429 1245 497 οὗτος
1282 436 1359 500 ὡς
1390 438 1421 488 ὁ
1459 437 1644 508 πατὴρ
1696 436 1888 500 αὐτοῦ,

2016 445 2169 499 'ator,
2202 437 2246 491 si
2282 439 2423 492 adsit
2479 438 2596 507 (qui
2652 438 2695 493 si
2752 445 3047 491 coronatus
3094 436 3183 500 sit,
3213 436 3309 489 fert
3358 445 3412 491 et
3471 437 3586 505 lpse

304 528 617 582 ἀκολουθῶν
662 528 741 599 τῷ
801 530 1016 599 βασιλεῖ
1045 529 1141 583 καὶ
1183 533 1349 602 πατρὶ
1379 532 1570 587 αὐτοῦ·
1618 532 1750 586 εἰδὲ
1786 532 1880 602 μὴ,

309 623 709 691 στέφανον’καὶ
745 625 964 692 φυάλιν,
991 625 1064 689 ὡς
1110 627 1471 695 προείπομεν.
1509 627 1617 679 Καὶ
1643 626 1762 696 μετ’
1787 628 1887 679 a6-

302 717 394 771 τὸν
440 716 770 786 ἀνέρχονται
819 719 869 772 οί
922 719 1200 783 δεσπόται,
1260 715 1379 773 εἶτα
1430 723 1458 774 6
1507 721 1886 791 ἀρχιδιάκονος

313 808 452 879 μετὰ
471 808 566 862 τοῦ
601 810 966 878 Εύαγγελίουζ
988 811 1183 865 ἔπειτα
1212 814 1240 865 6
1279 813 1652 883 πατριάρχης,
1682 813 1887 883 μᾶλλον

313 901 370 970 δὴ
413 899 466 952 oi
500 901 861 970 πατριάρχαι,
912 902 961 953 εί
1011 901 1281 973 παρόντες
1330 905 1495 969 είσὶν,
1545 904 1889 971 ἐνδεδυμένοι

310 995 402 1054 τὰς
423 991 667 1059 ἀλλαγὰς
693 992 893 1056 αὐτῶν,
930 993 1025 1046 καὶ
1061 995 1199 1063 μετὰ
1226 995 1450 1058 τούτους
1479 997 1643 1067 ἱερεῖς
1669 997 1830 1048 πέντε
1854 994 1886 1064 ἢ

314 1085 560 1150 πλείους,
600 1084 763 1153 ἁγίας
787 1086 1002 1150 εἰκόνας
1038 1087 1321 1157 φέροντες.

397 1267 413 1287 ’
444 1265 799 1320 Απελθόντων
828 1264 921 1320 οῦν
954 1266 1095 1320 οὕτω
1124 1266 1213 1321 διὰ
1238 1265 1331 1319 τοῦ
1384 1269 1694 1338 περιπάτου
1727 1268 1889 1337 μέχρι

316 1359 415 1413 καὶ
464 1359 564 1428 τῆς
596 1359 910 1428 ἐκκλησίας,
941 1360 1149 1426 γίνεται
1187 1361 1218 1428 ἡ
1259 1359 1524 1421 ἀπόλυσις
1555 1362 1650 1413 τοῦ
1686 1360 1889 1429 ὄρθρου

313 1453 521 1505 ἐκεῖσε.
554 1449 684 1503 Elea
715 1453 743 1503 6
773 1451 1025 1519 βασιλεὺς
1063 1452 1395 1522 ὑποστρέφει
1431 1451 1555 1505 καθ’
1585 1452 1643 1505 ὃν
1672 1453 1891 1522 εἴρηται

312 1546 541 1615 τρόπον,
568 1544 663 1596 τοῦ
696 1544 1076 1613 λαμπαδαρίου
1111 1545 1622 1616 προπορευομένου.

384 1637 500 1688 Καὶ
537 1637 674 1704 μετὰ
706 1637 765 1688 τὸ
813 1636 904 1689 τὸν
953 1636 1181 1705 βασιλέα
1211 1637 1307 1690 τοῦ
1339 1638 1647 1706 περιπάτου
1691 1634 1890 1691 κατελ-

312 1731 426 1784 θεῖν
454 1728 547 1782 τόν
575 1746 635 1783 τε
658 1730 996 1800 πατριάρχην
1018 1732 1114 1782 καὶ
1139 1731 1267 1794 τοὺς
1292 1731 1458 1801 ἱερεῖς
1488 1730 1579 1784 τοῦ
1606 1731 1891 1798 βασιλέως,

314 1823 671 1876 παιδόπουλον
692 1822 901 1887 ἐξελθὸν
920 1821 1157 1890 ἁρπάζει
1174 1823 1389 1888 κλάδον,
1403 1822 1688 1891 δηλοῦντος
1713 1823 1901 1875 τούτου

313 1914 594 1984 βασιλικὸν
619 1916 840 1984 ὁρισμὸν
874 1908 1090 1966 εἶναιτὸ
1116 1915 1209 1967 τὸν
1243 1915 1545 1984 περίπατον
1572 1915 1901 1984 διάρπαγμα

311 2007 587 2075 γενέσθαι,
625 2008 718 2059 καὶ
750 2008 943 2060 αὐτίκα
972 2008 1183 2076 γίνεται
1210 2008 1378 2061 οὕτω.
1432 2006 1813 2079 Διαρπάζεται
1840 2007 1898 2060 δὲ

312 2100 463 2168 παρά
480 2116 542 2151 τε
571 2098 679 2151 τῶν
703 2098 1025 2169 Βαράγγων,
1050 2098 1160 2152 τῶν
1180 2115 1332 2169 παρα
1342 2099 1524 2170 μονῶν
1540 2101 1633 2153 καὶ
1658 2098 1769 2153 τῶν
1795 2100 1904 2153 λοι-

312 2192 429 2246 πῶν
455 2191 569 2245 τῶν
599 2191 658 2245 ιν
680 2193 746 2262 τῇ
769 2191 902 2262 αὐλῇ
920 2191 1326 2261 εὑρισκομένων
1339 2189 1567 2255 τάξεων.
1587 2190 1743 2244 Μετὰ
1770 2189 1827 2242 δὲ
1843 2189 1904 2243 τὺ

312 2283 489 2339 ταῦτα
512 2284 702 2338 πάντα
737 2283 992 2351 γενέσθαι
1022 2284 1325 2353 ἀπέρχεται
1353 2283 1453 2353 μὲν
1483 2285 1512 2337 6
1547 2283 1803 2353 βασιλεὺς
1821 2284 1901 2344 είς

314 2378 413 2445 τὴν
435 2375 743 2447 τράπεζαν,
778 2375 900 2428 imi.
929 2375 1244 2444 λειτουργία
1276 2375 1337 2429 ού
1364 2375 1579 2443 γίνεται
1606 2374 1694 2429 διὰ
1715 2375 1775 2427 τὸ
1798 2375 1900 2445 τὴν

316 2473 468 2544 ὥραν
503 2470 910 2541 παραταθῆναι,
934 2472 1204 2541 ὑπηρετεῖ
1226 2473 1279 2525 δὲ
1306 2472 1335 2523 6
1364 2473 1534 2541 μέγας
1556 2470 1897 2542 ὼμέστικος.

845 2560 1245 2614 ΚΕΦᾹΛΑΙΟΝ
1274 2562 1377 2615 IA'.

387 2655 526 2721 Περὶ
554 2654 667 2709 τοῦ
696 2654 798 2708 ὅτε
819 2655 953 2709 ἐστι
981 2654 1407 2721 λελυπημένος
1437 2657 1469 2709 ό
1497 2654 1823 2718 βασιλεὺς.

406 2750 607 2803 ’ἰστέον
649 2749 707 2802 δὲ
748 2749 831 2802 ὅτι
871 2750 904 2817 ή
958 2749 1069 2802 τῶν
1118 2749 1570 2818 Χριστουγεννῶν
1606 2748 1769 2818 ἑορτὴ
1804 2748 1896 2801 καὶ

343 2839 444 2890 τῶν
468 2840 689 2904 (νώτων,
717 2837 853 2891 ἀλλὰ
908 2839 971 2907 δὴ
1005 2842 1100 2892 καὶ
1130 2842 1240 2893 τῶν
1272 2841 1475 2903 Βαῒων,
1511 2841 1723 2908 γίνεται
1759 2843 1897 2893 κατὰ

346 2933 437 2995 τὴν
477 2931 867 3001 γεγραμμένην
897 2931 1052 2996 τάξιν
1088 2932 1229 3001 μετὰ
1275 2933 1383 2986 τῶν
1433 2932 1763 3002 προκύψεων
1805 2931 1899 2983 καὶ

336 3021 421 3073 τοῦ
451 3024 783 3090 περιπάτου,
813 3024 879 3077 ἂν
911 3023 984 3093 μὴ
1076 3024 1451 3093 λελυπημένος
1474 3027 1501 3078 ὁ
1531 3024 1807 3095 βασιλεύς.
1838 3024 1898 3076 Εἰ

1994 527 2169 582 instar
2240 532 2411 599 patris
2491 531 2769 597 stemma),
2824 531 3205 598 imperatorem
3242 538 3327 599 _et
3377 539 3587 598 patrem

1993 634 2155 673 Suum
2190 621 2570 692 subsequitur.
2602 622 2659 675 Si
2699 636 2825 674 vero
2877 637 2985 675 non
3013 620 3081 673 sit
3113 628 3434 682 coronatus,
3460 628 3590 673 tunc

1996 710 2099 765 fert
2140 712 2445 780 simplicem
2490 720 2747 766 coronam
2785 720 2839 764 et
2888 710 3129 780 pltyalin,
3162 722 3217 762 ut
3261 718 3416 761 antea
3445 710 3589 764 dixi-

1998 821 2141 859 mus.
2175 804 2302 858 Post
2340 819 2501 874 quem
2535 805 2841 859 ascendunt
2882 809 3139 872 despntae,
3179 803 3375 857 deinde
3408 801 3592 855 arcbia

1996 899 2264 953 diaconus
2314 912 2442 951 cum
2513 896 2852 967 Evangelio,
2906 908 3094 965 postea
3143 898 3455 965 patriarcha
3507 897 3589 949 vel

1997 991 2181 1060 potius
2225 990 2570 1060 patriarcha,
2613 991 2658 1044 si
2701 1000 2995 1059 prmseutcs
3025 991 3153 1050 sint.
3208 988 3387 1041 induti
3427 988 3589 1041 indu-

1999 1092 2177 1138 menta
2207 1099 2325 1138 sua.
2380 1083 2511 1138 Post
2546 1083 2702 1144 istos,
2740 1092 2976 1152 quatuor
3007 1080 3089 1135 vel
3121 1081 3367 1150 quinque
3402 1095 3588 1135 sacer-

1995 1175 2153 1230 dotes
2186 1185 2469 1245 portantes
2520 1190 2705 1228 sacras
2757 1173 3047 1242 imagines.

2072 1267 2167 1321 llis
2210 1269 2377 1339 igitur
2435 1270 2582 1323 bunc
2649 1270 2701 1321 in
2760 1268 2982 1322 modum
3050 1284 3144 1338 per
3209 1266 3589 1321 ambulacrum

1998 1376 2170 1428 usque
2229 1360 2294 1415 ad
2345 1361 2634 1416 ecclesiam
2697 1361 3028 1415 abeuntibus
3060 1399 3075 1423 ,
3150 1361 3337 1414 ﬁnitur
3390 1359 3587 1413 ibidem

1998 1452 2327 1507 matutinum
2362 1453 2601 1517 ;deinde
2650 1452 2947 1522 imperator
3003 1467 3069 1506 eo
3106 1466 3212 1520 quo
3257 1450 3465 1505 dictum
3513 1444 3596 1504 esl

1998 1547 2160 1600 modo
2194 1547 2513 1607 revertitur,
2548 1557 2829 1616 praaeunte
2880 1545 3240 1615 lampadario.

2067 1638 2178 1709 69
2199 1638 2484 1708 Postquam
2506 1638 2824 1708 imperator,
2845 1638 3156 1708 patriarcha
3175 1645 3229 1691 et
3248 1635 3597 1705 imperatoris

2007 1731 2321 1785 sacerdotes
2355 1732 2420 1784 de
2450 1730 2769 1785 ambulacro
2821 1729 3265 1792 descenderunt,
3322 1743 3456 1797 puer
3506 1742 3595 1780 ac-

2008 1838 2236 1878 currens
2265 1822 2405 1893 rapit
2434 1837 2690 1887 ramum;
2721 1821 2869 1891 quod
2906 1803 3170 1876 indicium
3208 1828 3314 1885 est,
3361 1821 3598 1888 impera-

2009 1915 2143 1970 toris
2166 1917 2384 1970 decreto
2428 1915 2803 1970 ambulacrum
2831 1914 2944 1984 jam
2989 1913 3043 1967 in
3087 1912 3320 1981 pruriam
3372 1925 3597 1965 conccsv

2006 2025 2153 2070 sum.
2182 2018 2236 2063 et
2307 2020 2455 2062 extra
2514 2007 2730 2077 culpam
2781 2004 2897 2060 fore
2929 2006 3035 2059 hos
3069 2005 3160 2074 qui
3199 2004 3486 2072 diripiunt.
3522 2000 3599 2055 l'a

2005 2103 2262 2172 diripitur
2302 2119 2332 2157 a
2362 2101 2629 2169 Barangis
2658 2142 2671 2164 ,
2704 2116 2732 2154 a
2774 2099 3152 2162 stationariis,
3175 2106 3230 2151 et
3280 2112 3307 2149 a
3370 2093 3603 2164 reliquis

2004 2196 2095 2263 qui
2130 2193 2184 2247 in
2219 2192 2341 2246 aula
2377 2200 2510 2246 sunt
2540 2191 2849 2246 ordinibus.
2884 2187 3158 2244 Omnibus
3213 2186 3335 2242 istis
3363 2183 3601 2255 peraetis

2006 2288 2303 2358 imperatOr
2353 2286 2421 2341 ad
2496 2301 2740 2341 mensam
2808 2300 2868 2340 se
2927 2282 3159 2345 confert,
3190 2281 3317 2349 quia
3380 2277 3598 2347 liturgia

2006 2395 2114 2433 non
2148 2378 2477 2440 celebratur,
2517 2377 2659 2445 quod
2714 2386 2929 2443 tempus
2954 2373 3065 2443 jam
3100 2370 3389 2425 (diluxerit.
3439 2369 3599 2423 Mini-

2004 2482 2142 2528 strat
2180 2480 2363 2526 autem
2392 2485 2619 2540 magnus
2660 2468 3023 2521 domesticus.

2603 2557 2837 2614 CAPUT
2869 2558 2962 2612 XL

2080 2654 2154 2710 De
2184 2655 2336 2708 modo
2367 2655 2577 2724 agendi,
2613 2654 2656 2707 si
2703 2654 2991 2713 imperator
3025 2660 3258 2705 versetur
3298 2651 3353 2704 in
3388 2649 3562 2702 luctu.

2076 2747 2411 2812 Notandum,
2444 2746 2602 2808 festa,
2631 2754 2690 2799 ut
2712 2742 3048 2808 Nativitatis,
3083 2742 3375 2795 aninnm
3410 2741 3604 2795 t-tPal-

2005 2856 2243 2907 marum,
2278 2838 2541 2895 celebrari
2568 2835 2727 2908 juxta
2763 2835 3134 2905 pra‘scriptam
3196 2835 3429 2888 iurarant
3474 2851 3599 2890 cum

2006 2934 2145 2989 solio
2170 2933 2385 2987 elevato
2417 2938 2470 2984 et
2515 2929 2853 2994 ambulacro,
2914 2928 2956 2981 si
2993 2930 3293 2998 imperator
3321 2944 3427 2980 non
3474 2943 3600 2981 ver-

2008 3036 2161 3083 setur
2198 3029 2252 3081 in
2285 3027 2459 3080 luctu.
2504 3021 2559 3077 Si
2603 3039 2732 3078 vero
2763 3024 2833 3079 ob
2886 3030 3117 3077 mortem
3157 3026 3237 3077 vei
3271 3026 3460 3079 uxoris
3491 3040 3604 3077 sure

324 3113 378 3165 δὲ
393 3114 479 3168 διὰ
495 3114 769 3185 θάνατονῆ
786 3115 885 3184 τῆς
900 3115 1093 3167 ἑαυτοῦ
1113 3116 1373 3183 γυναικὸς
1396 3117 1547 3180 ίσως,
1567 3118 1668 3186 τῆς
1686 3116 1908 3169 δεσποί-

2016 3118 2382 3189 imperatricis
2409 3116 2491 3171 vel
2522 3116 2639 3179 iilii,
2674 3117 2766 3185 qui
2796 3116 3097 3184 imperator
3130 3116 3319 3181 fuerit,
3353 3124 3601 3169 versetur

328 3224 442 3275 νης,
459 3208 493 3277 ἦ
514 3206 634 3260 υίοῦ
654 3206 819 3261 αὐτοῦ
843 3207 1105 3277 βασιλέως
1117 3209 1271 3272 ὄντος
1288 3208 1400 3276 ,εἴη
1422 3208 1823 3279 λελυπημένος,
1840 3209 1913 3264 τὰ

329 3300 425 3369 μὲν
440 3300 580 3354 ἄλλα
608 3300 677 3355 τὰ
705 3300 991 3371 φλάμουλα
1022 3300 1265 3369 δηλονότι
1286 3301 1380 3355 καὶ
1400 3302 1647 3373 ὁργάνων
1670 3298 1800 3373 ἦχος
1816 3302 1913 3356 καὶ

329 3392 534 3448 στολῶν
559 3394 898 3465 λαμπρότης,
919 3396 980 3448 οὐ
998 3395 1205 3463 γίνεται
1226 3395 1312 3448 διὰ
1332 3395 1428 3463 τὴν
1450 3394 1628 3463 λύπην
1644 3395 1736 3450 τοῦ
1757 3394 1914 3464 βασι·
1944 3420 1947 3424 ·

328 3486 487 3547 λέωςο
507 3485 773 3549 ὡσαύτως
793 3486 912 3540 οῦδὲ
929 3486 1227 3557 πρόκυψις.
1252 3486 1393 3539 Ἀλλ’
1410 3488 1570 3554 ἐξιὼν
1589 3490 1617 3539 6
1635 3488 1910 3558 βασιλεὺς,

331 3580 405 3643 ὡς
429 3581 573 3643 ἔθος,
608 3581 747 3650 μετὰ
768 3580 1072 3651 φορέματος
1096 3580 1287 3635 λευκοῦ
1311 3582 1404 3635 καὶ
1425 3582 1518 3635 τοῦ
1539 3581 1784 3635 σκιαδίου
1816 3581 1913 3635 αύ-

334 3675 451 3737 τοῦ,
490 3674 600 3725 τῶν
632 3673 807 3727 ἄλλων
842 3673 1122 3744 ἀρχόντων
1176 3675 1714 3744 μελανειμονούντων
1748 3675 1911 3744 μέχρι

339 3766 432 3817 καὶ
462 3764 980 3836 σεϐαστοκρατόρων
1002 3766 1095 3818 καὶ
1122 3765 1400 3819 δεσποτῶν
1428 3765 1664 3837 (μέλανα
1693 3767 1915 3835 γάρκαὶ

336 3850 483 3908 οὗτοι
530 3854 760 3925 φοροῦσι
809 3856 948 3910 πλὴν
994 3855 1358 3926 ὑποδημάτων
1405 3872 1466 3909 τε
1513 3856 1612 3909 καὶ⁹
1661 3856 1911 3922 σελλῶν),

340 3949 560 4001 τσταται
589 3949 901 4015 ἔμπροσθεν
931 3949 1027 4017 τῆς
1058 3949 1333 4015 παναγῐας
1352 3947 1619 4002 Θεοτὸκου
1642 3948 1743 4017 τῆς
1769 3964 1915 4002 νικο-

343 4038 524 4099 ποιοῦ,
550 4040 684 4092 ὅπου
719 4042 752 4110 η
779 4040 873 4091 τοῦ
902 4039 1057 4105 ἁγίου
1090 4040 1365 4109 Γεωργίου
1406 4032 1555 4092 ἔστὶν
1594 4040 1787 4093 εἰκών.
1826 4039 1914 4092 Γί-

344 4149 497 4184 νεται
529 4133 709 4185 τοίνυν
734 4134 767 4202 ἡ
788 4132 895 4183 τῶν
921 4131 1218 4200 βασιλικῶν
1241 4132 1525 4202 ὀνομάτων
1544 4134 1790 4203 εὐφημία
1821 4133 1917 4202 μό-

346 4248 373 4281 ν
391 4244 435 4279 ,ν
464 4228 522 4280 ἐν
542 4227 607 4295 τῇ
631 4226 739 4278 τῶν
768 4225 1209 4295 Χριστουγεννῶν
1244 4226 1407 4295 ἑορτῇ
1427 4227 1525 4278 καὶ
1559 4226 1666 4279 τῶν
1693 4226 1913 4292 Φώτων,

348 4322 422 4381 ὡς
448 4322 687 4389 εἴρηται,
708 4319 800 4370 καὶ
827 4318 1127 4388 ἀπέρχεται
1144 4318 1171 4369 6
1195 4317 1483 4388 βασιλεύς.Δ
1514 4319 1603 4372 Ἐν
1627 4318 1685 4371 δὲ
1712 4323 1777 4389 τῇ
1807 4321 1916 4372 τῶν

354 4409 557 4473 Βαῖων,
579 4409 701 4459 ἐπεὶ
724 4407 802 4459 ἔτι
830 4407 1165 4477 ψαλλομένου
1194 4409 1287 4461 τοῦ
1314 4406 1513 4479 ὄρθρου
1540 4408 1749 4476 γίνεται
1770 4412 1797 4462 6
1823 4427 1921 4464 πε-

2015 3214 2071 3270 ἱη
2100 3214 2269 3275 luetu,
2314 3220 2446 3266 tunc
2476 3209 2779 3271 ﬂammula,
2809 3225 3140 3279 organorum
3191 3220 3495 3265 concentus
3550 3220 3605 3264 et

2013 3307 2248 3362 vestium
2274 3306 2534 3376 Splendor
2565 3306 2899 3359 omittuntur
2917 3305 2986 3359 ob
3010 3305 3211 3357 luctum
3236 3303 3604 3371 imperatoris.

2019 3396 2138 3451 Pari
2164 3397 2326 3452 modo
2350 3397 2466 3453 solii
2493 3396 2816 3452 solemuitas
2850 3396 3255 3450 intermittitur.
3286 3395 3391 3451 Sed
3411 3411 3599 3465 egres-

2017 3499 2114 3540 sus
2167 3486 2465 3554 imperator
2525 3500 2625 3556 pro
2685 3500 2837 3539 more
2909 3500 3030 3539 cum
3094 3486 3414 3541 indumento
3470 3503 3604 3541 can-

2016 3576 2143 3632 dido
2172 3585 2225 3631 et
2251 3577 2395 3646 pileo
2447 3592 2568 3640 suo,
2600 3580 2819 3632 creteris
2860 3578 3182 3648 proceribus
3234 3581 3397 3632 etiam
3434 3596 3609 3649 usque

2015 3670 2083 3722 ad
2112 3670 2604 3724 sebastocratorem
2624 3678 2678 3724 ct
2702 3671 2983 3739 despotam
3020 3672 3238 3739 pullatis
3261 3670 3427 3740 (pulla
3458 3673 3606 3727 enim

2016 3758 2199 3813 omnia
2226 3759 2674 3827 l'erunt,exceptis
2698 3758 2894 3812 calceis
2913 3767 2964 3812 et
2984 3759 3177 3829 Sellis),
3206 3770 3306 3815 stat
3328 3771 3453 3814 ante
3479 3777 3576 3816 san
3594 3790 3611 3801 ι

2016 3849 2319 3904 ctissimam
2350 3851 2637 3920 Deiparam
2673 3850 2951 3905 victricem
2979 3867 3072 3906 seu
3109 3853 3611 3908 victori:eeﬂectri-

2019 3957 2169 4007 cem;
2200 3944 2291 3997 ubi
2322 3958 2543 4012 quoque
2566 3945 2738 3998 sancti
2761 3942 2974 4013 Georgii
3003 3945 3179 4013 imago
3199 3946 3411 3999 visitur.
3441 3946 3613 4016 lmpe-

2019 4036 2219 4091 ratoria
2249 4037 2433 4105 itaque
2472 4036 2693 4091 nomina
2727 4036 3021 4090 inultorum
3048 4051 3317 4091 annorum
3356 4052 3615 4107 appreca-

2023 4127 2166 4183 tioue
2183 4127 2488 4197 faustisque
2506 4130 2989 4183 acclamationibus
3008 4131 3351 4185 solummodo
3369 4132 3420 4184 in
3444 4132 3614 4185 Natali

2020 4223 2236 4277 Domini
2280 4223 2412 4276 etin
2472 4222 2613 4277 festo
2666 4221 2959 4275 aninnm
3002 4223 3329 4289 alliciuntur,
3362 4233 3420 4277 ιιι
3452 4242 3616 4294 supra

2022 4314 2252 4378 dictum,
2293 4314 2515 4383 abitque
2557 4314 2870 4382 imperator.
2904 4314 2957 4367 ln
3019 4314 3159 4368 festo
3188 4326 3368 4370 autem
3408 4316 3619 4370 Palma-

2029 4423 2177 4470 rum,
2214 4422 2362 4471 cum,
2400 4410 2623 4476 quando
2664 4407 2843 4462 adhuc
2870 4408 3157 4462 matutinze
3201 4410 3389 4465 laudes
3419 4414 3618 4467 decan-

347 4471 603 4573 ρίπατος,
629 4500 722 4552 καὶ
743 4471 892 4552 ἔστιν
916 4471 1130 4569 ἀνάγκη
1171 4471 1446 4569 γενέσθαι,
1470 4471 1716 4567 ὡςϋὲθος,
1746 4501 1908 4573 λιτὴνλ

2032 4509 2233 4561 tantur,
2268 4500 2546 4569 processio
2581 4500 2693 4565 ﬁat,
2721 4509 2775 4553 et
2812 4502 3129 4561 necesse'sit
3162 4503 3619 4571 supplicationum

348 4592 410 4644 ὲν
448 4590 504 4643 δὲ
528 4592 595 4660 τῇ
627 4590 748 4660 λιτῇ
793 4592 1166 4662 περιπατῆσαι
1200 4591 1293 4644 καὶ
1339 4590 1432 4643 τὸν
1464 4590 1711 4660 βασιλέα,
1745 4594 1773 4645 6
1824 4591 1924 4660 μὲν

2030 4594 2138 4662 70
2162 4593 2398 4657 institui,
2431 4592 2484 4645 in
2517 4592 2918 4660 supplicatione
2966 4608 3129 4659 porro
3163 4595 3326 4648 etiam
3383 4596 3620 4665 impera-

349 4683 655 4752 περίπατος
689 4682 917 4750 γίνεται,
950 4685 1246 4753 περιπατεῖ
1276 4683 1332 4735 δὲ
1373 4685 1400 4736 6
1437 4682 1695 4753 βασιλεὺς
1741 4683 1908 4753 φορῶπ

2025 4695 2198 4740 torem
2227 4694 2475 4755 oporteat
2524 4684 2830 4751 ambulare,
2890 4687 3171 4754 processio
3204 4689 3421 4756 quidem
3459 4705 3626 4757 pera-

352 4774 701 4843 ὲπιλούρικον
745 4775 953 4827 λευκὸν.
985 4780 1077 4828 καί
1123 4774 1452 4843 φακεώλιον,
1490 4777 1585 4827 καὶ
1619 4776 1925 4846 γενομένης

355 4866 672 4929 ἀπολύσεως
718 4865 813 4919 τοῦ
846 4864 1069 4937 ὀρθρου,
1119 4866 1434 4939 ἔμπροσθεν
1466 4868 1565 4938 τῆς
1621 4868 1923 4932 νικοποιοῦ,

354 4959 488 5012 ὅπου
520 4959 616 5011 καί
652 4958 748 5027 τῆς
796 4959 1121 5030 ὁδηγητρίας
1153 4959 1372 5012 ἵσταται
1427 4958 1623 5027 είκὼν,
1662 4960 1929 5030 ὑποστρέ-

357 5065 448 5118 φει
478 5051 504 5102 ὁ
529 5046 807 5118 βασιλεύς.

869 5234 1270 5289 ΚΕΦΛΛΑΙΟΝ
1306 5236 1401 5288 ΙΒ’.

555 5327 911 5381 Ἀκολουθία
959 5326 1067 5395 τῆς
1091 5326 1366 5397 μεγάλης
1395 5326 1750 5397 ἑϐδομάδος.

435 5418 511 5486 Τῇ
542 5418 751 5489 μεγάλη
773 5417 1029 5487 δευτέρᾳ,
1063 5422 1126 5489 τῇ
1162 5420 1376 5491 μεγάλῃ
1409 5419 1589 5493 τρίτῃ,
1618 5424 1684 5490 τῇ
1722 5421 1932 5491 μεγάλῃ

2030 4780 2201 4849 gitur,
2258 4788 2312 4833 et
2382 4778 2684 4846 imperator
2756 4777 3002 4831 ambulat
3072 4778 3251 4832 ferens
3334 4782 3619 4834 candidam

2034 4870 2342 4940 superulam
2377 4880 2431 4923 et
2496 4870 2863 4938 pbaceolium.
2922 4869 3105 4924 Finito
3161 4872 3434 4924 matutino
3499 4883 3623 4928 ante

2036 4963 2333 5032 imaginem
2375 4960 2620 5031 Virginis
2651 4962 2895 5016 victoriae
2946 4962 3267 5028 e’ll‘ectricis,
3307 4965 3399 5018 ubi
3454 4966 3625 5021 etiam

1976 5120 1979 5121 ν
2039 5056 2278 5127 Virginis
2312 5057 2414 5111 viae
2445 5055 2602 5109 (lucis
2637 5055 2819 5125 imago
2852 5056 3148 5123 reperitur,
3182 5056 3403 5112 domum
3444 5077 3624 5115 rever-

2042 5152 2175 5205 titur
2207 5150 2518 5218 imperator.

2645 5238 2874 5295 CAPUT
2911 5238 3024 5293 Xll.

2186 5396 2189 5399 _
2382 5333 2620 5402 Oﬁicium
2655 5349 2861 5402 magna:
2909 5333 3267 5389 hebdomadw.

2118 5427 2271 5483 Feria
2298 5429 2537 5482 secunda
2567 5443 2774 5497 magna:
2810 5428 3182 5490 hebdomadis.
3222 5431 3401 5492 tertia,
3432 5442 3619 5499 quarta

366 5511 616 5581 τετάρτη,
640 5514 706 5580 τῇ
738 5510 956 5581 μεγάλῃ
984 5510 1208 5584 πέμπτῃ
1230 5514 1695 5581 ἁναγινώσκονται
1725 5517 1794 5566 τὰ
1822 5515 1908 5566 τέο

2041 5532 2092 5574 et
2124 5521 2340 5588 quinta,
2370 5518 2625 5589 leguntur
2648 5530 2881 5589 quatuor
2914 5521 3189 5590 evangelia
3225 5522 3302 5573 vel
3340 5522 3406 5572 ab
3435 5524 3625 5575 arcbi—

371 5620 510 5670 σαρα
531 5605 827 5671 εὐαγγέλια
856 5604 891 5673 ἢ
914 5604 1066 5673 παρὰ
1087 5605 1177 5657 τοῦ
1203 5606 1581 5676 ἀρχιδιακόνου
1606 5606 1637 5677 ἢ
1667 5607 1798 5676 παρ’
1826 5609 1941 5659 ἑτέ-

374 5716 470 5766 ρου
512 5698 781 5763 διακόνου,
816 5700 916 5752 ἐὰν
966 5699 1039 5767 μὴ
1086 5699 1238 5763 οὗτος
1282 5700 1474 5766 παρὼν
1524 5701 1693 5769 τύχοι.
1731 5700 1842 5770 Πρὸ
1878 5701 1935 5754 δὲ

374 5790 474 5859 τῆς
506 5790 846 5863 λειτουργίας
884 5789 986 5859 τῆς
1024 5789 1188 5861 αὖτῆς
1229 5790 1469 5862 μεγάλης
1504 5791 1757 5862 πέμπτης
1791 5793 1936 5859 Τίνε’

2042 5613 2276 5667 diacono
2308 5612 2391 5665 vel
2427 5612 2495 5665 ab
2536 5612 2643 5665 alio
2687 5612 2940 5677 diacono,
2988 5614 3033 5667 si
3091 5612 3226 5667 forte
3274 5613 3361 5667 ille
3397 5629 3502 5667 non
3558 5615 3628 5667 sit

2050 5718 2308 5779 praesens.
2342 5702 2545 5758 Eadem
2574 5719 2768 5773 magna
2807 5704 2935 5757 fet-ia
2965 5704 3154 5773 quinta
3190 5712 3315 5757 ante
3346 5704 3618 5772 liturgiam

2047 5797 2358 5855 instituitur
2404 5797 2597 5868 pedum
2626 5795 2757 5851 lotio
2791 5796 2936 5851 hunc
2992 5796 3046 5851 in
3103 5795 3345 5851 modum.
3403 5796 3622 5853 Consti-
