4044 6432
473 257 546 322 87
1199 263 1202 266 ’
1693 287 1954 350 CODth
1999 293 2520 365 canonum

3677 331 3752 397 88

477 377 636 427 munt
672 374 958 432 dmn‘tecim
1000 397 1288 452 pauperes,
1343 405 1550 462 eosque
1610 398 1894 455 subuculis
1936 405 2010 456 sit

477 466 692 510 tunicis-
752 471 924 510 murti:
989 473 1198 510 Ιιι-ιιιιρίρ
1253 493 1345 510 οη..
1385 483 1573 510 Ann-.3-
1613 498 1654 510 η.
1715 490 1820 510 --1-
1861 493 1900 510 s,

3677 374 3752 397 υυ

2112 414 2246 464 ita:
2283 416 2310 467 6
2341 419 2545 489 νιπτὴρ
2599 419 2763 477 οὕτω.
2821 427 3294 500 Προετοιμάζουσι
3356 439 3608 510 πτωχοὺς
3637 444 3746 496 605'-
3831 455 3840 466 ‘

467 466 694 528 tunicis,
752 471 924 524 curtis
987 473 1200 529 braccis
1252 493 1346 534 seu
1384 483 1574 554 caligis
1607 498 1659 541 et
1709 490 1906 546 calceis
1966 510 2055 547 ve-

464 551 662 617 stiunt;
709 565 762 610 et
822 560 996 626 posita
1048 565 1186 629 pelvi
1251 568 1304 623 in
1362 551 1716 640 imperatoris
1782 582 2052 650 conclavi,

461 655 757 717 proteriapa
789 649 921 704 foris
951 657 1014 707 ad
1064 657 1284 724 ianuam
1310 671 1660 734 .consistens,
1685 687 1695 696 ·
1717 649 2051 729 ὺιιηυάἰσιὶοέ

461 749 580 786 nem
653 741 936 804 praemittit
993 763 1115 800 eum
1176 753 1418 824 trisagio.
1463 756 1666 814 Deinde
1734 764 1874 820 lecto
1957 785 2051 837 per

456 819 608 873 illttm
662 829 972 896 evangelio,
1037 838 1255 902 quando
1307 819 1573 908 processit
1632 865 1803 918 usque
1847 854 1911 906 ad
1957 819 2046 911 ilia

457 916 624 969 verba
655 933 669 971 :
713 938 731 970 ι
767 922 931 978 Mittit
968 941 1165 994 aquam
1204 932 1255 985 in
1295 936 1516 1002 pclvitu,
1552 959 1570 991 ι
1614 916 1765 997 ἰιιίυιι
1789 945 1849 999 iit
1877 946 2048 1018 impe-

423 1015 604 1064 rator
669 1027 866 1080 aquam
919 1021 973 1073 in
1041 1023 1261 1089 pelvim.
1317 1029 1504 1084 Postea
1575 1037 1853 1091 adducunt
1927 1043 2040 1112 jam

449 1104 608 1156 antea
651 1119 988 1175 praeparatos
1050 1130 1324 1182 pauperes
1378 1121 1656 1190 sigillatim
1716 1132 2038 1198 quemlibtt,

447 1209 677 1260 quorum
720 1199 900 1267 quivis
937 1219 1097 1258 manu
1168 1225 1384 1264 cereum
1454 1217 1735 1272 ardentem
1810 1235 2038 1292 gestat;

447 1297 497 1334 et
534 1285 636 1340 hoc
661 1291 880 1356 quidem
919 1297 1164 1364 sedente,
1227 1303 1526 1374 protopapa
1575 1322 1754 1365 autem
1793 1331 2029 1386 evange-

445 1375 575 1431 lium
614 1380 840 1449 legente,
877 1385 1115 1459 illudque
1151 1400 1570 1462 pronUatiaute:
1612 1423 1628 1453 ι
1661 1405 1836 1475 Cmpit
1877 1408 2036 1467 Jesus

444 1468 630 1526 Iivare
682 1476 846 1543 pedes
910 1480 1328 1555 discipulorum,
1375 1510 1391 1541 ι
1451 1495 1549 1562 71
1603 1468 1773 1566 idque
1811 1504 2028 1571 sa-pius,

441 1562 617 1618 donec
668 1568 877 1624 scilicet
937 1576 1180 1630 nuntium
1246 1585 1409 1649 pedes
1498 1587 1815 1653 abluuntur,
1885 1596 2031 1648 lavat

441 1653 740 1722 imperator
800 1662 1057 1720 dextrum
1125 1671 1393 1739 cujusque
1469 1679 1679 1746 pedem,
1745 1683 2026 1756 letumque

439 1745 689 1813 t-Zindotte,
713 1768 819 1821 qua
858 1763 1073 1824 praecin.
1098 1772 1183 1813 tus
1207 1774 1308 1826 est,
1348 1768 1613 1840 abstergit
1635 1784 1686 1828 ct
1718 1779 2021 1839 osculatur.

439 1839 556 1904 Quo
600 1857 819 1910 peracto
867 1853 1192 1906 terminatur
1242 1856 1476 1913 ollicium
1526 1863 1763 1920 Iotiouis.
1819 1869 2023 1926 liautur

435 1939 620 1985 autent
653 1937 876 1992 cuilibet
908 1947 1132 2012 pauperi
1163 1949 1260 2001 tria
1293 1967 1453 2005 aurea
1484 1958 1836 2017 ιιιιιιιίδιιιιιιυ.
1862 1963 2018 2020 Ρυει-

435 2029 654 2081 malum
702 2031 992 2090 inchoatur
1030 2041 1252 2111 ltturgia
1279 2061 1374 2099 seu
1407 2049 1594 2105 ini-.33.

502 2294 568 2350 Et
596 2300 813 2367 quidem
852 2305 1146 2375 imperator
1195 2311 1462 2372 induith
1519 2325 1852 2391 supradictis
1899 2333 2015 2387 suis

425 2394 829 2459 gestaminibus
891 2402 1260 2471 quodcunque
1320 2409 1485 2475 \‘cIit;
1547 2427 1800 2478 proceres
1829 2417 2014 2474 ierunt

425 2485 624 2539 usitata
655 2487 756 2541 sibi
788 2489 1130 2547 indumenta.
1180 2497 1307 2552 Post
1364 2502 1671 2557 absolutam
1733 2509 2007 2580 liturgiam

422 2579 536 2630 abit
586 2581 888 2648 imperator
935 2584 987 2636 in
1027 2588 1287 2644 conclave
1328 2607 1512 2648 suum.
1548 2595 1729 2652 Mensa
1757 2604 2006 2673 nuspiam

421 2670 736 2726 instruitur.

406 2831 412 2838 I
495 2763 696 2820 Deinde
718 2771 1030 2836 przestituto
1066 2784 1308 2846 tempore
1331 2781 1549 2837 canitur
1577 2786 1814 2841 ollieium
1867 2791 2005 2861 vigi-

421 2857 527 2922 liae,
561 2859 613 2912 in
672 2874 782 2927 quo
840 2863 1092 2932 leguntur
1155 2867 1443 2926 duo-Iccim
1490 2877 1813 2947 evangelia;
1876 2890 2004 2936 tunc

413 2953 732 3021 imperatori
797 2970 826 3008 a
877 2967 1170 3028 protupapa
1227 2965 1449 3032 grandis
1499 2985 1692 3024 cerens
1727 2973 1998 3040 traditur,

413 3045 637 3115 reliquis
668 3059 848 3102 autem
896 3056 1217 3120 prooeribus
1272 3064 1326 3110 et
1359 3058 1498 3114 intra
1530 3071 1584 3115 et
1626 3074 1774 3115 extra
1821 3067 1993 3119 tricli-

416 3140 567 3194 nium
604 3141 804 3196 dantur
849 3147 988 3198 cerei
1021 3185 1036 3210 ,
1064 3148 1235 3233 Siculi
1267 3152 1318 3203 in
1375 3151 1515 3206 festo
1549 3153 1860 3211 Lumiuum.
1895 3162 1998 3215 tje-
2028 3124 2070 3179 (’

424 3249 574 3286 reum
633 3249 794 3288 suum
861 3247 1039 3301 gestat
1097 3239 1414 3308 imperator,
1477 3245 1604 3296 dum
1654 3249 1998 3316 evangelium

411 3321 627 3392 legitur.
685 3324 946 3382 Lectione
1030 3330 1179 3384 liuita
1249 3349 1536 3401 procerum
1593 3342 1861 3408 quispiam
1930 3361 1992 3397 ex

410 3417 860 3476 honoratior-ibus
908 3435 1188 3491 acceptum
1255 3425 1324 3479 ab
1375 3427 1699 3498 imperatore
1773 3451 1992 3491 cereum

407 3510 669 3580 majorem
705 3512 868 3566 tradit
901 3513 1063 3568 alicui
1101 3531 1272 3583 puero
1302 3521 1591 3587 _aulieocx
1617 3523 1722 3577 i'lis
1751 3526 1841 3593 qui
1872 3529 1994 3584 nul-

406 3604 459 3656 lo
489 3605 686 3673 capitis
723 3607 963 3675 tegmine
999 3619 1252 3676 utuntur,
1309 3622 1567 3684 tenetque
1627 3619 1780 3672 illum
1835 3631 1989 3677 extra

403 3698 470 3750 al
513 3698 841 3752 vestibulum
891 3701 1171 3758 conclavis
1213 3705 1571 3774 imperatorii.
1606 3712 1834 3776 Quando
1860 3729 1989 3771 vero

403 3789 628 3845 alterius
687 3794 958 3862 evangelii
1001 3795 1216 3863 legendi
1273 3808 1488 3868 tempus
1538 3805 1758 3870 appetit,
1794 3808 1989 3880 recipit

401 3897 623 3937 Cet-eum
688 3901 855 3954 supra
914 3886 1092 3941 dictus
1145 3889 1233 3942 ille
1262 3908 1325 3943 ex
1379 3909 1664 3961 procerum
1734 3916 1984 3972 numero,

398 3989 637 4043 cumque
694 3979 1009 4046 imperatori
1068 3981 1356 4047 tradit;et
1383 3987 1465 4040 sic
1514 3988 1771 4060 deinceps
1814 4011 1985 4066 usque

396 4066 463 4120 ad
493 4067 878 4122 duodecimum
905 4073 1276 4143 evangelium.

467 4159 573 4227 72
609 4160 762 4213 Scire
794 4175 1006 4230 oportet
1057 4177 1294 4233 quatuor
1345 4175 1639 4236 quotannis
1676 4177 1888 4247 vigilias
1927 4181 1979 4237 in

393 4249 598 4318 palatio
651 4254 860 4323 peragi,
896 4256 1072 4324 Magni
1117 4263 1366 4323 canonis.
1397 4265 1632 4334 Virginis
1679 4273 1982 4342 acathistm,

391 4344 848 4399 Aununtiationis
893 4356 946 4399 et
997 4349 1204 4416 Magna:
1247 4355 1411 4424 hujus
1465 4357 1614 4414 feriae
1669 4364 1873 4431 quinta:
1923 4368 1976 4422 in

392 4451 552 4488 Οιιιιιιὶ
593 4436 834 4491 Domini.
877 4438 936 4490 Et
967 4444 1018 4493 in
1054 4443 1204 4497 hisce
1239 4447 1436 4514 vigiliis
1490 4451 1787 4522 imperatur
1823 4459 1974 4529 eligit
2008 4471 2010 4480 ‘

2117 4482 2221 4533 ατὰ

390 4529 496 4584 sibi
543 4529 807 4583 arbitratu
846 4548 947 4585 suo
1001 4537 1257 4591 conclave
1291 4578 1305 4601 ,
1366 4553 1421 4595 ut
1465 4545 1704 4602 divinum
1738 4551 1970 4606 ollicium

389 4622 576 4676 audiat
605 4639 620 4687 ;
658 4639 913 4690 proceres
967 4627 1260 4686 triclinium
1289 4651 1581 4706 occupant.

457 4801 503 4854 A
531 4803 704 4871 prima
733 4804 914 4872 vigilia
955 4812 1336 4879 peregrinatur
1367 4818 1419 4873 in
1452 4823 1652 4890 palatio
1679 4829 1970 4884 sanctissi-
2055 4887 2064 4892 __

382 4910 487 4948 ma:
520 4893 765 4964 Deipara:
794 4901 1124 4976 ltodegetriat
1156 4907 1359 4980 imago,
1389 4924 1442 4967 et
1472 4916 1542 4969 ibi
1581 4931 1757 4973 manet
1793 4938 1968 4992 usque

381 4985 450 5041 ad
485 5001 736 5055 magnam
797 4991 1132 5052 Dominicam
1183 4999 1403 5058 I’aselim
1445 5022 1458 5070 ;
1496 5010 1582 5063 cui
1621 5011 1845 5082 imagini
1873 5032 1966 5070 ve-

378 5276 554 5329 usque
587 5263 653 5315 ad
688 5262 869 5319 locum
893 5268 1310 5332 Blacbernarum
1363 5284 1426 5334 τά
1463 5282 1674 5354 ’Υῴηλά
1714 5287 1958 5357 dictum;

378 5367 435 5409 et
458 5353 600 5408 facta
629 5355 698 5409 ibi
748 5357 1132 5427 imperatorum
1159 5381 1687 5438 commemoratione
1722 5383 1960 5455 impera-

378 5452 466 5498 tor
497 5449 806 5504 revertitur.
891 5469 898 5482 ι

952 5547 1178 5607 CAPUT
1217 5555 1356 5612 XIII.

376 5628 536 5686 Hora
577 5649 780 5704 magna:
809 5639 1123 5701 Parasceves
1157 5661 1206 5703 et
1230 5654 1467 5722 ofﬁcium
1498 5661 1682 5735 Magni
1720 5671 1949 5730 Sabbati

445 5723 638 5796 Magna
680 5730 972 5794 Parasccrc
1007 5755 1277 5800 canuntur
1308 5748 1452 5808 hora:
1503 5771 1624 5814 cum
1673 5769 1946 5837 tropariis,

2161 503 2317 572 δεκα,
2345 509 2440 561 καὶ
2472 512 2719 569 ἐνδύουσι
2754 520 2979 585 τούτους
3012 525 3332 595 ὑποκάμισα
3355 530 3465 598 ﬁt»;
3486 535 3742 603 χιτῶνας,

2159 601 2633 674 κονρτζουσράκια
2670 612 2762 664 καὶ
2800 617 3129 682 παπούτζια.
3159 621 3267 673 Καὶ
3295 623 3548 696 τεθείσης
3578 629 3636 680 ὲν
3663 601 3744 697 τῷ

2155 691 2252 744 τοῦ
2288 693 2553 762 βασιλέως
2588 703 2786 773 κελλίῳ
2825 705 3084 779 λεκάνης,
3115 715 3142 766 6
3170 691 3554 782 πρωτοπαπάς
3581 691 3742 786 ἐκτὸς

2155 784 2290 852 πρὸς
2328 787 2427 858 τὴν
2461 790 2634 862 θύραν
2677 796 3071 870 εὑρισκόμενος
3109 809 3257 858 ποιεῖ
3301 808 3599 880 εὐλογητὸν
3642 784 3740 868 καί

2152 876 2302 945 λέγει
2339 881 2397 933 τὸ
2428 885 2731 951 τρισάγιον.
2769 890 3002 944 Ἔπειτα
3048 895 3142 947 τοῦ
3182 897 3505 966 εὐαγγελίου
3536 906 3734 972 ἀναγι-
3809 961 3816 966 ,

2151 974 2500 1039 νωσκομένου
2521 977 2650 1046 παρ’
2669 980 2856 1043 αὐτοῦ,
2882 984 3013 1036 ὅταν
3039 986 3195 1057 εἴπῃ,
3237 991 3338 1043 «Τὸ
3369 993 3512 1064 ὕδωρ
3545 995 3732 1064 βάλλει

2148 1063 2227 1122 είς
2259 1063 2348 1115 τὸν
2379 1069 2672 1138 νιπτῆρα.»
2707 1074 2862 1140 ἐγχεῖ
2887 1076 2944 1127 ἐν
2977 1081 3042 1146 τῇ
3086 1079 3291 1154 λεκάνῃ
3321 1084 3378 1140 τὸ
3411 1063 3556 1154 ὕδιυρ
3584 1090 3612 1139 6
3633 1088 3736 1157 βα·

2146 1155 2347 1218 σιλεύς.
2382 1155 2511 1212 Εἶτα
2542 1166 2769 1234 φέρουσι
2810 1171 2888 1220 το”
2911 1188 2938 1231 ς
2964 1177 3524 1245 προητοιμασμένους
3559 1155 3728 1251 πένη-

2138 1265 2237 1310 τας
2277 1253 2409 1302 καθ’.
2463 1253 2562 1308 ἕνα
2619 1257 2959 1325 βαστάζοντα
3008 1266 3180 1335 κηρὸν
3233 1268 3560 1338 ἁπτόμενον.
3617 1276 3727 1327 Καὶ

2101 1396 2107 1401 _
2136 1340 2328 1392 τούτου
2381 1344 2481 1410 μὲν
2529 1347 2881 1414 καθίσαντος,
2911 1352 3004 1404 τοῦ
3040 1355 3096 1408 δὲ
3125 1363 3494 1427 πρωτοπαπᾶ,
3529 1362 3605 1425 ὡς
3647 1363 3726 1416 εῖ-

2134 1447 2319 1500 ρηται,
2344 1435 2404 1488 τὸ
2427 1438 2743 1504 εὐαγγέλιον
2767 1443 3236 1510 ἀναγινώσκοντοξ
3259 1451 3352 1502 καὶ
3373 1451 3623 1518 λέγοντος
3639 1455 3722 1522 τὸ,

2138 1524 2415 1594 ι’Ήρξατο
2447 1531 2476 1582 6
2533 1531 2744 1598 Ἰησοῦς
2783 1535 2909 1598 τοὺς
2948 1539 3112 1600 πέδας
3155 1542 3365 1595 νίπτειν
3409 1546 3722 1619 τῶνμαθη-

2127 1618 2292 1672 τῶν.»
2324 1620 2416 1672 καὶ
2431 1621 2589 1676 τοῦτο
2608 1626 2868 1690 πολλάκις
2892 1628 3054 1698 μέχρι
3086 1632 3332 1702 δηλονότι
3363 1618 3717 1708 πάνταςνιςρ-

2131 1709 2313 1777 θῆναι,
2340 1714 2520 1768 νίπτει
2547 1719 2574 1769 6
2598 1708 2857 1784 βασιλεῦς
2879 1722 2968 1774 τὸν
2983 1723 3156 1789 δεξιὸν
3177 1726 3313 1780 πόδα
3343 1729 3601 1796 ἑκάστου,
3620 1735 3718 1788 καὶ

2131 1803 2554 1871 ἅποσπογγίσας
2584 1809 2672 1862 δ;ὰ
2706 1812 2804 1880 τῆς
2840 1817 3204 1886 κρεμαμένης
3237 1819 3552 1889 ἔμπροσθεν
3586 1825 3713 1877 τού-

2129 1909 2224 1945 του
2258 1897 2515 1962 σινδόνος,
2546 1899 2638 1951 τὸν
2669 1901 2931 1968 νιφθέντα
2975 1907 3110 1959 πόδα
3151 1910 3459 1972 ἀσπάζεται
3500 1913 3710 1970 τοῦτον.

2128 1985 2234 2038 Καὶ
2266 1985 2411 2038 οὕτω
2439 1991 2738 2057 γενομένου
2767 1994 3070 2050 τελειοῦται
3095 1999 3127 2068 ἡ
3167 1999 3262 2052 τοῦ
3292 2003 3557 2073 νιπτῆρος
3589 2005 3712 2058 ἀκο-

2126 2079 2338 2131 λουθία.
2373 2080 2690 2136 Δίδονταιδὲ
2721 2087 2817 2137 καὶ
2840 2088 2920 2140 ἑνὶ
2937 2089 3156 2158 ἑκάστῳ
3182 2093 3362 2146 αὐτῶν
3393 2096 3497 2148 ἀνὰ
3528 2087 3709 2165 χρυσᾶ

2126 2171 2438 2241 νομίσματα
2489 2175 2638 2245 τρία⁹
2689 2179 2783 2231 καὶ
2832 2182 2973 2249 μετὰ
3015 2183 3175 2237 τοῦτο
3219 2185 3450 2256 ἄρχεται
3510 2189 3542 2258 ἡ
3594 2188 3707 2242 λει-

2121 2266 2377 2334 τουργία.
3437 2349 3440 2351 ἓ

2207 2359 2395 2440 ὈΙμὲν
2425 2356 2519 2414 οὖν
2557 2362 2822 2433 βασιλεὺς
2857 2369 3018 2436 φορεῖ
3045 2369 3107 2422 ἐκ
3141 2369 3251 2422 τῶν
3277 2372 3704 2440 προειρημένων

2122 2426 2447 2522 φορεμάτων
2472 2426 2641 2510 αὐτοῦ
2674 2426 2880 2513 οἷον-ἂν
2908 2426 3176 2530 βούλοιτο,
3208 2465 3258 2516 οῖ
3305 2426 3364 2517 δέ
3392 2426 3455 2534 γε
3493 2464 3701 2535 ἄρχον-

2119 2562 2210 2606 τες
2241 2545 2308 2596 τὰ
2335 2546 2544 2616 συνήθη
2589 2549 2776 2604 αὐτῶν
2822 2553 3118 2622 φορέματα
3156 2553 3422 2618 ἕκαστος·
3460 2557 3601 2626 μετὰ
3640 2557 3701 2610 δὲ

2115 2638 2216 2706 τὴν
2245 2637 2509 2692 ἀπόλύσιν
2541 2641 2847 2712 ἀπέρχεται
2876 2645 2980 2716 μὲν
3009 2649 3038 2699 6
3078 2646 3332 2714 βασιλεὺς
3359 2649 3440 2712 είς
3490 2649 3551 2701 τὸ
3576 2647 3700 2702 κέλ-

2113 2729 2226 2783 λιον
2253 2732 2418 2785 αὐτοῦ
2439 2749 2453 2764 ο
2481 2736 2735 2803 τράπεζα
2769 2737 2826 2791 δὲ
2857 2738 3120 2808 οὐδαμοῦ.

2205 2824 2441 2877 Ἔπειτα
2497 2826 2760 2896 ψάλλεται
2817 2830 2851 2895 ἡ
2896 2831 2996 2898 τῆς
3050 2833 3361 2900 ἀγρυπνίας
3394 2834 3694 2889 ἀκολουθία

2111 2915 2250 2967 κατᾶ
2291 2918 2381 2968 τὸν
2419 2921 2755 2988 τεταγμένον
2785 2923 2996 2992 καιρὸν,
3021 2925 3126 2976 καθ
3146 2927 3158 2945 ’
3179 2926 3246 2996 ἣν
3274 2927 3689 2994 ἀναγινώσκον-

2109 3025 2198 3058 ται
2232 3009 2296 3059 τὰ
2325 3009 2532 3063 δώδεκα
2549 3013 2862 3082 εὐαγγέλια.
2894 3015 2982 3068 ὅτε
3011 3016 3088 3087 τῷ
3109 3019 3205 3084 μὲν
3227 3018 3442 3085 βασιλεῖ
3477 3020 3689 3074 δίδοται

2103 3099 2322 3168 λαμπὰς
2350 3103 2497 3172 παρά
2521 3104 2616 3157 τοῦ
2644 3109 3013 3174 πρωτοπαπόἰ,
3029 3111 3141 3180 τοῖς
3160 3109 3215 3162 δὲ
3235 3111 3440 3173 λοιποῖς
3459 3113 3691 3182 ἄρχουσι

2110 3193 2265 3254 πᾶσι,
2313 3196 2424 3255 τοῖς
2445 3211 2505 3246 τε
2580 3197 2731 3260 ἐντὸς
2764 3199 2859 3251 καὶ
2885 3200 3044 3264 ἐκτὸς
3067 3200 3162 3253 τοῦ
3189 3203 3492 3273 τρικλίνου,
3521 3206 3690 3274 κηροὶ

2103 3280 2177 3342 ὡς
2235 3285 2342 3342 καὶ,
2378 3287 2521 3341 κατά
2571 3288 2670 3356 τὴν
2705 3289 2812 3342 τῶν
2862 3291 3061 3360 φώτων
3101 3296 3324 3365 ἡμέραν
3346 3313 3361 3328 °
3395 3297 3588 3366 ἥντινα
3619 3299 3688 3369 δὴ

2099 3370 2356 3440 λαμπάδα
2383 3378 2537 3446 φέρει
2579 3382 2619 3444 ὁ,
2643 3382 2898 3450 βασιλεὺς
2927 3387 3021 3440 τοῦ
3071 3389 3393 3456 εὐαγγελίου
3416 3392 3689 3458 ἀναγινω-

2099 3469 2390 3536 σκομένου,
2423 3473 2516 3526 καὶ
2558 3477 2700 3542 μετά
2724 3477 2824 3547 τὴν
2869 3479 3064 3532 τούτου
3107 3482 3376 3536 ἀπόλυσιν
3408 3486 3435 3536 ὀ
3467 3485 3688 3552 ἐντιμό-

2095 3574 2251 3628 τερος
2273 3561 2383 3614 τῶν
2413 3563 2872 3635 καθευρεθέντων
2906 3571 3088 3624 ἐκεῖσε
3146 3573 3427 3642 ἀρχόντων
3453 3575 3561 3628 ἀπὸ
3582 3574 3680 3629 τοῦ

2095 3648 2366 3717 βασιλέως
2414 3655 2714 3725 λαμϐάνων
2758 3661 2962 3729 χειρῶν
3018 3663 3102 3714 ἐνὶ
3161 3665 3273 3716 τῶν
3297 3667 3682 3723 παιδοπούλων

2089 3741 2306 3796 δίδωσιν
2333 3749 2590 3812 ἁσκεπεῖ,
2637 3753 2734 3803 καὶ
2774 3755 3000 3822 κατέχει
3034 3754 3140 3819 ἔξω
3173 3756 3305 3824 περὶ
3327 3757 3396 3810 τὰ
3425 3757 3679 3828 πρόθυρα

2087 3834 2185 3888 τοῦ
2220 3837 2434 3892 κελλίου
2457 3841 2554 3894 τοῦ
2583 3843 2872 3910 βασιλέως.
2926 3846 3035 3898 Καὶ
3060 3847 3148 3899 ὅτε
3179 3865 3242 3914 γε
3285 3850 3447 3903 πάλιν
3489 3851 3678 3918 μέλλει

2087 3929 2511 4001 ἀναγνωσθῆναι
2552 3935 2742 4012 ἕτερον
2775 3939 3113 4004 εὐαγγέλιον,
3150 3941 3177 3992 6
3206 3940 3466 4010 δηλιυθεὶς
3489 3943 3678 4012 ἄρχων

2086 4019 2184 4089 τὴν
2215 4022 2479 4091 λαμπάδα
2530 4010 2828 4095 λᾶμὸάνων
2864 4029 3083 4082 δίδωσιν
3113 4028 3270 4094 αὖθις
3298 4033 3376 4102 τῷ
3415 4010 3632 4103 βασιλεῖ
3657 4051 3673 4067 ⁸

2086 4112 2322 4184 καθεξῆς
2355 4118 2558 4182 ὁμοίιος
2594 4120 2756 4188 μέχρι
2793 4124 2888 4173 καὶ
2928 4123 3038 4175 τῶν
3075 4125 3310 4181 δώδεκα.

2154 4207 2248 4258 Δεῖ
2275 4207 2333 4258 δὲ
2373 4209 2664 4274 γινώσκειν
2724 4214 2806 4265 ὅτι
2852 4217 2909 4266 ἐν
2959 4215 3037 4284 τῷ
3079 4219 3330 4288 παλατὶῳ
3397 4221 3672 4291 τέσσαρες

2082 4297 2383 4367 ἀγρυπνίαι
2447 4303 2688 4368 γίνονται
2749 4305 2871 4358 κατ’
2931 4309 3208 4374 ἐνιαυτὸν,
3272 4310 3369 4364 τοῦ
3425 4314 3669 4381 μεγάλου

2081 4389 2328 4452 κανόνος,
2393 4394 2496 4460 τῆς
2553 4397 2878 4463 ἀκαθίστου,
2932 4399 3030 4452 τοῦ
3081 4402 3516 4473 εὐαγγελισμοῦ,
3572 4406 3670 4459 καὶ

2273 4484 2480 4552 ταύτην
2525 4486 2626 4556 τὴν
2690 4491 2939 4560 μεγάλην
2981 4493 3213 4562 ἑορτήν·
3269 4497 3361 4547 καὶ
3401 4496 3483 4548 ὅτι
3511 4498 3538 4549 6
3566 4496 3669 4565 μὲν

2085 4574 2339 4643 βασιλεὺς
2393 4577 2607 4632 ἵσταται
2643 4581 2700 4634 ἐν
2811 4585 2876 4635 ἂν
2915 4585 3026 4637 τῶν
3075 4586 3308 4639 κελλίων
3339 4583 3508 4641 αὐτοῦ
3539 4588 3670 4658 βού-

2081 4666 2227 4719 λοιτο
2277 4669 2420 4722 κατὰ
2476 4671 2684 4736 ταύτας
2732 4675 2836 4736 τὰς
2891 4677 3220 4745 ἀγρυπνίας,
3272 4681 3374 4748 τῆς
3435 4681 3668 4735 ἀκολου-

2080 4757 2199 4820 θίας
2228 4759 2466 4824 ἀκούων,
2499 4763 2550 4814 οἱ
2582 4763 2637 4815 δὲ
2665 4765 2927 4834 ἄρχοντες
2960 4768 3015 4818 έν
3050 4767 3127 4836 τῷ
3160 4768 3446 4838 τρικλίνῳ.
3491 4765 3496 4768 ”

2161 4850 2292 4903 Ἀπὸ
2340 4852 2396 4905 δὲ
2439 4855 2537 4922 τῆς
2594 4857 2821 4926 πρώτης
2859 4859 3042 4910 αὐτῶν
3097 4861 3442 4930 ὲπιδημοῦσα
3477 4864 3535 4916 ὲν
3583 4863 3663 4933 τῷ

2077 4941 2328 5012 παλατίῳ
2361 4945 2530 4998 εἰκὼν
2562 4951 2659 5016 τῆς
2692 4951 3005 5020 ὑπεραγίας
3029 4951 3298 5005 Θεοτόκου
3337 4957 3435 5020 τῆς
3469 4957 3664 5026 ὁδηγη-

2072 5034 2231 5102 τρίας
2271 5037 2422 5105 μένει
2465 5039 2630 5108 μέχρι
2682 5043 2776 5093 καὶ
2810 5042 2909 5111 τῆς
2954 5043 3204 5114 μεγάλης
3240 5046 3529 5117 Κυριακῆς
3563 5047 3658 5102 τοῦ

2075 5126 2269 5196 Πάσχα
2289 5143 2304 5159 ·
2337 5129 2529 5199 ἥντινα
2556 5132 2741 5186 εἰκόνα
2763 5134 3074 5203 ἐρχομένην
3107 5136 3205 5204 μὲν
3229 5137 3448 5207 ἀπαντᾷ
3474 5141 3501 5190 ὁ
3532 5137 3659 5208 pa--

2072 5219 2254 5282 σιλεὺς
2308 5222 2365 5272 ἐν
2411 5227 2474 5292 τῇ
2529 5223 2672 5294 πύλῃ
2723 5225 2824 5293 τῆς
2874 5224 2970 5277 τοῦ
3020 5215 3287 5279 παλατὶου
3345 5228 3538 5298 αὐλῆς,
3585 5233 3652 5300 τῇ

2067 5312 2297 5383 δευτέρᾳ
2322 5313 2379 5366 δὲ
2417 5303 2808 5386 ἀπερχομένην
2849 5318 3166 5390 προπέμπει
3215 5319 3377 5390 μέχρι
3419 5322 3652 5376 καὶτῶν

2082 5401 2344 5474 ’Υψηλῶν
2378 5407 2558 5470 ἐκτὸς,
2590 5411 2684 5461 καλ.
2719 5413 3023 5482 γενομένης
3043 5414 3221 5465 ἐκεῖσε
3266 5416 3492 5485 μνήμης
3538 5415 3649 5472 τῶν

2064 5495 2335 5566 βασιλέων
2373 5500 2631 5570 βασιλεὺς
2665 5504 3041 5574 ὑποστρέφει.

2588 5596 2986 5651 ΚΕΦΑΛΑΙΟΝ
3016 5599 3116 5654 ΙΡ.

2273 5687 2344 5738 Al
2371 5686 2515 5754 ὧραι
2548 5688 2661 5755 τῆς
2699 5689 2972 5758 μεγάλης
3001 5697 3425 5766 Παρασκευῆς.

2134 5776 2212 5847 Τῇ
2268 5779 2481 5850 μεγάλῃ
2522 5781 2857 5854 Ιιαρεισκενῇ
2888 5783 3184 5857 «patiam;
3218 5792 3274 5845 al
3317 5787 3458 5864 ὧραι
3497 5813 3636 5866 μετα
