4044 6442
561 316 627 385 91
1760 315 2029 378 conm
2063 314 2601 377 CUROPALA-m
3758 322 3829 384 92

567 440 763 501 lectus,
807 438 1108 505 ingreditur
1140 437 1529 505 osculaturque
1563 446 1617 491 et
1654 437 1769 505 ipse
1796 453 1919 492 enm
1966 434 2137 490 comi-

2258 428 2404 504 ἱεται
2439 437 2536 487 καὶ
2567 435 2883 500 ἀσπάζεται
2918 439 3013 490 καὶ
3042 436 3197 501 οὗτος
3228 440 3363 508 μετὰ
3395 440 3504 492 τῶν
3542 439 3639 492 σὺν
3679 441 3829 510 αύτῷ

568 542 680 584 tatu
719 547 819 585 suo
847 532 1249 598 imperatorem,
1284 530 1746 596 quemadmodum
1779 540 1832 584 et
1859 543 2138 597 proceres,

569 636 622 674 ut
650 625 957 691 expositum
991 629 1095 685 est,
1151 620 1256 689 75
1290 635 1483 690 nempe
1543 621 1757 689 pedem,
1803 636 2024 674 manum
2087 628 2138 673 et

567 729 761 785 genam
784 713 939 781 ejus;
970 728 1205 779 cumque
1224 713 1403 766 adhuc
1437 713 1762 766 matutinum
1791 713 2136 776 decantatur,

574 808 872 859 traduntur
912 806 1042 867 illis,
1071 806 1232 860 sicuti
1264 815 1318 860 et
1358 807 1572 861 cmtcris
1598 806 1948 875 primoribus,
1975 806 2140 859 cerei.

566 900 695 953 Post
725 898 975 953 osculum
1016 898 1332 953 di5cedunt.

640 992 826 1046 Veneti
859 1007 989 1045 vero
1035 1007 1213 1061 neque
1249 991 1314 1044 ad
1350 990 1647 1045 multorum
1697 1004 1963 1042 annorum
1992 1001 2144 1040 com-

566 1085 943 1152 precationem
978 1100 1154 1152 neque
1186 1084 1252 1137 ad
1288 1084 1539 1138 osculum
1577 1083 1821 1137 veniunt.
1855 1081 2029 1135 Causa
2062 1091 2146 1134 est

507 1202 513 1207 ν
566 1175 693 1227 ἰδίη.
738 1177 1038 1243 Imperator
1064 1174 1288 1228 Michael
1311 1175 1519 1243 primus
1549 1172 1982 1243 Palaeologorum
2018 1186 2143 1240 per-

565 1275 939 1331 pctuumcum
984 1266 1370 1321 Genuensihus
1419 1265 1597 1322 fwdus
1639 1267 1865 1335 pepigit,
1928 1265 1981 1318 in
2037 1279 2144 1331 quo

564 1356 728 1408 etiam
766 1356 831 1408 de
868 1356 1075 1410 honore
1130 1357 1439 1425 imperatori
1490 1357 1740 1410 habendo
1785 1356 2142 1410 constitutum

567 1459 649 1500 est
678 1467 689 1501 :
721 1449 939 1516 quando
973 1449 1231 1502 nimirum
1261 1458 1563 1516 potestatus
1595 1464 1657 1502 ex
1688 1448 1874 1503 Genua
1901 1447 2143 1516 appellit,

569 1540 724 1592 initio
747 1550 799 1593 et
827 1552 954 1594 tunc
988 1542 1189 1603 solum,
1213 1543 1491 1611 ingressus
1517 1542 1581 1595 ad
1615 1543 2021 1595 venerationem
2047 1541 2149 1592 im-

570 1636 840 1701 peratoris
880 1651 1055 1705 genua
1086 1638 1170 1690 his
1216 1635 1406 1700 ﬂectit,
1440 1638 1607 1691 semel
1641 1638 1801 1691 simul
1832 1654 1895 1691 ac
1923 1636 2144 1690 triclinii
2198 1703 2204 1708 ‘

565 1724 789 1791 januam
823 1726 1013 1790 intrat,
1038 1737 1093 1781 et
1134 1743 1328 1782 rursus
1357 1729 1410 1781 in
1443 1729 1630 1783 medio.
1653 1728 1771 1797 ejus
1815 1745 1828 1793 ;
1863 1742 1970 1797 quo
2005 1726 2146 1780 facto

568 1819 779 1873 accedit
802 1828 856 1873 et
886 1822 1168 1875 osculatur
1201 1822 1552 1889 imperatoris
1585 1824 1637 1877 in
1665 1824 1864 1878 throno
1902 1823 2142 1877 sedentis

568 1911 760 1981 pedem
788 1923 841 1966 ct
863 1928 1106 1968 manum.
1131 1912 1396 1973 Similiter
1426 1926 1481 1970 et
1504 1917 1595 1970 alii
1628 1917 2002 1973 Genuensium
2035 1916 2149 1985 pri-

568 2018 752 2059 mores
786 2019 1013 2077 peregre
1041 2009 1246 2064 reversi
1281 2024 1408 2063 cum
1434 2009 1794 2065 veneratione
1825 2008 2146 2066 osculantur

567 2095 915 2165 imperatoris
938 2098 1125 2166 pedem
1156 2111 1211 2155 et
1244 2116 1488 2155 manum.
1522 2101 1576 2155 In
1612 2101 1935 2171 quotidiano
1963 2110 2145 2157 autem

567 2185 716 2240 cultu
756 2186 1070 2256 deferendo,
1122 2189 1321 2244 ablatis
1364 2190 1662 2260 capputiis,
1699 2191 1942 2245 secundo
1972 2206 2144 2261 genua

567 2280 837 2347 ﬂectunt;
872 2290 925 2336 et
967 2281 1190 2351 quando
1234 2284 1486 2337 triremes
1514 2298 1708 2336 eorum
1742 2264 1986 2346 veniunt,
2034 2284 2149 2338 sive

569 2375 776 2438 multae,
809 2374 922 2429 sive
957 2392 1165 2445 paucae,
1199 2375 1313 2430 sive
1348 2377 1513 2430 etiam
1570 2392 1702 2441 una,
1760 2376 2145 2443 imperatorem

571 2466 769 2521 faustis
806 2467 1290 2522 acclamationibus
1347 2464 1774 2536 prosequuntur.
1823 2467 1891 2521 Et
1940 2468 2057 2522 inec
2086 2466 2150 2519 de

569 2538 957 2610 Cannensibus
988 2556 1128 2610 dicta
1165 2565 1353 2628 sunto,
1385 2556 1464 2610 Ad
1496 2555 1731 2612 Venetos
1760 2558 1904 2628 quod
1934 2558 2148 2621 attinet,

570 2661 696 2701 cum
761 2648 1053 2717 praedictus
1110 2624 1411 2717 imperaior
1469 2624 1973 2720 statuisset‘paulo
2029 2660 2154 2719 post

572 2755 724 2794 arma
760 2750 954 2795 contra
997 2740 1118 2796 illos
1148 2756 1391 2805 sumere.
1419 2755 1530 2796 non
1561 2740 1695 2797 fecit
1726 2757 1851 2796 cum
1886 2742 1995 2797 illis
2026 2756 2153 2812 per-

573 2833 774 2888 fectam
808 2848 1022 2903 pacem,
1044 2833 1138 2887 sed
1173 2834 1374 2888 modici
1407 2835 1666 2904 temporis
1700 2834 1987 2903 inducias;
2018 2851 2154 2905 qua-

570 2934 797 2994 propter
847 2935 1105 2980 aecurate
1146 2939 1255 2979 non
1311 2933 1440 2980 sunt
1490 2939 1683 2981 eorum
1725 2926 2151 2981 consuetudines

569 3025 867 3083 annotatae,
901 3017 1058 3071 sicuti
1094 3017 1493 3073 Genuensium.
1526 3015 1755 3084 Quando
1809 3018 1972 3086 igitur
2005 3018 2151 3072 venit

2246 530 2337 581 τὸ’ν
2367 528 2620 598 βασιλέα,
2660 528 2805 583 καθὰ
2840 534 2934 582 καὶ
2965 531 3012 582 οἱ
3074 532 3358 600 ἄρχοντες,
3391 533 3466 595 ὡς
3501 534 3828 603 δεδήλωται,

2247 620 2368 687 ἦτοι
2398 621 2490 670 τὸν
2518 621 2678 683 πόδα,
2715 621 2815 690 τὴν
2846 624 3005 691 χεῖρα
3035 624 3130 675 καὶ
3182 623 3280 693 τὴν
3333 624 3573 693 παρειὰν
3634 625 3828 679 αὐτοῦ.

2245 710 2604 782 Ψαλλομένου
2639 713 2696 764 δὲ
2732 713 2812 765 ἔτι
2846 712 2939 765 τοῦ
2995 714 3198 783 δρθρου
3264 714 3499 768 δίδονται
3544 716 3638 769 καὶ
3689 718 3832 785 πρὸς

2247 802 2449 863 αὐτοὺς
2482 803 2665 872 κηροὶ,
2698 804 2773 866 ὡς
2800 806 2898 856 καὶ
2925 805 3039 868 τοῖς
3094 807 3326 877 ἀρχουσι
3348 822 3363 837 υ
3416 806 3555 876 μετὰ
3612 807 3668 861 δὲ
3726 807 3823 861 τὸν

2246 896 2541 965 ἀσπασμὸν
2581 898 2935 967 ἀπέρχονται.

2324 988 2605 1041 Βενετικοὶ
2639 989 2694 1040 δὲ
2716 989 2840 1042 οὔτε
2897 990 2980 1054 είς
3010 990 3069 1043 τὸ
3107 991 3523 1060 πολυχρόνισμα
3574 993 3833 1064 ἔρχονται

2248 1078 2370 1130 οὗτε
2402 1080 2508 1147 μὴν
2540 1081 2618 1142 είς
2647 1081 2738 1132 τὸν
2763 1082 3059 1150 ἀσπασμόν
3084 1098 3099 1113 ⁸
3126 1084 3160 1151 ἠ
3205 1083 3263 1135 δὲ
3299 1084 3447 1137 αἰτία
3478 1086 3626 1137 ἐστὶν
3657 1084 3834 1153 αὕτη.

2261 1171 2319 1223 Ὀ
2356 1170 2611 1239 βασιλεὺς
2662 1174 2905 1244 Μιχαὴλ,
2938 1175 3045 1227 τῶν
3104 1176 3488 1244 Παλαιολόγων
3514 1180 3539 1229 ὀ
3581 1178 3837 1245 πρῶτος,

2249 1262 2478 1330 ἐποίησε
2515 1264 2654 1331 μετὰ
2689 1267 2789 1332 μὲν
2817 1267 2928 1317 τῶν
2971 1266 3275 1320 Γενουῖτῶν
3319 1268 3544 1337 ἀγάπην
3582 1269 3843 1323 διαιωνί-

2251 1353 2472 1416 ζουσαν,
2505 1355 2564 1405 ὲν
2679 1356 2772 1407 καὶ
2798 1356 3001 1427 ἐτάχθη
3034 1358 3066 1426 ἡ
3100 1357 3432 1428 ὀφειλομένη
3460 1358 3830 1412 ἀποδίδοσθαι

2249 1445 2327 1512 τῷ
2370 1445 2589 1513 βασιλεῖ
2619 1446 2967 1516 ταράύτῶν
3024 1448 3180 1519 τιμὴ,
3231 1449 3342 1511 ἵνα,
3395 1450 3522 1502 ὅταν
3582 1449 3841 1518 δηλονότι

2252 1538 2587 1600 ποτεστάτος
2624 1538 2751 1609 ἔλθῃ
2781 1540 2844 1591 ἐκ
2875 1539 3132 1600 Γενούας,
3167 1541 3343 1610 ἀρχὴν
3394 1543 3489 1594 καὶ
3522 1542 3681 1611 μόνον
3712 1543 3845 1593 εἰσ-

2250 1629 2553 1698 ερχόμενος
2601 1631 2680 1692 είς
2731 1629 2828 1701 τὴν
2861 1631 2955 1683 τοῦ
3007 1632 3274 1700 βασιλέως
3310 1633 3687 1703 προσκύνησιν
3733 1650 3848 1699 γο-

2252 1715 2464 1780 νατίζει
2512 1717 2792 1789 δεύτερον,
2854 1720 2973 1788 ἅμα
3026 1720 3104 1790 τῷ
3151 1721 3418 1775 εἰσελθεῖν
3451 1722 3695 1790 δηλονότι
3729 1724 3851 1793 τὴν

2247 1805 2341 1859 τοῦ
2368 1807 2644 1875 τρικλίνου
2674 1809 2847 1878 θύραν
2875 1816 2969 1863 καὶ
3006 1811 3152 1866 κατὰ
3192 1814 3253 1865 τὸ
3291 1815 3454 1881 μέσον
3499 1814 3689 1868 αὑτοῦ.
3720 1816 3852 1869 Καὶ

2250 1900 2391 1967 μετὰ
2442 1900 2604 1953 τοῦτο
2662 1901 3031 1971 προσέρχεται
3074 1903 3171 1956 καὶ
3220 1904 3527 1967 ἀσπάζεται
3594 1906 3688 1961 τὶν
3734 1905 3851 1958 τοῦ

2251 1989 2520 2060 βασιλέως
2553 1991 2689 2044 πόδα
2720 1990 3038 2060 καθημένου
3067 1994 3162 2045 ἐπὶ
3192 1991 3387 2061 θρόνου
3407 1994 3500 2047 καὶ
3526 1994 3625 2059 τὴν
3648 1995 3851 2063 χεῖρα.

2262 2080 2536 2147 Ὡσαύτως
2568 2082 2625 2136 δὲ
2654 2084 2749 2137 καὶ
2776 2083 2826 2134 oi
2853 2082 3005 2136 ἄλλοι
3044 2083 3153 2135 τῶν
3206 2082 3508 2136 Γενουῖτῶν
3543 2083 3854 2152 ἄρχοντες,

2251 2172 2542 2243 ἐρχόμενοι
2566 2173 2624 2236 ὲξ
2669 2173 3010 2244 ἀποδημίας,
3068 2172 3507 2244 προσκυνοῦντες
3551 2173 3854 2237 ἀσπάζον-

2250 2283 2341 2319 ται
2364 2266 2458 2318 τὸν
2477 2266 2573 2319 τοῦ
2612 2267 2881 2337 βασιλέως
2906 2268 3043 2321 πόδα
3073 2269 3169 2321 καὶ
3208 2268 3307 2334 τὴν
3338 2271 3523 2339 χεῖρα.
3560 2269 3853 2338 Ἐρχόμε-

2255 2373 2334 2408 νοι
2357 2354 2413 2408 δὲ
2439 2354 2562 2408 καθ’
2592 2357 2811 2426 ἡμέραν
2838 2358 2916 2421 είς
2971 2359 3346 2428 προσκύνησιν
3408 2356 3598 2424 αὑτοῦ,
3648 2348 3841 2428 ἀφαι-

2256 2449 2479 2518 ροῦντες
2506 2451 2577 2503 τὰ
2604 2451 2817 2504 ἑαυτῶν
2838 2452 3147 2515 καπούτζια
3168 2452 3516 2519 γονατίζουσι
3546 2450 3853 2520 δεύτερον.

2255 2543 2365 2595 Καὶ
2389 2543 2517 2595 ὅταν
2545 2542 2602 2595 δὲ
2638 2542 2836 2597 ἔλθωσι
2878 2545 3132 2613 τριήρεις
3194 2534 3426 2605 τούτων,
3482 2543 3592 2595 εἴτε
3626 2542 3847 2596 πολλαὶ

2253 2637 2365 2689 εἴτε
2396 2634 2579 2703 ὀλίγαι
2611 2631 2725 2689 εἷεν
2764 2636 2875 2688 εἴτε
2918 2636 3017 2689 καὶ
3060 2636 3181 2704 μία.
3215 2614 3580 2703 εὐφημίζουσι
3610 2633 3704 2687 τὸν
3738 2633 3860 2703 βα-

2256 2726 2433 2779 σιλέα.
2470 2727 2583 2781 Καὶ
2611 2727 2757 2782 οὕτω
2792 2730 2893 2799 μὲν
2928 2726 3195 2798 περὶτῶν
3229 2725 3529 2778 Γενουῖτῶν
3551 2742 3566 2756 ο
3613 2727 3747 2791 περὶ
3785 2726 3859 2780 δέ

2253 2835 2318 2887 γε
2346 2818 2457 2872 τῶν
2479 2820 2805 2888 Βενετίκων,
2837 2820 3028 2893 ἐπειδὴ
3061 2822 3090 2874 ὀ
3131 2819 3319 2891 ῥηθεὶς
3355 2818 3612 2889 βασιλεὺς
3672 2819 3861 2873 ἐϐού-

2254 2912 2378 2967 λετο
2413 2913 2534 2983 μετ’
2567 2913 2753 2980 ὀλίγον
2787 2914 2977 2982 μάχην
3034 2912 3267 2980 ποιῆσαι
3325 2910 3445 2981 μετ’
3480 2910 3680 2975 αὐτῶν,
3736 2911 3860 2965 οὐκ

2256 3007 2479 3077 ἐποίησε
2524 3006 2614 3060 διά
2665 3004 2826 3058 τοῦτο
2876 3005 3101 3072 ἀγάπην
3170 3001 3406 3065 τελείαν,
3458 3002 3592 3054 ἀλλὰ
3629 3002 3860 3072 τρεύαν

572 3112 807 3178 baiulus,
840 3127 950 3181 quo
1004 3111 1241 3181 primum
1269 3110 1360 3166 die
1396 3111 1781 3181 imperatorem
1814 3112 2150 3169 salutaturus

2263 3098 2426 3168 μέχρι
2451 3099 2597 3162 τινὲς
2628 3098 2812 3167 ὀλίγου
2845 3096 3065 3168 καιροῦ.
3096 3095 3264 3149 Ὅθεν
3295 3097 3389 3149 καὶ
3417 3095 3518 3147 οὐκ
3552 3094 3862 3164 ὴκρίϐωσε

572 3203 683 3274 76
714 3212 767 3256 et
798 3209 1153 3257 veneraturus
1197 3211 1302 3265 est,
1340 3217 1514 3271 genua
1545 3203 1661 3270 ipse
1694 3212 1747 3255 et
1769 3202 1903 3255 socii
1948 3204 2155 3257 solum-

574 3296 739 3347 modo
770 3293 1014 3357 ﬂectunt,
1043 3293 1235 3362 pedem
1266 3310 1398 3347 vero
1430 3309 1775 3363 nequaquam
1809 3297 2149 3351 osculantur.

577 3384 807 3441 Canter-is
850 3384 1070 3446 diebus,
1104 3388 1325 3447 quando
1357 3385 1423 3438 ad
1458 3385 1714 3453 palatium
1759 3387 2002 3450 veniunt,
2029 3404 2157 3460 cap-

577 3477 728 3547 putia
771 3492 867 3529 sua
911 3487 1121 3529 tantum
1149 3478 1453 3544 deponunt,
1508 3492 1612 3529 non
1636 3476 1863 3531 ﬂectunt
1904 3495 2031 3535 vero
2063 3498 2153 3549 ge-

578 3584 709 3624 nua.
747 3568 951 3622 Eodem
988 3570 1149 3623 modo
1177 3585 1354 3638 neque
1374 3569 1440 3622 ad
1465 3569 1697 3623 faustam
1730 3571 2026 3627 multorum
2058 3591 2155 3627 an-

580 3675 780 3714 norum
828 3661 1269 3730 apprecationcm
1320 3672 1642 3729 permanent
1683 3680 1859 3733 neque
1885 3669 1949 3720 ad
1991 3678 2155 3722 oscn'o

580 3753 693 3807 lum
727 3752 976 3815 veniunt,
1010 3762 1066 3806 ut
1094 3762 1251 3808 antea
1280 3755 1511 3811 dictum.
1537 3754 1722 3826 Neque
1750 3759 1977 3814 iatorum
2000 3764 2158 3817 trire-

581 3860 722 3907 mes,
752 3845 971 3915 quando
992 3854 1241 3901 recenter
1267 3848 1570 3916 appellunt.
1607 3850 1988 3919 imperatorem
2020 3856 2157 3910 bene

579 3937 837 3990 ominalis
873 3936 1055 3992 verbis
1080 3946 1513 4005 prosequuntur.
1576 3938 1641 3995 Et
1678 3942 1895 4012 quidem
1934 3963 2055 4016 quae
2089 3949 2153 4001 ad

582 4026 826 4084 Francos
849 4036 1116 4097 spectant,
1150 4028 1221 4083 ita
1242 4043 1303 4083 se
1334 4028 1555 4085 habent.

651 4210 895 4280 Liturgia
922 4224 1050 4262 vero
1081 4208 1373 4270 submisse,
1402 4216 1460 4263 ut
1489 4209 1695 4265 dictum
1735 4221 1839 4275 est,
1883 4216 2155 4284 psallitur,

583 4307 657 4359 ita
688 4312 745 4357 ut
779 4318 885 4355 non
916 4302 1172 4355 audiatur
1203 4303 1293 4356 ubi
1329 4302 1625 4373 imperator
1656 4306 1829 4361 sedet.
1860 4308 1964 4373 Qui
2004 4308 2159 4363 linito

2254 3193 2322 3245 τά
2348 3194 2553 3247 τούτων
2587 3192 2774 3262 ἔθιμα,
2811 3190 2956 3244 καθὰ
3000 3190 3094 3245 καὶ
3134 3190 3244 3243 τῶν
3288 3187 3617 3241 Γενουῖτῶν.
3658 3185 3865 3239 ’Ὅταν

2255 3284 2347 3338 οὖν
2375 3286 2502 3359 ἔλθῃ
2533 3286 2864 3355 μπαῖουλος,
2888 3283 3012 3338 καθ’
3045 3284 3112 3353 ἢν
3174 3282 3274 3352 μὲν
3334 3277 3562 3351 πρώτην
3616 3279 3869 3346 ἡμέραν

2258 3379 2662 3449 προσκυνήσειν
2689 3377 2901 3445 μέλλει,
2933 3373 3214 3441 γονατίζει
3264 3371 3425 3441 μόνον
3443 3368 3597 3431 οὗτός
3630 3384 3691 3419 τε
3755 3371 3869 3424 καὶ

2238 3474 2306 3525 οἱ
2345 3473 2461 3542 μετ’
2489 3472 2682 3537 αὐτοῦ,
2714 3469 3030 3533 ἀσπάζεται
3064 3466 3121 3519 δὲ
3157 3466 3248 3518 τὸν
3278 3463 3374 3517 τοῦ
3405 3461 3672 3532 βασιλέως
3701 3464 3866 3517 πόδα

2257 3567 2547 3635 οὖδαμῶςο
2584 3567 2667 3628 είς
2727 3564 2789 3617 τὸ
2835 3561 2962 3631 ἑξῆς
2989 3560 3045 3611 δὲ
3096 3560 3223 3611 ὅταν
3256 3556 3553 3625 ἕρχωνται,
3612 3552 3681 3606 τὰ
3751 3556 3872 3625 μὲν

2259 3658 2574 3723 καπούτζια
2622 3657 2786 3726 μόνον
2818 3653 2999 3707 αὐτῶν
3061 3649 3442 3709 ἐκϐάλλουσιν,
3502 3646 3563 3698 οὐ
3623 3650 3877 3714 γονατίο

2259 3752 2411 3817 ζουσι
2439 3752 2518 3806 δέ.
2553 3749 2665 3803 Καὶ
2699 3747 2839 3801 κατά
2871 3745 3069 3798 τοῦτον
3114 3743 3205 3796 τὸν
3254 3744 3459 3810 τρόπον
3490 3738 3614 3790 οὔτε
3656 3740 3750 3801 εἰς
3797 3742 3872 3795 τὸ

2260 3843 2676 3914 πολυχρόνισμα
2701 3835 3220 3907 προσκαρτεροῦσιν
3243 3827 3398 3886 οὗτοι
3421 3830 3549 3885 οὔτε
3606 3831 3690 3892 είς
3758 3834 3873 3888 τὸν

2258 3934 2550 4002 ἀσπασμὸν
2588 3932 2857 4000 ἔρχονται,
2898 3928 2974 3988 ὡς
3006 3926 3325 3994 δελήλωται.
3377 3923 3539 3976 Ἀλλά
3591 3921 3719 3975 οὐδὲ
3792 3929 3875 3981 τὰ

2261 4028 2474 4081 τούτων
2505 4024 2757 4093 κὰτεργα
2796 4017 3188 4089 εὐφημίζουσι.
3216 4017 3326 4070 Καὶ
3341 4015 3409 4069 τά
3441 4013 3542 4085 μὲν
3574 4015 3710 4085 περὶ⁸
3742 4019 3875 4074 τῶν

2260 4120 2529 4190 Φραγγῶν
2562 4117 2731 4170 οὕτω.
3820 4160 3823 4161 ,

2339 4211 2452 4279 Τῆς
2482 4206 2831 4277 λειτουργίας
2867 4205 2924 4259 δὲ
2945 4203 3155 4274 ἠρέμα,
3197 4201 3278 4262 ὡς
3336 4199 3582 4267 εἴρηται,
3638 4196 3845 4266 ψαλλο

2266 4304 2458 4373 μένης,
2485 4300 2627 4353 ὥστε
2665 4301 2739 4369 μὴ
2772 4298 3133 4363 ἐξακούεσθαι
3162 4293 3369 4363 ταύτην
3386 4291 3553 4343 ἕνθαὸ
3584 4287 3883 4359 βασιλεὺς

582 4388 774 4451 oschlo
812 4394 1008 4461 surgit,
1036 4396 1331 4463 statimque
1359 4396 1612 4465 aperiunt
1636 4400 1888 4455 ecclesize
1913 4402 2112 4470 januas
2142 4421 2152 4454 :

2264 4395 2523 4465 κάθηται,
2580 4392 2717 4458 μετὰ
2768 4392 2829 4443 τὸ
2881 4387 3198 4456 τελεσθῆναι
3248 4384 3338 4436 τὸν
3379 4381 3675 4449 ἀσπασμὸν
3738 4383 3887 4437 ἀνί-

586 4500 699 4544 tmn
734 4488 936 4558 hymno
969 4486 1194 4557 trisagio
1230 4488 1377 4541 dicto
1411 4489 1607 4560 legitur
1638 4493 1950 4561 Apostolus,
1990 4504 2154 4562 atque

587 4583 662 4636 ita
700 4581 980 4648 perﬁcitur
1012 4581 1253 4651 liturgia.
1286 4580 1412 4636 Post
1447 4587 1602 4652 cuius
1638 4585 1798 4639 linem
1832 4586 1946 4640 abit
1979 4587 2159 4656 impe-

588 4682 737 4725 rator
763 4672 825 4726 ad
879 4687 1149 4739 mensam,
1193 4674 1282 4728 cui
1317 4675 1637 4729 ministrant
1692 4692 1922 4745 magnus
1973 4677 2159 4731 dome-

588 4765 783 4829 sticus,
820 4764 1160 4821 domesticus
1210 4776 1264 4820 et
1304 4766 1593 4834 praefectus
1622 4782 1843 4832 mensae,
1900 4776 2063 4837 prout
2108 4769 2158 4821 in

589 4854 731 4909 festo
771 4854 1083 4911 Nativitatis
1134 4857 1339 4913 Christi
1401 4872 1453 4913 et
1487 4858 1779 4912 Luminum
1819 4857 2164 4914 demonstra-

587 4956 702 5000 tum
735 4957 836 5003 est.
863 4948 1016 5004 Circa
1042 4966 1318 5020 vesperam
1349 4952 1461 5006 abit
1488 4953 1787 5020 itttprralor
1804 4952 1871 5006 ad
1902 4951 2160 5007 Sanctam

591 5042 874 5110 SOphiam,
917 5043 1255 5113 audiensque
1282 5044 1624 5111 vespertinus
1657 5044 1886 5113 hymnos
1914 5045 2167 5098 incensa-

591 5143 681 5184 tur
710 5147 804 5186 seu
841 5136 978 5188 turis
1015 5135 1193 5190 suﬂitu
1235 5137 1536 5188 honoratur
1575 5148 1604 5185 a
1649 5132 1985 5198 patriarcha,
2039 5148 2161 5185 om-

534 5279 538 5283 ,
591 5240 797 5291 nesque
836 5227 998 5287 simul
1051 5228 1211 5281 aulici
1266 5240 1545 5294 proceres,
1584 5223 1748 5278 etiam
1810 5225 1874 5277 ad
1911 5223 2161 5277 ultimum

592 5332 779 5386 usque.
820 5317 882 5371 Et
916 5318 969 5371 [it
1000 5318 1104 5371 hoc
1128 5327 1255 5371 tunc
1286 5316 1485 5379 solum,
1516 5330 1631 5369 non
1662 5315 1764 5367 alia
1808 5315 1948 5367 vice.

2268 4504 2481 4539 σταται.
2524 4486 2635 4536 Καὶ
2690 4474 2888 4537 αὐτίκα
2949 4481 3225 4546 ἀνοίγουσι
3272 4477 3371 4538 τὰς
3401 4475 3499 4543 τῆς
3550 4474 3885 4543 ἐκκλησίας

2266 4575 2458 4637 θύρας.
2496 4574 2605 4626 Καὶ
2642 4572 2783 4641 μετὰ
2811 4573 2901 4625 τὸν
2935 4571 3218 4640 τρισὰγιον
3268 4567 3439 4634 ὕμνον
3473 4564 3890 4631 ἀναγινώσκε-

2263 4683 2350 4717 ται
2382 4668 2408 4717 ὁ
2444 4663 2801 4729 Ἀπὸστολος,
2835 4663 2931 4714 καὶ
2980 4660 3221 4727 καθεξῆς
3278 4656 3581 4709 ἐκτελεῖται
3621 4656 3653 4722 ὴ
3726 4655 3887 4712 Oeta,

2264 4757 2615 4827 λειτουργία,
2643 4753 2711 4828 ἧς
2742 4755 2877 4825 μετά
2900 4753 3000 4824 τὴν
3035 4752 3301 4804 ἀπόλυσιν
3328 4750 3355 4801 ὀ
3384 4747 3639 4818 βασιλεὺς
3671 4748 3799 4801 ἀπέ
3814 4768 3892 4818 ρ-

2265 4867 2420 4919 χεται
2445 4850 2527 4913 είς
2562 4849 2662 4918 τὴν
2698 4846 3008 4917 τράπεζαν,
3046 4835 3160 4915 ὲνῇ
3215 4840 3481 4911 ὑπηρετεῖ
3519 4838 3547 4891 ὃ
3576 4853 3637 4889 τε
3670 4838 3889 4905 μέγας

2264 4940 2587 5011 δομέστικος
2616 4939 2709 4991 καὶ
2738 4940 2764 4991 ὀ
2792 4937 3115 5005 δομέστικος
3149 4934 3245 4985 καὶ
3270 4936 3296 4985 ὀ
3342 4931 3436 4982 ἐπὶ
3488 4931 3587 4998 τῆς
3638 4934 3892 4998 τραπέ-

2267 5034 2390 5100 Cm,
2424 5032 2571 5086 καθά
2634 5028 2991 5101 προεδηλώθη
3042 5028 3100 5078 ἐν
3129 5027 3196 5094 τῇ
3237 5023 3344 5075 τῶν
3395 5023 3891 5091 Χριστουγεννῶν

2269 5128 2431 5196 ἑορτῇ
2465 5126 2559 5178 καὶ
2588 5128 2654 5193 τῇ
2697 5124 2805 5175 τῶν
2861 5121 3080 5189 φώτων.
3112 5117 3270 5171 Κατὰ
3300 5115 3356 5166 δὲ
3384 5116 3483 5181 τὴν
3544 5113 3883 5188 ἑσπερινὴν

2267 5220 2415 5288 ὥραν
2448 5219 2751 5287 ἀπέρχεται
2780 5217 2858 5278 είς
2889 5213 2986 5283 τὴν
3031 5211 3191 5279 ἁγίαν
3249 5210 3451 5275 Σοφίαν
3504 5209 3530 5259 ὀ
3568 5206 3888 5276 βασιλεὺς,

2270 5314 2363 5364 καὶ
2395 5311 2502 5362 τῶν
2533 5307 2844 5377 ἐσπερινῶν
2895 5305 3083 5374 ὓμνων
3129 5300 3342 5355 ἁκούων
3391 5300 3651 5367 θυμιᾶται
3693 5306 3889 5371 ποιρά

589 5412 681 5465 τοῦ
714 5414 1049 5484 πατριάρχου
1070 5406 1226 5472 οὗτός
1254 5426 1311 5462 τε
1362 5408 1459 5462 καὶ
1495 5407 1699 5471 πάντες
1738 5409 1787 5459 οἱ
1851 5405 2141 5475 ἄρχοντες.
2184 5405 2294 5458 Καὶ
2319 5403 2534 5471 γίνεται
2583 5400 2741 5453 τοῦτο
2790 5397 2933 5450 οὕτω
2988 5396 3150 5467 μέχρι
3182 5392 3276 5446 καὶ
3299 5390 3406 5443 τῶν
3436 5390 3703 5467 ἐσχάτων,
3725 5392 3891 5449 τότε

590 5511 683 5561 καὶ
716 5507 897 5572 μόνον.

667 5602 793 5654 Erat
816 5602 942 5653 olim
980 5596 1149 5651 moris
1184 5603 1244 5648 ut
1278 5594 1331 5647 in
1368 5594 1455 5646 his
1487 5592 1727 5661 vesperis
1756 5592 2051 5660 imperator
2086 5593 2171 5647 in-

594 5693 912 5762 grederetur
949 5692 1002 5745 in
1060 5696 1311 5743 sanctum
1378 5685 1815 5748 tabernaculum,
1859 5694 2171 5748 sanctzeque

2346 5580 2458 5637 Ἦν
2493 5583 2590 5651 μὲν
2614 5582 2706 5635 οὖν
2747 5581 2917 5634 πάλαι
2983 5576 3242 5647 συνήθεια
3281 5573 3422 5627 κατά
3466 5571 3556 5624 τὸν
3606 5574 3894 5636 τοιοῦτον

2279 5676 2563 5746 ὲσπερινόν
2598 5673 2950 5745 εἱσέρχεσθαι
2998 5672 3090 5723 τὸν
3148 5666 3378 5740 βασιλέα
3439 5666 3519 5727 εἰς
3565 5664 3626 5715 ea
3686 5666 3890 5734 ἆγιον

598 5757 801 5838 incusat
866 5792 955 5837 tus
1011 5780 1275 5847 adoleret,
1324 5787 1376 5834 et
1406 5775 1625 5841 clericis
1663 5791 1727 5833 ex
1771 5775 2029 5831 vestiario
2065 5776 2152 5845 7']

2283 5770 2439 5843 βῆμα
2491 5769 2585 5823 καὶ
2626 5768 2828 5839 θυμιᾷν
2852 5767 2951 5837 τὴν
2983 5767 3145 5833 ἀγίαν
3182 5757 3756 5831 τράπεςτινπδίδοσθαξ
3812 5782 3888 5819 τε
