4044 6454
291 378 365 442 93
1088 381 1183 441 DE
1219 378 1555 442 OFFICIIS
1595 382 2079 447 CPOLI'I’ANIS.
2109 408 2176 421 -·
2216 388 2383 448 CAP.
2428 390 2777 451 Xlll-XIV.
3496 392 3569 455 94

292 494 578 566 κληρικοῖς
607 493 722 547 ἀπὸ
756 492 857 547 τοῦ
886 492 1207 563 βεστιαρίου
1243 497 1384 549 κατὰ
1406 498 1621 567 δωρεὰν
1645 499 1874 566 χρυσίου

1982 517 2079 557 seu
2116 492 2326 558 a-rario
2355 496 2458 558 suo
2490 512 2710 558 centum
2746 502 2915 558 libras
2939 501 3057 557 auri
3088 502 3393 558 liberaliter
3419 502 3568 562 dono

289 589 480 657 λίτρας
508 588 733 640 ὲκατόνο
759 586 859 641 νῦν
893 588 955 642 δὲ
980 589 1042 641 οὗ
1069 588 1281 657 γίνεται
1303 589 1487 645 τοῦτο.

360 674 520 728 Κατὰ
548 674 645 743 τὴν
678 674 944 746 πέμπτην
964 678 1181 749 ἡμέραν
1206 680 1302 750 τῆς
1342 680 1643 752 ἑϐδομάδος
1670 685 1737 757 ἣν
1770 702 1870 739 κα·

293 765 443 820 λοῦσι
474 758 917 839 διαωινὴσιμσν,
946 770 1249 842 ἀπέρχεται
1280 776 1307 827 6
1328 778 1680 848 πατριάρχης
1713 779 1794 841 είς
1816 778 1877 832 τὸ

302 859 556 911 παλάτιον
595 861 737 929 μετὰ
776 862 886 915 τῶν
924 864 1225 933 ἀρχιερέων
1256 867 1352 921 καὶ
1385 868 1494 920 τῶν
1535 872 1632 938 τῆς
1679 871 1878 942 ἐκκλη-

304 954 413 1014 σίας
441 954 742 1022 ἀρχόντων,
782 955 863 1007 ἔτι
906 974 965 1009 τε
1007 959 1101 1012 καὶ
1144 959 1250 1011 τῶν
1291 962 1736 1033 ἀρχιμανδριτῶν
1781 965 1877 1017 καὶ

297 1046 644 1112 ἡγουμένων.
695 1047 980 1102 Ἀ).λάσσει
1028 1049 1161 1118 γοῦν
1190 1052 1286 1104 καὶ
1335 1053 1554 1123 ἔρχεται
1607 1056 1742 1126 πρὸς
1784 1058 1877 1109 τὸν

299 1137 549 1204 βασιλέα,
598 1139 888 1208 ἱστάμενον
935 1141 1114 1211 εὑρὼν
1166 1145 1245 1206 εἰς
1295 1146 1388 1197 τὸν
1437 1149 1626 1218 θρόνον
1682 1149 1874 1203 αὑτοῦ.

300 1231 598 1298 Ἄρχοντες
649 1231 704 1283 δὲ
749 1233 1049 1301 τηνικαῦτα
1095 1236 1155 1288 οὑ
1200 1238 1493 1306 πάρεισιν,
1535 1239 1677 1294 ὥστε
1735 1238 1877 1295 εἶναι

293 1321 665 1389 παράστασιν.
698 1323 977 1378 Ἰστανται
1034 1326 1089 1379 δὲ
1131 1328 1246 1381 ἀντ’
1296 1331 1475 1382 αὐτῶν
1509 1332 1562 1383 οἵ
1588 1349 1647 1384 τε
1690 1333 1879 1403 ἀρχιε-

294 1415 422 1478 ρεῖς,
460 1413 541 1476 ὼς
597 1414 835 1485 εἴρηται,
878 1420 971 1471 καὶ
1028 1420 1079 1471 οἱ
1125 1421 1225 1489 τῆς
1268 1423 1566 1493 ἐκκλησίας
1615 1425 1873 1496 ἄρχοντες

293 1502 408 1570 μετ’
432 1503 617 1557 ἄλλων
642 1500 718 1558 ὧν
759 1509 1000 1579 εἴπομεν.
1034 1512 1220 1583 Θυμιᾷ
1243 1514 1425 1566 τοίνυν
1460 1518 1488 1568 6
1523 1519 1875 1588 πατριάρχης

291 1595 377 1647 τὸν
412 1595 649 1665 βασιλέα
679 1615 691 1627 ·
725 1594 846 1654 εἶτα
877 1601 971 1654 τὸν
1005 1604 1103 1672 μὲν
1140 1604 1407 1674 θυμιατὸν
1439 1607 1622 1660 δίδωσι
1661 1608 1738 1678 τῷ
1777 1610 1877 1680 ἀρ-

289 1689 609 1760 χιδιακόνῳ,
683 1694 845 1756 αὐτὸς
899 1695 955 1749 δὲ
1010 1700 1454 1770 προσερχόμενος
1512 1703 1730 1773 εὐλογεῖ
1782 1707 1878 1759 καὶ

284 1782 600 1846 ἀσπάζεται
631 1784 726 1839 τὸν
769 1787 997 1851 βασιλέα
1022 1791 1081 1844 ἐν
1106 1790 1185 1861 τῷ
1232 1794 1483 1860 στόματι,
1527 1795 1876 1863 ἀντασπαζό-

1979 596 2155 650 daret.
2183 595 2338 651 Nunc
2370 602 2491 651 mes
2525 597 2631 650 iste
2663 594 2825 650 desiit
2849 610 2969 650 esse
2999 596 3053 649 in
3098 610 3223 651 usu.

2052 687 2209 742 Feria
2260 688 2453 757 quinta
2489 686 2876 749 hebdomadis,
2931 703 3096 758 quam
3140 702 3168 742 a
3204 690 3563 744 renovatione

1979 780 2403 851 διακαινῆσιμον
2451 779 2716 847 vocitant,
2760 779 2954 849 recipit
2996 795 3055 834 se
3088 771 3398 849 patriarcha
3434 796 3561 835 cum

1980 873 2253 942 episcopis
2272 880 2327 927 et
2361 872 2588 942 reliquis
2619 871 2865 925 ecclesiae
2887 872 3238 939 primoribus,
3263 872 3489 939 insuper
3518 879 3573 925 ct

1981 979 2107 1019 cum
2134 964 2582 1019 archimandritis
2604 971 2658 1015 et
2698 961 3160 1015 monasteriorum
3201 961 3477 1031 prmfectis
3501 959 3570 1015 ad

1983 1055 2269 1125 palatium.
2305 1054 2505 1110 Sacras
2536 1055 2704 1125 igitur
2752 1052 2988 1108 assumit
3017 1052 3333 1123 patriarcha
3364 1061 3567 1117 vestes,

1982 1152 2035 1196 ct
2078 1146 2144 1197 ad
2184 1144 2573 1213 imperatorem
2608 1145 2780 1203 venit,
2824 1151 3061 1197 stantem
3098 1143 3151 1196 in
3209 1144 3409 1196 throno
3445 1158 3568 1197 suo.

1982 1234 2249 1291 Procercs
2298 1238 2457 1290 aulici
2510 1246 2641 1290 tunc
2692 1251 2801 1289 non
2843 1236 3062 1299 adsunt,
3124 1251 3303 1304 neque
3332 1235 3575 1288 circum-

1982 1340 2171 1395 stant;
2236 1330 2328 1383 scd
2363 1345 2553 1382 corum
2596 1329 2771 1383 locum
2818 1328 3079 1397 supplent
3111 1328 3376 1396 episcopi,
3406 1336 3464 1380 ut
3489 1328 3572 1381 di-

1984 1423 2185 1487 ximus,
2218 1432 2272 1476 ct
2316 1423 2566 1478 ecclesiae
2606 1424 2879 1493 primores
2925 1438 3048 1475 (‘tltll
3092 1422 3235 1484 aliis,
3268 1420 3335 1474 dc
3370 1423 3572 1490 quibus

1976 1513 2089 1583 jam
2143 1514 2372 1568 dictum.
2442 1514 2695 1569 lncensat
2766 1514 3081 1583 patriarcha
3160 1514 3569 1582 imperatorem,

1981 1606 2177 1661 deinde
2206 1608 2368 1660 tradit
2401 1607 2700 1661 turibulum
2739 1608 3152 1661 archidiacono.
3178 1605 3296 1675 Ipse
3319 1620 3448 1660 vero
3471 1622 3532 1660 ac
3549 1635 3573 1643 -

1979 1698 2182 1754 ecdcns
2211 1700 2484 1753 benedicit
2510 1710 2564 1754 et
2603 1700 2888 1754 osculatur
2925 1700 3314 1769 imperatorem
3352 1698 3409 1752 in
3444 1715 3568 1763 ore;

1980 1793 2287 1862 eodemque
2341 1794 2506 1849 modo
2553 1793 2658 1849 fert
2688 1794 2804 1864 ipse
2832 1793 3085 1848 osculum
3119 1794 3186 1846 ab
3216 1793 3567 1862 imperatore.

289 1892 451 1944 μενος
485 1876 641 1930 οὕτω
680 1881 776 1932 καὶ
803 1880 967 1945 αὐτὸς
989 1855 1167 1953 παρὰ-
1187 1885 1282 1962 τοῦ
1315 1855 1601 1957 βασιλέως.
1633 1855 1874 1945 Μετίδὲ

1981 1880 2177 1938 Postea
2212 1884 2520 1952 patriarcha
2548 1892 2659 1939 stat
2692 1855 2908 1939 vicinus
2938 1884 3286 1953 imperatori.
3314 1883 3568 1953 Episcopi

281 1969 499 2023 τοῦτοό
542 1969 654 2039 μὲν
683 1972 1030 2046 πατριάρχης
1072 1975 1289 2031 ἵσταται
1332 1980 1568 2051 πλησίον
1591 1982 1786 2046 αὐτοῦ,
1827 1985 1878 2038 οί

283 2062 325 2114 δ’
350 2062 648 2132 ἀρχιερεῖς
679 2064 965 2135 ἐρχόμενοι
999 2070 1139 2121 κατὰ
1164 2068 1258 2122 δύο
1302 2072 1645 2137 ἀσπάζονται
1676 2075 1773 2128 καὶ
1790 2066 1881 2127 οὗ·

288 2170 362 2207 τοι
389 2155 487 2207 τὸν
541 2154 795 2224 βασιλέα,
847 2158 1065 2227 πρῶτον
1102 2161 1204 2230 μὲν
1252 2161 1351 2234 τὴν
1407 2167 1590 2236 χεῖρα,
1626 2159 1748 2219 εἶτα
1779 2166 1879 2238 τὴν

289 2247 545 2318 παρειάν.
596 2248 832 2319 Ἐφεξῆς
876 2251 934 2304 δὲ
963 2253 1164 2316 πάντες
1201 2255 1251 2308 oi
1304 2255 1564 2324 ῥηθέντες
1611 2258 1879 2329 ἄρχοντες

280 2340 376 2408 τῆς
400 2340 725 2410 ἐκκλησίας
767 2344 1199 2415 ἀρχιμανδρῐταί
1243 2364 1303 2400 τε
1343 2349 1440 2402 καὶ
1474 2350 1772 2420 ἡγούμενοι
1817 2355 1879 2405 τὸ

284 2432 413 2484 αὐτὸ
441 2432 697 2488 ποιοῦσι.
721 2435 1082 2500 Τελεσθέντος
1104 2438 1160 2492 δὲ
1184 2438 1380 2493 τούτου
1412 2441 1441 2494 6
1472 2441 1573 2510 μὲν
1608 2445 1879 2515 πατριάρ-

287 2541 384 2591 χης
418 2525 594 2595 εὐχὴν
635 2527 884 2579 ἐπειπὼν
921 2522 1077 2591 αὖθις
1113 2530 1440 2602 ἀπέρχεται,
1472 2535 1499 2587 6
1537 2534 1592 2587 δὲ
1621 2535 1876 2605 βασιλεὺς

287 2618 601 2688 εἰσέρχεται
632 2620 717 2679 είς
746 2620 807 2672 τὸ
841 2620 1051 2673 κέλλιον
1085 2622 1275 2679 αὐτοῦ.

373 2711 458 2764 Ἐν
494 2714 566 2781 τῇ
596 2711 698 2764 τοῦ
722 2706 880 2779 ἁγίου
918 2713 1236 2784 Πνεύματος
1277 2717 1435 2788 ἑορτῇ
1470 2722 1629 2791 φορεῖ
1661 2721 1824 2775 πάλιν
1850 2724 1878 2776 6

308 2803 549 2870 ξνασιλεῦς
582 2808 733 2861 κατά
750 2823 815 2875 γε
846 2808 938 2861 τὸν
963 2808 1251 2877 ἐσπερινὸν
1274 2814 1371 2866 καὶ
1398 2813 1498 2884 τὴν
1527 2812 1878 2888 λειτουργίαν
1901 2841 1927 2859 ι

315 2896 417 2948 ἀπὺ
462 2896 558 2949 τῶν
606 2897 951 2968 φορεμάτων
998 2900 1167 2954 αὐτοῦ
1224 2904 1293 2958 τὰ
1343 2905 1481 2972 πρὸς
1539 2906 1875 2979 βουλήσεως.

308 2987 549 3050 ὡσαύτως
579 2990 679 3041 καὶ
724 2990 777 3041 οἱ
825 2989 1087 3060 ἄρχοντες
1125 2990 1195 3044 τὰ
1237 2990 1471 3048 ἑαυτῶν.
1504 2994 1616 3048 Καὶ
1661 2996 1878 3065 γίνεται

297 3080 396 3150 μιν
420 3082 676 3153 τράπεζα
714 3082 851 3135 κατὰ
880 3084 983 3153 τὴν
1017 3084 1327 3157 Κυριακὴν,
1368 3087 1463 3142 τοῦ
1514 3088 1758 3159 μεγάλου
1791 3089 1878 3145 δο-

1982 1991 2149 2045 porro
2179 1977 2293 2032 duo
2323 1977 2488 2031 simul
2518 1978 2850 2033 accedentes
2871 1977 3201 2053 osculantur
3241 1986 3295 2032 et
3330 1978 3434 2048 ipsi
3467 1976 3575 2031 fm-

1982 2068 2313 2140 peratorem,
2334 2070 2575 2139 primum
2592 2070 2816 2141 quidem
2846 2086 3093 2135 manum,
3121 2072 3321 2125 deinde
3350 2084 3567 2142 genam.

1979 2162 2173 2219 Postea
2219 2164 2361 2218 idem
2396 2165 2606 2219 faciunt
2652 2180 2846 2221 omnes
2894 2165 3147 2221 ecclesiae
3174 2177 3448 2235 proceres,
3478 2180 3569 2220 ar—

1979 2256 2360 2313 chimandritas
2375 2257 2537 2312 etiam
2576 2267 2630 2313 et
2659 2258 3122 2313 monasteriorum
3147 2257 3417 2329 praefecti.
3444 2257 3574 2324 Qui—

1978 2349 2082 2403 bus
2113 2349 2351 2418 peractis
2382 2349 2696 2416 patriarcha
2726 2349 3098 2417 precationem
3132 2364 3352 2405 sacram
3374 2363 3573 2419 super-

1979 2440 2188 2496 a'ldens
2223 2440 2479 2497 discedit.
2511 2440 2818 2512 Imperator
2872 2457 3036 2497 suum
3106 2443 3161 2497 in
3198 2442 3466 2498 conclave
3512 2457 3574 2499 se

1980 2534 2215 2589 confert.

2052 2713 2108 2769 ln
2157 2712 2297 2770 festo
2335 2714 2512 2771 sancti
2542 2712 2784 2786 Spiritus
2816 2713 2996 2769 induit
3020 2712 3225 2768 iterum
3265 2710 3571 2782 imperator

1980 2808 2034 2863 in
2069 2808 2314 2877 vesperis
2346 2817 2401 2863 et
2432 2808 2653 2879 liturgia
2678 2824 2742 2863 ex
2776 2809 2894 2865 suis
2922 2807 3327 2879 gestaminibus
3356 2821 3420 2861 ea
3443 2820 3574 2876 quae

1980 2903 2140 2957 volet.
2167 2902 2433 2958 Similiter
2463 2917 2720 2972 proceres
2740 2918 2962 2975 quoilue
2986 2903 3330 2974 gestaut78
3346 2916 3447 2956 sua
3478 2909 3573 2967 ;et

1979 3011 2167 3052 mensa
2203 3006 2528 3068 apparatur,
2562 3005 2752 3069 utpote
2786 2997 3077 3051 Dominico
3105 2997 3213 3061 die,
3244 3010 3442 3066 magno
3473 2995 3571 3051 do—'

1980 3086 2210 3143 mestico
2241 3094 2297 3140 et
2322 3086 2469 3153 aliis,
2496 3088 2561 3141 de
2586 3088 2790 3158 quibus
2829 3087 3091 3149 diximus.
3139 3084 3459 3155 imperatori
3498 3085 3571 3138 ad

294 3174 553 3244 μεστίιιου
590 3173 997 3245 ὑπηρετοῦντος
1043 3178 1138 3232 καὶ
1174 3171 1250 3231 ὧν
1294 3179 1529 3250 εἴπομεν
1552 3197 1567 3213 ·
1606 3184 1666 3236 ἐν
1718 3184 1776 3239 δὲ
1807 3187 1873 3255 τῇ

1982 3191 2231 3234 mensam
2262 3178 2725 3233 ministrantibus.
2757 3177 2914 3233 Circa
2947 3177 3319 3247 vespertinum
3351 3187 3569 3247 tempus

292 3267 385 3324 τοῦ
428 3267 731 3339 ἑσπερινοῦ
768 3266 912 3341 ὥρᾳ,
942 3268 994 3321 εί
1028 3269 1127 3339 μὲν
1156 3269 1470 3341 εὑρίσκεται
1496 3275 1871 3347 πατριάρχης,

291 3364 602 3435 ἀπέρχεται
657 3363 742 3423 είς
776 3364 876 3434 τὴν
925 3362 1092 3433 ἁγίαν
1143 3365 1344 3435 Σοφίαν
1375 3367 1405 3420 6
1457 3366 1731 3438 βασιλεὺς,
1780 3372 1877 3424 καὶ

291 3457 479 3511 ἀκούει
513 3456 651 3527 παρ’
682 3456 848 3511 αὑτοῦ
875 3458 975 3520 τὰς
995 3458 1089 3513 τοῦ
1116 3459 1357 3529 μεγάλου
1391 3461 1677 3517 Βασιλείου
1706 3464 1875 3534 εὐχὰς

294 3551 522 3623 πλησίον
550 3550 647 3603 τοῦ
687 3548 999 3603 διακονικοῦ
1027 3567 1040 3581 ·
1068 3552 1116 3603 εί
1168 3552 1214 3606 δ’
1243 3549 1363 3619 οὖν,
1415 3555 1474 3608 ἐν
1509 3556 1586 3627 τῷ
1627 3557 1876 3629 παλατίῳ

295 3648 445 3715 παρὰ
477 3645 579 3699 τοῦ
614 3646 989 3717 πρωτοπαπᾶ.

373 3742 467 3794 Ἐν
496 3743 564 3810 τῇ
598 3741 699 3805 τῆς
727 3737 1022 3809 ’Υῷώσεως
1054 3740 1147 3794 τοῦ
1180 3740 1419 3812 σταυροῦ
1460 3743 1620 3814 ἑορτῇ
1664 3745 1876 3812 γίνεται

291 3834 377 3887 διὰ
398 3834 575 3899 ξύλων
598 3832 881 3901 ἀναὸἀθρα
903 3834 961 3884 ὲν
981 3835 1059 3902 τῷ
1083 3835 1360 3905 τρικλίνῳ,
1387 3836 1457 3905 ἢν
1479 3837 1572 3890 καὶ
1595 3839 1874 3894 ἐνδύνουσι

294 3928 498 3999 βλατίῳ
526 3928 789 3996 κοκκίνῳ.
823 3925 879 3980 '0
900 3928 1239 3997 πατριάρχης
1269 3926 1364 3982 οὖν
1397 3931 1639 3984 ἀνελθὼν
1667 3933 1752 3985 ἐπ’
1776 3936 1875 3987 αὑ-

292 4025 415 4092 τῆς,
441 4024 491 4075 εί
518 4022 628 4092 ἄρα
656 4022 991 4091 εὑρίσκεται,
1026 4022 1060 4092 ἦ
1088 4040 1170 4086 τις
1212 4022 1320 4075 τῶν
1360 4024 1564 4095 ἐτέρων
1594 4043 1873 4098 πατριαρ-

295 4119 425 4186 χῶν,
468 4118 567 4169 ἐὰν
595 4116 845 4186 ἐκδημῶν
872 4109 929 4189 ᾖ,
953 4115 1051 4186 την
1079 4115 1170 4168 τοῦ
1206 4115 1443 4186 σταυροῦ
1466 4120 1612 4171 ποιεῖ
1642 4119 1870 4189 ὓψωσιν.

309 4210 432 4264 Ἐὰν
464 4209 524 4262 δὲ
574 4208 781 4262 τούτων
812 4208 986 4271 οὐδεὶς
1034 4208 1384 4279 εὑρίσκηται,
1423 4211 1451 4263 6
1495 4215 1876 4280 npwtomrti;

294 4306 437 4358 ποιεῖ
462 4302 645 4356 τοῦτο.

361 4399 455 4449 Δεῖ
492 4396 549 4449 δὲ
580 4394 870 4463 γινώσκειν
915 4395 997 4449 ὅτι
1045 4398 1186 4450 κατὰ
1223 4397 1322 4460 τὰς
1351 4397 1462 4451 τῶν
1509 4399 1695 4468 μηνῶν
1745 4399 1875 4453 ἐκά-

295 4506 434 4541 στων
467 4487 647 4557 ἀρχὰς
677 4488 883 4555 γίνεται
916 4489 1185 4558 ἁγιασμὸς
1219 4491 1275 4542 ἐν
1307 4491 1384 4560 τῷ
1430 4491 1701 4563 παλατίῳ,
1737 4493 1871 4547 ἄνευ

1979 3274 2197 3332 confert
2245 3289 2306 3330 se
2337 3275 2638 3345 imperator
2669 3273 2736 3327 ad
2773 3272 3032 3327 Sanctam
3066 3270 3356 3341 Sophiam,
3391 3271 3437 3325 si
3471 3284 3569 3339 pa-

1980 3368 2219 3424 triarcha
2278 3382 2524 3439 praesens
2553 3368 2669 3433 sit;
2710 3365 2974 3434 auditque
3003 3366 3072 3419 ab
3107 3364 3203 3418 illo
3236 3365 3420 3433 magni
3464 3362 3569 3418 Ba-

1978 3463 2086 3518 silii
2134 3462 2479 3534 precationes
2533 3475 2702 3531 prope
2752 3458 3144 3515 diaconicum:
3185 3458 3272 3514 sin
3322 3457 3565 3524 minus,a

1978 3565 2206 3628 protopa
2213 3571 2280 3626 pa
2314 3555 2369 3610 iu
2402 3553 2625 3625 palatio.
2842 3562 2877 3595 ει

2051 3735 2105 3789 1η
2137 3734 2277 3791 festo
2308 3733 2675 3789 Exaltationis
2698 3742 2903 3789 sanctae
2921 3731 3107 3788 crucis
3128 3730 3358 3802 erigitur
3381 3729 3436 3785 in
3465 3729 3566 3787 tri-

1979 3828 2146 3882 clinio
2180 3829 2421 3898 ligneum
2447 3825 2945 3895 tabulatum,quod
2967 3825 3132 3880 etiam
3163 3832 3364 3877 ornant
3387 3823 3568 3877 serico

1977 3921 2239 3977 coccineo
2268 3937 2283 3986 ;
2316 3922 2369 3973 iu
2391 3936 2501 3990 quo
2530 3921 2847 3992 patriarcha
2877 3919 3211 3981 ascendens,
3245 3916 3290 3972 si
3325 3930 3569 3986 praesens

1978 4019 2071 4082 sit,
2095 4018 2179 4071 vel
2209 4016 2353 4071 alius
2381 4032 2444 4070 cx
2484 4014 2835 4086 patriarchis,
2863 4016 2908 4069 si
2944 4023 3072 4066 tunc
3107 4011 3259 4081 Cpoli
3291 4023 3567 4074 versetur,

1977 4111 2159 4164 crucis
2192 4110 2582 4164 cxaltationem
2610 4110 2837 4179 peragit.
2860 4108 2917 4160 Si
2950 4107 3137 4161 nullus
3164 4106 3362 4160 horum
3391 4102 3563 4170 adsit,

1979 4214 2107 4259 tunc
2158 4204 2289 4260 facit
2338 4205 2441 4258 hoc
2503 4213 2830 4271 protopapa.

2046 4392 2222 4449 Nosse
2265 4400 2478 4462 oportet
2530 4387 2806 4461 principio
2838 4387 3081 4456 cujusvis
3137 4385 3351 4469 mensis.
3410 4398 3567 4458 aqua:

1977 4499 2182 4543 sanctae
2225 4487 2659 4541 benedictionem
2713 4483 2829 4539 ﬁeri
2856 4484 2909 4537 in
2937 4483 3159 4553 palatio,
3196 4493 3424 4547 excepto
3458 4483 3563 4538 Se-

295 4582 458 4649 μόνου
505 4578 601 4632 τοῦ
635 4578 1011 4650 Σεπτεμϐρίου
1057 4580 1151 4633 καὶ
1198 4581 1292 4634 τοῦ
1318 4582 1690 4653 Ἰανουαρίου·
1728 4587 1869 4637 κατὰ

1979 4582 2210 4653 ptcmbri
2244 4590 2300 4636 et
2335 4580 2635 4636 Januario:
2674 4595 2798 4634 nam
2834 4578 2885 4632 in
2917 4581 3101 4648 priore
3133 4578 3189 4632 fit
3234 4579 3349 4631 lucc
3395 4578 3565 4632 benc-

292 4676 397 4744 γὰρ
426 4672 657 4733 τούτους
685 4670 779 4725 τοῦ
813 4672 911 4741 μὲν
941 4674 1001 4725 ὲν
1041 4676 1107 4744 τῇ
1136 4676 1735 4747 τεσσαρεσκαιδεκάτῃ,
1777 4676 1871 4729 τοῦ

291 4768 347 4819 δὲ
374 4769 431 4818 ὲν
462 4768 533 4835 τῇ
563 4764 700 4837 ἕκτῃ
738 4766 966 4833 γίνεται.
991 4766 1208 4820 Γίνεται
1242 4768 1295 4818 δὲ
1321 4770 1347 4820 6
1376 4769 1647 4838 ἁγιασμὸς
1674 4769 1869 4833 οὕτως.

292 4858 400 4914 Τοῦ
441 4858 709 4929 βασιλέως
734 4859 813 4919 εἰς
835 4858 932 4926 τὴν
972 4860 1316 4928 παράστασιν
1345 4862 1639 4930 ἱσταμένου
1672 4862 1875 4932 ψάλλε-

294 4969 383 5004 ται
412 4953 520 5015 ἔξω
550 4951 683 5017 περὶ
711 4950 779 5001 τὰ
806 4951 1055 5022 πρόθυρα
1089 4952 1178 5005 τοῦ
1203 4953 1477 5022 τρικλίνου
1504 4955 1563 5009 τὸ
1588 4956 1870 5009 ἐπίλοιπον

289 5044 379 5096 τοῦ
406 5044 631 5114 ὄρθρου,
663 5040 781 5095 εἶτα
808 5045 1167 5113 συναμμένως
1201 5046 1235 5111 ἡ
1275 5046 1565 5099 ἀκολουθία
1587 5047 1681 5100 τοῦ
1711 5048 1871 5113 ἁγια-

292 5137 448 5205 σμοῦ.
485 5138 595 5189 Καὶ
632 5136 769 5205 μετὰ
818 5136 917 5203 τὴν
943 5136 1210 5191 ἀπόλυσιν
1239 5136 1460 5208 ἔρχεται
1503 5139 1531 5188 6
1563 5156 1867 5208 πρωτοπα-

287 5234 391 5293 sti;
422 5232 519 5283 καὶ
548 5232 612 5282 ἐκ
647 5228 893 5297 πλαγίων
922 5229 1086 5282 αὑτοῦ
1119 5230 1147 5281 ὃ
1194 5246 1251 5283 τε
1303 5231 1681 5301 ἁρχιδιάκονος
1719 5233 1813 5285 καὶ
1839 5234 1866 5286 6

288 5322 705 5393 τρωτςψάλτης,
737 5324 784 5375 εί
827 5322 1113 5391 πάρεστιν,
1150 5323 1181 5394 ἢ
1219 5323 1409 5393 ἕτερός
1458 5342 1543 5388 τις
1574 5326 1685 5378 τῶν
1712 5326 1867 5397 ἐχόν-

286 5435 388 5468 των
418 5416 694 5484 ὁφφίκιον,
724 5414 916 5483 φέρων
954 5415 982 5467 6
1015 5415 1116 5484 μὲν
1138 5415 1534 5485 Δἀρχιδιάκονος
1577 5416 1669 5470 τὸν
1699 5435 1865 5470 σταυ-

287 5509 396 5577 εὶν,
427 5511 453 5562 6
480 5508 537 5562 δὲ
592 5506 789 5569 σκεῦος
826 5507 888 5560 τὸ
921 5507 1116 5573 κοινῶς
1141 5508 1286 5563 οὕτω
1328 5509 1668 5580 καλούμενον
1718 5513 1865 5565 οίνο-

283 5606 440 5670 χείτιν,
473 5603 755 5658 κωθὼνιον
778 5602 904 5671 ἔχον
943 5602 1092 5665 ἐντὸς
1130 5604 1268 5674 μετὰ
1304 5604 1668 5673 ἁγιάσματος.
1698 5605 1812 5659 Καὶ
1834 5607 1862 5659 6

284 5690 524 5759 βασιλεὺς
561 5694 895 5764 προῡπαντᾷ
922 5692 1132 5757 τούτοις
1167 5696 1331 5767 μέχρι
1374 5698 1468 5750 καὶ
1499 5696 1738 5767 ὀργυιῶν
1767 5697 1861 5751 δύο

278 5784 309 5853 ἦ
344 5787 437 5842 καὶ
477 5788 668 5841 πλέον.
707 5788 819 5840 Καὶ
850 5786 1036 5839 λαϐὼν
1124 5793 1506 5858 πρωτοπαπᾶς
1550 5793 1645 5844 τὸν
1692 5810 1858 5846 σταυ-

278 5888 361 5938 ρὸν
382 5885 489 5939 ἀπὸ
523 5880 622 5936 τοῦ
672 5879 1061 5947 ἀρχιδιακὸνου
1091 5881 1306 5950 τίθησιν
1336 5885 1429 5939 ἐπὶ
1462 5886 1719 5951 μετώπου
1760 5887 1856 5944 τοῦ

1977 4674 2147 4728 dictio
2188 4673 2275 4727 die
2313 4672 2532 4727 decimo
2567 4680 2790 4742 quarto,
2836 4670 2892 4724 in
2926 4670 3231 4740 posteriore
3261 4670 3351 4724 die
3384 4679 3561 4725 sexto.

1976 4767 2266 4839 Peragitur
2300 4776 2480 4822 autem
2521 4766 2828 4821 benedictio
2858 4767 3004 4820 hunc
3037 4765 3089 4818 in
3112 4764 3362 4819 modum.
3389 4765 3565 4832 lmpe—

1975 4869 2157 4915 ratore
2196 4876 2296 4913 suo
2330 4859 2382 4913 in
2409 4859 2673 4914 comitatu
2715 4867 2897 4914 stante
2929 4859 3147 4913 canitur
3183 4868 3362 4918 extra,
3412 4858 3561 4910 circa

1974 4952 2307 5007 vestibulum
2347 4951 2588 5018 triclinii,
2645 4951 2698 5006 id
2744 4950 2888 5021 quod
2924 4951 2993 5005 de
3032 4950 3309 5004 matutino
3360 4958 3560 5004 restat.

1976 5045 2178 5101 Deinde
2211 5045 2419 5115 absque
2449 5046 2558 5100 ulla
2582 5043 2988 5112 interruptione
3012 5043 3250 5097 ofﬁcium
3282 5057 3440 5112 aqua:
3468 5042 3563 5097 be-

1970 5137 2286 5193 nedicendae
2310 5154 2327 5203 ;
2400 5152 2512 5207 quo
2539 5137 2794 5191 absoluto
2819 5135 2968 5190 venit
2995 5143 3320 5207 protopapa,
3348 5146 3447 5190 eta
3482 5135 3564 5190 la-

1971 5241 2081 5285 tere
2103 5231 2223 5299 ejus
2248 5230 2674 5286 archidiaconus
2699 5238 2753 5284 et
2784 5230 3181 5299 protopsaltes,
3211 5230 3257 5285 si
3282 5228 3452 5293 adsit,
3476 5228 3561 5283 vel

1969 5325 2110 5378 alius
2142 5324 2413 5394 quispiam
2454 5338 2518 5379 ex
2555 5323 2624 5378 iis
2651 5324 2745 5395 qui
2779 5324 2961 5382 cilicio
3003 5325 3192 5396 aliquo
3227 5323 3557 5395 funguntur.

1967 5416 2404 5472 Archidiaconus
2426 5416 2529 5471 fert
2554 5432 2797 5484 crucem,
2822 5419 2926 5473 iste
2945 5433 3077 5473 vero
3099 5420 3411 5481 vasculum,
3436 5415 3562 5471 vul-

1966 5527 2033 5583 go
2074 5512 2404 5567 mnocheum
2453 5512 2816 5580 nominatum,
2850 5513 2960 5585 79
2998 5516 3147 5583 quod
3182 5514 3347 5569 intus
3377 5511 3557 5566 conti-

1966 5615 2059 5660 net
2108 5606 2473 5661 craterculum
2528 5621 2670 5677 aqua
2716 5608 3007 5663 benedicta
3049 5608 3300 5676 plenum;
3348 5605 3555 5675 quibus

1968 5699 2263 5769 imperator
2284 5700 2504 5755 obviam
2530 5700 2570 5755 it
2590 5701 2656 5756 ad
2682 5701 2820 5756 duas
2839 5716 3014 5770 usque
3035 5698 3256 5770 orgyias
3282 5697 3365 5751 vel
3382 5697 3550 5751 etiam

1965 5792 2224 5861 amplius.
2258 5790 2567 5862 ProtOpapa
2600 5804 2877 5863 acceptam
2905 5794 2973 5848 ab
2999 5790 3390 5846 archidiacono
3427 5802 3555 5842 cru-

1964 5901 2082 5942 cem
2122 5888 2355 5959 imponit
2395 5888 2558 5944 fronti
2602 5888 2948 5960 imperatoris
2980 5903 3105 5943 cum
3141 5885 3418 5954 precibus.
3448 5883 3549 5938 De-
