4044 6432
502 324 576 390 9]
1717 322 1979 383 CODINI
2010 321 2095 381 CU

2203 318 2538 382 ιΡΑιΑΤίΕ

3669 314 3778 378 100

505 456 635 498 sens
675 449 779 507 est,
811 442 866 496 in
892 438 1071 510 magni
1133 437 1415 521 domestici
1468 436 1704 491 tentorio
1755 438 1900 491 tubis
1952 438 2081 490 dant

2203 436 2246 488 ιδ
2274 435 2547 503 φοσσάτον
2594 430 2986 503 εὑρισκομένου
3018 430 3098 495 είς
3134 429 3234 499 τὴν
3267 427 3363 482 τοῦ
3403 427 3650 500 μεγάλου
3682 428 3776 482 δο-

416 530 429 547 ³
511 536 711 591 castris
746 532 1029 589 movendis
1068 531 1317 600 signum:
1369 544 1606 598 cumque
1672 540 1937 598 praesente
1987 530 2088 583 im-

508 637 759 699 peratore
778 627 924 681 acies
942 625 1216 694 dirigitur,
1250 624 1429 693 magni
1458 622 1747 677 domestici
1782 636 1982 676 munus
2003 630 2089 676 est

510 720 814 789 disponere,
848 719 1069 788 quinam
1094 727 1239 777 ante,
1284 717 1377 786 qui
1408 725 1576 778 retro,
1601 714 1803 785 quique
1824 730 1888 769 ex
1923 713 2089 767 latere

507 815 791 869 stationem
829 813 1026 866 habere
1072 812 1322 866 debeant.
1346 809 1645 877 Imperator
1667 822 1795 862 vero
1813 805 2090 862 examinat

507 905 817 974 hujusmodi
864 906 1110 960 ordinem
1165 918 1227 959 ac
1269 902 1705 972 dispositionem.

583 1165 783 1222 Omnia
816 1178 1104 1235 procerum
1134 1161 1436 1224 ﬂammula,
1470 1171 1763 1229 antequam
1793 1160 2088 1230 imperato-

506 1261 587 1314 ria
670 1258 1032 1328 explicentur,
1100 1255 1339 1309 involuta
1408 1263 1633 1306 manent
1689 1268 1859 1323 prope
1916 1255 2088 1323 impc-

506 1354 775 1407 ratoriutn
830 1352 1067 1421 signum,
1118 1349 1369 1418 quaelibet
1422 1347 1473 1399 in
1524 1347 1637 1399 suis
1682 1347 2090 1416 thecis;oeque

507 1445 821 1499 facultatem
856 1443 1057 1496 habent
1090 1457 1153 1495 ea
1193 1442 1345 1510 prius
1369 1438 1677 1509 explicandi
1731 1455 1895 1507 quant
1920 1440 2091 1509 expli-

513 1544 711 1590 centut‘
760 1533 1135 1603 imperatoria.
1190 1532 1259 1585 At
1325 1546 1557 1601 magnus
1625 1531 1961 1585 domesticus
1994 1546 2090 1601 po-

507 1636 761 1682 tcstatctn
832 1626 996 1679 habet
1065 1624 1372 1693 explicandi
1446 1638 1566 1689 sua,
1641 1622 1862 1691 quando
1913 1623 2089 1691 lubet,

508 1718 674 1773 etiam
700 1725 827 1770 ante
858 1716 1230 1784 imperatoria.
1970 1714 1975 1721 '

582 1810 844 1863 Praeterea
892 1809 1112 1876 quando
1167 1814 1351 1860 castra
1400 1820 1621 1860 movere
1672 1808 2090 1875 exercitumque
2124 1797 2163 1851 Β

512 1898 621 1954 alio
682 1898 950 1967 proticisci
1000 1912 1284 1952 necessum
1334 1906 1440 1960 εει,
1480 1897 1770 1965 prazfeclus
1810 1896 2089 1950 exercitus

506 1993 801 2055 antecedit,
830 2000 882 2053 et
914 1990 1063 2059 eligit
1096 2004 1387 2058 quemnam
1429 1989 1547 2058 ipse
1599 1998 1785 2057 aptum
1836 1990 2090 2046 tentoriis

505 2083 619 2154 84
655 2082 884 2153 ﬁgendis
911 2082 1242 2152 judicaverit
1280 2082 1486 2137 locum.
1542 2080 1599 2135 Si
1646 2082 1815 2147 igitur
1858 2097 2090 2150 magnus

509 2193 731 2246 quoque
757 2176 1098 2231 domesticus
1126 2173 1306 2229 locutu
1363 2173 1649 2242 approbet,
1699 2173 1836 2228 bene
1886 2175 2088 2231 habet:

508 2272 593 2323 sin
630 2270 832 2327 minus.
894 2276 1073 2321 castra
1118 2267 1370 2319 locantur
1403 2264 1491 2318 ubi
1538 2266 1655 2333 ipse
1692 2265 2007 2329 censuerit;
2039 2274 2093 2320 et

514 2360 702 2414 nullus
738 2359 843 2412 iter
874 2357 973 2411 init
993 2367 1290 2425 antequam
1321 2370 1548 2423 magnus
1582 2356 1921 2411 domesticus
1968 2358 2095 2411 uni.
2131 2404 2136 2408 .

507 2452 710 2519 cuique
730 2450 1007 2503 llatnmulo
1037 2448 1457 2504 convenientem
1479 2449 1660 2503 locum
1685 2451 1949 2520 assignel.

586 2543 915 2611 Priusquam
964 2542 1246 2597 exercitus
1280 2540 1335 2595 in
1391 2541 1535 2596 viam
1584 2556 1648 2597 se
1690 2542 1807 2607 dat,
1860 2558 2093 2614 magnus

507 2636 843 2706 drungarius
883 2635 1083 2703 vigilite
1107 2634 1393 2688 constituit
1412 2635 1639 2691 diurnas
1665 2636 1899 2705 vigilias,
1930 2646 2095 2706 prout

508 2744 539 2785 a
577 2742 775 2798 magno
798 2728 1101 2783 domestico
1127 2726 1443 2781 Ordinatuin
1474 2736 1600 2793 est;
1630 2737 1687 2781 et
1720 2729 1812 2795 qui
1849 2729 2089 2785 interdiu

507 2822 760 2892 vigilant.
819 2822 1005 2878 statim
1062 2834 1122 2875 se
1175 2818 1243 2874 ad
1294 2821 1543 2890 vigiliam
1604 2820 1921 2877 conferunt.
1977 2823 2094 2878 Mo-

516 2916 593 2971 ris
632 2924 815 2970 autem
860 2924 944 2971 est
994 2925 1055 2971 ut
1094 2920 1372 2973 exercitus
1427 2915 1586 2980 levis,
1642 2916 1747 2971 hoc
1795 2924 1886 2973 est
1948 2916 2095 2973 mili-

514 3017 600 3062 tes
660 3006 817 3062 levis
856 3019 1186 3074 armaturas,
1254 3010 1353 3065 has
1402 3007 1664 3064 excubias
1739 3007 1976 3073 obeant,
2026 3023 2093 3063 eo

514 3096 662 3168 quod
705 3113 869 3154 arcus
907 3098 1127 3167 ferant;
1180 3101 1272 3170 qui
1327 3100 1492 3155 etiam
1524 3115 1555 3155 a
1593 3100 1881 3156 nocturnis
1929 3115 2094 3156 excu-

513 3190 622 3245 biis
674 3204 892 3258 semper
935 3200 1069 3246 sunt
1117 3190 1298 3245 liberi.
1336 3190 1418 3245 Ad
1472 3190 1595 3245 illos
1641 3204 1771 3244 vero
1808 3189 1903 3259 qni
1960 3204 2092 3244 noc-

509 3290 703 3337 turnas
731 3280 948 3351 vigilias
980 3282 1155 3335 acturi
1181 3293 1331 3344 sunt.
1351 3281 1540 3337 abiens
1561 3291 1688 3337 ante
1720 3282 2090 3352 vespertinum

511 3382 730 3442 tempus
761 3388 997 3441 utagnus
1034 3374 1372 3444 drnngarius
1393 3375 1476 3430 sic
1503 3389 1598 3431 eos
1622 3374 1860 3430 aﬂ'atur:
1900 3394 1921 3429 ι
1958 3377 2092 3432 Pro-

510 3479 687 3527 ceres,
706 3464 881 3534 parati
902 3473 1098 3530 estote,
1115 3474 1325 3520 cauete
1365 3474 1421 3521 et
1437 3466 1561 3521 date
1583 3467 1841 3536 pabulum
1860 3470 2040 3539 equis;
2066 3489 2085 3524 ι

480 3571 755 3625 .eumque
789 3556 1125 3624 pmﬁnitum
1180 3555 1541 3612 excubiarutn
1599 3567 1811 3629 tempus
1850 3563 2092 3632 advenit,

513 3644 716 3700 emittit
746 3644 870 3699 illos
906 3658 978 3699 ex
1009 3644 1228 3700 castris.
1279 3645 1501 3712 Deinde,
1538 3648 1585 3702 si
1625 3661 1852 3719 magnus
1905 3653 2093 3709 dome-

512 3736 687 3790 etlcue
718 3734 886 3798 volet,
921 3735 1055 3799 abit,
1097 3746 1155 3789 et
1197 3735 1375 3792 cuivis
1417 3736 1619 3805 locum,
1665 3740 1756 3795 ubi
1780 3747 2092 3801 consultum

392 3910 397 3913 δ
509 3825 858 3895 iudicaverit,
895 3828 1125 3901 ipsemet
1154 3828 1419 3899 assignat.
1456 3829 1552 3886 Sin
1594 3835 1796 3899 minus,
1835 3838 1975 3895 hanc
1997 3852 2093 3897 cu-

515 3931 632 3970 ratn
668 3916 969 3971 committit
1021 3932 1219 3987 magno
1269 3918 1589 3988 drungario,
1635 3924 1727 3994 qui
1771 3926 1824 3980 in
1874 3927 1978 3984 hac
2035 3946 2094 3987 re

516 4010 848 4077 perﬁcienda
880 4011 1002 4080 ejus
1030 4012 1283 4068 minister
1310 4024 1396 4067 est
1421 4023 1477 4069 et
1511 4017 1768 4074 vicarius.
1798 4019 1964 4077 Debet
1994 4038 2095 4078 au-

510 4110 620 4157 tem
661 4103 766 4158 istc
790 4104 856 4157 ad
888 4106 1181 4173 praedictas
1209 4116 1505 4163 nocturnas
1531 4112 1792 4167 excubias
1817 4129 1936 4169 sese
1964 4132 2098 4170 con-

512 4194 675 4259 l'erre,
712 4211 919 4265 easque
953 4199 1247 4253 observare
1295 4210 1347 4254 et
1381 4217 1511 4256 num
1563 4217 1710 4260 ret-te
1752 4222 1810 4261 se
1858 4209 2095 4264 habeant

506 4286 783 4355 judicare.
820 4287 884 4340 Et
915 4289 958 4342 si
985 4292 1203 4357 quidem
1234 4308 1401 4362 prope
1430 4296 1501 4349 sit
1526 4297 1724 4364 hostis,
1751 4316 1855 4354 non
1886 4311 2092 4356 tantum

518 4377 711 4439 semel,
734 4379 837 4439 sed
857 4388 909 4430 et
927 4379 1009 4431 bis
1034 4380 1137 4434 hoc
1156 4380 1336 4436 tacere
1366 4396 1597 4452 oportet.
1623 4388 1680 4441 Si
1712 4405 1839 4444 vero
1866 4391 1937 4444 sit
1962 4401 2097 4444 tem-

519 4485 623 4536 pus
653 4469 853 4537 quietis
885 4477 938 4522 et
975 4470 1347 4540 relaxatiouis,
1379 4478 1543 4531 Semel
1593 4479 1739 4533 facit.

586 4559 695 4629 85
728 4560 953 4631 Magnus
999 4563 1371 4622 adnumiastes
1406 4570 1557 4624 adest
1594 4582 1647 4626 et
1684 4575 1821 4642 ipse.
1874 4575 2096 4643 quando

514 4652 791 4705 exercitus
840 4667 869 4705 a
905 4669 1101 4723 magno
1148 4656 1445 4716 domestico
1505 4663 1792 4719 lustratur.
1845 4665 1899 4719 Si
1942 4683 2097 4735 repc-

514 4744 731 4796 riantur
763 4745 856 4814 qui
883 4756 1103 4802 careant
1127 4750 1285 4818 equis
1320 4754 1400 4806 vel
1425 4756 1594 4809 armis
1633 4756 1930 4823 aliquibus,
1965 4774 2097 4811 con-

512 4838 745 4907 signatis
778 4840 1097 4898 nominibus
1130 4856 1287 4899 curat
1314 4857 1373 4901 tit
1402 4865 1528 4917 quae
1551 4850 1752 4905 desunt
1795 4850 2092 4919 supplean-

514 4942 629 4984 tur.

587 5106 786 5162 Omnes
829 5109 1013 5179 igitur.
1056 5113 1155 5181 ipsi
1194 5116 1357 5197 etiam
1413 5115 1760 5184 imperatoris
1803 5117 1917 5180 ﬁlii.
1964 5120 2098 5190 vigi-

516 5198 632 5251 lant
658 5215 781 5253 cum
816 5202 927 5255 illis
960 5221 1098 5273 quos
1128 5209 1231 5261 sub
1266 5224 1324 5261 se
1362 5209 1584 5263 habent.
1615 5209 1685 5267 At
1738 5225 1967 5280 magnus
1999 5216 2097 5267 do-

516 5292 775 5347 mesticus
818 5312 1117 5366 nunquam.
1154 5299 1313 5353 Ratio
1347 5312 1429 5353 est
1462 5301 1603 5354 ista:
1652 5302 1780 5370 quia
1814 5317 1938 5355 eum
1976 5305 2097 5372 qui-

518 5382 646 5435 libet
680 5399 744 5437 ex
778 5387 900 5441 aliis
933 5390 1250 5457 proceribus
1284 5400 1335 5444 ct
1366 5391 1598 5445 ducibus
1631 5393 1704 5446 sit
1734 5402 1941 5448 tantum
1970 5412 2097 5465 pars

514 5475 809 5539 exercitus,
843 5494 1071 5548 magnus
1091 5492 1273 5533 autem
1299 5482 1636 5536 domesticus
1658 5488 1917 5540 universo
1940 5502 2098 5542 exer-

511 5566 647 5619 ritui
676 5569 924 5637 imperet,
958 5581 1015 5624 ut
1049 5574 1253 5626 dictum
1280 5584 1384 5636 est,
1417 5582 1632 5642 oportet
1659 5586 1716 5629 ut
1738 5592 1957 5647 semper
1986 5582 2097 5635 uni-

514 5672 732 5711 versum
768 5662 1067 5717 exercitum
1094 5665 1253 5717 obeat
1278 5674 1329 5718 et
1352 5678 1544 5720 omnes
1567 5666 1622 5720 in
1644 5667 1888 5724 ordinem
1914 5683 2094 5742 cogat,

518 5766 586 5804 ne
620 5753 663 5805 si
694 5752 942 5809 fortassis
982 5756 1218 5810 hostium
1263 5757 1497 5813 iusultus
1543 5760 1773 5825 oriatur,
1820 5767 2094 5823 exercitus

2119 3148 2166 3212 C

2194 526 2453 596 μεστίκου
2481 525 2674 578 τένταν
2701 522 3025 587 σαλπίζουσι
3056 522 3119 575 τὸ
3136 522 3237 590 τῆς
3262 522 3533 589 κινήσεως
3557 525 3781 590 σήμαν-

2188 636 2339 687 τρον.
2393 617 2505 670 Kal
2539 616 2701 669 ὁπότε
2763 616 2797 685 ἠ
2827 614 2925 668 τοῦ
2972 619 3245 684 φοσσάτου
3284 613 3627 674 κατάστασις
3667 612 3777 681 ἔμ-

2192 708 2428 780 προσθεν
2474 708 2685 776 γίνεται
2740 706 2838 760 τοῦ
2901 706 3187 777 βασιλέως,
3241 706 3311 759 δι’
3344 705 3511 757 αὐτοῦ
3557 706 3616 758 δὲ
3638 756 3653 769 η
3674 703 3777 757 τοῦ

2193 800 2434 869 μεγάλου
2491 797 2816 868 δομεστίκου
2864 800 3196 867 ἐνεργεῖται,
3250 798 3417 867 ἤγουν
3470 794 3616 860 τίνες
3675 795 3781 863 μὲν

2191 890 2525 961 ἔμπροσθεν,
2556 891 2701 947 τίνες
2740 890 2785 942 δ’
2818 889 2885 941 αῦ
2938 891 2999 941 ἐκ
3049 889 3295 955 πλαγίων
3339 887 3651 950 ὀφείλουσιν
3683 888 3781 940 εῦ-

2193 982 2504 1052 ρίσκεσθαι.
2550 980 2611 1035 '0
2658 982 2714 1035 δὲ
2747 981 3004 1052 βασιλεὺς
3044 982 3318 1051 ὲπικρίνει
3367 980 3465 1049 τὴν
3510 977 3780 1046 τοιαύτην

2192 1074 2553 1128 κατάστασιν.

2262 1165 2345 1219 Τὰ
2371 1166 2478 1219 τῶν
2508 1166 2789 1236 ἀρχόντων
2843 1166 3063 1220 ἅπαντα
3090 1164 3382 1236 φλάμουλα
3426 1165 3534 1232 πρὸ
3576 1164 3672 1217 τοῦ
3704 1166 3785 1218 τὰ

2195 1256 2452 1328 βασιλικά
2486 1257 2919 1327 ἀποτυλιχθῆναι
2964 1256 3390 1325 ἑντετυλιγμένα
3420 1255 3785 1325 εὑρίσκονται

2194 1348 2422 1419 πλησίον
2447 1349 2541 1403 τοῦ
2578 1351 2882 1421 σκήπτρου,
2920 1350 2980 1401 ἐν
3004 1350 3127 1408 ταῖς
3152 1346 3365 1399 ἑαυτῶν
3404 1347 3639 1399 ἕκαστον
3672 1347 3786 1414 θή-

2195 1459 2343 1507 καις,
2378 1444 2476 1496 καὶ
2521 1444 2625 1495 οὐκ
2671 1443 2892 1512 ἔχουσιν
2936 1440 3027 1494 ἐπ’
3065 1440 3252 1502 ἀδείας
3295 1438 3468 1493 ταῦτα
3516 1437 3789 1492 ἀπλῶσαε

2194 1535 2302 1607 πρὸ
2334 1535 2447 1589 τῶν
2484 1534 2782 1604 βασιλικῶν
2806 1550 2821 1565 ο
2854 1538 2882 1588 ὁ
2910 1534 2967 1586 δὲ
3014 1533 3188 1604 μέγας
3214 1531 3539 1599 δομέστικος
3583 1530 3791 1583 ἄδειαν

2195 1625 2306 1697 ἔχει
2343 1626 2659 1691 ὲξαπλῶσαι
2706 1628 2776 1680 τά
2820 1624 3039 1690 ἑαυτοῦ,
3089 1625 3176 1678 ὅτε
3223 1622 3489 1693 βούλοιτο,
3520 1621 3618 1675 καὶ
3664 1621 3791 1691 πρὸ

2194 1717 2305 1767 τῶν
2337 1715 2660 1785 βασιλικῶν.

2266 1805 2387 1859 Ἐτι
2406 1808 2569 1868 ἡνίκα
2591 1808 2776 1877 δεήσει
2799 1806 3064 1871 πεζεῦσαι
3086 1806 3147 1860 τὸ
3168 1804 3461 1875 φοσσάτον,
3488 1802 3791 1873 προαπέρ-

2194 1914 2349 1967 χεται
2383 1898 2411 1950 ὁ
2440 1900 2534 1951 ἐπὶ
2573 1898 2667 1952 τοῦ
2702 1898 2959 1969 στρατοῦ,
2997 1881 3100 1952 καὶ.
3130 1899 3417 1967 ἐκλέγεται
3449 1896 3477 1948 ὃ
3516 1896 3583 1949 ἂν
3614 1895 3792 1959 αὐτὸς

2192 1992 2461 2061 διακρίνοι
2490 1993 2934 2046 κατουνοτόπιον.
2977 1991 3239 2061 Ἐὰνημὲν
3278 1990 3374 2044 οῦν
3402 1991 3498 2043 καὶ
3538 1991 3566 2041 ό
3600 1990 3792 2059 μέγας

2193 2084 2515 2152 δομέστικος
2548 2085 2747 2157 στέρξῃ
2779 2084 2958 2149 τοῦτο,
2984 2085 3083 2155 ἤδη
3115 2084 3279 2137 καλόν
3302 2100 3316 2115 ·
3352 2084 3402 2136 εί
3431 2083 3487 2135 δὲ
3516 2082 3615 2152 μὴ,
3642 2082 3792 2137 ἔνθα

2195 2174 2261 2228 ἂν
2290 2175 2443 2237 οὗτος
2499 2178 2788 2248 διακρίνοι,
2850 2178 3292 2247 στρατοπεδεύει.
3337 2178 3449 2231 Kal
3476 2177 3557 2229 ὅτι
3593 2175 3790 2239 οὐδεὶς

2199 2268 2305 2337 πρὸ
2360 2268 2455 2320 τοῦ
2520 2270 2611 2322 τὲν
2662 2269 2836 2339 μέγαν
2886 2270 3208 2339 δομέστικον
3242 2270 3322 2321 ὲνὶ
3369 2268 3589 2339 ἑκάστῳ
3636 2271 3793 2338 φλα-

2200 2360 2384 2429 μούλῳ
2413 2362 2505 2414 τὸν
2535 2363 2893 2432 προσήκοντα
2919 2362 3106 2416 δοῦναι
3136 2362 3303 2415 τόπον
3332 2362 3577 2426 πεζεύει.

2268 2536 2383 2609 Πρὸ
2417 2538 2514 2592 τοῦ
2549 2538 2815 2604 πεζεῦσαι
2834 2538 2897 2592 τὸ
2917 2538 3189 2608 φοσσάτον
3217 2537 3593 2607 ἀπερχόμενος
3616 2538 3645 2590 ό
3671 2538 3789 2609 τῆς

2197 2624 2389 2700 βίγλης
2430 2631 2608 2701 μέγας
2645 2632 3012 2702 δρουγγάριος
3052 2632 3344 2702 καθίστησι
3383 2632 3442 2684 τὸ
3474 2633 3794 2702 λεγόμενον

2195 2722 2605 2794 ήμεροόίγλιον,
2661 2726 2738 2789 ὡς
2794 2726 2950 2795 παρά
3001 2724 3099 2778 τοῦ
3153 2725 3399 2797 μεγάλρυ
3450 2724 3795 2797 δομεστίκου

2197 2815 2568 2885 προσετάχθη.
2601 2816 2714 2871 Kal
2745 2816 2796 2870 οἱ
2818 2816 2934 2891 μὲν
2966 2817 3181 2889 ήμίρας
3231 2816 3573 2888 βιγλίσοντες
3601 2818 3800 2889 ἀπέρο

2197 2924 2387 2979 χονται
2414 2908 2497 2973 είς
2529 2907 2633 2979 τὴν
2659 2908 2852 2979 βίγλαν
2882 2909 3084 2964 αὐτίκα
3117 2910 3482 2981 (ἀπέρχεσθαι
3517 2910 3577 2963 δὲ
3607 2909 3796 2983 σύνηο

2198 2998 2291 3062 θές
2319 3001 2436 3052 εστι
2478 3003 2748 3069 φοσσάτον
2796 2999 3033 3072 ἐλαφρὸν
3067 3001 3158 3055 διὰ
3185 3001 3248 3054 τδ
3287 3001 3421 3067 τόξα
3455 3002 3647 3073 φέρειν
3682 3005 3801 3057 αὐ·-

2197 3092 2356 3156 τούςο
2382 3092 2433 3147 οἶ
2461 3095 2557 3147 καὶ
2596 3094 2851 3164 οὐδαμῶς
2888 3092 3034 3148 κατά
3080 3095 3182 3163 τὴν
3212 3095 3385 3147 νύκτα
3422 3094 3796 3168 βιγλίζουσι),

2200 3183 2336 3252 πρὸς
2360 3184 2418 3237 δὶ
2451 3187 2581 3248 τοὺς
2613 3187 2777 3241 αὑτὸν
2807 3187 2898 3239 τὸν
2928 3186 3119 3256 καιρὸν
3144 3186 3244 3256 τῆς
3282 3188 3475 3251 νυκτὸς
3505 3187 3802 3256 βιγλίσον-

2196 3294 2291 3340 τας
2324 3279 2698 3348 ἀπερχόμενος
2725 3272 2879 3341 οὗτος
2907 3278 2970 3346 δὴ
3013 3280 3042 3332 ὁ
3077 3280 3252 3347 μέγας
3275 3278 3641 3347 δρουγγάριος
3672 3285 3801 3351 πρὸ

2194 3370 2292 3438 τῆς
2341 3370 2437 3424 τοῦ
2470 3372 2701 3425 δειλινοῦ
2751 3372 2900 3442 ὥρας
2958 3372 3103 3441 λέγει
3139 3371 3313 3436 οὕτως
3340 3388 3352 3402 '
3392 3389 3412 3424 ε
3454 3374 3799 3444 Ἄρχοντες.

2196 3463 2582 3533 ἕτοιμάσθητε,
2616 3466 2965 3533 δειπνήσατε,
3002 3465 3099 3517 καὶ
3136 3465 3256 3517 δότε
3303 3466 3508 3535 τροφὴν
3532 3471 3642 3528 τοῖς
3697 3470 3807 3521 ἴπ-

2198 3570 2343 3619 ποις.
2381 3574 2401 3607 ›
2440 3559 2554 3612 Καὶ
2605 3559 2736 3612 ὅταν
2798 3561 2825 3611 ὁ
2878 3559 3217 3629 τεταγμένος
3251 3562 3346 3612 καὶ
3395 3561 3626 3630 πρέπων
3680 3568 3801 3635 τῆς

2199 3646 2394 3719 βίγλης
2421 3648 2550 3721 ἔλθῃ
2583 3650 2799 3720 καιρὸς,
2846 3649 3105 3703 ικϐάλλει
3149 3650 3372 3713 τούτους
3405 3650 3500 3705 τοῦ
3549 3669 3802 3722 στρατο-

2196 3741 2384 3796 πέδου.
2421 3743 2655 3797 Ἔπειτα
2685 3745 2735 3797 εί
2779 3743 2879 3813 μὲν
2900 3745 2929 3797 ὁ
2962 3744 3137 3814 μέγας
3163 3744 3484 3816 δομέστικος
3520 3745 3802 3820 εθελήσῃ,

2196 3835 2505 3905 ἀπέρχεται
2539 3835 2639 3889 καὶ
2674 3836 2860 3913 ἵστησι
2903 3836 3133 3901 τούτους
3164 3835 3234 3891 δι’
3284 3837 3501 3902 ἑαυτοῦ,
3546 3839 3690 3893 δπου
3723 3844 3806 3896 ἂν

2191 3927 2466 3997 διακρίνοι
2492 3943 2510 3960 ο
2544 3929 2593 3980 εί
2616 3926 2675 3981 δὲ
2705 3926 2807 3998 μὴ,
2832 3929 3125 3998 ἀνατίθησι
3153 3928 3231 4000 τῷ
3262 3932 3486 4002 μεγάλῳ
3510 3932 3809 4001 δρουγγα..

2198 4019 2300 4090 ρίῳ
2326 4020 2389 4072 τὸ
2425 4020 2557 4091 περὶ
2580 4019 2793 4085 τούτου,
2820 4021 2878 4084 δς
2913 4022 3010 4075 καὶ
3054 4023 3324 4094 ὑπηρετεῖ
3352 4025 3512 4079 τοῦτο
3538 4026 3655 4079 ἀντ’
3682 4031 3806 4084 αὖ-

2194 4108 2313 4163 τοῦ.
2358 4108 2592 4177 Ὀφείλει
2636 4111 2695 4165 δι
2734 4110 2891 4175 οὗτος
2916 4113 3280 4183 -ἁπέρχεσοαι
3312 4113 3452 4185 πρὸς
3497 4114 3596 4185 τὴν
3624 4118 3810 4188 εἰρη-

2201 4201 2372 4271 μένην
2398 4202 2499 4271 τῆς
2532 4206 2730 4268 νυκτὸς
2759 4205 2957 4274 βίγλαν
2988 4208 3083 4259 καὶ
3114 4209 3400 4276 ἐπιτηρεῖν
3427 4209 3518 4260 καὶ
3550 4210 3808 4283 ἀνακρί-

2198 4309 2313 4346 νειν
2350 4296 2546 4365 αὑτήν.
2583 4297 2693 4349 Kal
2743 4298 2923 4366 εἰμὲν
2972 4298 3141 4367 ὲγγύς
3188 4300 3301 4352 ἐστι
3346 4301 3646 4371 πολεμίων,
3681 4306 3807 4380 οὐχ

2197 4384 2348 4452 ἅπαξ
2391 4389 2577 4456 μόνον,
2602 4389 2739 4441 ἀλλὰ
2767 4392 2863 4442 καὶ
2895 4389 2997 4452 δίς·
3034 4392 3082 4442 εί
3111 4390 3156 4443 δ’
3183 4393 3417 4455 ἀνέσεως
3451 4395 3534 4465 εἴη
3563 4394 3807 4468 καιρὸς,

2133 4512 2173 4566 D
2201 4479 2351 4545 ἅπαξ
2390 4481 2551 4547 τοῦτο
2589 4486 2756 4535 ποιεί.

2284 4572 2341 4625 '0
2379 4573 2433 4624 δὲ
2490 4575 2661 4643 μέγας
2699 4576 3104 4647 ἀδνουμιαστὴς
3146 4577 3240 4630 τοῦ
3280 4578 3553 4646 φοσσάτου
3589 4582 3809 4638 ἀδνου-

2206 4664 2543 4733 μιαζομένου
2574 4670 2724 4739 παρὰ
2766 4670 2859 4722 τοῦ
2906 4671 3148 4739 μεγάλου
3178 4671 3505 4740 δομεστίκου
3544 4674 3809 4744 πάρεστι

2204 4757 2304 4826 μὶν
2339 4759 2430 4810 καὶ
2466 4755 2629 4822 αὑτός
2659 4777 2674 4793 ο
2718 4763 2812 4814 ἐὰν
2837 4763 2893 4816 δέ
2918 4778 3063 4825 τινες
3109 4757 3242 4816 ὦσιν
3276 4763 3383 4815 ἀπὸ
3423 4763 3629 4817 τούτων
3662 4783 3815 4824 στε-

2203 4847 2458 4918 ρούμενοι
2500 4851 2768 4920 ἀλόγωνῆ
2803 4853 3067 4925 ἁρμάτων
3102 4856 3287 4918 τινῶν,
3321 4856 3810 4929 ἀπογραφόμενος·

2200 4935 2357 5003 οὗτος
2429 4944 2498 4997 τά
2568 4943 2826 4999 λείποντα
2902 4947 3247 5015 ἐπιμελεῖται
3330 4948 3810 5019 ἀναπληροῦσθαι

2198 5049 2392 5087 ταυτα.

2276 5127 2483 5191 Πάντες
2519 5129 2618 5200 μὲν
2662 5130 2775 5195 οῦν,
2807 5132 2899 5186 καὶ
2937 5134 3094 5185 αὐτοὶ
3137 5136 3185 5186 οἱ
3216 5134 3311 5186 τοῦ
3349 5133 3616 5203 βασιλέως
3649 5138 3804 5208 υἱοὶ,

2201 5216 2509 5287 βιγλίζουσι
2540 5221 2683 5290 μετά
2710 5223 2822 5278 τῶν
2870 5225 2963 5278 ὐπ’
2996 5224 3218 5291 αὐτοὺς,
3258 5228 3287 5280 ό
3316 5228 3374 5280 δὲ
3416 5230 3590 5297 μέγας
3620 5230 3810 5299 δομέ-

2203 5327 2387 5375 στικος
2435 5314 2711 5383 οὐδαμῶς.
2756 5315 2819 5369 ’11
2848 5317 2906 5369 δὲ
2952 5320 3103 5372 αἰτία
3136 5321 3284 5374 ἐστὶν
3318 5319 3480 5389 αῦτη,
3522 5323 3603 5374 ὅτι
3651 5326 3807 5379 ἑκά-

2202 5418 2329 5453 στου
2381 5405 2479 5472 μὲν
2534 5406 2643 5458 τῶν
2690 5408 2972 5478 ἀρχόντων
3026 5413 3226 5483 μέρους
3281 5416 3556 5481 φοσσάτου
3603 5416 3807 5488 δντος,

2198 5494 2462 5563 ἄρχοντος
2518 5496 2612 5549 τοῦ
2662 5501 2904 5567 μεγάλου
2959 5504 3285 5573 εομεστίκου
3331 5508 3582 5571 καθόλου,
3634 5512 3805 5570 καθὰ

2198 5584 2440 5654 εἴρηται,
2468 5587 2547 5640 δεῖ
2574 5594 2828 5657 παρεῖναι
2856 5591 2943 5646 διά
2973 5594 3133 5648 τοῦτο
3182 5598 3373 5651 τοῦτον
3401 5600 3488 5652 ἀεὶ
3514 5600 3572 5652 ὲν
3614 5607 3804 5659 παντὶ

2198 5678 2276 5749 τῷ
2310 5680 2566 5751 φοσσάτῳ
2594 5682 2950 5741 διατάττοντα
2976 5691 3206 5758 πάντας,
3240 5691 3325 5744 ἵνα
3360 5692 3435 5763 μὴ
3466 5692 3654 5763 ἐφόδου
3690 5714 3807 5751 πο.

2201 5772 2404 5843 λεμίων
2436 5777 2760 5848 γενομένης,
2789 5784 2837 5834 εί
2869 5782 3043 5855 τύχοι,
3087 5787 3256 5857 χωρὶς
3288 5786 3559 5857 ἡγεμόνος
3586 5787 3646 5841 τὸ
3684 5807 3801 5843 κα-
