4044 6436
459 324 489 394 .1
499 325 570 388 03

1677 322 1944 388 CODINI
1987 319 2530 382 CUBOPALAT/E
3155 357 3174 380 .

3635 321 3744 385 104

461 439 632 494 corde
662 449 781 490 meo
809 433 1127 506 supradicto
1152 444 1344 489 sancto
1373 434 1652 506 Symbolo.
1697 437 1820 490 Haec
1851 437 2032 490 omnia

2144 434 2535 505 ἀναθεματίζω
2594 433 2687 486 καὶ
2743 432 2941 495 αὐτὸς,
3005 433 3097 487 καὶ
3155 433 3400 486 πιστεύω
3473 433 3569 505 ὅλῃ
3631 452 3742 504 μου

459 547 546 583 tne
575 531 978 584 custoditurum
1010 529 1276 600 promitto
1300 543 1481 581 coram
1513 539 1700 583 sancta
1729 529 1820 582 Dei
1859 529 2052 582 catho-

459 622 563 676 lica
603 623 865 676 Ecclesia.
888 621 1070 674 Mense
1102 619 1168 683 N,
1207 620 1300 672 die
1323 631 1375 672 et
1396 621 1694 674 indictione
1716 620 1782 684 N,
1823 635 1968 674 anno
1993 619 2053 672 N.

2159 527 2354 596 γνώμῃ
2390 530 2482 580 καὶ
2513 525 2660 595 ψυχῇ
2710 527 2803 578 καὶ
2837 526 3037 596 καρδίᾳ
3076 526 3154 596 τῷ
3181 528 3743 600 προειρημένιρ,.ἁγίῳ

2167 619 2440 688 συμϐόλῳ.
2479 619 2667 672 Ταῦτα
2714 618 2770 670 δὲ
2805 619 2984 671 πάντα
3032 619 3402 690 ὑπισχνοῦμαι
3443 621 3743 688 φυλάττειν

461 715 695 769 ἐνώπιον
723 716 822 784 τῆς
851 714 1014 782 ἁγίας
1061 715 1155 768 τοῦ
1185 714 1318 766 Θεοῦ
1348 715 1646 784 καθολικῆς
1677 717 1772 768 καὶ
1821 713 2193 784 ἀποστολικῆς
2233 713 2582 782 Ἐκκλησίας.
2612 714 2767 766 Κατὰ
2799 711 2945 782 μῆνα
2973 713 3146 777 τόνδε,
3185 715 3294 777 εἰ...
3319 716 3414 778 τὰς
3462 717 3649 781 τόσας,
3680 715 3745 767 ὲν

459 807 643 876 ἡμέρᾳ
673 808 765 858 καὶ
809 805 1106 858 ίνόικτιῶνι
1131 794 1281 873 mae,
1312 803 1468 857 τοῦδε
1498 805 1593 857 τοῦ
1624 806 1801 868 ἔτους.
1844 823 1863 856 ι

529 921 586 974 ld
611 934 740 973 vero
761 919 904 988 quod
929 917 1087 972 initio
1109 918 1467 986 praescripsit.
1493 932 1686 970 rursus
1725 915 1882 972 factae
1925 916 2049 970 ﬁdei

459 1012 782 1083 professioni
809 1011 1126 1075 subscribit,
1150 1010 1283 1064 illttd
1303 1010 1560 1064 nimirum
1582 1025 1596 1062 :
1621 1027 1640 1061 ι
1676 1008 1739 1062 Ν.
1762 1009 2050 1078 ἱηβιπίειο

463 1107 570 1160 Deo
604 1114 792 1158 nostro
827 1103 1001 1157 ﬁdelis
1049 1105 1424 1156 Romanorum
1459 1102 1773 1170 imperator,
1824 1102 1903 1153 vel
1947 1117 2042 1155 rex.

458 1198 827 1250 Romanorum
857 1239 868 1259 ,
925 1196 1141 1265 propria
1185 1211 1350 1249 manu
1398 1194 1736 1264 subscripsi,
1781 1197 2043 1262 tradoque

461 1291 810 1345 sanctissimo
844 1304 963 1341 meo
990 1289 1214 1340 domino
1252 1295 1306 1339 et
1334 1287 1676 1340 memnenicn
1719 1287 2040 1354 patriarcha:

459 1383 688 1437 domino
720 1383 782 1435 Ν.
818 1389 871 1434 et
902 1392 1126 1442 sanctae,
1161 1396 1282 1447 quae
1313 1395 1435 1433 cum
1465 1380 1581 1448 ipso
1607 1388 1709 1444 est,
1751 1379 1978 1448 synodo.
2014 1396 2033 1428 ι

477 1624 486 1630 .
528 1583 642 1651 88
674 1579 806 1634 Post
857 1581 973 1632 lucc
1004 1578 1247 1632 ascendit
1292 1578 1588 1647 imperator
1618 1576 1683 1629 ad
1740 1576 2033 1631 triclinium

459 1678 604 1746 quod
627 1685 846 1727 vocatur
881 1673 1228 1735 Thontaites,
1285 1671 1347 1724 ad
1403 1669 1808 1737 Augustconcm
1858 1670 2036 1738 respi-

458 1771 644 1832 ciens,
692 1768 781 1822 ubi
831 1768 1078 1819 universa
1119 1763 1404 1816 nmltitudo
1448 1762 1618 1831 plebis
1643 1777 1766 1814 cum
1800 1763 2044 1816 exercitu

460 1870 589 1914 Stat.

529 1976 838 2040 Antequam
863 1987 991 2041 ergo
1031 1971 1326 2040 imperator
1357 1984 1415 2022 se
1441 1968 1880 2037 conspiciendum
1909 1979 2044 2031 pra:-

456 2068 600 2129 beat,
641 2081 736 2134 per
770 2064 1002 2131 aliquem
1024 2065 1090 2117 de
1119 2075 1342 2126 senatu,
1369 2063 1457 2114 cui
1491 2061 1542 2115 id
1590 2061 1883 2129 imperator
1907 2073 2041 2127 prte-

452 2159 677 2226 ceperit,
725 2157 1002 2224 jacinntnr
1045 2156 1095 2208 in
1144 2157 1402 2225 populum
1440 2170 1500 2208 ea
1535 2170 1654 2222 qum
1689 2152 2042 2205 nominantur

450 2249 775 2320 epicombia.
801 2247 933 2313 Quae
962 2247 1094 2299 talia
1119 2256 1265 2300 sunt.
1291 2245 1546 2298 Frustilla
1570 2260 1631 2297 ex
1664 2244 1861 2312 pannis
1892 2255 2042 2294 rese-

451 2350 600 2402 cant,
637 2348 692 2392 et
730 2339 782 2390 in
812 2337 1058 2405 quolibet
1083 2345 1369 2408 segmento
1412 2337 1513 2388 tria
1551 2349 1733 2394 aurea,
1787 2340 2039 2400 argentea

463 2431 686 2486 totidem
723 2430 1076 2493 numismata,
1103 2438 1156 2482 et
1186 2431 1285 2481 tria
1313 2443 1382 2482 ex
1416 2427 1590 2482 obolis
1623 2426 1891 2492 illigantes
1917 2438 2041 2491 pro.

445 2521 716 2592 jieiuutin
742 2520 1171 2572 multitudinem.
1200 2511 1500 2585 Projicinnt
1529 2528 1715 2570 autem
1747 2515 1932 2570 talium
1966 2513 2041 2566 fa-

451 2612 784 2667 sciculorum
818 2619 894 2663 tot
941 2609 1134 2674 millia,
1171 2619 1305 2678 quot
1354 2610 1650 2678 imperator
1699 2605 2034 2676 praeceperit.

447 2699 858 2758 Consuetudine
881 2709 1155 2769 receptum
1177 2711 1259 2754 est
1292 2710 1350 2754 ut
1379 2699 1694 2769 hujnsmodi
1734 2697 2035 2766 epieombia

447 2796 708 2864 iaciantur
747 2797 798 2848 in
831 2796 986 2849 atriis
1019 2794 1226 2864 Magnre
1258 2795 1530 2859 Ecclesiat,
1567 2810 1759 2863 nempe
1817 2793 1868 2846 in
1904 2805 2039 2859 prae-

454 2889 599 2942 dicto
635 2891 1002 2958 Angustenne,
1049 2898 1227 2943 stante
1253 2904 1318 2943 co
1375 2889 1465 2958 qui
1501 2888 1717 2958 projicit
1768 2889 1818 2940 in
1851 2889 2036 2958 Angu-

449 2983 660 3036 5teonis
691 2982 968 3050 gradibus.
1481 2963 1488 2974 ί
1611 2976 1640 3000 ί

519 3097 648 3150 Post
674 3097 786 3151 ha-c
819 3112 993 3150 novus
1025 3097 1320 3165 imperator
1363 3095 1602 3162 insculo
1633 3096 1898 3152 sessitans
1931 3098 2029 3151 tol—

448 3191 658 3247 liturin
693 3191 884 3249 altum,
961 3200 1008 3242 rt
1071 3188 1138 3242 ab
1199 3191 1452 3244 universa
1511 3189 1856 3244 multitudine
1896 3189 2032 3242 infra

446 3293 626 3336 stante
656 3281 1012 3348 conspicitur.
1053 3281 1408 3334 Tenentvero
1426 3283 1638 3348 priores
1656 3293 1834 3352 partes
1861 3283 2035 3353 clypei

448 3373 742 3443 imperator
775 3389 1078 3440 parensque
1118 3375 1435 3438 renuntiati,
1473 3374 1518 3426 si
1550 3373 1729 3427 adhuc
1757 3374 1825 3428 sit
1857 3376 1908 3426 in
1956 3377 2037 3426 vi-

451 3467 551 3528 vis,
581 3475 636 3519 et
662 3465 994 3534 patriarcha.
1043 3466 1225 3518 Partes
1256 3480 1283 3517 a
1334 3465 1503 3518 latere
1543 3474 1596 3518 et
1647 3475 1794 3518 retro
1843 3473 2034 3518 tenent

445 3557 538 3625 qui
578 3557 837 3626 dignitate
867 3556 1139 3625 praecipua
1169 3555 1461 3619 excellunt,
1496 3557 1746 3610 videlicet
1794 3557 2034 3624 despotzn

443 3658 498 3700 et
527 3647 1024 3707 sebastocratores,
1074 3647 1116 3699 si
1162 3645 1387 3700 fuerint.
1440 3646 1533 3700 Sin
1581 3648 1787 3710 minus,
1827 3663 2028 3702 munus

445 3736 550 3790 hoc
588 3738 798 3790 obeunt
834 3739 1243 3804 prztstantiores
1269 3747 1321 3805 et
1356 3738 1654 3791 nobiliores
1691 3753 1754 3790 ex
1793 3739 2032 3806 proceri-

442 3829 565 3881 bus.
599 3827 654 3880 δί
688 3844 794 3881 non
833 3839 1082 3899 superest
1116 3830 1241 3883 novi
1290 3830 1640 3898 imperatoris
1676 3841 1848 3898 pater,
1880 3838 2032 3882 ante-

441 3918 612 3973 riores
661 3931 844 3989 partes
892 3921 1065 3990 clypei
1121 3933 1263 3976 tenet
1294 3922 1657 3977 'ext-ellentior
1699 3938 1762 3976 ex
1799 3922 1904 3976 illis
1935 3922 2028 3990 qui

440 4009 792 4078 indignitate
830 4023 978 4076 sunt,
1027 4027 1121 4066 aut
1169 4016 1368 4081 aliquis
1419 4029 1485 4067 ex
1540 4013 1860 4081 proceribus
1904 4029 2026 4068 cum

441 4104 773 4171 patriarcha.
800 4103 990 4159 Partes
1016 4109 1352 4175 posteriores
1377 4105 1847 4174 tenentquosjam
1868 4119 2028 4159 antea

439 4199 1016 4252 commemoravimus.

507 4284 619 4353 89
653 4285 858 4353 Populo
889 4297 942 4338 et
976 4288 1231 4342 universo
1279 4287 1521 4341 exercitu
1584 4287 1783 4341 faustis
1846 4287 2024 4342 accla-

438 4377 773 4449 mationibus
793 4387 1139 4445 personante,
1171 4380 1452 4432 descendit
1485 4380 1551 4432 de
1578 4388 1755 4443 scuto,
1780 4379 2026 4432 ducitur-

2233 911 2298 962 Ὃ
2324 909 2379 962 δὲ
2412 909 2760 977 προτάσσων,
2804 909 2951 964 τοῦτ’
2979 911 3111 964 αὐτὸ
3149 910 3310 964 πάλιν
3346 913 3434 966 καὶ
3471 915 3609 980 μετὰ
3637 914 3741 986 τὴν

2155 1003 2256 1072 τῆς
2310 1004 2548 1064 πίστεως
2579 1003 2797 1056 ἔκθεσιν
2830 1004 3154 1057 ὑποτάσσων
3191 1007 3414 1075 γράφει,
3451 1008 3620 1076 ἧγουν
3651 1010 3738 1076 τὺ,

2160 1118 2177 1149 ι
2201 1097 2258 1149 '0
2275 1097 2424 1149 δεῖ-,ια
2447 1097 2502 1147 ὲν
2521 1096 2740 1166 Χριστῷ
2767 1095 2844 1165 τῷ
2865 1096 2984 1166 Θιῷ
3015 1097 3203 1157 πιστὸς
3233 1097 3488 1166 βασιλεὺς
3516 1101 3608 1152 καὶ
3639 1077 3744 1153 αύ-

2148 1189 2434 1258 τοκρόιτωρ
2477 1187 2789 1256 Ῥωμαίων,
2823 1188 2854 1258 ἢ
2887 1187 3147 1256 βασιλεὺς
3184 1187 3477 1258 Ῥωμαίων
3509 1232 3524 1256 ,
3557 1191 3743 1262 οἰκείᾳ

2147 1283 2295 1352 χειρὶ
2349 1281 2626 1346 ὑποτάξας
2677 1281 3024 1350 παραδίδωμι
3057 1279 3133 1350 τῷ
3179 1285 3585 1352 παναγιωτάτῳ
3629 1301 3739 1352 μου

2146 1377 2382 1448 δεσπότῃ
2409 1380 2502 1429 καὶ
2533 1377 2900 1446 οἰκουμενικῴ
2978 1378 3301 1448 πατριάρχῃ
3356 1380 3600 1450 κυρῷ....
3639 1380 3742 1436 καὶ

2148 1471 2265 1539 μετ’
2312 1469 2474 1521 αὐτοῦ
2533 1468 2653 1539 θεία
2709 1470 2806 1522 καὶ
2863 1471 2983 1540 ἱερᾷ
3019 1470 3275 1538 συνόδῳ.»

2215 1585 2368 1638 Μετὰ
2407 1584 2565 1637 τοῦτο
2603 1585 2783 1638 τοίνυν
2828 1586 3118 1654 ἀνέρχεται
3171 1589 3264 1640 ἐπί
3318 1589 3412 1642 τὸν
3461 1590 3740 1657 τρίκλινον

2159 1677 2250 1730 τὸν
2288 1677 2584 1746 λεγόμενον
2633 1679 2929 1749 Θωματτην
2955 1719 2970 1743 ,
3020 1682 3156 1750 πρὸς
3202 1683 3293 1734 τὸν
3324 1683 3738 1751 Αὐγουστεώνα

2085 1773 2124 1827 Β
2156 1772 2467 1837 ἀφορῶντα,
2497 1773 2633 1824 ὅπου
2686 1773 2746 1824 τὸ
2780 1774 2985 1843 πλῆθος
3021 1773 3169 1827 ἅπαν
3202 1775 3424 1829 ἵσταται
3465 1777 3603 1846 μετὰ
3635 1780 3738 1831 τοῦ

2150 1863 2444 1930 possunt».

2220 1974 2333 2042 Πρὸ
2363 1977 2456 2026 τοῦ
2487 1974 2725 2042 φανῆναι
2747 1973 2840 2027 οὖν
2874 1975 3038 2028 αὑτὸν
3067 1975 3157 2030 διά
3182 1994 3328 2042 τινος
3350 1980 3456 2031 τῶν
3490 1981 3738 2050 συγκλη-

2143 2068 2331 2129 τικῶν,
2360 2061 2403 2132 ᾧ
2439 2068 2505 2120 ἂν
2536 2067 2788 2132 ἐπιτάξοι
2821 2070 2848 2120 ὁ
2877 2069 3155 2137 βασιλεὺς,
3200 2072 3487 2140 ῥίπτονται
3522 2077 3603 2134 εἰς
3638 2075 3736 2127 τὸν

2142 2157 2272 2210 λαὸν
2332 2156 2369 2210 ἂ
2438 2157 2690 2225 λέγουσιν
2754 2160 3074 2228 ὲπικόμὸια.
3136 2162 3291 2214 Ἐστι
3344 2163 3400 2215 δὲ
3462 2165 3733 2221 τοιοῦτον.

2143 2249 2422 2318 Τμήματα
2444 2251 2508 2302 ἐκ
2541 2251 2750 2304 πανίων
2783 2251 3102 2315 κόπτοντες,
3135 2254 3228 2305 καὶ
3259 2256 3316 2306 ἐν
3349 2256 3565 2325 ἑκάστῳ
3588 2259 3737 2326 τμή-

2105 2406 2108 2408 _
2146 2358 2280 2407 ματι
2302 2341 2617 2409 νομίσματα
2646 2344 2830 2412 χρυσᾶ
2862 2343 2963 2411 μὲν
2998 2344 3122 2412 τρία
3146 2347 3366 2416 ἀργυρᾶ
3399 2346 3456 2399 δὲ
3487 2349 3738 2402 τοσαῦτα

2143 2432 2239 2483 καὶ
2268 2432 2395 2499 τρία
2428 2431 2485 2496 ἐξ
2531 2431 2737 2483 ὀϐολῶν
2793 2433 3209 2502 περιδήσαντες,
3243 2435 3526 2505 ῥίπτουσιν
3559 2438 3640 2500 είς
3670 2439 3736 2490 τὸ

2144 2521 2367 2591 πλῆθος.
2407 2523 2684 2576 Ῥίπτουσι
2721 2524 2773 2576 δὲ
2805 2525 3083 2588 τοιούτους
3116 2527 3461 2595 ἀποδέσμους
3490 2528 3734 2596 ἀριθμὸν

2142 2613 2396 2682 χιλιάδων
2443 2614 2563 2666 ὅσον
2606 2614 2671 2666 ἂν
2706 2611 3001 2683 προστάξοι
3031 2616 3058 2666 ὁ
3095 2615 3367 2684 βασιλεύς.
3409 2616 3732 2685 Ειθισμένον

2139 2705 2196 2758 δέ
2229 2706 2346 2757 ἐστι
2388 2705 2605 2774 ῥίπτειν
2649 2707 2716 2758 τὰ
2771 2707 2993 2759 τοιαῦτα
3025 2707 3325 2776 Eat-2x6me
3363 2709 3419 2760 ἓν
3454 2711 3568 2772 τοῖς
3595 2725 3734 2778 προ-

2141 2796 2347 2859 αυλίοις
2375 2798 2468 2850 τοῦ
2503 2799 2600 2866 τῆς
2653 2799 2900 2868 μεγάλης
2943 2799 3239 2869 ἐκκλησίας
3274 2800 3422 2868 ναοῦ,
3454 2803 3628 2871 ἤγουν
3669 2805 3733 2855 ὲν

2138 2882 2181 2956 ᾧ
2220 2889 2439 2960 εἴρηται
2496 2892 2905 2958 Αὐγουστεῶνι,
2943 2892 3235 2959 ἱσταμένου
3284 2891 3381 2946 τοῦ
3439 2897 3734 2964 ρίπτοντος

2140 2980 2324 3033 ἐπάνω
2363 2980 2472 3032 τῶν
2517 2981 2610 3033 τοῦ
2645 2980 3068 3049 Αὐγουστεῶνος
3106 2982 3406 3053 βαθμίδων.

2209 3095 2365 3148 Μετὰ
2401 3095 2460 3148 δὲ
2506 3094 2665 3148 τοῦτο
2708 3097 2734 3148 ὁ
2778 3094 2896 3155 νέος
2953 3095 3208 3164 βασιλεὺς
3249 3096 3338 3150 ἐπὶ
3393 3098 3732 3169 σκουταρίου

2139 3186 2430 3250 καθεσθεὶς
2487 3186 2776 3256 ἐπαίρεται
2839 3190 2920 3250 εἰς
2958 3187 3110 3254 ὕψος,
3167 3191 3262 3241 καὶ
3303 3191 3554 3258 φαίνεται
3585 3193 3734 3246 πᾶσι

2139 3281 2251 3341 τοῖς
2282 3279 2527 3331 κάτωθεν
2561 3279 2870 3347 ἱσταμένοις
2903 3279 3191 3348 πλήθεσιν.
3220 3282 3525 3350 Κατέχουσι
3555 3282 3614 3335 δὲ
3653 3285 3734 3336 τὰ

2141 3368 2243 3436 μὲν
2286 3367 2600 3438 ἔμπροσθεν
2627 3370 2724 3435 τῆς
2757 3369 2983 3432 ἀσπίδος
3013 3370 3174 3432 αύτός
3207 3388 3264 3422 τε
3289 3375 3314 3424 ὀ
3343 3372 3598 3440 βασιλεὺς
3626 3384 3736 3431 καὶ

2137 3460 2318 3528 πατὴρ
2365 3459 2460 3510 τοῦ
2517 3461 3016 3530 ἀναγορευομένων,
3051 3461 3145 3513 ἐὰν
3179 3461 3288 3526 ζῶν
3324 3459 3378 3536 ᾖ,
3411 3465 3507 3517 καὶ
3542 3469 3569 3518 ὁ
3619 3478 3737 3521 πα-

2136 3551 2407 3619 τριάρχης
2439 3590 2454 3613 ,
2511 3553 2579 3603 τὰ
2630 3550 2688 3602 δὲ
2745 3552 2808 3602 ἐκ
2864 3551 3110 3620 πλαγίων
3158 3555 3252 3606 καὶ
3281 3553 3511 3608 ὄπισθεν
3549 3558 3598 3609 oi
3663 3562 3734 3611 ἐν

2136 3638 2439 3711 ἀξιώμασιν
2498 3641 2884 3711 ὑπερέχοντες,
2925 3642 3094 3712 ἧγουν
3126 3644 3387 3697 δεσπόται
3434 3648 3527 3700 καὶ
3562 3648 3736 3702 σεϐα-

2137 3734 2525 3804 στοκρὰτορες,
2569 3736 2666 3786 ἐὰν
2712 3730 2869 3788 ὦσιν·
2900 3739 2948 3789 εἰ
2978 3738 3033 3790 δὲ
3075 3738 3172 3807 μὴ,
3201 3740 3250 3791 οἱ
3281 3739 3590 3808 κρείττονες
3625 3745 3732 3794 καὶ

2135 3826 2510 3893 εὐγενέστεροι
2558 3826 2667 3878 τῶν
2708 3827 3008 3897 ἀρχόντων.
3039 3829 3100 3881 Εί
3139 3829 3183 3880 δ’
3215 3831 3317 3883 οὐκ
3350 3829 3468 3884 ἐστι
3503 3834 3724 3902 πατὴρ,

2133 3921 2201 3969 τὰ
2241 3916 2340 3987 μὲν
2395 3918 2496 3985 τῆς
2528 3918 2752 3980 ἀσπίδος
2786 3918 3100 3989 ἔμπροσθεν
3141 3923 3166 3972 ὁ
3219 3923 3572 3992 ἐντιμότερος
3608 3925 3732 3975 τῶν

2131 4008 2528 4092 ἀξιωματικῶν
2578 4011 2756 4081 ἢ’τῶν
2818 4013 3096 4082 ἀρχόντων
3135 4017 3278 4083 μετὰ
3323 4016 3416 4068 τοῦ
3450 4015 3729 4087 πατριάρ-

2133 4119 2254 4171 χου,
2297 4102 2363 4154 τὰ
2395 4103 2450 4154 δὲ
2486 4121 2548 4171 γε
2581 4103 2826 4178 ὄπισθεν,
2851 4104 2943 4167 οὓς
2965 4107 3214 4175 εἴπομεν.

2203 4281 2718 4352 Ἐπευφημίσαντος
2753 4282 2810 4335 δὲ
2842 4284 2936 4336 τοῦ
2970 4284 3100 4338 λαοῦ
3134 4286 3227 4338 καὶ
3260 4286 3532 4354 φοσσάτου
3580 4305 3725 4340 παν-

2131 4373 2222 4434 τὸς
2253 4374 2580 4442 κατέρχεται
2620 4375 2720 4442 μὲν
2752 4375 2859 4427 ἀπὸ
2913 4377 3006 4427 τοῦ
3041 4377 3394 4446 σκουταρίου,
3426 4378 3618 4445 ἄγεται
3658 4380 3723 4432 δὲ

436 4487 543 4537 que
573 4471 636 4522 ad
672 4470 884 4524 Sancta:
905 4471 1119 4541 Sophim
1148 4471 1429 4540 templum,
1455 4472 1507 4524 in
1543 4486 1651 4538 quo
1683 4470 2027 4524 coronandus

2141 4467 2214 4527 εἰς
2243 4465 2336 4518 τὸν
2374 4466 2474 4532 τῆς
2510 4468 2670 4534 ἁγίας
2723 4468 2919 4535 Σοφίας
2958 4470 3108 4534 ναὸν,
3141 4473 3274 4522 ὅπου
3307 4472 3389 4522 δεῖ
3430 4472 3590 4524 αὑτὸν
3621 4478 3721 4523 καὶ

435 4570 540 4613 est.
576 4559 667 4615 Est
723 4577 902 4615 autem
955 4563 1022 4616 ibi
1071 4567 1214 4618 hunc
1251 4564 1302 4615 in
1340 4579 1498 4617 usum
1561 4563 1738 4631 lignea
1797 4563 2023 4636 aedicula

437 4661 739 4717 exstructa,
775 4654 826 4705 in
859 4666 966 4722 qua
995 4668 1194 4705 norum
1235 4653 1621 4721 imperatorem
1653 4654 2022 4708 introductum

433 4743 668 4797 induunt
695 4759 853 4798 sacco
885 4755 938 4798 et
966 4744 1300 4808 diademate,
1333 4744 1718 4814 episcoporum
1766 4746 2024 4800 benedic-

434 4835 581 4885 tione
616 4834 762 4896 prius
793 4835 1148 4888 consecratis.
1182 4834 1234 4886 lu
1264 4835 1441 4903 capite
1510 4853 1615 4889 non
1648 4837 1749 4890 fert
1813 4845 2024 4890 certum

435 4926 563 4992 quid
590 4940 652 4978 ac
680 4927 959 4978 deﬁnitum
991 4962 1006 4986 ,
1055 4926 1144 4978 sed
1182 4926 1260 4979 vel
1293 4935 1520 4992 sertum,
1558 4928 1639 4980 vel
1693 4928 1821 4996 quid
1877 4926 2024 4980 aliud

438 5018 703 5072 arbitratu
738 5033 858 5071 suo.
895 5017 990 5069 llis
1014 5019 1248 5084 peractis
1283 5019 1498 5087 liturgia
1532 5005 1827 5088 peragitur.
1855 5017 2023 5072 Porro

437 5124 601 5178 prope
631 5110 917 5162 aediculam
940 5110 1080 5162 illam
1115 5111 1374 5178 ligneam,
1397 5111 1463 5164 de
1495 5127 1597 5179 qua
1617 5111 1730 5179 jam
1761 5110 2021 5171 diximus.

432 5201 696 5254 aedificata
715 5211 796 5253 est
828 5200 1004 5270 lignea
1057 5203 1356 5256 anabathra
1398 5201 1589 5266 pannis
1621 5201 1800 5255 rubris
1829 5203 2024 5255 vestita

435 5290 486 5343 in
521 5307 624 5359 qua
657 5306 753 5357 pro
781 5307 1016 5347 numero
1071 5294 1466 5362 imperatorum
1528 5300 1805 5359 ponuntur
1872 5293 2022 5344 aurei

437 5377 640 5463 throni,
685 5389 737 5430 at
771 5396 877 5434 non
917 5383 1049 5434 tales
1089 5383 1277 5449 quales
1303 5387 1433 5434 sunt
1464 5381 1554 5433 alii
1624 5381 2018 5448 imperatorum

436 5467 643 5533 throni,
677 5471 768 5523 sed
803 5471 938 5524 adeo
999 5471 1198 5524 excelsi
1253 5479 1313 5524 ut
1371 5470 1603 5524 habeant
1653 5480 1885 5538 quatuor
1941 5470 2024 5522 vel

434 5560 675 5630 quinque
709 5565 1003 5632 gradus,in
1029 5564 1229 5632 quibus
1257 5565 1464 5634 egressi
1484 5579 1545 5618 ex
1583 5565 1758 5634 lignea
1799 5564 2022 5617 aedicula

435 5662 812 5720 imperatores,
851 5656 894 5709 si
939 5671 1042 5708 non
1071 5670 1208 5710 unus
1233 5657 1324 5710 sed
1352 5659 1532 5724 plures
1588 5657 1816 5719 fuerint,
1889 5656 2022 5709 resi-

433 5741 584 5796 dent.
623 5745 937 5801 Aseendunt
972 5758 1021 5802 et
1050 5765 1170 5802 cum
1200 5749 1306 5802 illis
1333 5749 1568 5803 dominae
1602 5764 1799 5804 uxores
1835 5764 2019 5803 eorum

2131 4557 2562 4626 στεφθήσεσθαι.
2609 4558 2877 4629 ’Υπάρχει
2931 4561 2988 4613 δὲ
3042 4563 3222 4614 ἐκεῖσε
3260 4579 3720 4632 προκατεσκευα-

2132 4651 2328 4716 σμένον
2384 4649 2593 4713 ξύλινον
2635 4654 2840 4722 οἴκημα
2899 4655 3096 4724 μικρὸν
3153 4656 3314 4710 ἕνεκα
3373 4659 3474 4727 τῆς
3525 4663 3720 4728 χρείας

2126 4739 2353 4808 ταύτης·
2386 4743 2463 4803 εἰς
2494 4741 2520 4794 ὃ
2557 4743 2771 4807 ξύλινον
2827 4747 3032 4814 οἴκημα
3089 4748 3407 4814 εἰσάγοντες
3459 4751 3550 4801 τὸν
3591 4751 3715 4802 νέον

2129 4831 2359 4900 βασιλέα
2391 4834 2637 4885 ἐνδύουσι
2669 4835 2759 4885 τὸν
2815 4836 3025 4888 σάκκον
3059 4840 3154 4889 καὶ
3185 4839 3243 4889 τὸ
3269 4840 3527 4908 διάδημα,
3558 4841 3714 4893 εὐλο-

2127 4923 2373 4990 γούμενα
2405 4924 2510 4974 ὑπὸ
2554 4925 2662 4974 τῶν
2695 4926 3019 4996 ἀρχιερέων.
3068 4930 3193 4981 Ἐπὶ
3226 4931 3280 4982 δὲ
3315 4933 3415 4999 τῆς
3465 4934 3712 5002 κεφαλῆς

2127 5011 2292 5065 αὐτοῦ
2333 5013 2393 5065 ού
2444 5019 2837 5084 νενομισμένον
2890 5035 2941 5069 τι
2979 5022 3157 5088 φορεῖ,
3190 5021 3306 5072 ἀλλ’
3365 5021 3395 5090 ἢ
3443 5024 3714 5090 στέφανον

2126 5103 2158 5170 ἢ
2189 5103 2377 5171 ἕτερον
2406 5105 2432 5156 ὅ
2464 5121 2514 5156 τι
2548 5107 2614 5157 ἂν
2664 5104 2809 5176 δόξῃ.
2847 5107 3065 5162 Τούτων
3098 5110 3152 5162 δὲ
3203 5114 3505 5200 γινομένων
3538 5113 3716 5168 τελεῖ-

2124 5197 2280 5264 ταιή
2331 5195 2665 5265 λειτουργία.
2722 5198 2959 5266 Πλησίον
3007 5200 3063 5252 δὲ
3118 5193 3178 5254 οὗ
3207 5193 3434 5271 εἴπομεν
3495 5204 3708 5270 ξυλίνου

2122 5290 2424 5360 οἰκήματος
2480 5295 2956 5359 κατασ.ιευὰζεται
3011 5299 3073 5349 ὲκ
3131 5299 3303 5360 ξύλων
3361 5301 3560 5369 ὁμοίως
3613 5305 3710 5356 καὶ

2123 5381 2430 5451 ἅναϐἀθρα,
2475 5387 2571 5436 καὶ
2605 5385 2852 5438 ἐνδύουσι
2905 5389 3107 5459 ταύτην
3159 5391 3426 5444 πάντοθεν
3452 5393 3540 5444 διὰ
3579 5392 3712 5460 βλα-

2123 5473 2251 5526 τίων
2283 5475 2553 5545 ἐρυθρῶν.
2593 5478 2808 5567 Ἐπξνω
2850 5481 2904 5532 δὲ
2933 5481 3138 5552 ταύτης
3174 5482 3413 5537 τίθενται
3442 5487 3585 5539 κατὰ
3612 5490 3710 5541 τὸν

2124 5567 2356 5636 ἀριθμὸν
2410 5570 2517 5622 τῶν
2559 5571 2823 5639 βασιλέων
2873 5573 3053 5642 θρόνοι
3106 5580 3326 5645 χρυσοῖ,
3380 5579 3439 5630 οὐ
3475 5580 3709 5635 τοιοῦτοι
3785 5641 3798 5650 κ

2125 5660 2184 5711 δὲ
2211 5661 2384 5713 ὁποῖοί
2425 5662 2532 5714 είσι
2564 5666 2656 5716 καὶ
2688 5666 2837 5719 ἄλλοι
2876 5666 3058 5737 θρόνοι
3089 5671 3197 5722 τῶν
3234 5670 3530 5739 βασιλέων,
3566 5673 3706 5727 ἁὲλὰ

2125 5751 2380 5804 τοσοῦτον
2420 5752 2613 5822 ὑψηλοὶ
2662 5755 2803 5810 ὥστε
2863 5759 3006 5828 ἔχειν
3041 5761 3310 5831 βαθμίδας
3348 5765 3388 5815 δ’
3423 5763 3454 5833 ἦ
3507 5765 3602 5817 καὶ
3636 5763 3703 5822 ε’.
