4044 6432
249 405 337 473 121

1025 391 1126 459 DE
1168 389 1507 456 OFFICIIS
1551 339 2028 455 CllOLlTANlS.
2063 412 2134 424 --
2178 385 2341 446 CAP.
2381 377 2742 444 XXI-XXII.

3403 365 3505 429 1'22

239 523 352 578 καθ’
387 518 529 590 αἷμα
589 515 875 586 συγγενῶν
926 511 1089 568 αὐτοῦ
1155 510 1505 580 τελευτῆσαι,
1557 506 1847 577 οὐδαμῶς,

1958 518 2076 557 nem
2107 501 2273 554 alium
2304 513 2369 552 ex
2400 493 2661 564 sanguine
2689 487 2897 560 junctis
2941 486 3100 549 mori,
3130 499 3409 552 nunquam
3452 493 3510 537 et

243 616 392 686 ςορεί
408 614 631 682 κίτρινα
661 612 688 663 ὁ
721 607 1003 680 βασιλεύς.
1043 607 1142 659 Ἂν
1170 605 1227 657 δέ
1255 620 1398 664 τινος
1429 600 1541 652 τῶν
1571 596 1813 668 γνησίων

243 680 404 762 αὐτοῦ
425 705 460 776 ἦ
492 680 635 757 βείου
670 703 704 772 ἢ
740 699 964 770 ἀνεψιοῦ
1001 699 1032 770 ἢ
1090 680 1390 766 ἐξαδέλφου
1425 691 1567 762 γυνὴ
1629 689 1814 744 τελευ-

246 802 380 871 τήσῃ
409 797 444 865 ἢ
481 795 713 863 ἁδελφὸς
745 795 782 866 ἢ
812 795 947 859 υίὸς,
979 793 1008 845 ὁ
1059 791 1150 844 τὸν
1188 789 1464 842 τεθνεῶτα
1523 781 1817 838 ἀποϐαλὼν

254 886 552 950 διασιεάζει
590 887 648 938 ὲν
675 885 755 956 τῷ
800 881 993 937 ἑαυτοῦ
1041 881 1274 950 ὁσπιτίῳ
1325 880 1424 941 τὰς
1477 874 1819 945 τεταγμένας

257 977 549 1045 πενθίμους
575 976 812 1048 ἡμέρας,
832 975 952 1044 ἦτοι
972 973 1134 1043 μέχρι
1155 974 1251 1024 καὶ
1271 969 1379 1022 τῶν
1399 966 1818 1036 νενομισμένων

254 1066 503 1133 ἑννάδων,
535 1068 632 1121 καί⁷
654 1065 789 1135 μετά
817 1063 976 1118 τοῦτο
1034 1065 1255 1135 ἔρχεται
1297 1058 1493 1121 νυκτδς
1528 1057 1625 1111 καὶ
1652 1066 1825 1125 προσ-

258 1162 403 1213 κυνεῖ
434 1159 530 1211 τὸν
555 1156 784 1228 βασιλέα
816 1153 1249 1226 μελανειμονῶν,
1302 1151 1399 1204 καὶ
1431 1149 1624 1202 ἔκτοτε
1663 1145 1826 1208 ἐκτὸς

261 1249 354 1316 μὲν
383 1245 741 1315 ἐνδεδυμένος
776 1244 893 1295 ἐστὶ
929 1241 1158 1312 μῦανα,
1194 1240 1286 1291 τὸν
1315 1239 1368 1291 δὲ
1399 1235 1630 1306 βασιλέα
1652 1249 1826 1302 προσ-

259 1337 428 1391 κυνῶν
459 1338 621 1406 φορεῖ
651 1335 886 1404 ἠεράνεα
913 1349 926 1364 ·
983 1333 1104 1386 οὐδὲ
1155 1332 1266 1402 γὰρ
1323 1329 1671 1398 ένδεδομένον
1706 1325 1828 1378 ἐστὶ

261 1431 671 1499 μελανειμονείν
697 1430 755 1482 ὲν
788 1425 866 1496 τῷ
890 1427 1164 1496 παλατίῳ.

746 1564 1140 1621 ΚΕΦΛΛᾹΙΟΝ
1196 1565 1325 1616 KB’.

541 1684 682 1755 Περὶ
722 1682 1162 1754 pellor-rimam
1191 1679 1549 1746 δεσποίνης.

328 1803 448 1873 Χρὴ
467 1803 565 1854 καὶ
579 1799 737 1853 τοῦτο
753 1797 1063 1868 γινώσκειν,
1083 1796 1166 1848 ὅτι
1184 1793 1478 1863 δεσποίνης
1500 1791 1719 1862 νύμφης
1743 1790 1841 1860 έρε-
1873 1826 1886 1873 _.

271 1863 502 1961 χομάνης
526 1889 726 1956 ἔξωθεν
748 1863 882 1956 ἤδιά
907 1885 1075 1954 ξηρᾶς
1093 1884 1124 1952 ἢ
1145 1882 1233 1935 διὰ
1259 1881 1552 1949 Θαλάσσης,
1577 1879 1720 1930 κατά
1738 1877 1838 1946 τὴν
1873 1863 1913 1918 Β

266 1981 479 2052 ἡμέραν
509 1979 631 2032 καθ’
660 1979 726 2047 ἢν
749 1974 931 2046 μέλλει
956 1971 1312 2040 ἀποσωθῆναι
1337 1969 1418 2030 εἰς
1437 1965 1535 2036 τὴν
1558 1963 1714 2017 πόλιν
1743 1964 1837 2031 ἑγ-

264 2075 444 2141 νωσμέ
461 2088 552 2131 .ην
589 2067 773 2134 οὖσαν,
793 2064 1152 2137 προσυπαντᾷ
1179 2061 1384 2129 ταύτην
1408 2059 1435 2110 ὀ
1459 2055 1710 2127 βασιλεὺς
1745 2054 1839 2107 καὶ

265 2167 394 2236 ἀνὴρ
427 2163 602 2230 αὐτῆς
626 2163 654 2212 ὁ
680 2159 982 2228 νεόνυμφος
1017 2153 1158 2218 μετά
1182 2151 1276 2206 τοῦ
1307 2149 1570 2221 βασιλέως
1597 2147 1689 2200 καὶ
1727 2162 1829 2198 πα-

266 2258 377 2329 τρὸς
415 2253 615 2315 αὐτοῦ,
651 2254 700 2304 εί
751 2249 1029 2322 περίεστιν
1057 2265 1072 2280 ο
1119 2247 1166 2298 εί
1200 2245 1246 2298 δ’
1297 2243 1411 2304 οὖν,
1459 2241 1622 2303 αὐτὸς
1653 2239 1834 2310 μόνος.

264 2350 342 2401 Κα
394 2349 448 2400 εἰ
486 2346 590 2417 μὲν
634 2344 722 2397 διὰ
756 2343 926 2413 ξηρᾶς
954 2341 1196 2410 ἔρχεται,
1247 2335 1502 2400 πεζεύειν
1553 2331 1725 2401 αὐτὴν
1757 2330 1836 2382 εί-

263 2443 438 2494 θισται
463 2439 598 2508 περὶ
618 2438 717 2505 τὴν
741 2437 951 2505 Πηγὴν,
980 2435 1025 2486 εί
1048 2434 1106 2486 δὲ
1139 2433 1280 2502 μετά
1308 2429 1578 2499 τριηρῶν,
1604 2426 1838 2495 πλησίον

264 2534 354 2587 τοῦ
395 2532 529 2584 ναοῦ
554 2530 666 2583 τῶν
705 2528 1029 2598 Βλαχερνῶν
1059 2525 1162 2588 ἔξω
1194 2525 1294 2591 τῆς
1334 2523 1562 2586 πόλεως,
1607 2520 1743 2574 ὅπου
1774 2518 1840 2571 ἂν

267 2628 415 2696 τύχοι
443 2622 591 2677 εἶναι
626 2621 950 2690 ἐπιτήδειον.
986 2614 1627 2688 Προκαταλαμϐἀνουσαι
1658 2611 1841 2667 τοίνυν

272 2722 361 2788 τὴν
385 2715 723 2785 καταγωγὴν
753 2715 787 2784 ἢ
812 2711 1046 2766 ἐνταῦθα
1078 2711 1110 2780 ἢ
1147 2711 1287 2773 ἐκεῖ,
1311 2709 1367 2760 αί
1393 2707 1504 2760 τῶν
1539 2706 1844 2775 ἀξιωματιο

285 2812 386 2863 κῶν
411 2811 499 2862 καὶ
526 2805 915 2877 συγκλητικῶν
945 2806 1036 2858 καὶ
1069 2803 1178 2856 τῶν
1206 2802 1412 2854 λοιπῶν
1443 2801 1720 2870 ἀρχόντων
1747 2812 1844 2862 γυ-

295 2904 461 2963 ναῖκες
483 2903 530 2954 αἱ
578 2901 864 2972 κρείττους
913 2897 1007 2950 καὶ
1056 2895 1442 2964 εύγενέστεραι
1489 2891 1842 2957 ὑποδέχονται

293 2994 381 3060 τὴν
403 2993 686 3046 δέσποιναν
731 2990 824 3043 καὶ
857 2993 1159 3057 νεόνυμφον
1203 2986 1524 3058 ἐρχομένην,
1585 2983 1844 3051 9210;90-

282 3085 529 3153 νούμεναι
568 3082 868 3154 βασιλικῶς
904 3078 1074 3150 αὐτὴν
1107 3079 1203 3131 καὶ
1221 3075 1648 3144 θεραπεύουσαι,
1672 3088 1845 3140 προσο

278 3180 642 3234 υπαντὼντων
693 3177 787 3246 καὶ
827 3173 934 3226 τῶν
969 3171 1259 3244 βασιλέων,
1313 3169 1345 3238 ἢ
1382 3171 1476 3222 καὶ
1510 3167 1843 3238 ἀμφοτέρων

279 3274 309 3343 ἦ
340 3273 435 3327 τοῦ
485 3243 793 3338 νεονύμφου
844 3269 936 3321 καὶ
969 3227 1169 3336 Ιμόνον,
1204 3227 1270 3319 ἂν
1315 3227 1390 3335 μὴ
1426 3264 1521 3317 καὶ
1551 3227 1755 3331 ’τέατὴβ
1788 3256 1845 3331 ἦν
1876 3227 1917 3282 C

283 3357 534 3436 καθάπερ
561 3365 798 3432 εἴρηται.
831 3362 892 3413 Et
934 3361 1031 3429 μὲν
1069 3357 1162 3412 οὖν
1199 3358 1340 3425 μετά
1386 3356 1660 3425 τριήρεως
1694 3354 1848 3422 ἔρχε-

282 3474 385 3522 ται,
434 3455 760 3526 προῦπαντᾷ
793 3455 930 3522 αὐτῇ
979 3453 1110 3520 περὶ⁸
1158 3450 1260 3519 τὴν
1291 3446 1591 3518 ἀκρόπολιν
1640 3449 1721 3508 είς
1749 3445 1850 3514 τὴν

284 3551 370 3605 τοῦ
401 3550 668 3617 εὐγενίου
689 3548 860 3615 πύλην
889 3545 1124 3613 ἔφιππδς
1149 3541 1225 3596 ὢν
1249 3543 1277 3594 ὁ
1307 3541 1554 3610 βατιλεὺς
1579 3539 1718 3610 μετά
1743 3539 1853 3590 τῶν

277 3645 582 3713 -ἀρχόντων,
611 3640 660 3692 εί
687 3639 730 3692 δ’
766 3639 872 3691 ἀπὸ
907 3637 1094 3705 ξηρᾶς,
1133 3635 1240 3700 ἔξω
1266 3635 1363 3701 τῆς
1397 3633 1629 3694 πόλεως,
1664 3630 1854 3698 ῶσπερ

287 3738 521 3807 εἴρηται.
546 3733 702 3787 Μετά
729 3733 782 3784 δὲ
823 3729 982 3784 τοῦτο
1009 3730 1059 3781 οί
1094 3728 1195 3797 μὲν
1222 3725 1459 3794 βασιλεῖς
1482 3724 1514 3792 ἢ
1540 3727 1567 3776 ὁ
1599 3723 1854 3794 βασιλεὺς

288 3832 587 3899 ἀπέρχεται
621 3825 1053 3893 καταλιμπάνων
1076 3819 1246 3891 αὐτὴν
1283 3821 1484 3870 ἐκεῖσε·
1520 3817 1628 3871 ἀπὸ
1660 3817 1715 3869 δὲ
1746 3815 1856 3868 τῶν

283 3924 593 3992 εἰρημένων
624 3915 996 3989 ἀρχοντισσῶν
1025 3911 1314 3966 ύποδοῦσιν
1349 3909 1521 3980 αὐτὴν
1553 3911 1622 3964 τὰ
1643 3910 1856 3979 ἐρυθρὰ

292 4012 684 4084 ἣβασίὶισσαι,
746 4010 840 4061 ἐὰν
885 4001 1040 4070 ὦσιν,
1087 4007 1122 4074 ἢ
1170 4001 1854 4073 σεϐαστοκρατόρισσαι,ἥ

293 4109 685 4174 Καισαρισσαι,
717 4102 751 4171 ἦ
774 4104 830 4153 αἱ
868 4099 1247 4169 εύγενὲστεραι
1272 4098 1383 4148 τῶν
1412 4095 1860 4149 ).οιπιῖ›ν.”οντων

295 4199 349 4252 δὲ
395 4197 928 4268 προητοιμασμένων
984 4193 1078 4245 καὶ⁹
1129 4192 1461 4261 φορεμάτων
1522 4188 1860 4258 βασιλικῶν,

297 4291 547 4343 σταλεῑσα
596 4287 884 4358 βασιλικῶς
937 4289 1030 4338 καὶ
1063 4282 1503 4356 προπεμπομένη
1558 4283 1860 4351 ἀπέρχεται

295 4384 371 4444 είς
393 4383 450 4432 τὸ
471 4380 736 4433 πλλάτιον
766 4381 1020 4446 ἔφιππος,
1045 4375 1384 4444 τελουμένων
1419 4375 1559 4444 μετά
1585 4374 1745 4427 τοῦτο
1765 4373 1863 4427 καὶ

292 4474 398 4526 τῶν
441 4473 696 4541 γαμικῶν
729 4470 958 4523 τελετῶν
978 4472 1036 4521 ἐν
1061 4469 1242 4538 ἡμέρα
1283 4468 1443 4536 ῥητῇ.

1921 585 2170 664 nuspiam
2191 592 2291 646 fert
2316 590 2514 646 citi-ina
2539 591 2857 655 imperator.
2881 580 2936 635 Si
2963 579 3200 648 alicujus
3219 594 3281 632 ex
3307 591 3512 645 Cogna-

1921 690 2017 753 tis,
2037 683 2165 755 puta
2187 685 2386 754 patrui,
2407 677 2720 736 consobrini
2743 675 2826 730 vel
2858 673 3141 744 patruelis,
3163 688 3299 725 uxor
3317 671 3371 723 in
3395 669 3506 723 fata

1920 781 2206 842 concedat,
2225 777 2307 830 vel
2329 776 2496 830 frater
2515 773 2600 828 vel
2634 772 2799 827 ﬁlius.
2815 771 2862 823 is
2883 784 2942 821 ex
2966 767 3126 837 cujus
3152 766 3317 818 domo
3340 762 3508 816 funus

1923 873 2147 944 prodiit,
2181 869 2326 924 domi
2365 861 2523 937 107
2559 866 2749 920 diebus
2786 861 2953 915 luctui
2991 858 3300 919 destinatis,
3359 859 3509 910 vide-

1925 965 2051 1020 licet
2078 978 2251 1030 usque
2285 958 2349 1012 ad
2385 971 2590 1011 nonum
2622 955 2788 1017 diem,
2817 968 2875 1006 se
2911 950 3173 1005 continet.
3215 947 3276 999 Et
3323 954 3510 1015 postea

1929 1065 2092 1113 noctu
2126 1052 2298 1114 venit,
2337 1049 2671 1115 indutiisque
2709 1044 2878 1114 nigris
2912 1043 3157 1097 vestibus
3217 1040 3514 1107 imperato-

1928 1165 2043 1204 rem
2086 1149 2298 1201 adorat.
2325 1141 2390 1196 Et
2404 1141 2472 1194 ab
2527 1139 2627 1193 hoc
2649 1151 2906 1206 tempore
2929 1144 3086 1188 extra
3112 1130 3373 1201 palatium
3423 1126 3515 1180 iu-

1931 1239 2117 1296 duitur
2135 1231 2476 1290 vestimentis
2504 1229 2699 1299 nigris,
2731 1241 2853 1278 cum
2879 1240 3008 1278 vero
3035 1223 3098 1276 ad
3123 1222 3512 1290 imperatorem

1931 1329 2297 1387 venerandum
2345 1323 2614 1394 procedit,
2669 1327 2855 1386 portat
2889 1317 3047 1371 cresia
3085 1332 3098 1370 :
3147 1327 3326 1381 neque
3369 1311 3517 1364 enim

1934 1423 2016 1478 τε
2047 1430 2132 1476 est
2176 1418 2362 1487 nigras
2405 1423 2583 1469 vestes
2622 1413 2674 1465 in
2711 1409 2910 1481 palatio
2937 1407 3094 1462 ferre.

2504 1542 2733 1605 CAPUT
2771 1543 2937 1600 XXII.

2223 1670 2300 1724 De
2327 1670 2510 1738 futura
2540 1680 2734 1735 sponsa
2756 1671 2805 1716 et
2858 1657 3210 1728 imperatrice.

2014 1789 2244 1858 Oportet
2273 1795 2326 1839 et
2358 1785 2462 1838 lioc
2525 1779 2690 1833 scire.
2741 1773 2970 1828 Domina
3033 1783 3235 1838 sponsa
3298 1775 3524 1834 peregre

1945 1882 2264 1936 adveniente
2300 1876 2378 1930 vel
2413 1885 2552 1929 terra
2608 1874 2688 1924 vel
2737 1866 2895 1930 mari,
2951 1865 3041 1918 ubi
3089 1862 3204 1916 dies
3267 1858 3353 1911 ille
3410 1868 3523 1922 quo

1945 1972 2237 2041 appulsura
2264 1978 2315 2023 et
2339 1967 2525 2021 urbem
2556 1963 2870 2032 ingressum
2892 1964 2976 2011 est
3003 1953 3261 2016 innotuit,
3283 1947 3528 2002 occurrit

1947 2067 1994 2124 ei
2031 2067 2330 2135 imperator
2357 2058 2583 2114 maritus
2612 2055 2752 2124 ejus,
2791 2065 2965 2104 novus
2989 2059 3246 2118 sponsus,
3279 2056 3401 2095 cum
3425 2041 3528 2090 im-

1948 2169 2195 2227 peratore
2229 2164 2383 2224 patre
2415 2164 2538 2212 suo,
2586 2147 2630 2202 si
2677 2145 2747 2201 sit
2802 2146 3124 2210 superstes:
3169 2137 3256 2189 sin
3322 2133 3524 2192 minus,

1947 2253 2066 2322 ipse
2100 2249 2275 2304 solus.
2309 2245 2374 2300 Et
2407 2243 2648 2314 quidem,
2683 2237 2724 2292 si
2753 2245 2899 2291 terra
2927 2231 3202 2288 adveniat.
3224 2233 3530 2280 consuetu-

1947 2313 2076 2400 dine
2109 2352 2386 2410 receptum
2423 2313 2506 2390 est
2540 2343 2597 2388 ut
2624 2330 2858 2401 appellat
2905 2326 2970 2380 ad
3013 2324 3195 2378 locum
3258 2333 3419 2388 quem
3459 2313 3527 2368 ad

1947 2443 2172 2499 Fontem
2194 2438 2507 2499 nominant;
2535 2431 2617 2487 sin
2643 2431 2697 2483 in
2728 2423 3211 2480 triremibus.tune
3247 2409 3533 2468 exseeiidit

1949 2549 2119 2607 prope
2151 2529 2410 2599 templum
2443 2525 2869 2578 B!aclieruarum
2903 2524 3055 2569 extra
3095 2509 3393 2565 civitatem.
3437 2503 3530 2556 tibi

1949 2624 2299 2683 commodum
2335 2618 2522 2674 fuerit.
2552 2616 2944 2680 Praeoccupato
2977 2607 3144 2676 igitur
3170 2601 3284 2656 sive
3313 2599 3402 2652 hic
3419 2596 3536 2649 sive

1949 2719 2062 2774 illic
2091 2712 2424 2778 diversorio,
2457 2723 2647 2762 eorum
2701 2701 2793 2772 qui
2852 2703 2906 2754 in
2957 2707 3212 2766 suprema
3273 2687 3538 2759 dignitate

1950 2825 2079 2869 Sunt
2113 2821 2168 2865 et
2201 2817 2518 2864 senatorum
2549 2809 2605 2855 et
2636 2798 2974 2866 reliquorum
2994 2789 3303 2860 principum
3332 2795 3536 2836 uxores

1953 2903 2367 2977 praestantiores
2399 2907 2454 2951 et
2480 2893 2780 2948 nobiliores
2812 2883 3095 2953 excipiunt
3146 2877 3427 2934 dominam
3484 2879 3540 2927 et

1955 3013 2150 3055 novam
2193 3004 2478 3062 sponsam,
2513 2984 2663 3055 regie
2703 2981 2853 3034 illam
2887 2985 2942 3031 et
2973 2971 3126 3029 omni
3183 2964 3538 3025 humanitatis

1955 3105 2153 3164 genere
2192 3089 2588 3157 prosequentes
2621 3086 2786 3144 atque
2823 3073 3181 3128 honorantes,
3239 3076 3542 3116 υςειιιτοιιο

1956 3187 2095 3239 tibus
2130 3181 2293 3236 etiam
2337 3170 2781 3245 imperatoribus,
2834 3165 2918 3218 vel
2964 3173 3196 3230 utroque
3254 3156 3338 3211 vel
3398 3167 3540 3208 novo

1953 3293 2158 3347 sponso
2193 3274 2333 3335 solo,
2373 3270 2417 3324 si
2449 3277 2600 3338 pater
2631 3278 2740 3318 non
2777 3267 3051 3327 superest,
3095 3263 3250 3326 prout
3300 3248 3544 3318 explica-

1955 3383 2069 3426 tum
2109 3378 2212 3424 est.
2249 3366 2306 3420 Si
2331 3377 2462 3432 ergo
2489 3362 2543 3414 in
2578 3355 2788 3412 triremi
2840 3351 3044 3414 veniat,
3091 3347 3288 3401 obvius
3341 3344 3400 3396 lit
3459 3340 3534 3394 illi

1953 3466 2099 3519 circa
2133 3475 2317 3531 arcem
2347 3458 2412 3511 ad
2449 3463 2664 3527 portam
2706 3448 2870 3518 108
2892 3443 3281 3516 Eugeniiequo
3304 3436 3557 3491 insidens—

1955 3573 2080 3613 eum
2115 3552 2459 3625 proceribus.
2493 3547 2590 3601 Siti
2633 3553 2778 3597 terra
2831 3535 3138 3599 advenerit,
3196 3520 3440 3586 occurrit
3497 3526 3548 3581 ei

1955 3664 2109 3707 extra
2143 3646 2441 3708 civitatein,
2473 3651 2532 3694 ut
2571 3638 2776 3693 dictqu
2815 3642 2920 3688 est.
2957 3632 3155 3685 Postea
3189 3625 3392 3679 abeunt
3444 3620 3554 3674 iut-

1957 3755 2244 3815 peratores
2276 3738 2695 3806 velimperator,
2730 3729 2931 3782 ibidem
2968 3739 3029 3778 ea
3068 3721 3276 3776 relicta.
3316 3717 3385 3768 Ex
3411 3729 3551 3782 pra:-

1958 3838 2117 3892 dictis
2152 3830 2431 3904 primariis
2463 3825 2680 3882 feminis
2709 3821 3014 3890 velregiua:
3045 3823 3099 3870 et
3134 3809 3544 3879 imperatriees,

1960 3931 2005 3985 si
2035 3928 2260 3990 fuerint,
2295 3923 2378 3977 vel
2411 3915 2951 3976 Sebastocratorissae
2989 3909 3071 3962 vel
3117 3903 3431 3960 Ciesarisste
3469 3895 3562 3952 vel-

1959 4023 2080 4076 alize
2109 4017 2337 4088 reliquis
2368 4013 2670 4070 nobiliores
2691 4007 2942 4064 calceant
2961 4017 3082 4057 eam
3120 3997 3303 4053 rubris
3329 3991 3556 4056 calceis,

1963 4085 2278 4184 paratisque
2312 4107 2384 4160 im
2394 4101 2681 4175 peratoriis
2712 4093 3063 4152 ornamentis
3082 4100 3135 4143 et
3157 4085 3570 4158 gestamioibus.

1963 4175 2203 4274 regiﬁce
2222 4199 2483 4254 comitata
2527 4211 2589 4247 ac
2621 4191 2860 4246 deducta
2893 4183 3264 4254 proﬁciscitur
3302 4192 3442 4246 equo
3466 4175 3556 4226 iii-

1963 4267 2147 4354 sidens
2177 4297 2228 4348 in
2260 4291 2544 4363 palatium.
2580 4286 2642 4340 Et
2677 4293 2864 4356 postea
2887 4273 3190 4351 praestituto
3217 4273 3302 4328 die
3336 4267 3574 4338 nuptiae

1965 4407 2084 4448 rum
2109 4387 2427 4446 soleinnitas
2458 4379 2766 4453 μοι-σφω’.

372 4566 573 4618 ’ἰστέον
601 4565 658 4617 δὲ
690 4565 783 4616 καὶ
813 4563 994 4625 τοῦτο,
1022 4561 1094 4624 ὡς
1118 4562 1166 4613 οἱ
1199 4557 1590 4625 παρδὸδαλλοι,
1617 4558 1847 4626 ὁπηνίκα

2033 4565 2326 4622 Sciendum
2368 4569 2422 4616 et
2451 4560 2578 4624 hoc,
2626 4556 2924 4628 pardorum
2977 4559 3288 4606 venatores.
3341 4539 3573 4613 quando

299 4661 521 4728 φέρουσι
575 4659 699 4720 τοὺς
745 4657 1003 4726 πάρδους,
1053 4655 1276 4708 ίππόται
1316 4653 1654 4723 εἰσέρχονται
1688 4652 1769 4714 εἰς
1801 4651 1862 4703 τὸ

301 4753 564 4805 παλατιον
593 4753 689 4804 καὶ
715 4750 940 4802 ἱππόται
969 4749 1168 4818 ὁμοίως
1197 4745 1536 4816 ἐξέρχονται.
1584 4744 1863 4805 Ὡσαύτως

299 4845 390 4897 καὶ
421 4845 468 4898 οἱ
500 4844 570 4896 τά
613 4843 914 4912 κρνοτήρια
947 4843 1207 4910 φέροντες
1251 4840 1597 4909 παροινοχόοι
1635 4836 1862 4905 ἔφιπποι

301 4943 391 4988 καὶ
419 4936 572 4988 αὐτοὶ
595 4936 744 4997 ἐντὸς
769 4933 864 4987 τοῦ
888 4933 1154 4986 παλατίου
1179 4933 1545 5001 εἰσέρχονται.

372 5029 515 5089 Ἕως
544 5021 645 5080 ὦδε
676 5028 742 5080 τά
767 5028 875 5080 τῶν
895 5025 1253 5095 ὸφφικιαλίων
1281 5025 1391 5077 τῶν
1421 5023 1684 5094 βασιλέων
1715 5024 1869 5075 Κων-

307 5122 794 5183 σταντινουπόλεως
847 5122 1089 5191 ὀνόματα.
1137 5122 1231 5174 καὶ
1280 5119 1392 5172 τῶν
1446 5118 1716 5187 ὸφφικίων
1771 5116 1869 5185 τῆς

311 5217 511 5288 μητρὸς
539 5214 854 5283 ἐκκλησίας.

1969 4661 2251 4715 adducunt
2287 4655 2510 4724 par-dos,
2537 4651 2755 4720 equites
2789 4644 2998 4716 ingredi
3043 4644 3096 4696 in
3155 4637 3442 4710 palatium,
3500 4637 3559 4685 et

1966 4750 2179 4820 equites
2208 4721 2462 4802 similiter
2492 4740 2700 4812 egredi.
2735 4735 2830 4792 Sic
2860 4745 2917 4790 et
2951 4735 3024 4788 illi
3059 4731 3150 4802 qui
3183 4721 3572 4796 refrigerando

1961 4845 2116 4914 potui
2146 4842 2372 4914 glaciem
2408 4838 2666 4900 aﬂcrunt,
2696 4832 2906 4904 equites
2935 4828 3054 4898 pala
3083 4827 3196 4880 ium
3226 4824 3461 4876 intrant.

2038 5030 2341 5097 lim-usque
2403 5023 2717 5080 oﬂicialiuui
2756 5023 3144 5090 imperatorum
3198 5009 3429 5080 Cpoleos
3464 5019 3568 5062 no-

1976 5125 2123 5177 mina
2161 5121 2527 5176 etollicioruu
2557 5117 2746 5171 matris
2767 5111 3033 5169 ecclesiae.
