4044 6426
328 319 423 385 ΞΠ

1408 315 1805 378 euersam
1849 315 1941 375 ET
1970 318 2207 377 coam
2252 318 2493 381 Nom.
2554 334 2559 337 <

3476 333 3492 382 1
3541 333 3573 394 8

324 445 370 482 «ιι
425 429 531 484 alia
584 425 791 498 qutevis
836 427 906 481 ad
960 427 1256 482 monachos
1326 430 1629 497 spectantia
1674 442 1890 482 summo
1928 434 1966 489 lt
1997 427 2227 492 saceltte,
2294 443 2417 498 quae
2449 429 2598 484 circa
2640 430 2899 485 saccllam
2950 445 3277 505 oecupatur.
3314 438 3569 508 Alioquin

327 522 470 575 cultu
506 519 861 589 prosequitur
894 518 1178 574 orientalis
1210 519 1500 591 Ecclesia),
1530 537 1637 575 non
1668 531 1892 574 veretur

328 613 737 675 auctoritatem,
796 620 852 667 et
882 612 1045 667 ambo
1069 603 1131 666 ex
1159 614 1316 681 aequo
1363 614 1728 681 patriarcham
1775 614 1893 667 suis

328 704 603 773 obsequiis
627 704 816 758 colunt
850 712 903 757 et
930 704 980 757 ei
1016 698 1211 773 injure
1241 704 1477 758 dicundo
1512 702 1889 766 assidentqll:

340 797 395 848 ’0
443 794 701 847 σακελῐου
755 795 903 847 ἑστῖν
955 794 1174 865 οἰκέτης
1205 790 1305 863 τῆς
1348 794 1572 865 πρώτης
1605 794 1892 856 πεντάδος,

300 910 313 924 ·
332 888 553 953 κρατῶν
578 892 669 938 καὶ
701 887 801 953 τὴν
855 882 1108 956 φυλακὴν
1136 888 1234 957 τῆς
1270 887 1598 958 ἐπισκοπῆς,
1634 885 1772 957 ἔχων
1800 883 1893 940 οὖν

330 979 421 1030 καὶ
454 981 510 1030 ἐν
537 980 602 1048 τῇ
634 978 919 1047 ἐπισκέψει
947 979 1111 1033 αὐτοῦ
1142 979 1251 1031 τῶν
1296 979 1676 1049 μοναστηρὶων
1706 997 1898 1046 γυναι·

331 1069 493 1121 κείων
515 1066 613 1137 τὴν
642 1066 876 1137 σκέψιν.)
909 1064 1079 1122 GOAR.

404 1158 491 1231 [P.
519 1160 576 1213 4.
617 1158 729 1225 Τὰς
755 1160 1080 1226 καθολικὰς
1098 1160 1461 1225 ἐκκλησίας.
1497 1151 1748 1213 Virorum
1784 1174 1899 1213 mo-

334 1251 568 1305 nasteria
599 1257 652 1304 et
682 1248 735 1304 in
762 1250 841 1305 eis
865 1260 1193 1306 constructae
1223 1248 1470 1306 ecclesiae
1493 1252 1627 1304 viris
1659 1259 1895 1316 tantum,

334 1343 624 1395 mulierum
673 1339 995 1396 mulieribus
1038 1350 1165 1395 sunt
1197 1350 1418 1410 apertae.
1460 1342 1533 1397 Ea
1566 1356 1695 1394 vero
1723 1341 1899 1394 eccle-

335 1433 414 1487 sia
438 1448 559 1501 quae
594 1431 723 1488 viris
752 1443 805 1487 et
855 1432 1200 1499 mulieribus,
1235 1436 1428 1503 quales
1461 1446 1590 1490 sunt
1619 1434 1895 1503 paroeciae,

337 1536 505 1592 patet,
551 1526 811 1595 καθολική
870 1535 973 1580 est.
1028 1526 1233 1582 Auctor
1288 1521 1410 1582 vitae
1461 1526 1567 1581 Nili
1611 1528 1895 1597 junioris:

337 1617 476 1667 Βάλε
498 1617 637 1669 αὐτὰ
675 1617 731 1667 ἐν
760 1620 826 1686 τῇ
862 1617 1126 1688 καθολικῇ
1187 1620 1279 1671 τοῦ
1313 1618 1573 1691 κάστρου.
1627 1618 1901 1689 Interpres

334 1709 516 1777 posuit
554 1709 928 1765 eathedraiem.
964 1709 1158 1764 Verum
1193 1726 1302 1765 non
1338 1711 1687 1767 cathedrales
1709 1713 1894 1778 modo,

2002 522 2045 574 si
2081 521 2261 575 omnis
2310 522 2509 593 phylax
2540 532 2688 579 esset
2715 526 3053 587 sacellarius.
3085 530 3248 583 etiam
3307 532 3574 600 opiliones

1999 618 2051 663 ct
2083 611 2313 679 caprarii
2360 622 2544 666 essent
2590 613 2883 679 sacellarii,
2927 616 3058 685 quia
3116 627 3248 671 sunt
3306 620 3572 688 φύλακες,

2000 701 2268 765 custodes,
2301 712 2357 757 ut
2391 702 2531 759 alias
2553 705 2920 761 absurditates
2946 715 3172 763 taceam.
3205 710 3408 775 Quodsi
3447 716 3574 782 qui:

1999 792 2143 845 aliud
2175 792 2379 847 sacellii
2409 809 2607 849 nomen
2653 796 2927 860 obtinuit,
2962 798 3080 867 ejus
3132 808 3441 856 curatorem
3481 819 3574 858 sru

1999 881 2282 936 custodem
2334 898 2445 952 quo
2501 884 2685 939 minus
2771 878 3116 941 sacellarium
3162 880 3244 944 vel
3299 892 3625 961 δαεριιίιιηιι

2000 971 2238 1041 appelles
2266 988 2372 1027 non
2397 974 2639 1044 impedit.
2679 970 2745 1029 Ἦ
2773 978 2901 1041 τοὺς
2934 979 3280 1050 κακούργους
3295 981 3351 1036 δὲ
3374 983 3581 1051 φυλάτη

2000 1063 2168 1117 τουσα
2246 1070 2625 1138 πατριαρχικὴ
2695 1070 2938 1139 σακέλλη
3018 1073 3269 1126 ἐντεῦθεν
3314 1076 3411 1127 καὶ
3478 1078 3579 1128 οὖή

2000 1144 2226 1206 ἄλλοθεν
2287 1156 2733 1225 μετωνόμασται,
2796 1150 2990 1231 ὥσπερ
3049 1160 3114 1230 δὴ
3142 1162 3237 1213 καὶ
3280 1162 3342 1215 τὸ
3372 1164 3577 1222 σακοὺς

2002 1245 2139 1298 λιον.
2168 1244 2375 1301 Gnms.

2084 1335 2240 1406 [ΡΛ.
2262 1336 2542 1406 Σακέλιν,
2564 1339 2647 1394 vel
2681 1349 2739 1394 ut
2760 1326 2950 1396 sc'ribit
2975 1335 3259 1397 Balsamon
3288 1336 3577 1418 σακέλ).ην.
3622 1374 3627 1379 η

2004 1426 2417 1493 patriarchalem
2466 1444 2747 1495 carcerem,
2793 1430 2847 1484 in
2891 1446 2999 1500 quo
3057 1431 3316 1488 nimirum
3346 1436 3578 1492 clericos

2004 1515 2105 1569 sibi
2144 1517 2442 1586 subjectos,
2476 1520 2523 1572 si
2560 1527 2747 1574 sontes
2801 1520 3026 1587 fuerint,
3076 1522 3388 1590 patriarcha
3417 1542 3577 1581 coar—

2005 1615 2103 1662 tat.
2131 1607 2332 1679 Goan.]

2080 1696 2187 1752 Sed
2253 1713 2356 1753 nec
2399 1714 2429 1752 a
2455 1700 2705 1754 custodia
2750 1716 2848 1756 nec
2882 1711 3104 1772 propter
3139 1707 3450 1762 custodiam
3488 1726 3581 1778 pas

334 1801 431 1854 sed
464 1808 518 1852 ει
548 1800 798 1868 pag-(Beia
834 1801 1074 1854 maxime
1101 1802 1454 1857 monasteriis
1509 1812 1899 1871 opponuntur;
1936 1772 1976 1826 Β
2008 1789 2340 1845 triarchicus
2376 1805 2567 1846 carcer
2594 1792 2772 1847 dictus
2806 1801 2890 1848 est
2933 1792 3155 1862 εαεεῑῖα,
3189 1799 3283 1851 εθιΙ
3318 1800 3479 1854 aliam
3510 1804 3580 1855 οι)

334 1890 634 1945 catholicas
687 1900 864 1946 autem
927 1892 1188 1947 ecclesias
1258 1894 1613 1950 monasteriis
1676 1897 1902 1964 opponit

333 1983 620 2038 Balsamon
674 1982 894 2053 jamjam
954 1985 1147 2048 lectus,
1196 1986 1340 2055 quod
1374 1986 1489 2041 haec
1518 1986 1727 2042 sacellii
1763 1999 1904 2055 prze~

336 2074 498 2139 tecto,
525 2073 646 2129 illas
672 2072 793 2143 (etsi
817 2075 998 2127 minus
1025 2075 1254 2145 nobiles)
1279 2083 1374 2130 ceu
1397 2076 1712 2146 praefectum
1740 2080 1905 2146 sdpe-

335 2167 536 2221 riorem
604 2176 786 2221 nactas
835 2167 1121 2221 saccllario
1177 2167 1455 2236 subjectas
1478 2177 1714 2224 asserat.
1754 2167 1900 2223 Sunt

335 2256 524 2325 itaque
571 2255 851 2309 catholicae
880 2256 1126 2311 ecclesiae
1166 2256 1371 2310 caedem
1402 2272 1523 2327 quae
1556 2259 1900 2328 parteeiales,

335 2366 456 2405 cum
496 2350 764 2419 pleraeque
796 2348 1108 2417 hujusmodi
1143 2350 1488 2417 reperiantur
1520 2349 1573 2404 in
1600 2351 1735 2406 urbe
1765 2340 1902 2417 CP.,

336 2440 673 2496 cathedralis
695 2440 876 2507 unica,
910 2453 1099 2510 magna
1128 2439 1383 2496 nimirum
1406 2441 1661 2497 ecclesia.
1692 2443 1902 2498 Catho-

338 2532 456 2587 licis
488 2539 541 2585 et
568 2531 888 2585 monasticis
918 2531 1169 2586 ecclesiis
1228 2531 1473 2602 adiungit
1528 2532 1626 2589 Ius
1653 2533 1771 2590 Gtt.
1803 2534 1902 2588 fol.

334 2625 441 2679 Ξὗῦ
472 2624 793 2694 εὖκτηρίους
824 2625 1028 2687 οἴκους,
1061 2624 1325 2679 ecclesias
1376 2626 1636 2681 nimirum
1675 2643 1783 2681 non
1813 2628 1907 2681 de-

343 2718 581 2781 dicatas,
609 2726 662 2769 et
703 2715 783 2767 vel
819 2714 874 2768 in
910 2712 1053 2783 agris
1083 2714 1165 2769 vel
1196 2714 1250 2768 in
1279 2716 1506 2772 urbibus
1535 2717 1749 2771 cunctis
1786 2732 1906 2783 Irer-

336 2807 472 2871 vias,
503 2815 559 2859 at.
595 2806 847 2875 parmcia:
887 2806 1011 2873 jure
1042 2805 1285 2873 privatas
1316 2823 1329 2859 :
1386 2806 1512 2860 Κᾶν
1556 2807 1903 2876 μοναστήρια

341 2895 462 2964 ὦσι,
500 2899 926 2969 κᾶν’ὲκκ).ησίαι
954 2898 1262 2967 καθολικαὶ,
1294 2897 1398 2952 κᾶν
1428 2900 1706 2971 εὐκτήριοι
1740 2898 1903 2957 οἶκοι.

342 2994 575 3047 Adverte
614 2992 832 3047 demum
884 2998 1164 3046 attetoretn
1207 2990 1519 3046 Balsamoni
1556 2992 1764 3047 socium
1799 3004 1904 3046 tam

2007 1893 2272 1946 causam,
2331 1898 2677 1953 quaecunque
2730 1884 2822 1937 illa
2875 1882 3076 1939 fuerit:
3142 1888 3348 1958 alioqui
3400 1895 3581 1947 omnis

2005 1985 2215 2041 carcer,
2252 1984 2522 2044 quatenus
2577 1977 2825 2032 custodia
2853 1988 2937 2037 est
2965 2020 2978 2044 ,
3015 1988 3301 2035 vocaretur
3346 1984 3581 2050 sacella;

2006 2066 2150 2136 quod
2199 2078 2306 2120 non
2357 2077 2440 2121 est
2491 2068 2600 2133 ita;
2638 2068 2781 2122 sicut
2832 2078 2884 2123 et
2929 2071 3070 2139 apud
3116 2072 3424 2129 Germanos
3472 2092 3578 2130 non

2008 2173 2199 2213 omnes
2233 2172 2503 2225 carceres,
2537 2158 2629 2213 sed
2666 2162 2803 2213 certi
2838 2162 3058 2229 quidam
3096 2172 3362 2218 vocantur
3416 2173 3580 2235 quci,

2006 2247 2147 2314 sack,
2186 2263 2292 2302 non
2323 2254 2393 2303 ob
2426 2251 2728 2304 custodiam
2762 2252 3007 2321 praecise,
3067 2255 3196 2323 quia
3226 2257 3429 2328 alioqui
3456 2274 3580 2314 om—

2007 2355 2105 2395 nes
2140 2355 2389 2394 carcercs
2430 2341 2839 2410 appellarentur
2870 2345 3013 2396 sacci
3038 2384 3052 2408 ,
3081 2348 3207 2415 quia
3236 2363 3426 2405 omnes
3450 2360 3582 2405 sunt

2007 2432 2293 2499 custodite,
2348 2432 2443 2488 sed
2516 2432 2651 2487 alias
2680 2433 2750 2487 ob
2789 2442 3007 2502 causas,
3050 2451 3187 2507 quas
3220 2443 3457 2497 nominis
3484 2446 3584 2498 im-

2007 2526 2217 2593 positor
2254 2525 2545 2594 spectavit.
2571 2525 2757 2591 Quoad
2794 2542 3069 2584 carcerem
3096 2572 3109 2595 ,
3141 2528 3352 2587 sacella:
3385 2552 3580 2591 nomen

2011 2617 2259 2670 tulerunt
2320 2617 2590 2685 virginum
2664 2620 3021 2697 monasteria,
3068 2637 3192 2676 cum
3245 2625 3355 2679 sint
3424 2632 3581 2697 quasi

2007 2707 2230 2774 quidam
2273 2722 2542 2771 carceres,
2596 2709 2725 2776 quia
2774 2712 2905 2764 nulli
2938 2715 3119 2781 egredi
3157 2716 3286 2771 licet
3322 2719 3424 2773 nisi
3468 2700 3588 2790 εικιέ

2009 2799 2234 2852 vissima
2276 2808 2503 2868 urgente
2533 2814 2723 2862 causa,
2751 2816 2848 2855 nec
2882 2805 3000 2857 sine
3032 2804 3263 2862 honesto
3294 2811 3580 2870 comitatu.

2007 2889 2098 2957 qui
2135 2889 2338 2943 ducant
2363 2898 2415 2943 et
2439 2891 2724 2954 reducant,
2753 2901 2812 2944 ιιι
2839 2894 3153 2963 praecipitur
3195 2900 3246 2951 in
3286 2900 3353 2953 46
3377 2917 3587 2955 canone

2008 2980 2284 3032 Trullano.
2324 2979 2388 3033 Et
2428 2980 2534 3036 huc
2560 2991 2806 3050 spectant
2830 2984 2918 3037 illa
2965 3000 3086 3054 qtue
3116 2992 3168 3042 in
3208 2988 3585 3061 Turcograecia

344 3086 584 3138 virorum
641 3099 800 3152 quam
858 3083 1147 3137 mulierum
1206 3083 1539 3138 monasteria
1590 3084 1902 3149 sacellarlo,

2015 3088 2067 3142 p.
2096 3073 2201 3127 203
2237 3090 2297 3127 ex
2328 3077 2649 3143 Augustano
2683 3093 2785 3131 ms.
2815 3075 3168 3149 Paehymeris
3197 3084 3386 3139 codice
3413 3088 3586 3140 adno-

344 3192 663 3232 communes
692 3191 819 3231 vero
849 3176 1104 3231 ecclesias
1134 3172 1241 3230 (ΖΡ.
1276 3185 1519 3244 repertas
1553 3176 1736 3253 sacelli
1779 3194 1911 3244 prae-

346 3269 482 3323 t'ecto
518 3266 780 3337 regendas
804 3268 1066 3333 tribucre,
1099 3266 1258 3337 124
1284 3266 1554 3321 Allatiana
1586 3281 1712 3320 vero
1742 3266 1912 3319 sacel-

347 3362 478 3415 lario
512 3360 706 3420 virilia,
740 3360 892 3414 alteri
928 3361 1157 3414 feminea
1191 3363 1487 3429 deputare;
1526 3376 1646 3429 quae
1691 3362 1907 3429 quidem

345 3454 558 3506 diversa
584 3446 732 3515 licet,
759 3462 977 3519 pctuerc
1004 3462 1181 3505 tamen
1214 3453 1322 3507 alio
1342 3460 1395 3507 et
1418 3452 1526 3507 alio
1551 3453 1712 3507 modo
1747 3453 1912 3507 variis

348 3548 681 3614 temporibus
722 3547 959 3613 disponi.
992 3542 1194 3615 60am]

416 3637 476 3690 lu
512 3632 888 3700 Turcogrtecia
944 3634 1199 3688 subditur
1227 3634 1327 3687 alia
1360 3649 1517 3699 cura,
1549 3648 1744 3702 nempe
1777 3650 1910 3701 sup—

351 3729 545 3798 plicum
567 3737 617 3779 et
649 3724 1077 3794 confugientiutn
1119 3724 1184 3778 ad
1217 3725 1528 3779 ecclesiam.
1566 3725 1775 3778 Interea
1806 3742 1909 3779 non

349 3822 676 3889 expungitur
734 3828 862 3871 cura
928 3819 1165 3887 proprie
1196 3818 1324 3871 dicti
1371 3817 1627 3884 sacellii;
1690 3818 1911 3871 tametsi

355 3914 534 3968 nescio
560 3920 721 3980 quam
748 3924 869 3963 vere
893 3904 1275 3978 Tureograecia
1309 3911 1411 3965 hoc
1456 3926 1659 3967 munus
1684 3910 1912 3965 sacellio

352 4004 699 4067 transcribat,
740 4016 861 4054 cum
907 4000 1107 4055 ibidem
1154 4002 1313 4070 paulo
1359 4011 1481 4070 post
1531 4003 1672 4056 idem
1711 4017 1915 4056 munus

354 4096 589 4163 assignet
617 4072 949 4161 protecdico,
1006 4093 1134 4154 τοὺς
1164 4088 1494 4161 πρόσφυγας
1526 4093 1913 4163 ἀναδέχεσθαι,

353 4188 700 4256 confugientes
730 4186 795 4237 ad
821 4183 1095 4237 ecclesiam
1132 4186 1358 4251 recipere
1381 4225 1397 4247 ,
1430 4195 1486 4237 ut
1515 4186 1915 4253 interpretatur

354 4282 739 4349 Turcogrzecus
759 4276 1007 4331 Crusius.
1033 4275 1163 4329 Utut
1191 4277 1279 4336 sit,
1302 4277 1328 4327 ὁ
1351 4273 1635 4329 σακε).λίου
1663 4291 1693 4329 a
1724 4275 1918 4328 minori

354 4372 541 4427 saceﬂo
570 4370 871 4440 pecuniaria
898 4384 985 4422 seu
1000 4368 1193 4421 wrario
1224 4382 1422 4421 nomen
1455 4368 1640 4431 habet,
1672 4368 1918 4435 utmajor

2019 3168 2201 3215 lantur
2230 3178 2242 3214 :
2282 3161 2450 3225 Οὗτος
2494 3163 2543 3232 (ὁ
2583 3164 2760 3235 μέγας
2793 3169 3179 3240 σακε>.).ἀριος)
3210 3175 3464 3245 ἐπιτηρεῖ
3490 3180 3587 3239 τὰς

2015 3255 2169 3324 ἱερὰς
2231 3255 2521 3320 σακέ).λας,
2574 3257 2821 3326 δηλονότι
2879 3259 2947 3312 τὰ
2981 3268 3273 3326 γυναικεῖα
3310 3271 3585 3339 μοναστή-

2016 3365 2127 3421 ρια.
2176 3346 2230 3400 Si
2259 3348 2380 3416 quis
2410 3350 2481 3402 ob
2513 3349 2831 3418 hujusmOdi
2877 3354 3109 3410 sacellas
3146 3371 3331 3410 earum
3368 3370 3588 3414 curato-

2016 3455 2129 3494 rem
2164 3439 2295 3493 velit
2323 3452 2540 3509 quoque
2564 3442 2836 3497 sacellarii
2873 3447 3342 3504 notneuclaturam
3371 3454 3579 3517 tulisse,

2014 3544 2136 3581 cum
2177 3529 2278 3582 hoc
2316 3545 2422 3583 non
2475 3533 2751 3600 pugnabo,
2789 3533 3089 3591 dummodo
3126 3555 3233 3592 non
3267 3541 3472 3596 abnuat
3494 3560 3587 3598 sa~

2016 3622 2299 3675 cellarium
2366 3622 2626 3691 primario
2713 3628 3054 3682 nominatum
3109 3631 3268 3703 125
3323 3638 3587 3691 asacellu

2018 3713 2331 3781 pecuniaria
2358 3730 2454 3768 seu
2474 3717 2540 3770 ab
2562 3718 2778 3783 aerario,
2808 3729 2865 3774 ut
2891 3736 3051 3789 supra
3078 3724 3333 3779 diximus.
3364 3718 3420 3781 8.
3449 3729 3592 3782 Ana-

2016 3808 2219 3858 stasius
2248 3805 2458 3860 Sinaita
2491 3810 2542 3861 in
2574 3825 2673 3863 suo
2698 3809 2918 3882 Hodego
2946 3814 3081 3869 dicit
3105 3817 3444 3871 sacellurium
3470 3837 3590 3875 ρεξτε

2016 3911 2213 3949 nomen
2256 3897 2578 3983 Syriacuitt:
2624 3900 2860 3953 σάκελ).α
2916 3904 3029 3973 γὰρ
3061 3905 3121 3956 τὸ
3152 3906 3407 3976 δέχεσθαι
3440 3912 3591 3980 εἴρη-

2016 4004 2123 4050 ται,
2156 4006 2280 4042 nam
2339 3991 2534 4044 sacella
2563 4000 2640 4045 est
2680 3998 3089 4063 receptaculum,
3129 4015 3158 4050 a
3190 4002 3487 4069 recipiendo
3519 4008 3592 4057 sic

2016 4078 2234 4133 dictant.
2265 4078 2375 4133 Nec
2408 4082 2607 4135 mirum
2637 4099 2847 4135 saccum
2883 4096 2937 4137 et
2968 4087 3223 4139 sacellum
3255 4102 3447 4146 omnes
3485 4095 3587 4147 line

2018 4184 2150 4237 gnos
2180 4181 2497 4239 pervagatos
2528 4172 2692 4226 etiam
2736 4175 2789 4226 in
2824 4174 3100 4244 Syriacam
3130 4179 3444 4249 irrepsisse.

2089 4262 2164 4315 Ex
2198 4262 2282 4317 his
2312 4279 2433 4332 quae
2463 4265 2723 4319 hactenus
2750 4267 2929 4331 dicta,
2971 4268 3130 4324 facile
3160 4274 3265 4327 erit
3307 4276 3577 4344 judicium

2022 4350 2200 4405 facere
2251 4367 2416 4420 quam
2472 4368 2597 4406 vera
2653 4355 2765 4409 sint
2813 4372 2935 4426 qua:
2970 4360 3036 4413 de
3075 4363 3363 4418 sacellario
3422 4378 3475 4422 ct
3525 4375 3592 4425 de

350 4460 657 4514 sacellarius
696 4476 724 4509 α
759 4457 958 4525 majore
1019 4456 1234 4518 sacello,
1295 4470 1401 4509 non
1433 4457 1694 4522 aliunde;
1733 4472 1907 4527 neque

2022 4444 2274 4521 prefecto
2327 4446 2517 4498 sacelli
2574 4445 2770 4503 Junius
2836 4464 3238 4510 connuentatur
3293 4475 3344 4525 ι».
3383 4461 3490 4518 245
3540 4478 3593 4519 c'.

356 4553 473 4605 talis
529 4550 844 4603 nominatur
909 4547 1008 4601 nisi
1057 4555 1308 4616 respectu
1368 4549 1434 4601 ad
1474 4562 1661 4601 curam
1708 4549 1915 4602 sacelli.

355 4644 530 4708 Quare
560 4658 666 4693 nun
693 4642 824 4693 satis
858 4653 1123 4707 assequor
1169 4638 1314 4706 quod
1350 4638 1640 4693 Balsamon
1677 4638 1914 4691 allirmat

355 4737 406 4786 in
433 4733 619 4786 Melete
669 4747 765 4784 sua
806 4732 871 4784 de
906 4730 1330 4798 clrartopltylace
1357 4740 1410 4783 et
1468 4731 1783 4798 protectlico
1807 4747 1821 4783 :
1845 4730 1917 4782 Τὸ

359 4822 620 4874 σὰκελλον
679 4820 830 4889 παρὰ
885 4819 1179 4888 Ῥωμαίοις
1234 4814 1565 4889 εἶναιπαρὰ
1614 4821 1675 4871 τὸ
1697 4822 1920 4873 διοικεῖν

356 4918 453 4967 καὶ
505 4915 816 4981 φυὶάττειν.
859 4914 966 4964 Aut
1012 4913 1157 4965 enim
1223 4912 1465 4980 loquitur
1518 4912 1805 4966 Balsatnon
1858 4916 1920 4965 .le

355 5006 694 5062 derivatione
747 5006 927 5070 vocis;
966 5013 1021 5058 et
1075 5014 1206 5058 tunc
1265 5005 1549 5057 σακέλλιον
1605 5022 1708 5058 non
1746 5010 1918 5074 magis

356 5109 437 5153 est
466 5098 617 5166 παρὰ
650 5097 709 5147 τὸ
734 5097 955 5147 διοικεῖν
991 5097 1084 5148 καὶ
1121 5096 1412 5164 φυλάττειν
1444 5112 1606 5165 qualn
1670 5100 1824 5166 παρὰ
1859 5100 1919 5150 τὸ

356 5190 582 5242 τύπτειν
606 5190 694 5240 καὶ
715 5186 1006 5256 μάχεσθαι.
1043 5187 1150 5239 Aut
1172 5187 1417 5255 loquitur
1439 5188 1505 5242 de
1521 5188 1919 5256 signiﬁcatione

352 5294 588 5338 vocum;
622 5287 677 5332 et
712 5288 837 5331 tunc
872 5293 1056 5331 verum
1100 5287 1186 5331 est
1215 5279 1525 5346 prafectum
1566 5281 1782 5333 sacellio
1820 5298 1914 5335 seu

351 5368 690 5426 sacellarium
715 5384 834 5422 esse
863 5367 1137 5437 διοικητὴν
1169 5369 1262 5421 καὶ
1281 5369 1587 5435 φύλακα,θι
1611 5370 1753 5423 hanc
1781 5387 1919 5438 pra:-

350 5464 617 5519 Iectutam
666 5473 788 5514 esse
822 5458 1091 5526 φυλακήν,
1145 5460 1465 5512 custodiam.
1508 5459 1614 5513 Sed
1657 5477 1760 5513 non
1802 5457 1920 5513 ideo

356 5556 529 5609 omnis
574 5552 746 5620 φύλαξ
785 5560 870 5603 est
921 5549 1265 5614 saec/larius,
1316 5566 1415 5604 nec
1464 5554 1643 5606 omnis
1702 5552 1918 5619 φυλακή

354 5647 592 5699 custodia
618 5641 827 5705 sacelli,
864 5640 956 5692 sed
992 5642 1079 5692 ille
1131 5652 1340 5693 tantum
1391 5643 1565 5709 φύλαξ
1590 5644 1920 5695 estsacella-

354 5748 485 5801 rtus,
521 5734 604 5788 cui
638 5731 837 5786 sacella
872 5730 1073 5782 credita
1108 5741 1209 5788 cst.
1242 5742 1294 5782 et
1320 5733 1409 5784 Illa
1439 5743 1645 5790 tantum
1681 5732 1920 5785 custodia

665 5832 938 5891 PATBOL.
990 5828 1099 5887 Gtt.
1140 5828 1366 5889 CLVII.

1976 5612 1993 5625 __
2029 5548 2112 5615 pla
2154 5564 2166 5599 :

2022 4535 2148 4589 ‘246.
2210 4535 2418 4590 Nomen
2484 4546 2562 4591 est
2624 4540 2934 4609 ambiguum
3001 4548 3363 4619 caxelaptog,
3418 4555 3588 4624 inquit

2021 4626 2236 4682 Junius.
2304 4629 2386 4684 Sit
2446 4632 2538 4697 ita,
2592 4636 3038 4704 quandoquidem
3096 4638 3336 4697 Joannes
3387 4646 3595 4700 Citrius

2023 4722 2113 4772 τὸν
2164 4724 2258 4774 ἐπὶ
2312 4722 2410 4790 τῆς
2460 4725 2668 4791 μικρᾶς
2722 4725 2991 4796 σακέλλης
3029 4730 3193 4785 etiam
3250 4735 3588 4789 sacellarium

2026 4810 2294 4875 nominat,
2327 4813 2485 4878 cuius
2520 4814 2674 4882 plura
2720 4814 2860 4870 forte
2892 4821 3141 4887 exempla
3174 4837 3282 4877 non
3320 4829 3591 4893 reperies;

2024 4905 2207 4972 aptius
2253 4905 2503 4960 sacellius
2541 4908 2844 4974 vocabitur,
2896 4911 2941 4963 si
2980 4926 3091 4965 uno
3129 4916 3352 4972 nomine
3397 4934 3595 4974 vocare

2027 4996 2179 5050 velis.
2231 4996 2376 5050 Nam
2414 4998 2564 5052 modo
2595 5015 2941 5068 personarum
2976 5018 3213 5073 respectu
3239 5009 3471 5078 dicitur,
3505 5018 3595 5081 qui

2025 5091 2191 5142 sacris
2225 5090 2524 5144 hominibus
2562 5101 2613 5144 et
2644 5092 2753 5147 Deo
2779 5095 2974 5149 dicatis
3003 5099 3284 5168 praefectus
3311 5114 3409 5165 est,
3442 5112 3595 5160 modo

2025 5195 2199 5232 rerum
2236 5184 2613 5247 locorumque;
2640 5197 2768 5253 puta
2815 5187 2857 5239 is
2891 5188 2981 5250 qui
3015 5193 3218 5256 tentplis
3254 5195 3597 5265 domibusque

2025 5273 2213 5324 sacris.
2268 5274 2335 5325 At
2381 5274 2408 5325 ὁ
2463 5274 2559 5324 τοῦ
2586 5276 2875 5330 σακελλίου
2932 5296 3041 5334 non
3083 5286 3243 5338 modo
3294 5288 3593 5355 parietibus

2026 5363 2355 5429 templorum
2406 5374 2657 5432 prmeral,
2720 5369 2813 5421 sed
2865 5379 2920 5424 ct
2967 5374 3111 5427 clero
3146 5377 3212 5429 ad
3249 5377 3341 5431 illa
3396 5384 3592 5448 templa

2025 5455 2343 5521 pertinenti,
2378 5467 2430 5509 et
2459 5456 2908 5526 confugientibus
2939 5480 3161 5534 quoque
3210 5468 3275 5521 ad
3316 5472 3405 5521 illa
3453 5480 3589 5525 tem-

2209 5548 2310 5601 hoc
2342 5550 2488 5601 enim
2541 5562 2625 5603 est
2655 5555 2882 5625 κρατεῖν
2910 5554 3014 5618 τὰς
3062 5556 3365 5620 καθολικὰς
3400 5561 3595 5629 ἔκκληι

2240 5640 2377 5708 Ergo
2426 5653 2480 5694 et
2521 5646 2546 5694 ὁ
2583 5643 2675 5695 τοῦ
2720 5646 3010 5698 σακελλίου
3046 5664 3151 5700 non
3206 5652 3370 5705 modo
3410 5654 3462 5706 in
3507 5671 3593 5706 res

2028 5744 2078 5787 ct
2110 5734 2249 5798 loca,
2286 5735 2376 5787 sed
2430 5747 2481 5788 ct
2537 5735 2588 5790 in
2632 5752 2893 5805 personas
2948 5742 3037 5808 jus
3074 5742 3279 5805 habuit,
3333 5761 3485 5814 asque
3527 5762 3591 5801 ac

3202 5829 3239 5895 ii

2028 5642 2171 5701 σίας.
