4044 6430
309 386 404 453 lii

1392 383 1784 443 GliETSERl
1825 382 1919 440 ET
1955 382 2195 442 GOARI
2243 376 2485 444 NOT/E.

3474 380 3576 453 142

311 499 546 570 μεγάλου
603 494 963 565 δικαστηρίου
1024 494 1387 564 προκάθηται,
1434 497 1527 549 καὶ
1553 496 1876 548 δικαιοδοτεῖ

1981 497 2235 550 videntur
2298 496 2351 551 in
2419 496 2706 567 Cpolitana
2770 494 3013 556 Ecclesia
3069 503 3229 573 quasi
3272 507 3574 566 cardinales

307 590 442 645 κατὰ
482 588 585 658 μὲν
610 589 809 659 παντὸς
836 586 1151 655 ἀνθρώπου,
1191 587 1285 639 καὶ
1326 587 1442 648 οἳας
1474 587 1540 639 ἂν
1584 588 1669 656 εἴη
1706 586 1876 655 τύχης

310 683 399 735 καὶ
430 681 673 747 φύσεως,
719 680 850 747 περὶ
891 676 1369 745 ὲκκλησιαστικῶν
1403 678 1740 747 ζητημάτων
1781 680 1877 729 καὶ

311 772 645 841 σφαλμάτων
693 769 943 841 ψυχικῶν
973 769 1334 839 διορθώσεως,
1366 769 1507 823 κατὰ
1531 770 1590 821 δὲ
1625 754 1907 838 ’ἱερωμέ-,

309 864 484 931 μένων
514 862 612 915 καὶ
650 860 903 930 μοναχῶν
933 860 1063 931 περὶ
1096 858 1282 929 πάσης
1325 860 1747 931 ἐγκληματικῆς
1784 860 1879 913 καὶ

303 952 653 1024 χρηματικῆς
710 953 1027 1015 αἰτιάσεως.

378 1066 554 1121 Etiam
582 1076 708 1119 ante
738 1064 1025 1134 episcopos
1053 1064 1300 1129 sedebat,
1348 1080 1471 1135 quae
1515 1064 1876 1134 praerogativa

308 1173 431 1212 cum
460 1158 759 1211 multorum
781 1156 901 1211 telis
941 1158 1072 1211 olim
1108 1167 1481 1227 appeteretur,
1524 1156 1749 1210 defensa
1794 1165 1877 1211 cst

305 1251 528 1319 proprio
556 1251 731 1304 edicto
761 1250 831 1304 ab
863 1249 1053 1304 Alexio
1078 1249 1383 1312 ϐοηιηοηο,
1405 1249 1553 1317 quod
1607 1247 1878 1301 Leuucla-

305 1341 425 1395 vius
456 1340 628 1394 edidit
661 1348 947 1409 totumque
986 1341 1178 1394 recitat
1202 1339 1493 1394 Balsamon
1528 1340 1584 1393 in
1635 1355 1735 1394 sua
1764 1338 1879 1392 Me.

302 1437 399 1488 lete
443 1434 977 1503 seudisceptatione
1043 1448 1144 1504 pro
1194 1434 1627 1505 chartOphylace
1684 1440 1877 1488 contra

303 1526 699 1595 protecdicum,
734 1528 827 1595 qui
860 1534 915 1580 et
969 1526 1086 1596 ipse
1149 1524 1566 1596 chartOphylaci
1624 1525 1778 1578 litem
1811 1522 1881 1578 de

299 1618 423 1671 loco
447 1630 499 1671 et
520 1617 755 1671 statione
775 1626 1044 1682 moverat,
1064 1617 1157 1672 sed
1181 1616 1562 1672 Balsamonem
1584 1626 1875 1685 patronum

299 1718 350 1761 et
386 1707 714 1762 advocatum
766 1724 877 1764 non
930 1710 1261 1764 indisertum
1300 1720 1355 1763 et
1388 1710 1442 1763 in
1497 1709 1599 1764 hoc
1638 1724 1880 1765 .munere

296 1801 433 1855 satis
456 1800 819 1854 exercitatum
868 1801 1072 1869 reperit
1108 1793 1310 1868 ;quém
1346 1802 1527 1855 Solum
1553 1802 1629 1854 ait
1659 1814 1725 1856 ex
1759 1810 1875 1855 toto

297 1894 406 1945 τῶν
437 1895 876 1964 προκαθημένων
929 1909 1158 1948 numero
1198 1893 1551 1948 ltoncstatum
1610 1907 1735 1948 esse
1786 1908 1879 1962 ge-

298 1986 464 2039 minis
498 1984 887 2039 ecclesiasticis
908 1986 1215 2051 ordinibus,
1251 1984 1512 2037 nimirum
1544 1985 1876 2053 episcopatus

294 2084 350 2129 et
391 2077 682 2140 secreticis,
732 2078 860 2145 quia
901 2092 1010 2130 non
1072 2078 1234 2131 modo
1280 2092 1476 2130 causas
1546 2080 1875 2147 temporales

294 2166 661 2235 cognoscebat
699 2174 955 2233 tanquam
987 2166 1178 2233 iudex,
1216 2166 1311 2221 sed
1344 2176 1399 2221 et
1421 2168 1734 2235 spirituales
1759 2169 1878 2220 ani.

293 2273 508 2328 mirque
543 2258 771 2312 salutem
803 2267 1201 2313 concernentes
1239 2258 1605 2328 dijudicabat,
1644 2259 1876 2326 eamq'ne

296 2349 411 2404 fere
439 2350 526 2403 his
552 2349 605 2403 in
649 2349 812 2403 rebus
880 2356 1203 2418 potestatem
1266 2347 1524 2414 habebat,
1556 2364 1663 2416 qua
1729 2362 1875 2400 nunc

295 2443 507 2512 prrediti
538 2451 662 2496 sunt
694 2444 1091 2513 episcoporum
1127 2450 1443 2495 nostrorum
1482 2440 1691 2494 vicarii.

366 2557 505 2612 Olim
543 2571 759 2626 quoqne
788 2572 950 2610 aurea
983 2557 1116 2609 tiara
1150 2555 1447 2625 insignitus
1479 2554 1628 2610 foras
1689 2555 1871 2623 prodi—

297 2652 415 2711 hat,
457 2639 587 2703 licet
636 2648 781 2702 hunc
831 2662 1038 2701 morem
1072 2645 1184 2715 jam
1256 2661 1355 2700 sua
1408 2656 1568 2701 aetate
1640 2647 1873 2700 desiisse

296 2743 581 2796 Balsamon
611 2740 830 2793 scribat.
861 2741 919 2791 ln
949 2737 1087 2792 festo
1124 2746 1305 2791 tamen
1347 2750 1665 2791 sanctarum
1717 2749 1871 2791 nota-

295 2836 500 2889 riorum
524 2835 760 2887 maxime
795 2830 1120 2901 magniﬁcus
1152 2837 1270 2883 erat
1300 2829 1727 2898 chartophylax;
1770 2847 1869 2881 cu-

297 2926 387 2994 jus
414 2925 639 2994 gloriam
674 2925 747 2976 ita
772 2922 1033 2977 describit
1089 2919 1380 2975 Balsamon
1414 2922 1481 2974 ad
1546 2920 1724 2973 Pholii
1762 2920 1872 2973 No-

299 3031 649 3072 mocanoncm
682 3015 764 3069 tit.
790 3017 840 3081 8,
874 3031 923 3070 c.
962 3015 983 3068 1
1020 3032 1033 3067 :
1066 3014 1127 3067 '0
1156 3014 1298 3067 κατὰ
1330 3014 1560 3083 καιροὺς
1589 3012 1867 3082 χαρτοφύ-

297 3108 393 3174 λαξ
423 3109 529 3161 ἀπὸ
551 3108 644 3160 τοῦ
680 3107 947 3176 παρόντος
1004 3106 1207 3158 ἱδίκτου
1245 3103 1549 3157 δικαιοῦται
1605 3104 1867 3157 κα6α>.>.ι-

302 3202 475 3252 κειὶειν
503 3199 643 3253 κατὰ
672 3200 769 3270 τὴν
796 3200 946 3270 λιτὴν
963 3201 1070 3252 τῶν
1095 3199 1266 3263 ἁγίων
1294 3199 1563 3268 νοταρίων
1593 3200 1649 3251 τὸ
1678 3216 1873 3266 πατρι-

306 3280 527 3363 αρχικδν
580 3292 771 3358 ἄλογον
828 3291 963 3361 μετά
1011 3292 1220 3344 ὁθονῐου
1251 3290 1475 3343 λευκοῦ.
1511 3291 1665 3342 Ἔδει
1691 3290 1747 3342 δὲ
1780 3293 1880 3358 τὴν

306 3388 540 3457 κεφαλὴν
580 3387 746 3440 αὐτοῦ
779 3387 853 3450 ὡς
900 3386 1267 3456 καλδηναρίου
1301 3384 1713 3455 πατριαρχικοῦ
1748 3386 1879 3455 cxi-5

307 3482 497 3533 πεσθαι
530 3479 668 3547 μετὰ
709 3480 808 3547 τῆς
843 3478 1051 3549 χρυσῆς
1110 3477 1329 3547 τιάρας,
1390 3478 1513 3547 ἥτις
1566 3478 1681 3529 κάλ’
1712 3479 1768 3528 ὲν
1798 3475 1875 3545 τῷ

306 3573 721 3643 χαρτοφυλακίῳ
755 3571 1069 3624 ἀπόκειται.
1091 3571 1262 3625 ϐηρεί
1314 3571 1649 3625 cardinalem
1681 3580 1880 3627 vocant

308 3666 667 3735 καρδινάριον,
725 3663 1095 3733 καρδινάλιον,
1160 3663 1526 3733 καλδινάριον,
1589 3673 1798 3719 mutato
1847 3682 1877 3732 ρ

304 3757 351 3810 in
380 3759 427 3810 λ.
1202 3751 1211 3756 ὁ

372 3870 510 3925 Suos
546 3873 777 3927 habebat
818 3875 869 3926 in
893 3875 996 3929 hoc
1026 3890 1252 3928 munere
1283 3875 1664 3935 administros,
1710 3882 1764 3927 et
1796 3876 1877 3925 it:-

307 3972 380 4016 tcr
398 3975 620 4018 caeteros
656 3965 815 4033 128
850 3966 1135 4020 duodecim
1160 3966 1429 4025 notarios.
1468 3962 1649 4020 Locus
1681 3967 1734 4019 in
1767 3983 1875 4035 quo

300 4053 380 4119 jus
404 4058 635 4119 diccbat,
659 4065 850 4124 etquo:
872 4073 984 4111 sua:
1016 4058 1319 4112 {unctionis
1342 4068 1518 4124 erant,
1549 4068 1656 4112 tam
1689 4074 1871 4113 asser-

306 4151 451 4201 tabat
475 4164 636 4217 quam
670 4150 978 4217 peragebat,
1018 4140 1487 4220 χαρτᾶφυὶακείον
1527 4151 1813 4206 dicebatur
1854 4170 1869 4215 ;

308 4238 436 4302 qunti
467 4251 664 4289 notnen
688 4238 930 4304 reperies
959 4248 1088 4290 tom.
1122 4238 1141 4291 l
1171 4237 1318 4292 loris
1337 4238 1753 4304 Grmco~Rom.,
1776 4241 1867 4293 [υΙ.

305 4326 418 4388 εὶὸϐ,
450 4327 592 4380 etde
640 4327 869 4380 notariis
927 4330 1340 4399 chartophylaci
1390 4331 1871 4385 subscrvicntibus

306 4418 495 4471 mentio
533 4434 750 4488 quoque
785 4420 841 4473 lit
881 4422 973 4475 fol.
1018 4422 1146 4476 249.
1176 4423 1445 4476 Scribitur
1496 4434 1548 4477 et
1589 4440 1869 4494 χαρτοφυ-

303 4508 481 4562 λάκεον
509 4526 536 4563 a
576 4509 766 4573 Suida.
795 4513 860 4566 de
890 4528 1001 4581 quo
1035 4516 1177 4567 hanc
1241 4517 1554 4583 praescribit
1605 4518 1869 4586 regulam,
1907 4515 1949 4567 D

302 4600 475 4653 nescio
498 4617 665 4670 quam
690 4618 870 4655 veram
903 4620 917 4656 :
956 4605 1035 4657 Τὰ
1062 4606 1220 4675 παρὰ
1265 4608 1326 4659 τὸ
1373 4608 1637 4676 φυλάσσω
1689 4610 1870 4661 πάντα

300 4690 381 4741 διὰ
410 4694 498 4744 τοῦ
530 4693 667 4746 ἰῶτα
712 4694 984 4764 γράφεται
1043 4700 1137 4750 καὶ
1190 4699 1671 4768 προπαροξύνεται
1706 4741 1721 4764 ,
1756 4697 1871 4753 οἷον

298 4781 739 4847 χαρτοφυλάκιον,
803 4784 1363 4854 θησαυροφυλάκιον,
1431 4791 1869 4855 σκευοφυλάκιον

298 4877 378 4923 καὶ
405 4875 469 4925 τὰ
504 4873 711 4934 τούτοις
745 4877 928 4944 ὅμοια,
959 4880 1096 4945 πλὴν
1123 4878 1218 4931 τοῦ
1250 4880 1690 4948 σιτοφυλακείου.

359 4989 524 5042 Porro
558 5005 683 5044 cum
718 4992 1007 5047 Balsamon
1033 5004 1087 5047 et
1116 4995 1206 5047 alii
1244 4997 1721 5065 cbarlophylarcm
1754 5014 1871 5052 om-

297 5079 449 5132 nibus
480 5082 705 5135 omuino
721 5098 1031 5151 prapOnere
1051 5087 1358 5151 vidcantur,
1380 5089 1495 5143 sive
1524 5092 1871 5158 negotiorum

290 5173 399 5225 sive
447 5173 852 5243 privilegiorum
890 5179 1319 5247 magnitudinem
1350 5191 1404 5235 et
1460 5184 1868 5238 multitudinem

290 5274 516 5332 spectes,
552 5268 745 5320 merito
774 5268 960 5323 mirari
1000 5273 1199 5339 possis,
1225 5287 1326 5327 cur
1353 5274 1594 5330 Codlnus
1615 5279 1874 5331 tantaedi-

293 5357 505 5424 gnitatis
523 5360 698 5413 virum
730 5372 930 5430 quarto
954 5363 1070 5417 loco
1091 5366 1143 5418 in
1176 5367 1351 5433 prima
1374 5354 1867 5436 pentadecollocct.

286 5449 364 5500 An
408 5450 655 5504 ordinem
712 5453 996 5523 dignitatis
1031 5472 1138 5511 non
1175 5461 1417 5513 servavit
1445 5460 1568 5515 ?An
1611 5472 1664 5515 et
1690 5466 1871 5518 caeteri

283 5544 612 5597 emeatacozli
700 5547 976 5616 episcopis
1050 5553 1544 5620 anteponebantur,
1650 5556 1869 5609 tutnctsi

285 5632 630 5688 diaconorum
684 5640 842 5708 quasi
889 5656 1117 5695 munere
1192 5642 1571 5713 fungerentur,
1651 5648 1873 5701 sicutct

282 5726 386 5791 jam
432 5728 485 5781 in
520 5729 766 5785 Ecclesia
800 5732 1047 5789 Romana
1079 5736 1293 5791 diaconi
1324 5740 1629 5795 cardinales
1654 5752 1873 5795 autver—

288 5819 417 5872 d-mt
449 5835 638 5877 omnes
697 5827 991 5895 episcopos
1041 5828 1064 5879 ?
1106 5829 1169 5882 Et
1224 5840 1373 5887 certe
1397 5832 1486 5886 isti
1527 5831 1885 5888 exorataccsli

1986 587 2173 645 fuisse.

2052 681 2343 738 Coronidis
2398 681 2517 739 loco
2594 685 2860 741 addamus
2932 686 3303 745 deﬁnitionem
3355 694 3575 751 chartu-

1984 773 2234 844 phylacis
2310 790 2472 845 quam
2542 778 2927 849 Turcograecia
2989 781 3150 837 aﬂ‘ert
3211 785 3304 841 fol.
3360 786 3467 843 205
3503 806 3568 844 ex

1984 866 2318 936 Pachymere
2358 867 2680 937 Augustano
2715 888 2729 924 :
2764 870 3135 942 Χαρτοφύλαξ
3160 877 3187 927 ὁ
3223 879 3406 930 πᾶσαν
3440 880 3569 932 ὺπέ-

1986 955 2138 1008 Οεσιν
2165 956 2388 1025 διάγων.
2440 958 2570 1024 Qute
2623 968 2804 1016 tamen
2856 964 3108 1017 delinitio
3162 970 3565 1039 restringenda.

1985 1065 2051 1101 nc
2083 1050 2295 1105 cwteris
2324 1053 2694 1108 exocalacaelis
2740 1055 2877 1108 nihil
2934 1071 3159 1125 prorsus
3207 1060 3351 1128 quod
3410 1076 3572 1132 agant

1987 1152 2292 1196 remaneat.
2316 1204 2325 1217 '

2060 1232 2216 1301 Apud
2256 1232 2525 1290 Joannem
2554 1236 2782 1291 Citrium
2802 1241 3127 1308 pr0ponitur
3154 1242 3272 1298 litec
3303 1228 3567 1314 qutcstio:

1988 1326 2065 1378 An
2093 1325 2252 1378 liceat
2302 1327 2553 1392 antistiti,
2614 1340 2877 1396 prtcsente
2920 1331 3352 1403 chartapltylace,
3416 1339 3573 1391 alteri

1984 1419 2150 1471 cuivis
2180 1421 2853 1489 committerepotestatem
2887 1423 3137 1492 signandi
3165 1426 3248 1479 vel
3293 1428 3570 1496 sigillantli

1987 1507 2102 1576 (τοῦ
2137 1508 2551 1579 σημειοῦσθαι),
2579 1511 2739 1578 idque
2771 1513 2852 1565 vel
2884 1529 3090 1580 semper
3124 1515 3201 1569 vel
3238 1526 3445 1569 tantum
3491 1536 3574 1571 se-

1990 1601 2089 1652 mel
2120 1610 2213 1651 aut
2247 1600 2550 1668 aliquoties.
2600 1600 2920 1670 Respondet
2957 1605 3164 1659 Citrius
3220 1621 3327 1660 non
3363 1608 3569 1662 licere:

1990 1706 2115 1743 nam
2175 1692 2235 1742 τὸ
2295 1692 2663 1759 σημειοῦσθαι
2705 1695 2776 1746 τὰ
2808 1698 3300 1765 παρεμπίπτοντα,
3357 1700 3574 1768 signare

1987 1801 2103 1853 quae
2141 1785 2194 1838 in
2220 1786 2329 1838 dies
2388 1786 2650 1851 incidunt,
2689 1789 3072 1843 inviolabiliter
3135 1793 3570 1862 cltartopltylacis

1983 1877 2146 1946 oﬂicio
2180 1892 2443 1930 annexum
2483 1894 2618 1942 esse,
2652 1882 2754 1933 nisi
2781 1882 2921 1947 forte
2947 1883 3254 1952 Itujusmodi
3304 1886 3432 1953 quid
3490 1886 3573 1954 [aa

1981 1967 2221 2019 ciendum
2254 1967 2322 2018 sit
2352 1968 2504 2036 longe
2538 1970 2816 2024 dissita/in
2868 1972 2985 2025 loco
3020 1989 3035 2037 ;
3093 1984 3204 2025 tum
3263 1975 3402 2027 enim
3432 1992 3573 2042 prus

1980 2061 2148 2111 sulem
2185 2058 2399 2110 mittere
2424 2075 2575 2126 posse
2603 2077 2753 2130 quem
2786 2062 2929 2117 velit.
2964 2063 3213 2117 Absentis
3258 2073 3434 2118 autent
3492 2066 3571 2119 rel

1980 2151 2287 2217 mgrotantis
2311 2150 2479 2201 vicem
2535 2150 2678 2203 obire
2709 2155 3253 2207 commentariensem.

2052 2242 2122 2293 De
2152 2242 2581 2310 cltartophylace
2614 2252 2685 2296 tta
2738 2245 2928 2299 scribit
2986 2247 3313 2300 Anastasius
3355 2246 3567 2300 Biblio—

1980 2331 2257 2384 tliccarius
2287 2331 2341 2383 in
2373 2333 2519 2386 notis
2545 2334 2611 2385 ad
2670 2334 2960 2388 Actionem
3018 2336 3324 2391 secundam
3364 2340 3563 2407 synodi

1977 2434 2181 2476 octavae
2243 2424 2341 2477 abs
2378 2439 2452 2479 .sc
2508 2425 2561 2478 in
2601 2424 2853 2479 Latinam
2930 2426 3175 2496 linguam
3236 2445 3565 2485 couversm:

1979 2513 2376 2582 (Iltartophylax
2400 2516 2780 2583 interpretatur
2807 2518 3121 2571 chartarum
3140 2531 3343 2573 custos.
3366 2519 3572 2591 Fungi-s

1977 2614 2062 2656 tur
2075 2616 2249 2657 autem
2271 2606 2448 2674 ofﬁcio
2465 2607 2848 2679 cltartopltylaa:
2865 2611 3006 2677 apud
3025 2610 3317 2667 Ecclesium
3332 2612 3567 2682 Cpolita-

1977 2713 2095 2748 nam
2114 2713 2215 2765 quo
2237 2699 2667 2752 bibliotltecarius
2685 2703 2828 2768 apud
2852 2701 3143 2767 Romanos,
3165 2705 3383 2758 indutus
3428 2707 3569 2760 vide-

1975 2791 2094 2839 licet
2123 2787 2308 2855 infulis
2321 2789 2805 2843 ecclesiasticarum
2831 2792 3202 2846 ministrorum
3216 2807 3266 2847 et
3296 2810 3459 2864 agens
3480 2814 3567 2850 ec-

1974 2880 2276 2933 clesiastica
2299 2891 2486 2933 cuncta
2506 2897 2723 2949 prorsus
2756 2882 3026 2953 obsequia,
3052 2890 3283 2955 exceptis
3303 2890 3413 2942 illis
3437 2892 3569 2943 solis

1972 2988 2090 3038 qtttl'
2114 2971 2182 3022 ad
2214 2973 2545 3026 sacerdotale
2578 2976 2884 3042 specialiter
2915 2996 2980 3031 ac
3029 2984 3242 3050 proprie
3307 2985 3570 3049 pertinere

1974 3063 2270 3128 probantur
2295 3064 2555 3131 ofﬁcium.
2589 3064 2717 3119 Sine
2758 3068 2852 3121 illo
2888 3084 3159 3136 prttterea'
3202 3075 3379 3127 nullus
3432 3090 3570 3142 prte-

1899 3184 1943 3242 c
1980 3150 2155 3204 sulum
2191 3160 2283 3204 aut
2313 3152 2625 3207 clericorum
2658 3174 2689 3209 a
2712 3157 2845 3224 foris
2894 3162 3101 3215 veniens
3134 3164 3190 3241 in
3231 3175 3567 3232 conslrectum

1987 3245 2308 3309 patriarch
2336 3244 2758 3313 intramittitur;
2825 3252 3003 3306 nullus
3051 3256 3411 3309 ecclesiastico
3444 3275 3570 3310 con-

1986 3335 2165 3387 ventui
2216 3346 2615 3404 pra’sentatur;
2679 3342 2881 3395 nullius
2941 3347 3171 3412 epistola
3246 3350 3571 3415 patriarcha:

1986 3427 2150 3478 missa
2215 3428 2494 3495 recipitur,
2561 3432 2667 3484 nisi
2690 3431 2827 3498 forte
2879 3453 2907 3486 a
2963 3440 3172 3489 cci'teris
3247 3455 3315 3505 pa
3341 3440 3567 3492 riarc/tis

1987 3517 2235 3571 mittatur
2265 3535 2281 3585 ;
2324 3521 2505 3575 nullus
2532 3524 2600 3574 at!
2632 3526 3330 3591 prn'sulatunfvelalterius
3364 3532 3571 3585 ordinis

1985 3610 2301 3663 clericorum
2334 3612 2442 3666 sive
2464 3618 2530 3667 ad
2550 3620 2959 3684 prtepositurant
2992 3624 3428 3676 monasteriorum
3448 3640 3573 3691 pro-

1984 3702 2210 3765 vehitur,
2245 3704 2351 3757 nisi
2379 3706 2481 3758 iste
2503 3706 2640 3760 hunc
2672 3711 2921 3777 approbet
2955 3722 3003 3764 et
3034 3719 3380 3781 commendet,
3411 3728 3570 3786 atque

1983 3795 2047 3847 de
2082 3794 2173 3847 illo
2197 3795 2300 3864 ipsi
2349 3799 2672 3864 patriarclttv
2728 3814 2975 3870 suggerat
3021 3816 3071 3858 et
3119 3809 3225 3874 ipse
3263 3821 3567 3877 prtvsentet.

1980 3886 2188 3941 (ἣκετε.
2506 3932 2513 3937 .

2240 3982 2322 4055 [Ρ.
2346 3984 2399 4038 4.
2433 3984 2495 4039 Ὀ
2517 3987 2690 4054 μέγας
2713 3989 3082 4057 χαρτοφύλαξ.
3110 3990 3298 4061 Regia:
3317 3993 3375 4045 Ὀ
3394 3994 3449 4046 δὲ
3473 3996 3571 4064 μὲ-

1978 4090 2078 4138 γας
2097 4074 2448 4143 χαρτοφύλαξ
2474 4076 2575 4128 οὐκ
2604 4076 2773 4141 ἔστιν,
2802 4078 2876 4140 ὥς
2902 4082 3047 4143 τινές
3078 4099 3233 4149 φασι,
3269 4084 3444 4150 φύλαξ
3470 4087 3566 4138 τοῦ

1984 4168 2246 4235 σεκρέτου
2299 4170 2394 4219 καὶ
2446 4169 2693 4238 θυρωρὸς
2740 4170 2924 4239 (τοῦτο
2966 4174 3075 4241 γὰρ
3121 4175 3232 4226 τῶν
3276 4176 3569 4245 ὀστιαρεων

1983 4260 2132 4310 ἐστὶν
2165 4260 2391 4328 ἀρχαῖον
2436 4260 2787 4336 ἐπάγγελμα)
2812 4304 2825 4327 ,
2870 4263 2987 4315 ἀλλ’
3014 4265 3163 4315 ἔστιν
3186 4265 3567 4320 ὲπισκοπικὼν

1980 4350 2208 4402 δικαίων
2231 4352 2561 4421 φροντιστὴς
2585 4354 2679 4403 καὶ
2705 4355 2868 4406 οἱονεὶ
2891 4355 3086 4424 δικαίῳ
3120 4358 3226 4410 τῶν
3249 4360 3565 4429 ἀνηκόντων

1978 4444 2053 4511 τῷ
2086 4444 2421 4515 πατριάρχῃ.
2451 4445 2567 4497 Alia
2600 4447 2724 4514 ejus
2756 4449 2941 4501 munia
2969 4449 3021 4502 in
3051 4450 3342 4506 Allutianis
3370 4468 3570 4507 occur-

1984 4546 2128 4589 runt.
2176 4537 2234 4586 '0
2276 4537 2451 4604 μέγας
2486 4538 2859 4608 χαρτοφύλαξ,
2883 4542 3015 4593 ὅταν
3045 4542 3355 4614 λειτουργεῖ
3382 4547 3569 4615 ἀρχιε-

1979 4629 2125 4697 ρεὺς,
2155 4628 2372 4681 ἵσταται
2398 4630 2680 4699 (ἀλλάσσει
2712 4634 2808 4683 καὶ
2840 4633 3057 4686 ἵσταται
3087 4636 3165 4704 Μ)
3197 4636 3427 4706 πλησίον
3456 4639 3568 4690 τῶν

1978 4722 2148 4788 ἁγίων
2184 4726 2505 4793 μυστηρίων
2534 4723 2740 4792 (θυρῶν
2776 4726 2876 4794 Μ).
2910 4729 3075 4794 Λέγει
3100 4730 3126 4780 ὀ
3157 4731 3319 4792 αὐτὸς
3354 4732 3568 4800 ἀρχιδι-

1977 4816 2193 4877 ἁκονος,
2229 4815 2589 4881 «Προσέλθετε
2619 4816 2696 4885 τῷ
2732 4816 2947 4885 βασιλεῖ
2980 4821 3073 4871 καὶ
3106 4820 3279 4889 Θεῷ.)
3319 4821 3478 4873 Ἐστι
3509 4823 3567 4873 δὲ

1978 4908 2072 4957 καὶ
2098 4908 2174 4968 εἰς
2202 4908 2298 4968 τὰς
2328 4910 2539 4976 κρίσεις
2572 4909 2672 4970 τὰς
2708 4912 3101 4980 εἰσερχομένας
3128 4914 3185 4964 ὲν
3210 4915 3275 4982 τῇ
3315 4913 3449 4985 ἁγίᾳ
3474 4917 3566 4966 ὲκ-

1977 5000 2176 5070 uincla}
2204 5000 2266 5051 ἐκ
2300 5004 2593 5070 προσώπου
2616 5002 2710 5053 τοῦ
2741 5005 3045 5074 ἀρχιερέως
3072 5005 3273 5058 διδόναι
3301 5009 3433 5077 παρ’
3468 5013 3567 5061 αὑ-

1974 5095 2068 5147 τοῦ
2094 5096 2193 5158 τὰς
2227 5099 2533 5165 ἀποφάσεις
2571 5099 2772 5161 πάσας.
2811 5100 2993 5168 ’Έχων
3028 5101 3083 5152 δὲ
3106 5106 3200 5153 καὶ
3234 5103 3331 5165 τὰς
3364 5105 3563 5174 ἱερολο-

1977 5190 2099 5255 γίας
2122 5187 2232 5239 τῶν
2269 5190 2598 5258 μνηστειῶν,
2641 5191 2929 5260 ἰερολογῶν
2952 5194 3123 5257 αὐτὰς
3166 5197 3260 5248 καὶ
3294 5200 3569 5252 ἁποστέλδ

1976 5281 2084 5331 λων
2104 5280 2180 5350 τῷ
2203 5281 2339 5350 ἱερεῖ
2360 5281 2454 5332 τοῦ
2510 5281 2640 5334 ναοῦ
2686 5282 2780 5335 τοῦ
2830 5283 3024 5349 δεῖνος,
3077 5288 3322 5356 εὐλογεῖν
3368 5291 3560 5344 αὐτάς.

1980 5374 2191 5441 (Ἔστιν
2229 5370 2321 5425 οὖν
2346 5374 2442 5427 καὶ
2469 5376 2548 5435 εἰς
2597 5377 2891 5443 μνηστείας
2928 5377 3250 5447 ἀρῥαόῶνος
3266 5382 3563 5448 γενομένου

1977 5466 2068 5518 ὑπ’
2105 5466 2405 5531 αὐτοῦ,καὶ
2443 5456 3269 5541 ἀναγράφειὸνοματοῦδὶερέως
3296 5473 3389 5525 τοῦ
3437 5474 3568 5540 μέλε

1981 5563 2163 5622 λοντος
2189 5558 2484 5627 εὐλογῆσαι
2502 5560 2594 5611 τὸν
2627 5561 2824 5628 γάμον.
2853 5563 2932 5632 Μ)
2958 5564 3111 5615 Ἔστι
3146 5563 3201 5615 δὲ
3232 5566 3325 5615 καὶ
3359 5565 3418 5614 ὲν
3446 5566 3566 5623 ταῖς

1983 5652 2344 5721 χειροτονίαις
2365 5653 2474 5706 τῶν
2500 5650 2809 5725 ἀρχιερέων
2837 5655 3169 5723 προσφέρειν
3201 5657 3291 5706 τὸν
3320 5650 3575 5725 χειροτσέ

1980 5745 2242 5813 νούμενον
2275 5748 2753 5817 ἁρχιερέα.Ἔχω-;
2788 5747 2843 5800 δὲ
2875 5747 3035 5809 αὐτὸς
3076 5747 3403 5816 χαρτούλην,
3436 5747 3572 5799 ὰνοι’-’

1984 5837 2186 5905 γράφει
2222 5839 2319 5900 τὰς
2350 5839 2456 5892 τῶν
2480 5840 2801 5892 ἐπισκόπων
2832 5840 3138 5910 ἀποφάσεις
3162 5841 3255 5893 καὶ
3288 5839 3459 5905 αὐτὰς
3488 5837 3574 5905 τῷ*
