4044 6436
406 382 501 442 lii

1480 378 1555 441 Η
1606 382 1895 440 UERUM
1946 377 2040 438 DE
2080 332 2410 434 OFFlfIIlS
2451 376 2557 434 Cl‘.

3536 371 3638 434 ιιι

401 497 650 563 ἀρχιερεῖ
677 494 957 562 ἀναφέρει,
988 493 1137 547 Adde
1161 495 1304 561 (cum
1338 495 1416 557 lli)
1446 511 1457 545 ι
1490 493 1580 546 Ἐν
1617 496 1679 562 τῇ
1720 494 1847 562 ἁγίᾳ
1881 509 1973 560 με-

2095 488 2253 549 node,
2288 487 2389 540 nisi
2451 486 2636 539 forsan
2682 485 2981 553 refragetur
3029 484 3299 554 judicium
3346 485 3512 553 illius,
3545 492 3640 559 qui

402 587 633 653 ττλήψει
654 587 815 647 αὐτὸς
838 587 1005 653 λέγει,
1040 603 1057 634 ι
1081 586 1290 654 Ἐρεῖς,
1319 586 1663 652 προσέλθετε.
1680 604 1697 634 ι
1731 586 1885 635 Ἐστι
1907 585 1965 635 δέ

404 678 499 727 καὶ
525 679 589 727 ἐκ
630 677 925 745 προσώπου
957 677 1255 745 ἀρχιερέως
1288 680 1364 737 είς
1403 680 1582 729 πὶσαν
1614 678 1796 746 κρίσιν
1832 677 1970 727 διδέ-

405 786 491 818 ναι
520 769 614 828 τὰς
647 767 973 833 ἀποφάσεις.
1016 767 1150 820 lliuc
1175 768 1296 835 ejus
1332 767 1593 830 tribunal,
1634 768 1698 820 tle
1735 782 1843 834 quo
1871 764 1969 818 .lu-

406 860 480 909 ris
523 858 635 912 GR.
670 874 722 926 p.
782 858 909 920 258,
946 859 1291 926 episc0patus
1344 858 1565 910 nomine
1596 857 1908 911 decoratum
1940 872 1969 909 a

407 947 729 1001 Balsamone
762 948 813 999 in
844 948 877 1000 9
908 964 1027 1001 can.
1062 948 1231 1001 Trull.
1284 947 1438 1002 Ἐπεὶ
1483 948 1539 999 δὲ
1577 949 1637 998 τὸ
1684 948 1972 1017 μεγαλεῖον

405 1039 501 1089 τοῦ
532 1038 933 1108 πατριάρχικοῡ
964 1038 1156 1106 θρόνου
1187 1038 1422 1107 διάφορα
1467 1038 1565 1107 μὲν
1592 1039 1825 1107 σέκρετα
1858 1037 1971 1104 ἔχει

407 1128 493 1194 ὑφ’
525 1129 710 1190 ἑαυτὸ,
742 1129 831 1180 καὶ
861 1128 1041 1190 ίδικῶς
1077 1129 1133 1180 δέ
1166 1129 1477 1196 ὡρίσθησαν
1510 1128 1583 1196 τῷ
1612 1130 1852 1196 σεκρὲτῳ
1880 1128 1972 1179 τοῦ

407 1219 872 1288 χαρτοφυλακείου
904 1221 970 1271 τὰ
1008 1219 1341 1271 ἐπισκοπικά
1381 1220 1593 1282 δίκαια,
1644 1220 1735 1271 καὶ
1773 1220 1798 1270 6
1834 1220 1973 1271 xerit

407 1311 598 1379 καιρὸν
645 1309 1000 1377 χαρποφύλαξ
1052 1310 1266 1378 ἐνεργεῖ
1313 1309 1506 1378 δικαίῳ
1561 1310 1705 1361 κατὰ
1746 1312 1974 1378 καιροὺς

406 1400 710 1458 ἁγιωτάτου
743 1399 1077 1469 πατριάρχου
1098 1399 1275 1449 πάντα
1300 1400 1368 1449 τὰ
1395 1398 1573 1467 τούτῳ
1601 1400 1872 1466 ἀνήκοντα
1900 1398 1975 1460 ὡς

410 1489 699 1556 ὲπισκόπῳ
728 1486 1001 1556 (ἀφορίζει
1034 1486 1163 1553 γὰρ,
1220 1484 1529 1552 διορθοῦται
1563 1485 1767 1553 ψυχικὰ
1804 1484 1975 1550 σφάλ-

412 1596 580 1647 ματα,
599 1580 883 1640 διακόνους
913 1579 1009 1630 κα“ι
1030 1580 1195 1647 ἱερεῖς
1220 1578 1504 1645 ἐπιτρέπει
1527 1575 1974 1645 χειροτονεῖσθαι,

408 1671 478 1722 τὰ
526 1670 633 1721 τῶν
688 1669 1005 1739 ἱερολογιῶν
1060 1669 1292 1721 πινάκια
1356 1668 1657 1729 ἐκτίθεται,
1704 1668 1798 1719 καὶ
1842 1666 1977 1719 ἄλλα

409 1760 636 1812 τοιαῦτά
686 1758 853 1826 τινα),
911 1758 1091 1820 καλῶς
1148 1760 1499 1810 ἐπισκοπεῖον
1547 1757 1882 1826 κληθήσεται
1913 1757 1975 1808 τὸ

2074 592 2157 633 res
2193 588 2406 631 veteres
2448 576 2602 630 novis
2634 576 2858 631 vocibus
2887 576 3258 645 significanter
3287 580 3517 647 exprimi
3542 595 3643 649 pa-

2046 670 2267 721 tienter
2302 665 2443 744 ferre
2477 680 2584 718 non
2623 672 2817 733 potest.
2860 663 2998 735 flint:
3047 666 3497 733 σκευοφυλάκιον,
3548 664 3640 717 ubi

2074 774 2288 815 sacrum
2355 758 2774 831 instrumentum
2850 768 3186 810 asservatur.
3248 756 3432 826 Neque
3491 758 3640 811 enim

2074 849 2322 921 agnoscit
2375 847 2573 901 Suidas
2616 848 3076 917 σκευοφυλακεῖον
3118 850 3503 903 convenienter
3554 863 3641 903 re-

2076 940 2211 1005 gulae
2260 951 2393 1001 sum,
2450 937 2515 990 de
2560 952 2665 1006 qua
2702 947 3019 1006 antegressa
3077 940 3256 1009 capite
3307 954 3360 1008 p.
3420 940 3535 994 1Ξὸ
3558 941 3633 991 in.

2074 1030 2279 1084 Οιιετε.

2147 1121 2232 1193 [Ρ.
2262 1124 2316 1175 4.
2360 1121 2428 1177 '0
2458 1122 2645 1190 μέγας
2680 1121 3094 1187 σκευοφύλαξ.
3130 1120 3394 1175 Allaliana
3421 1122 3492 1189 (et
3521 1121 3593 1185 M)
3628 1142 3640 1176 :

2087 1213 2149 1267 '0
2173 1215 2343 1282 μέγας
2374 1212 2717 1279 σκευοφύλαξ
2740 1212 3000 1279 στήκεται
3024 1210 3153 1263 ὅταν
3170 1211 3477 1279 λειτουργεῖ
3500 1215 3526 1264 6
3546 1215 3643 1278 ἀρ-

2076 1303 2293 1373 χιερεὺς
2323 1302 2630 1371 ἔμπροσθεν
2660 1303 2755 1354 τοῦ
2789 1302 3242 1369 σκευοφυλακίου,
3263 1304 3354 1354 καὶ
3382 1303 3431 1355 εἰ
3449 1321 3501 1355 τι
3530 1303 3645 1356 δ’ἂν

2077 1394 2403 1463 χρειασθοῦν
2447 1395 2509 1445 ἐκ
2556 1393 2650 1445 τοῦ
2690 1374 3142 1461 σκευοφυλακίου,
3181 1395 3341 1455 αὐτὸς
3375 1395 3640 1456 ἀποδίδει,

2078 1486 2198 1554 ἦτοι
2226 1486 2441 1548 σκεῦος,
2462 1486 2665 1555 βιϐλίον
2698 1488 2862 1553 ἱερὸν,
2881 1488 3085 1555 κηροῦς
3116 1487 3210 1541 καὶ
3231 1488 3492 1551 ἀλλαγὰς,
3515 1489 3647 1540 ὕπο-

2078 1577 2296 1645 κρατῶν
2337 1578 2430 1630 καὶ
2463 1578 2521 1629 τὸ
2570 1578 2998 1643 σκευοφυλάκιον
3029 1578 3129 1647 τῆς
3170 1578 3497 1645 ἐπισκοπῆς,
3547 1581 3646 1631 καὶ

2078 1666 2188 1719 πᾶν
2224 1664 2417 1727 σκεῦος
2439 1666 2538 1735 τῆς
2577 1666 2894 1735 ἐκκλησίας,
2921 1666 3059 1735 ἔχων
3089 1667 3144 1719 δὲ
3177 1669 3273 1719 καὶ
3296 1667 3393 1728 τὰς
3418 1684 3649 1736 χηρευο-

2085 1756 2252 1823 μένας
2304 1755 2603 1824 ἐκκλησίας
2633 1759 2714 1817 εἰς
2746 1758 2845 1825 ’τὴν
2881 1757 3044 1809 αὑτοῦ
3091 1758 3405 1825 ἐπίσκεψιν,
3445 1760 3540 1810 καὶ
3584 1758 3649 1811 τὰ

410 1850 900 1919 χαρτοφυλακεῖον.
939 1849 1074 1904 Hinc
1106 1850 1226 1916 eius
1278 1850 1583 1903 administri
1621 1852 1976 1901 ἐπισκοπεια-

2095 1815 2205 1914 ἱερά
2233 1814 2412 1898 αὐτῶν
2438 1814 2637 1899 πάντα.
2674 1814 2829 1898 Ἔστί
2852 1845 2907 1898 δὲ
2936 1847 3029 1898 καὶ
3059 1848 3137 1908 είς
3158 1848 3257 1910 τὰς
3282 1814 3512 1915 κρίσεις,
3547 1865 3650 1915 φυ-

412 1940 490 1992 νοί
518 1940 648 1993 dicti
673 1937 955 1992 JnrisCfl.
986 1938 1082 1991 fol.
1111 1938 1203 1991 ΠΙ
1237 1946 1290 1991 et
1312 1936 1433 1990 ΗΞ.
1471 1934 1543 1989 De
1574 1936 1693 1988 aliis
1715 1935 1835 2002 ejus
1863 1949 1982 1987 mu-

413 2033 519 2084 niis
548 2041 603 2083 et
637 2030 937 2098 privilegiis
986 2030 1251 2083 videndus
1285 2028 1573 2081 Balsamou
1611 2026 1867 2080 Meditato
1914 2026 1982 2080 de

408 2135 474 2171 eo
497 2122 802 2187 composito
824 2117 969 2172 Juris
987 2120 1227 2187 ejusdem
1249 2118 1363 2172 GR.
1385 2119 1438 2181 7,
1472 2128 1591 2172 aeta
1617 2128 1669 2170 et
1693 2116 1982 2185 subsigna-

415 2210 595 2262 tiones
626 2211 744 2277 ejus
778 2209 871 2262 fol.
905 2209 1011 2262 235
1041 2220 1095 2264 et
1115 2210 1243 2272 270,
1277 2225 1415 2279 quos
1445 2210 1547 2264 sibi
1589 2210 1775 2262 titulos
1800 2208 1981 2262 vindi-

413 2307 518 2359 rat,
554 2299 668 2365 ipse
703 2300 1099 2370 chartophylax
1142 2314 1406 2368 peroraris
1430 2300 1480 2351 in
1524 2300 1660 2352 actis
1684 2300 1716 2351 6
1768 2298 1982 2368 synodi,

418 2386 476 2443 P.
508 2387 784 2443 Francisci
810 2389 1126 2445 Combcllsii
1164 2390 1445 2459 diligentia
1490 2389 1801 2457 propediem
1830 2403 1983 2441 com-

418 2480 654 2548 plendis,
687 2482 961 2547 eloquitur
992 2497 1005 2533 :
1048 2481 1109 2534 '0
1146 2480 1470 2548 ἁμαρτωλὸς
1503 2478 1611 2544 ἐγὼ
1642 2480 1736 2531 καὶ
1766 2478 1986 2531 πάντων

415 2572 696 2640 ἐλάχιστος
728 2571 993 2639 Ἀγάθων,
1020 2570 1233 2634 ἀνάξιος
1257 2572 1501 2634 διάκονος
1532 2571 1627 2624 καὶ
1645 2570 1987 2639 χαρτοφύλαξ

416 2662 516 2730 τῆς
544 2661 776 2713 ἐνταῦθα
801 2662 1112 2729 ἁγιωτάτης
1151 2661 1244 2713 τοῦ
1268 2662 1403 2713 Θεοῦ
1452 2661 1708 2730 Μεγάλης
1758 2661 1989 2731 Ἐκκλη-

418 2753 560 2815 σίας,
595 2750 689 2803 καὶ
720 2749 815 2801 τοῦ
843 2748 1076 2817 εὑαγοῦς
1108 2749 1512 2818 πατριαρχικοῦ
1539 2751 1799 2819 σεκρέτου
1833 2766 1988 2817 πρω-

415 2842 727 2910 τονοτάριος
770 2840 867 2894 καὶ
910 2841 1308 2909 καγκελλάριος
1342 2840 1615 2909 δεύτερος.
1660 2841 1811 2896 Unde
1864 2856 1989 2895 vero

424 2933 662 3000 μεγάλου
699 2931 993 3000 appellatio
1024 2932 1199 2986 cidem
1234 2933 1552 2996 accesserit,
1588 2931 1755 2986 refert
1784 2931 1989 2986 Canta-

419 3038 658 3077 cuzenus
692 3038 752 3087 ll,
781 3024 805 3075 1
846 3038 861 3076 :
901 3024 1003 3076 Τὸν
1056 3023 1449 3093 χαρτοφύλακα
1475 3024 1595 3075 ἐπεὶ
1634 3023 1710 3093 μὴ
1742 3022 1993 3076 ἐϐούλετο

2082 1934 2289 1987 λάττων
2318 1937 2411 1989 καὶ
2431 1936 2497 1987 τὰ
2530 1935 2716 1986 δίκαια
2746 1936 2853 1987 τῶν
2887 1938 3287 2005 είσερχομένων
3314 1940 3393 1999 είς
3414 1939 3513 2007 τὴν
3552 1941 3648 1991 ἐκ-

2084 2025 2314 2094 κλησίαν
2341 2025 2429 2078 διὰ
2458 2025 2586 2086 τοὺς
2618 2025 2913 2094 κληρικοὺς
2943 2026 3107 2095 μέχρι
3131 2027 3223 2080 τοῦ
3251 2028 3524 2095 διανέμειν
3552 2030 3652 2080 αὐ-

2082 2118 2210 2178 τοὺς
2234 2115 2427 2170 ταῦτα.
2458 2114 2552 2171 llis
2582 2116 2849 2184 adiunge:
2880 2119 2971 2178 Alc
2992 2119 3085 2168 τοῦ
3112 2117 3360 2170 ἐνιαυτοῦ
3384 2120 3647 2185 ἀναφέρει

2084 2205 2162 2274 τῷ
2189 2207 2459 2275 ἀρχιερεῖ,
2484 2207 2579 2258 καί
2612 2209 2759 2260 ἐστιν
2786 2210 2865 2269 είς
2890 2207 2988 2270 τὰς
3022 2209 3248 2277 κρίσεις.
3283 2209 3509 2263 Brevius
3544 2210 3653 2263 Re-

2086 2295 2169 2362 gia
2205 2314 2219 2349 :
2250 2296 2370 2346 Τῶν
2396 2296 2555 2364 ἱερῶν
2578 2297 2876 2365 κειμηλίων
2894 2298 2989 2367 τὴν
3009 2299 3265 2366 πρόνοιαν
3293 2298 3427 2367 ἔχει.
3458 2299 3605 2353 Com
3632 2300 3656 2372 ]

2159 2384 2507 2441 Proteedicus
2544 2391 2769 2440 vertitur
2802 2402 2830 2440 a
2863 2386 3137 2442 Boncfillio
3159 2391 3447 2457 primarius
3478 2400 3650 2445 actor.

2090 2474 2312 2529 Rectius
2344 2478 2546 2545 primus
2592 2479 2856 2545 defensor.
2900 2478 3030 2549 Ejus
3057 2481 3289 2535 oflicium
3342 2491 3482 2544 erat,
3512 2491 3651 2537 teste

2088 2566 2319 2635 Codino,
2360 2569 2422 2620 τὸ
2446 2568 2945 2639 ἀντιλαμϐάνεσθαι
2976 2573 3102 2635 τοὺς
3140 2570 3544 2642 αἰχμαλώτους,
3566 2588 3660 2629 cu-

2092 2673 2207 2711 ram
2249 2673 2435 2729 gerere
2465 2660 2824 2725 captivorum.
2858 2658 3062 2717 Csars.

2163 2748 2247 2821 [P.
2278 2750 2335 2805 4.
2378 2750 2523 2816 Τοὺς
2552 2752 2985 2820 αἰχμαλώτους.
3022 2752 3171 2819 Quos
3240 2755 3495 2809 nimirum
3553 2757 3659 2828 ipsi

2092 2840 2389 2894 Christiani
2445 2843 2547 2895 sibi
2600 2844 2788 2897 volunt
2828 2860 3014 2899 servos
3068 2844 3269 2900 facere.
3303 2845 3578 2903 Blastares
3607 2866 3657 2906 c.

2092 2932 2161 2986 55
2196 2932 2290 2984 τοῦ
2325 2934 2365 2985 Ε
2402 2937 2667 3003 στοιχείου
2705 2952 2718 2966 ·
2759 2936 2823 2987 Ol
2858 2935 2951 3003 τῆς
2990 2936 3239 3007 βοηθείας
3273 2937 3543 3005 δεόμενοι,
3574 2940 3666 2993 οὗ·

2092 3040 2173 3075 τοι
2212 3023 2321 3092 ἄρα
2368 3018 2479 3075 εἷεν
2512 3026 2560 3078 οί
2598 3028 2664 3095 τῇ
2699 3026 2969 3097 ἐκκλησίᾳ
3000 3029 3498 3098 προσπεφευγότες,
3526 3033 3663 3100 ἐπη-

421 3113 817 3183 (Ἀνδρόνικος)
868 3114 976 3167 ἀπὸ
1000 3117 1102 3185 τῆς
1128 3114 1226 3167 τοῦ
1266 3114 1683 3185 χαρτοφύλακος
1720 3115 1877 3178 ἀξίας
1910 3115 1990 3177 είς
2016 3139 2061 3198 c
2094 3114 2246 3183 ρείας
2274 3114 2549 3169 δυναστῶν
2580 3116 2997 3186 ἐκτρεπόμενοι,
3033 3118 3065 3189 ἢ
3107 3119 3234 3187 πρίν
3268 3137 3320 3172 τι
3346 3123 3663 3175 πταιτίσαν-

420 3204 617 3270 ἑτέραν
644 3206 868 3272 μείζονα
892 3204 1303 3274 μετενεχθῆναι,
1325 3204 1495 3275 αὐτὴν
1517 3206 1721 3274 ἐαυτῆς
1737 3206 1989 3276 ἐποίησεν
2097 3219 2186 3265 τες
2223 3202 2256 3274 ἦ
2290 3206 2371 3264 εἰς
2402 3204 2649 3258 δουλείαν
2677 3204 2961 3274 ἑλκόμενοι
2988 3208 3081 3261 καὶ
3108 3208 3401 3275 ζητοῦντες
3434 3212 3663 3264 ἐπικου-

422 3295 798 3364 ἐντιμοτέραν,
847 3297 1021 3364 μέγαν
1066 3295 1457 3364 χαρτοφύλακα
1514 3299 1987 3367 προσαγορεύσαςο

424 3388 520 3440 καὶ
562 3389 655 3440 ἀπ’
691 3388 903 3440 ἐκείνου
929 3389 1005 3450 ὡς
1052 3389 1211 3454 δεῦρο
1238 3390 1317 3458 τῷ
1354 3393 1726 3459 χαρτοφύλακι
1760 3391 1990 3456 σώζεται

424 3480 485 3531 τὸ
521 3481 715 3547 μέγας.
745 3478 949 3548 Legam
983 3483 1098 3535 bare
1138 3481 1229 3549 qui
1266 3481 1582 3535 Graecorum
1641 3481 1872 3536 miseriae
1926 3482 1993 3534 li-

426 3571 647 3624 bentius
674 3585 737 3623 ac
761 3570 977 3625 facilius
1002 3570 1311 3625 insultaturi
1344 3572 1590 3640 pristinae
1614 3586 1802 3625 eorum
1826 3573 1994 3642 digni-

429 3661 524 3714 tati
549 3660 885 3725 obtrectant,
911 3668 966 3715 et
1001 3676 1151 3714 vanae
1180 3662 1451 3730 imputant
1477 3662 1763 3716 ambitioni
1800 3672 1855 3715 ut
1877 3661 1993 3715 olli—

426 3751 528 3804 ciis
556 3760 608 3804 et
639 3749 999 3819 dignitatibus
1024 3766 1133 3805 non
1168 3766 1327 3820 parce
1354 3753 1415 3804 τὸ
1451 3754 1625 3821 μέγας
1653 3762 1991 3821 praeportant,

426 3850 639 3909 etstepe
679 3841 788 3894 duo
818 3840 991 3896 ofﬁcia
1021 3844 1353 3911 cacteroquin
1390 3846 1541 3911 paria
1569 3840 1725 3897 aliter
1749 3859 1856 3898 non
1881 3844 1995 3898 dis-

437 3933 682 4001 tinguant
738 3948 899 4000 quam
934 3933 1087 3988 vocis
1116 3933 1209 3986 τοῦ
1242 3934 1478 4002 μεγάλου
1509 3935 1873 4004 appositione.
1910 3938 1993 3988 An

431 4022 637 4089 injurie
678 4036 806 4076 vero
854 4021 1106 4076 factum?
1156 4022 1238 4075 An
1282 4038 1389 4077 non
1429 4024 1564 4078 ordo
1616 4025 1841 4089 clarior,
1904 4026 1995 4078 ubi

431 4128 572 4166 unus
603 4114 767 4167 alium
811 4115 1045 4183 quadam
1085 4115 1398 4168 eminentiae
1444 4117 1699 4183 praecedit
1730 4128 1854 4169 nota
1886 4116 1909 4169 ?
1940 4116 1995 4171 Si

430 4218 750 4258 inconuiuus
772 4205 827 4259 in
868 4205 1097 4260 ecclesia
1124 4205 1529 4271 Blachernensi,
1549 4207 1592 4262 si
1611 4208 1751 4261 alius
1781 4208 1832 4260 in
1855 4209 2001 4276 Χρυ-

430 4295 698 4364 σ-πιηγῆς,
734 4311 829 4349 cur
856 4296 1112 4350 Ecclesia:
1143 4296 1347 4368 Magna:
1368 4313 1709 4365 teconomus,
1734 4307 1793 4351 ut
1826 4299 1892 4353 iis
1915 4300 1997 4351 di-

436 4390 592 4455 gnioi'
625 4389 706 4440 vel
736 4388 803 4440 ab
834 4389 914 4441 eis
948 4390 1373 4458 dignosceudus,
1405 4389 1643 4458 μεγάλου
1686 4404 1880 4442 nomen
1914 4403 1999 4442 re-

2114 3294 2260 3363 ρίαν,
2289 3294 2356 3346 δι’
2387 3294 2481 3356 οὒς
2510 3294 2605 3346 καὶ
2633 3296 2681 3347 ol
2727 3295 2929 3349 ἔκδικοι
2962 3298 3226 3365 γίνονται.
3262 3299 3337 3354 De
3367 3300 3453 3356 his
3489 3302 3664 3357 Alexil

2098 3372 2404 3463 Novellajll
2440 3384 2589 3440 Juris
2617 3384 2731 3439 GR.
2761 3386 2801 3440 l.
2828 3401 2887 3440 ιι.
2926 3388 3092 3456 Regia
3120 3404 3248 3443 vero
3274 3390 3565 3459 aliquoties
3589 3395 3671 3447 ci-

2100 3485 2212 3531 tata
2247 3495 2261 3531 :
2314 3478 2376 3529 '0
2409 3479 2781 3547 πρωτέκδικος
2813 3480 2923 3547 ἔχει
2959 3482 3056 3549 τὴν
3090 3482 3405 3550 οἰκονομίαν
3442 3484 3550 3536 τῶν
3579 3486 3667 3537 ἐκ-

2099 3570 2286 3631 δίκων,
2329 3570 2423 3621 καὶ
2458 3570 2518 3620 τ’)
2551 3570 3050 3635 ἀντιλαμϐάνεσθαι
3086 3574 3194 3624 τῶν
3226 3575 3534 3645 ζητούντων
3567 3577 3669 3645 τὴν

2101 3658 2559 3727 ἐκκλησιαστικὴν
2592 3660 2846 3729 βοήθειαν
2881 3661 3045 3731 χάριν
3080 3664 3389 3732 ἐλευθερίας
3431 3668 3525 3720 καὶ
3558 3669 3670 3720 τῶν

2102 3749 2302 3802 λοιπῶν
2334 3750 2683 3818 προσφύγων,
2739 3751 2851 3803 εἴτε
2898 3755 3412 3809 ἀντιποιεῖσθαικαὶ
3437 3758 3672 3812 ἐκδικεῖν

2103 3842 2211 3894 ἀπὸ
2236 3840 2342 3892 τῶν
2361 3843 2773 3909 ἐπηρεαζόντων
2800 3843 3020 3905 αὐτούς.
3041 3845 3240 3917 Goan.]

2177 3930 2414 3984 Vocatur
2440 3929 2509 3983 ab
2534 3929 2723 3984 eodem
2751 3931 2943 4001 κριτὴς
2963 3933 3072 3985 τῶν
3090 3936 3515 4004 ἐγκληματικῶν
3541 3938 3677 3991 ὑπο-

2105 4020 2328 4084 θέσεων,
2368 4020 2535 4090 judex
2562 4024 3056 4077 controversiarum
3083 4040 3205 4094 quae
3233 4028 3286 4080 in
3319 4032 3677 4085 accusatione

2106 4123 2414 4166 versantur.
2456 4112 2660 4167 Gnc'rs.
2923 4100 2929 4107 ’

2184 4200 2263 4271 [Ρ.
2296 4202 2350 4254 4.
2397 4201 2450 4253 '0
2482 4201 2900 4269 πρωτέκδικος.
2920 4202 3210 4271 Allaliana,
3244 4208 3272 4258 6
3301 4207 3683 4275 πρωτέκδικος

2107 4294 2301 4363 κριτὴς
2326 4294 2412 4361 (ἐκ
2434 4294 2728 4363 προσώπου
2754 4294 2848 4345 τοῦ
2871 4296 3173 4365 ἀρχιερέως
3200 4297 3275 4365 Μ)
3308 4298 3446 4366 μετά
3471 4298 3682 4352 δώδεκα

2109 4386 2238 4452 (τῶν
2270 4384 2364 4436 δύο
2380 4386 2456 4449 Μ,
2481 4385 2573 4450 qui
2600 4384 2739 4438 infra
2773 4403 2788 4438 :
2820 4388 2870 4437 οί
2896 4386 2989 4439 δύο
3020 4386 3224 4441 ἔκδικοι
3247 4390 3495 4458 κρίνουσι
3534 4393 3682 4455 μετά

436 4480 955 4542 t-uset?‘\’identur,
988 4480 1223 4548 inquies,
1252 4480 1494 4534 inanium
1552 4480 1832 4531 titulorum
1878 4493 1988 4529 ere.

2106 4476 2201 4529 τοῦ
2224 4477 2596 4546 πρωτεκδίκου
2633 4479 2838 4547 μικρὰς
2867 4480 3172 4549 ὑποθέσεις)
3208 4482 3443 4535 ἐκδίκων
3471 4485 3681 4552 μικρὰς

437 4569 691 4637 pitacula.
747 4566 946 4622 Verum
984 4570 1030 4624 si
1073 4570 1215 4637 apud
1253 4581 1303 4622 te
1358 4571 1744 4636 imperatorum
1786 4568 2001 4621 decreta

436 4659 838 4714 ecclesiasticas
884 4660 1175 4730 dignitates
1233 4660 1404 4713 titulis
1460 4659 1601 4737 istis
1634 4659 1908 4738 algentia,
1958 4658 2003 4711 si

440 4750 573 4803 nihil
602 4750 776 4819 ipsius
803 4746 1050 4804 ecclesia
1094 4749 1374 4817 splendor,
1404 4750 1449 4801 si
1484 4748 1623 4805 ratio
1647 4748 1759 4816 jam
1795 4748 2002 4816 prolata

439 4842 513 4894 nil
549 4841 854 4908 obtineant,
882 4842 1005 4895 vide
1048 4856 1117 4895 ne
1154 4841 1402 4892 Latinam
1436 4839 1737 4893 Ecclesiam
1780 4840 2004 4907 paribus

441 4931 655 4998 probris
684 4930 933 4997 objicias,
979 4944 1043 4981 ac
1070 4941 1179 4980 non
1222 4926 1459 4981 absimili
1503 4925 1710 4978 ratione
1731 4926 1824 4978 tibi
1861 4929 1929 4978 sit
1955 4925 2003 4978 ei

440 5021 580 5074 facili
608 5020 673 5074 ad
703 5017 1112 5087 obloquendum
1164 5032 1262 5071 ore
1304 5016 1749 5069 conviciandum.
1797 5014 2000 5085 ϐο.ιιι.]

972 5109 1130 5179 130
1158 5106 1384 5163 CAPUT
1415 5105 1477 5162 v.

708 5203 785 5256 De
844 5204 1219 5269 sceuopltytacc.
1267 5212 1315 5253 et
1361 5200 1680 5268 prolecdico.

514 5296 887 5366 Scequhylax
923 5304 1005 5349 est
1028 5295 1072 5348 is
1095 5309 1254 5363 quem
1283 5296 1466 5349 multis
1500 5296 1553 5348 in
1580 5295 1716 5349 locis
1739 5298 2007 5348 custodem

443 5390 717 5458 appellant
742 5403 755 5450 ;
787 5384 874 5440 cui
900 5385 951 5438 in
983 5384 1374 5453 supellectilem
1402 5399 1613 5438 sacram
1640 5385 1932 5439 arbitrium
1956 5393 2010 5437 ct

444 5479 763 5534 auctoritas.
816 5476 939 5529 Τῶν
980 5475 1139 5545 ἱερῶν
1188 5462 1487 5545 κειμηλίων
1531 5475 1629 5544 τὴν
1690 5476 2009 5544 ἐπιμέλειαν

445 5573 557 5639 ἔχει
581 5574 606 5622 ὁ
638 5570 810 5637 μέγας
832 5568 1196 5634 σκευοφύλαξ,
1222 5569 1395 5637 inquit
1424 5567 1732 5622 Balsamon.
1770 5569 1879 5624 Nec
1912 5571 2010 5621 ali-

448 5678 526 5717 ter
574 5663 854 5715 Codiuus:
889 5661 1264 5730 Sceuophylax
1308 5662 1527 5731 κρατῶν
1576 5661 1643 5712 τὰ
1697 5661 1867 5729 σκεύη
1910 5662 2010 5729 τῆς

449 5752 757 5812 ἐκκλὴσίας.
799 5750 1025 5816 Quidam
1064 5752 1599 5813 vertnntsacrirtam,
1641 5745 1748 5804 ιιόιι
1790 5751 2004 5804 incom-

2111 4568 2395 4630 ὑποθέσεις
2417 4570 2513 4631 τὰς
2538 4572 2928 4640 εἰσερχομένας
2946 4574 3004 4624 ἐν
3026 4572 3090 4641 τῇ
3121 4573 3391 4642 ἐκκλησίᾳ
3409 4576 3679 4645 (ἐρευνᾷ).

2123 4661 2410 4729 Ἀναιρέρει
2444 4662 2499 4713 δὲ
2530 4662 2733 4724 ταύτας
2761 4665 2837 4731 τῷ
2869 4664 3137 4732 ἀρχιερεῖ.
3169 4664 3305 4731 Ejus
3341 4666 3576 4718 tribunal
3611 4667 3683 4719 ad

2115 4753 2174 4805 S.
2199 4752 2414 4819 Sophia:
2443 4754 2768 4806 vestibulum
2802 4770 2814 4805 :
2850 4755 2941 4814 Et;
2969 4755 3027 4805 τὸ
3049 4756 3382 4825 προσκήνιον
3411 4756 3508 4807 τοῦ
3543 4756 3677 4822 νεὼ,

2112 4841 2140 4893 6
2167 4844 2590 4913 πρωτεκδικεῖον
2620 4846 3003 4913 κικλήσκεται.
3040 4845 3329 4916 tNicetas.)
3357 4845 3555 4918 ϐολαὶ]

2183 4935 2449 5000 Quocirca
2486 4954 2591 4990 non
2618 4938 2791 5006 probo
2827 4938 3252 5006 descriptionem
3279 4954 3441 5007 quam
3471 4938 3688 4993 Turco-

2115 5026 2309 5096 graecia
2359 5027 2583 5081 adducit
2636 5027 2729 5083 fol.
2765 5029 2920 5083 2l8:
2970 5029 3027 5082 '0
3062 5029 3440 5097 πρωτέκδικος
3481 5031 3509 5081 ὁ
3558 5033 3689 5092 τοὺς

2115 5114 2439 5184 πρόσφυγας
2468 5116 2887 5185 ἀναδεχόμενος,
2921 5118 3012 5186 qui
3036 5119 3395 5187 confugientes
3426 5119 3493 5170 ad
3522 5119 3689 5171 eccle-

2113 5207 2249 5260 siam
2283 5208 2483 5273 recipit,
2518 5216 2575 5259 ut
2616 5210 3008 5276 interpretatur
3042 5209 3193 5278 131
3242 5219 3434 5263 auctor
3471 5208 3686 5263 Turco-

2118 5300 2347 5367 graecia,
2376 5299 2469 5352 sed
2496 5300 2654 5352 male.
2684 5299 2813 5352 Nam
2844 5300 3275 5369 confugientium
3305 5300 3370 5353 ad
3393 5301 3683 5362 ecclesiam

2118 5404 2246 5443 cura
2277 5390 2580 5457 pertinebat
2609 5391 2743 5460 πρὸς
2770 5392 2862 5442 τὸν
2884 5392 2977 5444 τοῦ
3006 5392 3312 5456 σακελλίου,
3339 5402 3397 5445 ιιι
3420 5407 3583 5459 supra
3609 5393 3691 5445 tli-

2118 5492 2262 5535 ctum
2294 5499 2341 5536 c.
2376 5485 2669 5551 5..ltaque,
2696 5485 2741 5536 si
2761 5484 3004 5538 definitio
3032 5486 3148 5539 haec
3171 5485 3445 5553 probanda
3477 5486 3569 5546 sit,
3590 5484 3694 5539 ali-

2122 5583 2201 5625 ter
2238 5575 2500 5638 explicari
2549 5575 2785 5635 debebit.
2816 5585 2870 5628 ut
2915 5592 3013 5643 per
3041 5578 3363 5645 πρόσφυγας
3406 5574 3692 5643 intelliga-

2115 5676 2239 5727 leIIS
2270 5661 2391 5717 illos
2419 5665 2507 5731 qui
2551 5680 2614 5719 ex
2648 5666 2961 5733 captivitate
3021 5669 3086 5719 ad
3135 5667 3475 5720 Christianos
3500 5682 3594 5735 spe
3629 5669 3692 5717 li-

2122 5756 2345 5808 bertatis
2378 5755 2718 5823 confugiunt,
2749 5772 2851 5809 non
2890 5767 3067 5809 autem
3099 5757 3221 5810 illos
3249 5759 3338 5825 qui
3368 5756 3693 5825 confugiunt
