4044 6450
348 384 444 448 145

1431 378 1821 442 GRETSERI
1857 379 1951 440 ET
1992 380 2229 442 εθιιιι
2279 382 2522 448 ΝΟΤΕ.

3502 381 3606 448 Ῑάϐ

334 500 401 553 ad
422 497 709 554 ecclesiam
736 504 999 567 tanquam
1025 498 1093 552 ad
1116 497 1325 568 asylum
1343 498 1687 569 impunitatis
1708 500 1908 570 gratia.
1939 504 1982 562 Α
2016 500 2261 572 quinque
2290 520 2401 559 non
2428 503 2771 561 continuisse
2795 520 2809 556 :
2838 514 2891 561 at
2916 520 3045 559 vero
3066 500 3413 574 postmodum
3447 514 3611 565 supev

338 591 540 646 Dicitur
584 590 965 661 προκέκδικος
1000 601 1248 659 respectu
1273 591 1504 645 aliorum
1542 593 1774 645 ὲκδίκων
1806 608 1905 648 seu

336 682 686 738 defensorum
718 700 733 737 :
770 683 960 753 plures
990 684 1139 737 enim
1170 690 1327 737 erant
1359 702 1374 749 ;
1415 683 1480 737 ad
1512 674 1750 752 quorum
1786 700 1907 739 mu-

337 791 440 829 nus
492 775 802 844 pertinebat
838 789 1059 845 quoque
1112 789 1411 845 pauperum
1464 784 1518 829 et
1561 775 1906 830 inﬁrmorum

332 880 487 930 cura,
532 882 601 920 ne
653 866 1095 936 opprimerentur
1124 881 1155 921 a
1191 866 1618 934 potentioribus,
1646 876 1708 922 ut
1751 868 1908 923 docet

335 958 621 1013 Balsamon
651 958 706 1013 in
731 974 825 1013 sua
847 959 913 1013 de
938 956 1428 1028 chartophylacect
1446 957 1760 1028 protecdico
1786 958 1907 1014 dis-

333 1051 661 1120 ceptatione.
696 1051 761 1106 Et
789 1051 919 1106 olim
954 1050 1175 1120 quidem
1201 1050 1327 1106 laici
1382 1052 1485 1107 hoc
1508 1049 1684 1105 officio
1710 1051 1905 1121 funge-

310 1130 555 1207 bantur,
574 1152 757 1212 postea
788 1152 968 1198 tamen
999 1142 1216 1197 clericis
1248 1143 1605 1198 commissum
1629 1153 1731 1198 est.
1770 1143 1905 1198 Pro-

336 1235 602 1288 tecdicum
646 1236 828 1289 retulit
861 1238 1003 1290 inter
1046 1236 1441 1290 exocataccelos
1466 1235 1782 1304 Xiphilinus
1812 1253 1905 1306 pa-

334 1326 592 1388 triarcha,
624 1334 682 1380 ut
708 1341 758 1380 c.
796 1327 832 1380 2
855 1326 1132 1381 diximus:
1164 1333 1322 1379 antea
1350 1327 1494 1379 enim
1526 1327 1749 1380 minoris
1779 1328 1905 1382 suh-

334 1415 471 1468 sellii
531 1416 880 1485 magistratus
924 1425 1063 1472 erat.
1110 1418 1409 1471 Ἔκδικεῖον
1442 1418 1587 1486 apud
1626 1417 1905 1473 Balsamo—

335 1523 453 1560 nem
478 1508 631 1563 locus
662 1519 745 1563 est
768 1509 857 1563 ubi
898 1510 947 1562 oi
979 1508 1208 1575 ἔκδικοι,
1233 1526 1354 1579 qum
1384 1510 1626 1565 muneris
1656 1513 1902 1574 suisunt,

333 1607 639 1664 asservant,
684 1601 999 1655 consultant
1033 1609 1086 1654 et
1132 1609 1417 1671 peragunt.
1456 1602 1770 1670 Ἐκδὶκησις
1821 1612 1907 1657 est

332 1689 449 1758 ipsa
481 1689 727 1746 defensio
753 1707 847 1747 seu
882 1694 987 1746 τῶν
1019 1694 1249 1747 ἐκδίκων
1274 1697 1438 1749 actio.

435 1785 844 1839 Observandum
873 1797 954 1841 est
975 1787 1138 1841 etiam
1158 1788 1212 1841 in
1235 1787 1482 1842 Romana
1505 1789 1747 1844 Ecclesia
1774 1790 1905 1845 fuis—

330 1888 389 1927 se
414 1875 716 1943 antiquitus
730 1876 1047 1944 defensores,
1071 1893 1348 1946 unumque
1375 1892 1438 1932 ex
1469 1878 1684 1932 illorum
1712 1895 1905 1932 nume-

331 1981 391 2017 ro
425 1967 780 2036 praecipuum,
797 1969 889 2037 qui
918 1970 1120 2037 primus
1137 1970 1381 2039 defensor
1398 1970 1640 2026 audiret.
1657 1971 1904 2036 Querum

328 2056 563 2110 cilicium
646 2058 880 2113 breviter
964 2060 1295 2114 describitur
1360 2061 1567 2131 (verba
1632 2062 1903 2131 Onuphrii

328 2146 524 2215 refero)
559 2167 584 2201 ιι
612 2149 825 2219 Pelagio
857 2151 910 2204 in
936 2150 1205 2219 Rescripta
1237 2153 1303 2207 ad
1342 2153 1673 2206 Antoninum
1731 2155 1905 2223 patri-

328 2241 487 2301 ciam,
528 2257 651 2309 qua:
680 2242 991 2310 postulabat
1020 2244 1351 2298 monachum
1386 2244 1509 2298 fieri
1550 2245 1902 2313 defensorem,

327 2333 377 2384 in
397 2348 504 2400 quo
523 2333 759 2387 ostendit
785 2333 1023 2389 ofﬁcium
1055 2336 1308 2389 monachi
1333 2319 1386 2390 et
1426 2337 1720 2405 defensoris
1770 2354 1905 2393 coo-

327 2424 511 2477 renire
532 2440 638 2478 non
658 2440 834 2494 posse:
852 2424 1001 2480 «Illis
1022 2427 1181 2491 enim,
1203 2427 1399 2497 inquit,
1420 2424 1806 2497 quies,'oratio,
1826 2432 1907 2485 lu-

328 2515 419 2563 bor
438 2529 687 2567 manuum
706 2516 1030 2585 (competit):
1050 2529 1101 2569 at
1122 2517 1187 2569 iis
1207 2534 1493 2572 causarum
1517 2522 1765 2590 cognitio,
1783 2540 1908 2577 cou-

312 2600 616 2667 'eentiones,
654 2615 828 2669 actus,
856 2606 1068 2674 publica
1130 2607 1329 2675 litigio,
1364 2617 1414 2661 et
1470 2626 1790 2681 quaecunque
1830 2614 1908 2666 ret

328 2692 688 2747 ecclesiastica
746 2696 997 2749 instituta
1038 2698 1119 2751 vel
1146 2699 1567 2767 supplicantium
1618 2705 1905 2757 necessitas

326 2785 544 2848 poscit.r
582 2784 655 2840 Ex
685 2787 900 2842 decreto
927 2786 1131 2843 Urbani
1187 2800 1333 2860 patet
1387 2795 1762 2861 procuratoris
1804 2811 1904 2849 no-

330 2877 473 2932 mine
531 2878 753 2948 intelligi
807 2881 1108 2949 quemlibet
1167 2882 1670 2939 ecclesiasticarum
1720 2902 1901 2940 rerum

329 2966 841 3031 administratorem,
876 2978 935 3022 ut
960 2971 1110 3024 verbi
1140 2972 1311 3039 gratia
1360 2975 1737 3042 praepositum,
1761 2992 1908 3030 (ECO-

329 3071 571 3123 nomum,
605 3058 1030 3125 \iredominttm,
1064 3061 1371 3119 defensoris
1398 3067 1622 3120 nomine
1665 3068 1903 3122 advoca-

333 3157 440 3200 tum
472 3150 585 3204 sive
602 3151 896 3207 eastalalum
926 3162 980 3209 et
1004 3153 1268 3222 judicem,
1288 3164 1394 3211 etc.
1418 3157 1661 3223 Quorum
1681 3161 1901 3230 quidam

328 3236 639 3297 defensores
665 3243 785 3298 sine
813 3244 1153 3314 adiectione,
1185 3247 1411 3315 quidam
1453 3250 1774 3307 defensores
1816 3269 1905 3309 re-

329 3335 697 3402 gionariidicti
720 3344 869 3402 sunt,
912 3340 1057 3408 quod
1082 3341 1295 3396 scilicet
1322 3342 1375 3396 in
1409 3345 1641 3412 singulis
1669 3348 1907 3417 regioni-

328 3425 425 3481 bus
470 3426 747 3482 distributi
801 3440 1003 3485 essent.
1028 3431 1272 3497 Quorum
1303 3435 1515 3504 primus
1547 3437 1626 3492 vel
1656 3439 1906 3509 princeps

331 3519 669 3585 primicerius
701 3522 1050 3579 defensorum
1077 3525 1379 3593 dicebatur,
1412 3531 1690 3598 magnaein
1723 3531 1905 3588 Ere-le,

330 3611 406 3664 sia
456 3612 700 3668 Romana
789 3617 1231 3674 existimationis.
1286 3622 1413 3675 Haec
1460 3622 1777 3693 Ounphrius
1848 3627 1901 3680 in

328 3703 581 3771 explicat.
628 3721 818 3761 vocum
864 3710 1219 3765 ecclesiastic.
1252 3709 1415 3767 Docet
1467 3714 1731 3769 Bai-unius
1768 3722 1904 3788 regi-

329 3798 540 3850 onarios
594 3799 891 3868 defensores
943 3801 1225 3858 institutos
1278 3802 1508 3860 fuissea
1559 3809 1904 3878 S.Gregurio

322 3904 469 3943 anno
498 3891 703 3945 Domini
736 3892 857 3956 598,
892 3896 1113 3973 utsicut
1144 3906 1297 3951 erant
1349 3908 1555 3967 septem
1614 3904 1905 3972 regionarii

323 3985 517 4036 notarii
550 3992 605 4037 et
636 3984 856 4038 totidem
886 3989 1168 4056 regionarii
1187 3989 1421 4053 diaconi,
1441 3990 1512 4043 ita
1534 3992 1695 4045 etiam
1719 4005 1906 4050 essent

319 4088 524 4142 septem
551 4076 848 4145 defensores
880 4080 1188 4148 regionarii,
1219 4082 1432 4135 caeteris
1463 4083 1725 4152 dignitate
1771 4102 1906 4154 prte-

318 4168 617 4223 stautiores
645 4186 660 4233 ;
693 4170 760 4223 de
785 4170 980 4237 quibus
1019 4173 1111 4238 qui
1144 4175 1295 4241 plura
1338 4175 1509 4241 cupit,
1532 4176 1578 4230 is
1610 4175 1901 4232 Baroniutu

315 4261 569 4314 consulat
609 4276 752 4314 anno
780 4263 981 4317 Christi
1013 4265 1136 4319 598.
1172 4266 1375 4321 Gen-rs.

387 4352 475 4424 [P.
508 4355 559 4407 4.
602 4352 862 4417 Συνόδφ.
899 4355 1015 4409 Non
1046 4358 1289 4411 omnium
1315 4360 1393 4412 vel
1426 4374 1489 4414 ex
1519 4362 1736 4416 cum-tis
1776 4378 1907 4432 pro.

315 4446 517 4500 viuciis
544 4448 925 4515 episcoporum
979 4450 1339 4517 quorumdam
1388 4454 1551 4505 simul
1587 4465 1901 4508 coacturum

2025 594 2262 649 rioribus
2316 595 2698 660 adnumerato,
2749 608 2820 651 ne
2865 611 2925 652 se
2971 595 3214 665 dejectos
3242 591 3481 664 quinarii
3529 606 3617 645 se-

2020 681 2188 737 cundi
2242 683 2506 739 officiales
2559 695 3050 753 conquererentur,
3102 685 3281 755 primo
3315 683 3495 737 visum
3532 690 3618 735 est

2016 771 2168 828 illum
2190 776 2615 846 aggregandum.
2636 776 2799 832 Ἀλλά
2822 795 2904 845 γε,
2935 778 3071 833 dixit
3099 778 3150 832 in
3176 775 3616 848 praecedentibus

2022 866 2315 923 Matthaeus
2365 868 2566 935 Iatrus,
2611 874 2708 927 καὶ
2751 871 3132 941 πρωτέκδικος
3188 868 3614 937 συναριθμεῖται

2018 959 2255 1025 τούτοις,
2284 961 2563 1015 senarium
2594 973 2970 1033 componeret,
2992 963 3098 1018 nisi
3135 961 3370 1032 quinarii
3415 973 3612 1013 ncuu-n

2014 1050 2218 1104 vellent
2250 1065 2372 1106 esse
2428 1060 2724 1108 retentum.
2778 1053 3067 1109 Rationem
3120 1052 3328 1123 profert
3376 1046 3634 1105 Joannes

2012 1140 2220 1197 Citrius
2268 1141 2432 1212 Resp.
2463 1144 2496 1198 8
2524 1144 2671 1199 Juris
2700 1145 2814 1198 GR.
2854 1146 2891 1200 1.
2926 1162 2997 1200 v:
3032 1144 3105 1198 Τὸ
3129 1145 3187 1198 δὲ
3220 1144 3313 1197 τοῦ
3350 1159 3609 1210 πρωτεκ-

2011 1233 2165 1286 δίκου
2218 1234 2474 1301 ὀφφίκιον
2533 1237 2591 1289 ὲν
2640 1239 2754 1299 τοῖς
2805 1236 3211 1306 ὑποϐεϐηκόσιν
3252 1235 3313 1287 ὃν
3354 1234 3610 1294 ἔκπαλαι,

2013 1321 2242 1394 ὕστερον
2274 1326 2331 1376 ἐν
2382 1327 2495 1387 τοῖς
2555 1326 2918 1395 ὑπερέχουσιν
2971 1326 3243 1394 συνετάγη
3302 1324 3452 1392 παρά
3514 1324 3610 1376 τοῦ

2010 1418 2107 1486 τῆς
2145 1418 2424 1487 μακαρέας
2453 1418 2661 1488 λήξεως
2683 1420 3031 1489 πατριάρχου
3056 1420 3179 1473 ΚΠ.
3208 1419 3485 1487 Γεωργίου
3511 1414 3609 1468 τοῦ

2015 1506 2328 1576 Ξιφιλίνου.
2368 1510 2734 1567 Promotionis
2786 1513 2940 1581 origo
3002 1511 3105 1566 fuit
3156 1510 3369 1564 lucrum
3411 1525 3473 1562 ex
3508 1508 3611 1561 hu-

2006 1601 2255 1667 jusmodi
2332 1612 2512 1656 ortum
2554 1603 2761 1665 officio,
2799 1603 2946 1673 quod
3004 1603 3191 1657 nullus
3253 1601 3359 1654 nisi
3413 1600 3615 1653 invitus
3674 1660 3682 1667 ,

2012 1693 2320 1759 deserebat,
2358 1705 2418 1748 ut
2446 1696 2659 1748 volente
2704 1696 3013 1765 patriarcha
3064 1692 3405 1762 superiorem
3433 1693 3610 1745 locum

2012 1794 2257 1841 teneret:
2292 1790 2371 1839 vel
2400 1787 2641 1841 ambitus
2698 1788 2875 1841 honor
2913 1787 3194 1856 suggessit
3242 1785 3610 1844 evectionem,

2010 1892 2076 1930 ne
2106 1879 2200 1945 qui
2273 1878 2457 1931 officio
2499 1878 2826 1943 ditescebal,
2880 1893 3094 1946 semper
3142 1877 3197 1929 in
3234 1875 3424 1929 humili
3484 1875 3611 1928 sedc

2004 1967 2232 2035 jaceret.
2284 1968 2418 2023 Vide
2474 1967 2855 2023 Balsamonem
2916 1968 2970 2021 in
3012 1983 3138 2023 can.
3183 1967 3253 2021 54
3284 1964 3604 2037 Carthagin.

2009 2058 2212 2131 Gesn.)

2084 2150 2138 2202 In
2170 2150 2411 2203 secunda
2440 2150 2793 2205 continentur
2827 2150 2852 2202 1
2908 2148 3345 2218 promnotarius,
3377 2148 3412 2200 ‘2
3454 2147 3606 2215 logo-

2015 2242 2185 2305 theta,
2230 2243 2263 2295 5
2292 2245 2318 2292 ὁ
2368 2242 2743 2309 κανστρίσιος,
2777 2241 2811 2294 4
2861 2239 3289 2303 referendarius,
3346 2239 3379 2293 5
3415 2242 3444 2291 ὁ
3475 2238 3607 2297 ὑποφ

2014 2334 2523 2403 μνηματογράφων.
2550 2333 2756 2388 GRETS.

2082 2425 2251 2497 [lbid.
2289 2425 2354 2479 Ὀ
2383 2426 2880 2495 πρωτονοτάριος.
2903 2424 3187 2494 Explicnnt
3221 2423 3341 2492 ejus
3371 2420 3608 2476 ofﬁciunt

2009 2516 2281 2570 Allatiana
2318 2532 2333 2570 :
2378 2515 2443 2568 '0
2474 2516 2917 2585 πρωτονοτάριος
2946 2514 3241 2581 ἱστάμενος
3271 2515 3328 2563 ὲν
3362 2511 3441 2581 τῷ
3468 2512 3611 2579 ἁγίῳ

2011 2603 2215 2674 βήματι
2273 2607 2349 2667 εἰς
2403 2603 2711 2675 ὑπηρεσίαν
2765 2602 2858 2656 τοῦ
2913 2601 3237 2671 ἀρχιερέως,
3273 2604 3368 2653 καὶ
3424 2601 3481 2652 ὲν
3530 2599 3610 2669 τῷ

2009 2695 2187 2766 καιρῷ
2210 2696 2310 2766 τῆς
2362 2695 2628 2765 ὑψώσεως
2685 2686 2890 2748 δίδοται
2946 2694 3168 2761 νίψιμον
3223 2692 3300 2761 τῷ
3336 2694 3608 2763 ἀρχιερεῖ,

2008 2787 2232 2858 κρατῶν
2264 2787 2358 2840 καὶ
2409 2785 2470 2838 τὸ
2514 2785 2789 2856 δικήριον.
2824 2785 3034 2854 Γράφει
3067 2783 3123 2839 δὲ
3159 2782 3185 2837 ὃ
3219 2799 3271 2835 τι
3308 2782 3375 2841 ἂν
3425 2781 3610 2851 βούλε-

2006 2897 2095 2931 ται
2116 2880 2143 2930 ὁ
2170 2878 2465 2948 ἀρχιερεὺς
2502 2876 2802 2948 μηνύματα
2838 2877 2919 2937 εις
2951 2876 3132 2929 πάντα
3164 2875 3421 2944 ἄρχοντα.
3453 2875 3608 2929 Ἀναο

2010 2968 2208 3041 θεωρεί
2235 2970 2291 3022 δὲ
2321 2971 2416 3023 καὶ
2448 2971 2575 3032 τοὺς
2607 2968 2869 3037 νομικοὺς
2903 2966 2985 3028 δὶς
3029 2965 3123 3026 τοῦ
3169 2964 3445 3027 ἐνιαυτοῦ,
3482 2981 3608 3016 σκεο

2007 3060 2252 3128 ψάμενος
2312 3059 2367 3117 δὲ
2400 3061 2496 3115 καὶ
2555 3057 2976 3127 συμφωνήσεις,
3022 3058 3279 3124 πράσεις,
3343 3055 3606 3124 διαθήκας

2011 3154 2105 3206 καὶ
2134 3152 2470 3221 ἐλευθερίας.
2504 3150 2615 3205 Καὶ
2632 3149 2898 3217 ἀναφέρει
2928 3147 3025 3209 τὰς
3048 3145 3447 3219 εἰσερχομένοις
3476 3146 3609 3202 ὑπορ-

2008 3244 2189 3305 θέσεις
2224 3243 2303 3313 τῷ
2331 3245 2601 3313 ἀρχιερεῖ.
2630 3242 2746 3311 (M:
2783 3241 2842 3292 '0
2879 3238 3318 3309 πρωτονοτάριος
3355 3238 3606 3309 εἱστήκει

2008 3339 2067 3390 ἑν
2117 3340 2181 3405 τῇ
2241 3336 2511 3406 ἐκκλησίᾳ
2546 3334 2625 3397 εἰς
2655 3334 2962 3401 ὑπηρεσίαν
2998 3330 3092 3385 τοῦ
3127 3331 3453 3402 ἀρχιερέως,
3508 3333 3606 3384 καὶ

2008 3429 2231 3500 κρατῶν
2263 3429 2325 3481 τὸ
2351 3426 2699 3497 καλαμάριον
2730 3412 3265 3493 αὑτοῦνπαρισταται
3294 3412 3606 3491 ἔμπροσθεν

2005 3520 2101 3575 τοῦ
2127 3521 2454 3591 ἀρχιερέως,
2494 3518 2595 3573 καὶ
2648 3517 2859 3587 γράφει
2904 3518 2931 3569 ὁ
2965 3514 3203 3578 τοιοῦτος
3238 3513 3406 3576 εἴτις
3445 3514 3606 3584 χρεία

2008 3612 2180 3667 ἐστίν.
2218 3612 2554 3681 Ἀναθεωρεῖ
2606 3609 2702 3665 καὶ
2744 3609 2874 3673 τοὺς
2930 3606 3215 3676 νομικοὺς,
3251 3606 3458 3674 γράφει
3510 3605 3605 3657 καὶ

2006 3703 2297 3767 διατάξεις,
2330 3702 2425 3755 καὶ
2453 3700 2790 3770 ἐλευθερίας,
2824 3698 2918 3755 καὶ
2951 3696 3352 3766 προστάγματα
3399 3695 3494 3754 καὶ
3536 3695 3603 3759 τὰ

2005 3800 2212 3853 τούτων
2240 3798 2450 3869 ὃμοια.)
2478 3798 2630 3853 ϐολιι
2658 3795 2679 3868 ]

2077 3891 2207 3946 Post
2237 3891 2614 3947 exoculacaelos
2641 3891 2844 3959 primus
2873 3898 2949 3943 est
2986 3889 3408 3956 pratonotarius,
3427 3884 3601 3953 inquit

2004 3983 2249 4039 Joannes
2308 3983 2536 4037 Citrius.
2582 3981 2659 4035 Et
2738 3995 2846 4050 quo
2917 3979 3109 4049 liquet.
3151 3994 3321 4048 quare
3373 3988 3602 4032 vocetur

2007 4075 2147 4147 θύρα
2177 4076 2286 4127 τῶν
2317 4073 2796 4139 ἐξωκατακοῐλων,
2852 4071 3111 4125 nimirum
3158 4071 3284 4137 quia
3318 4068 3602 4136 proximus

2006 4160 2037 4220 a
2070 4167 2263 4236 primis
2290 4174 2378 4221 est
2425 4175 2481 4220 et
2509 4164 2667 4234 quasi
2704 4164 2872 4232 jantta
2903 4177 2997 4216 seu
3051 4160 3263 4229 primus
3320 4160 3601 4227 ingressus

2007 4257 2074 4313 ad
2112 4257 2539 4313 exocatactelos.
2572 4255 2780 4315 Gaers.

2076 4347 2245 4420 [Ibid.
2281 4347 2439 4415 Θύρα
2484 4344 2603 4399 τῶν
2628 4344 3142 4408 ἐξωκατακοίλων.
3175 4339 3251 4393 Eo
3280 4337 3422 4410 quod
3482 4339 3541 4391 of
3546 4339 3603 4389 li-

2008 4440 2151 4495 cium
2186 4439 2415 4508 adeptus
2445 4439 2588 4493 inter
2633 4437 2880 4491 omnium
2940 4448 3227 4502 supremos
3274 4441 3331 4487 et
3362 4430 3466 4498 ἔξω
3495 4431 3603 4482 τῶν

316 4532 511 4591 concio
546 4536 763 4600 σύνοδος
794 4549 877 4592 est
904 4558 917 4593 :
946 4539 1184 4594 conﬂant
1213 4557 1330 4594 eam
1355 4558 1418 4595 ex
1446 4560 1593 4597 more
1615 4545 1901 4613 pontifices

2015 4530 2347 4586 κατακοῐλων
2385 4530 2612 4599 incipiat
2636 4526 2938 4583 numerari.
2963 4524 3284 4582 Protecdico
3309 4539 3437 4577 vero
3466 4538 3605 4574 non-

318 4628 368 4678 iu
401 4627 595 4679 ueheui
649 4626 890 4683 advenae.
927 4629 1008 4685 Ah
1045 4644 1105 4682 ea
1137 4639 1314 4682 tamen
1353 4633 1509 4699 primi
1560 4648 1650 4687 sex
1687 4634 1899 4687 diaconi

320 4727 598 4786 nequeunt
635 4721 827 4775 abesse
853 4740 866 4775 :
892 4720 1037 4774 οὗτοι
1072 4722 1340 4794 κάθηνται
1378 4727 1435 4776 ἐν
1498 4730 1562 4795 τῇ
1628 4727 1747 4795 θείᾳ
1808 4730 1902 4779 καὶ

322 4812 442 4881 ἱερᾷ
503 4812 727 4879 συνόδῳ.
781 4812 1063 4867 Siutilibus
1135 4812 1189 4866 in
1256 4814 1499 4884 synodis,
1553 4800 1901 4886 quaecunque

322 4904 411 4958 lib.
440 4920 497 4958 ιιι
537 4913 593 4957 et
628 4920 679 4958 tv
708 4905 858 4961 luris
885 4906 1176 4976 GRJegis,
1209 4917 1338 4961 sunt
1358 4909 1602 4963 definita.
1631 4907 1832 4980 Gesn]

390 4998 519 5049 Hzee
555 4997 620 5050 de
648 4997 820 5065 prima
866 4999 1093 5063 pentade
1134 4997 1446 5053 ofﬁciorum
1488 5010 1542 5053 et
1584 5000 1899 5054 ollicialiutn

324 5088 837 5143 ecclesiasticorum.
862 5088 1067 5143 GnE'rs.

844 5182 1001 5252 132
1023 5181 1253 5237 CAPUT
1298 5182 1385 5239 Vl.

400 5273 471 5326 De
507 5273 735 5326 secunda
787 5274 1013 5341 pentade
1041 5275 1345 5342 ofﬁciorum
1395 5288 1445 5326 et
1495 5275 1834 5344 ofﬁcialium.

398 5362 481 5436 [P.
505 5365 559 5418 4.
606 5365 670 5418 ’11
701 5364 946 5433 δευτέρα
973 5366 1217 5432 πεντάς.
1244 5366 1380 5430 Quid
1405 5376 1488 5421 est
1516 5367 1661 5433 quod
1710 5370 1902 5437 quina-

332 5457 464 5511 rlutu
491 5459 677 5510 titulus
714 5458 986 5525 superior,
1020 5457 1161 5513 sicut
1186 5469 1240 5511 et
1275 5456 1361 5511 hic
1391 5459 1663 5527 promisit,
1696 5467 1752 5513 at
1783 5475 1895 5513 non

336 5552 400 5601 ill
427 5550 566 5602 Vt'Itll
584 5550 672 5602 hic
696 5548 1213 5619 quinquelolliciales
1235 5549 1525 5619 exposuit?
1545 5549 1897 5621 Respondeo,

337 5641 632 5704 p-otecdico
658 5641 930 5709 quondam
962 5640 1196 5710 quinarii
1245 5641 1387 5695 tertii
1446 5640 1673 5710 primatu
1715 5645 1897 5697 sedem

338 5729 625 5793 obtinente,
680 5737 850 5799 prout
889 5729 1144 5784 Allatiani
1201 5728 1433 5799 catalogi
1491 5727 1772 5783 declarant
1845 5729 1899 5783 in

344 5814 679 5889 Eutltulogio,
707 5819 941 5890 primum
980 5819 1293 5892 quinarium
1340 5818 1523 5890 plures
1570 5817 1903 5881 officialibus

2009 4622 2139 4675 dum
2201 4630 2390 4676 evecto
2464 4621 2719 4691 superius
2764 4628 2888 4673 erat
2945 4617 3122 4671 adhuc
3196 4614 3601 4685 protonotarius

2010 4714 2148 4783 οὐρα
2186 4714 2296 4766 τῶν
2333 4713 2392 4778 ἒξ
2441 4712 2805 4776 κατακοίλων,
2831 4710 2997 4778 janua
3066 4706 3132 4765 ad
3190 4721 3476 4760 numerum
3508 4721 3597 4756 sex

2010 4806 2226 4859 illorum
2315 4804 2627 4874 patriarcha
2709 4801 3033 4861 inferiorum
3081 4796 3490 4865 attingendum.
3537 4795 3602 4848 At

2007 4896 2074 4951 de
2110 4895 2491 4951 eroeatacmlis
2544 4894 2769 4948 uberius
2855 4892 2982 4945 alibi
3036 4888 3347 4956 loquemur.
3406 4885 3494 4938 Est
3549 4895 3602 4935 ιιι

2011 4999 2113 5043 cat.
2142 4989 2297 5056 lngus
2323 4988 2377 5041 in
2417 4987 2753 5055 Euchologio
2788 4982 3160 5053 protecdicum
3189 4984 3601 5036 ~exocataecnlo-

2009 5098 2154 5142 rutu,
2217 5080 2591 5148 protonotario
2664 5079 2890 5145 rejeeto,
2945 5088 3236 5128 recensens
3303 5074 3554 5131 ultimum
3576 5066 3597 5137 ’ς

2010 5189 2195 5226 verum
2232 5183 2350 5225 ortu
2389 5173 2530 5224 inter
2556 5185 2650 5224 eos
2684 5169 2791 5230 lite,
2830 5182 3040 5235 pacem,
3078 5179 3242 5234 quam
3294 5164 3480 5230 citius.
3505 5181 3600 5232 pro

2008 5265 2162 5321 libito
2193 5264 2500 5332 patriarcha
2530 5260 2867 5315 conciliabit.
2905 5256 3107 5329 Coae]
3394 5328 3401 5335 Ι

2118 5356 2255 5415 llinc
2287 5363 2626 5410 evanescunt
2658 5362 2970 5407 commenta
3008 5350 3180 5408 Junii.
3216 5351 3307 5415 qui
3338 5350 3406 5403 de
3425 5348 3595 5417 janua

2008 5464 2104 5502 seu
2150 5451 2302 5517 tltgra
2336 5447 2504 5502 multa
2544 5453 2782 5514 nugatur
2830 5460 2893 5499 ea:
2922 5461 3020 5501 usu
3070 5458 3178 5496 non
3219 5442 3597 5501 Orientalium.

2009 5540 2100 5593 sed
2142 5554 2259 5591 suo.
2294 5539 2385 5591 Ait
2415 5536 2587 5607 θύραν
2627 5552 2722 5592 seu
2763 5536 2987 5605 januam
3027 5534 3155 5599 dici,
3211 5532 3451 5602 quisquis
3486 5532 3601 5582 atii-

2011 5643 2118 5686 tum
2151 5633 2219 5685 ad
2283 5632 2605 5701 superiorem
2649 5631 2880 5699 prwbet;
2926 5644 3085 5697 quem
3140 5625 3347 5684 Latine,
3398 5622 3595 5689 inquit.

2009 5741 2123 5777 cum
2155 5721 2310 5775 Festo
2342 5722 2682 5775 admissivum
2713 5731 2804 5772 aut
2852 5734 2972 5771 cum
3008 5713 3376 5769 recentioribus
3403 5712 3602 5773 adonis.

2010 5816 2277 5880 signulent
2333 5814 2602 5878 commode
2680 5809 3087 5880 utmt'upnreris.
3122 5806 3261 5887 Quo
3297 5805 3372 5873 ﬁt
3427 5812 3485 5871 ιιι
3534 5816 3600 5863 ex
