4044 6428
408 339 510 410 Ῑιτ

1506 349 1595 411 ΙΝ
1632 351 1932 421 LIBRUM
1977 357 2070 416 DE
2115 358 2450 420 OFFlCIIS
2483 360 2592 422 ΟΡ.

3571 365 3680 436 με

403 456 772 526 protonotario
811 455 974 512 faciat
1014 457 1294 512 ostiarium
1344 447 1442 513 Seu
1472 459 1766 528 janitorem
1802 478 1995 515 exoca-
2023 469 2066 526 Α
2099 481 2162 518 ne
2188 467 2596 535 contempleris,
2650 466 2758 523 sed-
2790 467 2844 521 in
2881 466 3103 540 scriptis
3162 471 3428 544 lectisque
3461 475 3558 532 tibi
3589 478 3675 534 si-

405 548 730 605 tactelorum.
759 548 889 618 Quis
907 560 1088 604 autem
1115 564 1349 622 unquam
1373 552 1584 606 audivit
1618 553 1776 623 133
1809 565 1995 624 proto-

406 641 676 695 notarium
707 655 831 696 esse
871 641 1125 711 θυρωρόν
1155 632 1256 696 seu
1275 643 1601 698 ostiarium?
1636 645 1787 714 Θύρα
1808 646 1992 715 igitur,

403 731 512 784 hoc
534 739 618 786 est
644 730 840 798 janua,
872 729 1212 797 nominatur,
1234 746 1344 786 non
1375 732 1520 801 quod
1559 733 1632 787 sit
1663 733 1866 798 ianitor
1893 749 1994 789 seu

404 822 818 885 admissionalis,
849 822 944 877 sed
985 823 1113 891 quia
1159 831 1243 878 est
1307 826 1592 893 proximus
1635 826 1704 880 ab
1739 836 1994 881 exocata-

401 915 578 971 caelis.
607 913 717 968 Nec
753 923 836 970 est
869 916 1014 984 quod
1044 913 1242 972 Junius
1275 931 1305 968 a
1348 917 1628 971 Janizaris
1677 917 1988 973 subsidium

343 1003 349 1012 '
400 1015 587 1074 petat:
624 1005 713 1061 alii
747 1006 890 1064 enim
945 1021 1142 1063 nomen
1209 1009 1314 1063 hoc
1355 1025 1462 1064 non
1500 1025 1532 1064 ο
1556 1011 1754 1080 janua,
1793 1013 1888 1067 sed
1920 1014 1989 1066 ab

402 1100 508 1158 alio
541 1099 699 1169 longe
734 1099 951 1156 diverso
987 1101 1253 1162 vocabulo
1281 1101 1582 1167 deducunt,
1614 1105 1744 1158 utin
1773 1103 1989 1157 Pande-

337 1265 340 1272 .
401 1201 485 1246 cte
513 1194 674 1249 Ture.
701 1195 888 1250 videre
931 1197 1079 1254 licet.

474 1284 610 1339 Illud
632 1286 856 1356 insuper
897 1287 1152 1344 festivum
1185 1303 1291 1354 est,
1342 1308 1469 1346 eum
1504 1292 1582 1347 ait
1616 1289 1986 1361 protonotarii

400 1374 566 1441 fuisse
606 1386 666 1430 ut
691 1394 810 1446 qnce
830 1378 966 1447 foris
998 1399 1029 1434 a
1060 1381 1331 1436 catacwlis
1363 1381 1445 1435 vel
1475 1397 1568 1448 per
1601 1363 1885 1433 catacmlos
1913 1378 1982 1430 ad

400 1469 767 1534 patriarcltam
790 1472 1176 1540 a/fcrebantur,
1209 1490 1277 1526 ea.
1296 1474 1571 1542 acciperet.
1606 1471 1727 1536 Quo
1758 1477 1984 1525 auctore

404 1557 509 1610 hoc
539 1557 820 1615 afﬁrmas?
850 1560 984 1616 Nam
1011 1563 1215 1618 dicenti
1243 1562 1507 1617 duntaxat
1528 1563 1573 1618 si
1601 1561 1979 1620 crederemus,

402 1649 586 1701 omnia
618 1651 990 1717 crederemus,
1021 1652 1186 1708 etiam
1216 1663 1403 1724 aperte
1427 1652 1582 1708 falsa.
1611 1651 1978 1706 Protonotarii

403 1739 726 1795 l'uitcilrare
752 1744 998 1810 pittacia,
1057 1756 1118 1799 ut
1161 1747 1340 1814 inquit
1391 1745 1654 1799 Codinus.
1719 1742 1974 1804 Pittacia.

2101 559 2375 620 standum.
2397 557 2597 628 Cornu]

2175 648 2335 720 135
2395 648 2568 703 Etiam
2598 651 2799 706 Latinae
2825 652 3083 717 EccleSiae
3112 659 3528 724 protonotarius
3559 663 3677 717 usi-

2102 747 2248 791 tatus
2283 739 2403 803 fuit,
2428 741 2520 807 qui
2549 751 2602 794 ct
2629 741 2983 809 primicerius
3023 747 3411 815 notariorum;
3447 749 3518 805 de
3565 768 3676 821 quo

2097 827 2221 882 vide
2251 826 2595 898 Onupbrium
2639 831 2692 884 in
2730 831 2997 902 Explicat.
3044 850 3243 900 vocum
3311 843 3672 896 obscurarum

2095 917 2402 990 ecclesiast.
2941 985 2948 990 .

2166 1008 2427 1078 Sequitur
2461 1011 2750 1082 legat/tcta,
2776 1028 2937 1082 quem
2960 1015 3182 1080 Nicetes
3226 1021 3264 1076 l.
3294 1037 3369 1078 vn
3410 1037 3592 1078 rerum
3641 1038 3662 1077 ε

2092 1097 2346 1154 Manuele
2378 1111 2656 1170 gestarum
2705 1103 2919 1170 Latinis
2966 1107 3045 1172 ait
3091 1123 3216 1166 esse
3265 1113 3666 1178 cancellariam,

2091 1194 2182 1260 qui
2207 1207 2233 1243 a
2262 1193 2511 1245 cancellis
2541 1207 2740 1248 nomen
2773 1195 2958 1258 habet,
2981 1207 3041 1253 ut
3088 1200 3266 1269 ipsum
3297 1218 3496 1257 nomen
3537 1205 3670 1259 sati:-

2091 1283 2315 1336 indicat.
2355 1282 2487 1337 Erat
2526 1287 2710 1350 moris,
2737 1286 2915 1356 inquit
2945 1288 3304 1347 Casaubonus
3337 1295 3388 1346 in
3420 1292 3671 1348 Flavium

2089 1373 2408 1443 Vopiscum,
2439 1387 2494 1428 ut
2524 1378 2818 1445 principum
2842 1390 2890 1433 et
2913 1381 3326 1449 magistratuum
3352 1393 3550 1437 secreta
3571 1384 3675 1450 (ita

2086 1474 2337 1518 vocarunt
2379 1465 2496 1519 loca
2528 1469 2614 1519 ubi
2670 1469 2732 1522 de
2759 1471 2981 1535 negotiis
3026 1486 3122 1539 pro
3183 1474 3393 1527 ratione
3441 1476 3673 1527 numeris

2083 1557 2302 1625 quisque
2332 1558 2416 1609 sui
2450 1561 2741 1612 tractaturi
2775 1561 3174 1634 conveniebant)
3209 1564 3267 1616 in
3289 1565 3443 1618 adita
3499 1567 3673 1629 primo

2083 1647 2193 1702 vela
2223 1656 2271 1699 et
2311 1648 2495 1700 deinde
2517 1649 2775 1702 cancellos
2811 1651 3101 1707 haberent:
3142 1654 3318 1709 εἶναιίὶ
3347 1655 3440 1709 Itos
3483 1666 3673 1709 vocant

2083 1741 2382 1806 κιγκλίδας,
2402 1741 2764 1810 δρυφάκτους,
2786 1755 2842 1796 ut
2867 1751 2917 1797 et
2956 1743 3310 1802 Cassiodorus
3338 1748 3667 1818 fenestratas

405 1830 768 1899 aitCujacius
811 1835 876 1888 ad
911 1837 995 1889 tit.
1051 1837 1142 1902 37,
1173 1839 1268 1890 lih.
1292 1852 1366 1891 xu
1437 1837 1561 1892 cod.
1616 1832 1971 1895 Justiniauei,
2008 1823 2294 1898 Bjanuas.
2332 1833 2438 1896 Qui
2475 1833 2588 1888 vela
2629 1834 2936 1900 servabant,
2997 1837 3182 1890 velarii
3217 1840 3381 1903 dicti,
3418 1841 3509 1908 qui
3546 1857 3674 1894 can-

402 1934 522 1982 snnt
547 1927 779 1981 rationes
807 1936 855 1982 et
884 1932 1250 1984 commentarii
1280 1946 1614 1984 amwnarum
1645 1928 1982 1982 militarium.

407 2016 604 2070 Eodem
641 2022 851 2074 nomine
873 2023 1253 2090 significantur
1281 2025 1440 2078 etiam
1499 2015 1756 2090 epistolrc,
1790 2019 1990 2082 album,

403 2111 639 2164 notoria.
687 2111 765 2166 lta
830 2112 884 2166 in
905 2113 1032 2183 jure
1074 2113 1222 2167 civili
1260 2131 1272 2165 :
1329 2114 1420 2168 hic
1450 2115 1715 2168 militares
1763 2126 1994 2166 annona:

404 2197 586 2253 locum
616 2215 722 2256 non
743 2201 970 2257 habent.
1005 2203 1104 2257 Est
1123 2217 1255 2274 ergo
1295 2204 1580 2256 πιττάκιον
1599 2203 1816 2272 proprie
1845 2199 1990 2269 quod

405 2304 507 2342 nos
541 2305 826 2354 vocamus,
858 2293 1237 2348 ecclesiastica
1267 2293 1674 2348 consuetudine
1701 2302 1757 2346 et
1807 2289 1994 2360 appel-

404 2381 630 2443 latione,
663 2385 814 2437 breve
846 2384 976 2438 hinc
1032 2390 1184 2439 breve
1226 2385 1686 2454 apostolicum,et
1707 2381 1994 2438 Germani-

403 2491 526 2528 cum
546 2473 688 2543 brief
707 2491 804 2544 pro
826 2477 1078 2546 epistola,
1105 2487 1161 2532 et
1193 2477 1248 2531 in
1281 2477 1593 2532 Annalibus
1629 2473 1990 2532 Latino-Bar.

403 2568 555 2622 haris
615 2567 990 2638 brevigerulus,
1027 2572 1110 2624 ein
1148 2571 1494 2641 brieftra'ger,
1521 2586 1618 2625 seu
1670 2569 1998 2623 breviculum'

405 2676 503 2714 seu
531 2660 878 2727 breviarium,
906 2662 1054 2718 unde
1078 2662 1341 2718 Germani
1366 2679 1526 2718 suum
1557 2663 1760 2717 brevier
1789 2661 1993 2716 forma-

404 2763 558 2816 runt,
595 2767 692 2821 pro
719 2753 861 2807 libro
884 2754 1216 2809 sacerdotali
1252 2769 1318 2809 ex
1361 2770 1472 2824 quo
1501 2756 1653 2809 hora:
1702 2751 1987 2806 canonica:

404 2844 814 2910 persolvuntur.
839 2844 1091 2901 Occurrit
1125 2837 1240 2903 huic
1272 2863 1375 2902 vox
1414 2847 1562 2902 breve
1605 2845 1898 2915 aliquoties
1929 2844 1983 2896 in

405 2937 617 3004 legibus
649 2937 931 2993 Francicis
974 2947 1028 2993 et
1056 2939 1110 2994 in
1173 2940 1384 3008 synodo
1429 2938 1691 2993 Meldensi
1756 2952 1880 2992 can.
1920 2937 1976 2990 4.

405 3027 781 3091 Glossarium:
820 3031 1136 3097 Πιττάκιον,
1170 3033 1482 3101 pittacium,
1514 3032 1706 3085 brevis.
1731 3031 1887 3084 Anna
1919 3029 1973 3082 in

405 3121 666 3177 Alexiade
692 3139 790 3178 sua
814 3143 826 3177 :
853 3125 960 3176 Καὶ
994 3125 1060 3177 τὰ
1101 3124 1285 3194 βιϐλία
1315 3126 1394 3190 εις
1451 3124 1616 3193 μέσον
1675 3122 1979 3192 τηνικαῦτα
2009 3160 2056 3221 C

403 3213 730 3282 προὺτίθετο
755 3231 770 3245 ο
806 3215 1002 3284 βρεϐία
1028 3216 1203 3269 ταῦτα
1238 3217 1270 3284 ἡ
1302 3210 1562 3286 άυνήθεια
1607 3212 1718 3268 οἶδε
1771 3215 1981 3279 καλεῖν,

405 3306 464 3358 ὲν
487 3299 568 3368 οἷς
596 3306 978 3376 ἁναγρὰφεται
1009 3308 1076 3358 τὰ
1107 3309 1164 3359 ὲν
1199 3309 1417 3376 ἑκάστῳ
1444 3309 1664 3376 τεμένει
1700 3307 1829 3359 ὄντα
1869 3318 1997 3359 κειι

409 3396 598 3461 μήλια.
629 3393 758 3450 Haec
798 3397 1008 3451 notavit
1057 3396 1310 3452 Pithoeus
1365 3397 1432 3452 ad
1467 3397 1616 3466 leges
1663 3395 1980 3450 Francicas.

404 3485 737 3556 Huiusmodi
764 3503 896 3559 ergo
921 3489 1156 3544 brevibus
1188 3491 1545 3545 conﬁciendis
1589 3499 1822 3559 praeerat
1851 3505 1978 3559 pro-

407 3577 739 3641 tonotarius,
769 3588 823 3632 et
849 3587 1037 3648 posset
1061 3579 1202 3634 forte
1232 3583 1262 3632 ὁ
1305 3582 1388 3643 εἰς
1421 3579 1490 3632 τὰ
1521 3579 1786 3632 πιττάκια
1822 3579 1984 3632 unico

407 3680 463 3724 ct
497 3669 802 3722 etiamnum
829 3669 1225 3726 ecclesiasticis
1256 3669 1629 3725 [unctionibus
1655 3670 1859 3722 usitato
1889 3684 1986 3723 vo-

409 3759 611 3814 cabulo
634 3759 742 3814 dici
767 3760 1098 3813 abbreviator
1121 3759 1203 3813 vel
1223 3760 1404 3829 potius
1430 3761 1731 3826 breviator;
1761 3773 1867 3829 qua
1895 3773 1986 3813 vo-

409 3868 471 3907 ce
493 3851 665 3905 utitur
689 3852 852 3905 etiam
878 3842 1224 3907 Justinianus
1263 3850 1474 3907 Novell.
1506 3852 1628 3907 105.
1665 3851 1762 3907 Est
1817 3852 1982 3906 etiam

411 3944 578 4006 breve,
611 3951 665 3997 et
698 3958 794 4012 per
837 3959 1179 4012 consequens
1229 3945 1532 4013 pittacium,
1588 3945 1985 4007 inventarium;

406 4037 548 4103 quod
599 4036 670 4090 ab
723 4033 921 4105 Optato
973 4036 1011 4090 l.
1063 4053 1076 4090 ι
1128 4046 1359 4091 vocatur
1413 4037 1985 4091 commemoratorium.

406 4128 542 4184 item
571 4129 776 4184 brevis:
808 4129 996 4195 brevis,
1051 4130 1217 4183 idest
1270 4129 1458 4193 index,
1510 4129 1632 4182 auri
1669 4139 1717 4182 et
1782 4129 1988 4197 argenti

408 4221 698 4280 Greciliano
730 4225 986 4289 traditur,
1021 4223 1272 4278 adhibitis
1323 4223 1563 4277 testibus.
1631 4224 1696 4276 Et
1738 4221 1987 4275 absolute

411 4317 650 4371 indicem
683 4325 738 4370 et
759 4315 1113 4369 summariam
1132 4316 1208 4370 rei
1235 4314 1790 4384 comprehensionem
1818 4307 1990 4381 signi-

411 4411 556 4463 ticat.
584 4409 719 4463 Inde
752 4407 807 4461 in
836 4406 1044 4476 legibus
1065 4404 1351 4464 Francicis
1379 4416 1432 4460 et
1486 4406 1628 4475 apud
1659 4404 2002 4459 Nithardum‘

2095 1924 2279 1989 cellos,
2314 1925 2644 1978 cancellarii.
2696 1925 2812 1978 Vox
2844 1943 2952 1982 non
2985 1927 3279 1983 admodum
3309 1931 3552 2001 antiqua,
3579 1947 3675 1982 nec

2093 2016 2259 2069 multo
2312 2026 2435 2068 ante
2491 2014 2701 2083 Vopisci
2731 2026 2966 2083 tempora
3004 2029 3172 2086 cwpta
3200 2022 3473 2090 usurpari.
3525 2020 3671 2074 Can-

2094 2108 2430 2161 cellariorum
2461 2109 2784 2176 praecipuum
2822 2125 3011 2164 manus
3042 2121 3180 2174 erat,
3217 2121 3272 2164 ut
3299 2114 3368 2165 ad
3409 2112 3672 2166 cancellos

2092 2199 2371 2265 Iiwrerent,
2389 2200 2740 2254 admissiones
2761 2211 3036 2265 curarent,
3065 2211 3115 2254 et
3147 2217 3209 2254 ne
3233 2203 3360 2272 quid
3385 2204 3671 2267 tumultus,

2095 2302 2150 2344 nt
2192 2292 2306 2356 ﬁeri
2337 2302 2481 2344 amat
2513 2292 2566 2344 in
2617 2291 2792 2356 turba,
2825 2293 3102 2347 audiretur
3157 2295 3541 2361 prospicerent.
3583 2293 3672 2347 Si-

2094 2382 2378 2435 millimum
2409 2398 2600 2435 manus
2627 2382 2783 2437 hodie
2804 2383 2859 2436 in
2908 2384 3059 2437 curia
3113 2400 3293 2438 eorum
3340 2386 3431 2452 qui
3462 2384 3674 2438 ostiarii

2093 2473 2382 2538 dicuntur;
2429 2490 2595 2544 quare
2637 2483 2694 2528 ut
2734 2489 2810 2539 re,
2850 2476 2926 2528 sic
2979 2485 3030 2529 et
3080 2477 3289 2529 nomine
3336 2477 3668 2539 cartoeniant,

2093 2566 2230 2632 quod
2262 2577 2574 2632 acceperunt
2597 2568 2652 2620 hi
2681 2569 2745 2622 ab
2775 2569 2935 2633 ostio,
2967 2569 3048 2622 illi
3081 2586 3113 2623 a
3136 2569 3388 2623 cancellis
3442 2571 3534 2637 qni
3573 2585 3670 2636 pro
3705 2583 3716 2591 '

2092 2659 2226 2711 ostio
2254 2658 2426 2712 erant.
2462 2658 2589 2713 llaec
2606 2659 2761 2729 origo
2779 2661 3042 2722 nominis,
3070 2660 3216 2730 quod
3247 2675 3506 2715 successu
3533 2671 3672 2714 tem-

2092 2747 2240 2811 poris
2276 2747 2626 2816 amplissimae
2647 2750 2926 2820 dignitatis
2983 2760 3093 2805 tam
3132 2751 3187 2804 in
3232 2749 3474 2805 Ecclesia
3502 2766 3667 2818 quant

2091 2843 2144 2893 in
2185 2854 2368 2908 regum
2401 2848 2454 2894 et
2476 2841 2786 2911 principum
2810 2842 2952 2897 aulis
2992 2842 3256 2898 indicium
3287 2858 3416 2898 esse
3470 2842 3660 2909 cmpit.

2090 2931 2222 2984 Vide
2257 2917 2729 3002 Onuphrium'lib.
2753 2933 2865 3002 jam
2905 2935 3108 3004 saepius
3139 2935 3309 2989 citato
3336 2973 3352 2998 ,
3383 2943 3438 2988 et
3493 2933 3664 3002 Cuja-

2091 3025 2233 3076 cium
2263 3025 2315 3076 in
2339 3023 2617 3080 Paratitlis
2636 3026 2700 3080 ad
2727 3026 2824 3080 lib.
2852 3041 2891 3080 ι.
2913 3026 3050 3082 Cod.
3080 3027 3432 3090 Justinianei,
3466 3027 3550 3080 tit.
3574 3027 3666 3080 5L

2165 3117 2474 3172 Redeamus
2499 3119 2566 3172 ad
2594 3119 2957 3188 logothetam;
3013 3122 3104 3186 qui
3157 3136 3185 3176 a
3243 3121 3513 3191 ponendis
3571 3135 3669 3174 seu

2091 3208 2453 3262 diseutiendis
2485 3209 2786 3264 rationibus
2813 3210 2916 3270 hoc
2949 3226 3145 3266 nomen
3175 3213 3367 3267 traxit.
3391 3213 3530 3266 Hinc
3557 3213 3673 3264 dis-

2089 3316 2271 3353 cnssor
2306 3302 2574 3353 rationum
2615 3315 2643 3353 a
2690 3301 3016 3369 quibusdam
3053 3302 3394 3370 appellatur;
3443 3308 3499 3355 et
3532 3300 3672 3356 forte

2089 3407 2195 3444 non
2220 3392 2356 3446 male
2380 3391 2691 3445 rationalem
2714 3393 3017 3459 vocaveris,
3049 3395 3157 3446 etsi
3190 3392 3471 3446 rationalis
3502 3406 3669 3461 gene-

2089 3483 2185 3534 rali
2223 3483 2445 3536 notione
2471 3483 2650 3552 quivis
2684 3492 3016 3552 procurator
3048 3485 3273 3546 dicitur,
3311 3494 3368 3538 ut
3405 3487 3564 3538 docet.
3595 3485 3664 3536 a‘l

2089 3570 2466 3640 Lampridium
2509 3581 2564 3626 et
2593 3574 2964 3642 Capitolinum
3002 3575 3384 3630 Casaubouus.
3451 3575 3555 3629 Sed
3590 3575 3690 3628 nil-

2093 3675 2240 3722 vetat
2267 3664 2575 3734 generalem
2606 3666 2882 3720 notionem
2945 3667 3296 3736 restringere.
3361 3670 3668 3736 praesertim

2093 3774 2214 3817 cum
2250 3757 2494 3812 (lodinus
2524 3758 2666 3812 dicat
2692 3758 3025 3826 logotltclam
3055 3773 3173 3814 esse
3199 3760 3279 3822 εἰς
3317 3760 3376 3812 τὸ
3407 3759 3674 3830 λογογρα-

2091 3853 2230 3918 φεῖν,
2263 3849 2332 3906 ad
2365 3849 2718 3917 conﬁciendas
2756 3857 2807 3904 et
2858 3851 3166 3906 scribendas
3221 3862 3269 3905 et
3305 3852 3673 3905 discutiendas

2092 3943 2340 3994 rationes.
2367 3939 2517 3994 Talis
2541 3940 2788 4010 proiecto
2813 3957 2916 3996 nec
2941 3944 3082 3997 male
3119 3958 3222 3998 nec
3269 3943 3508 4000 absurde
3570 3962 3667 3999 ra-

2093 4035 2306 4088 tiottalts
2329 4034 2716 4104 appellabitur.
2745 4033 2882 4088 Hinc
2920 4035 3086 4090 etiam
3121 4051 3228 4091 non
3275 4037 3455 4106 inepte
3477 4038 3676 4106 appel-

2092 4124 2294 4177 labitur
2320 4124 2694 4193 λογογράφοςε
2735 4125 2780 4180 si
2827 4125 2972 4179 enim
2999 4127 3118 4194 eius
3142 4138 3223 4182 est
3274 4127 3670 4198 λογογραφεῖν,

2092 4233 2191 4271 cur
2232 4233 2337 4270 non
2371 4218 2521 4286 παρὰ
2579 4217 2639 4268 τὸ
2686 4217 3047 4285 λογογραφεῖν
3106 4219 3473 4286 appellaretur
3518 4221 3677 4286 λογο-

2093 4307 2346 4377 γράφοςῖ
2378 4305 2494 4360 Non
2529 4293 2756 4375 ignarus
2775 4321 2894 4361 sum
2925 4308 3052 4376 quid
3106 4309 3158 4361 in
3195 4309 3385 4364 codice
3401 4310 3678 4364 Justiuia-

2095 4413 2197 4452 nco
2219 4399 2313 4452 lih.
2339 4413 2394 4460 ι,
2429 4396 2467 4448 Ι.
2507 4397 2559 4458 i,
2588 4397 2651 4450 de
2687 4395 3040 4466 legographis
3063 4396 3416 4462 decernatur,
3450 4409 3503 4454 et
3536 4401 3676 4468 quid

411 4497 618 4553 Hister.
652 4495 689 4548 1.
719 4509 776 4550 tv
810 4496 1039 4549 verbum
1061 4495 1380 4557 inbreviare,
1419 4495 1520 4548 hoc
1550 4505 1635 4548 est
1671 4492 1874 4560 aliquid
1930 4495 1983 4546 in
2020 4497 2063 4550 D
2093 4490 2158 4544 ad
2187 4489 2333 4542 illaut
2365 4502 2584 4557 quoque
2615 4486 2788 4556 legem
2852 4487 3034 4541 tradat
3081 4486 3382 4557 Cuiacius:
3417 4490 3508 4543 sed
3569 4506 3676 4546 nos

413 4586 576 4637 breve
592 4597 691 4638 seu
712 4582 1078 4637 inventarium
1101 4583 1326 4638 referre.
1351 4584 1425 4638 De
1447 4584 1669 4651 pittaeio
1689 4583 1809 4637 vide
1823 4584 1985 4636 etiam

417 4675 760 4730 lleribertum
786 4674 1136 4731 Rosweidum
1161 4685 1411 4729 nostrum
1457 4675 1508 4727 in
1539 4674 1894 4730 Onomastico
1921 4677 1986 4729 ad

413 4767 564 4823 Vitas
593 4767 840 4822 Patrum.
903 4770 1144 4823 Zonaras
1184 4768 1236 4820 in
1273 4767 1496 4821 concilii
1541 4767 1988 4839 Carthaginensis

410 4877 651 4916 canones
692 4879 706 4914 :
737 4862 964 4930 Βρέὅιον
989 4862 1022 4930 ἡ
1055 4861 1294 4928 ἐπιτομὴ
1327 4859 1544 4926 λέγεται
1581 4861 1676 4913 καὶ
1719 4861 1986 4931 σύντομος

411 4952 620 5019 γραφή.
647 4952 858 5019 Βρεῦίω
881 4951 992 5018 γὰρ
1019 4949 1161 5002 κατὰ
1199 4949 1464 5012 Λατίνους
1516 4949 1580 5009 τὸ
1635 4951 1843 5020 τέμνω,
1897 4953 1989 5004 καὶ

414 5040 667 5108 βρεϐίτας
707 5042 740 5111 ὴ
777 5041 1062 5109 συντομία.

482 5130 542 5182 Ρ.
573 5129 626 5183 4.
661 5127 736 5182 De
769 5128 984 5196 origine
1037 5129 1192 5183 vocis
1218 5145 1501 5184 πιττακιον
1526 5131 1638 5187 haec
1668 5129 1994 5199 Moschopu-

412 5222 528 5277 lus:
567 5221 839 5275 Πεττύκια
871 5221 1126 5289 Δωρικῶς
1158 5223 1225 5275 τὰ
1253 5222 1429 5276 λεπτὰ
1457 5225 1852 5294 περιτμήματα
1885 5225 1992 5275 τῶν

413 5315 744 5384 δερμα-τίων,
772 5314 866 5381 ἀφ’
889 5314 948 5367 οὗ
982 5317 1142 5384 ἡμεῖς
1179 5317 1439 5369 πιττάκια
1497 5317 1750 5384 λέγομεν.
1783 5314 1995 5369 Gal-:75.

485 5406 901 5478 [Moschopulus
947 5408 1210 5461 stercorata.
1283 5409 1474 5463 Dorice
1540 5409 1892 5476 pronuntiat,
1942 5419 1995 5462 et

418 5499 750 5553 membranas
792 5499 904 5554 sive
948 5500 1223 5570 pelliceam
1278 5502 1523 5556 chartam
1568 5503 1683 5556 sive
1720 5517 1997 5571 pergame-

421 5604 547 5639 num
574 5587 862 5654 signiﬁcat.
893 5587 945 5642 In
968 5590 1155 5644 eodem
1178 5607 1340 5643 srnr'u
1361 5591 1550 5643 audies
1569 5591 1759 5659 vulgus
1779 5589 1994 5643 (ἔκειρο-

422 5693 542 5730 rum
561 5679 873 5748 λεμπρηνόν
903 5681 1104 5736 dicere.
1131 5681 1531 5750 Nonnunquam
1565 5691 1742 5735 tamen
1761 5683 1992 5750 diploma

425 5768 634 5842 tabulas
675 5769 820 5825 breve
851 5773 1122 5828 codicillos
1180 5775 1378 5837 rcl'c:t;
1435 5783 1660 5842 tumque
1709 5775 1990 5832 materiam

2100 4582 2598 4637 ecclesiasticarum
2663 4580 2932 4636 duntaxat
2983 4580 3414 4648 appellationum
3459 4581 3562 4634 vim
3619 4591 3676 4634 ct

2100 4677 2371 4745 originem
2397 4673 2497 4728 hoc
2525 4674 2646 4728 loco
2681 4671 3005 4742 indagamus
3039 4683 3096 4728 et
3118 4688 3215 4742 pro
3245 4673 3455 4727 viribus
3492 4673 3669 4742 expli-

2098 4783 2310 4824 camus.
2340 4766 2537 4821 Gners.

2171 4860 2258 4930 [P.
2281 4859 2331 4912 Δ.
2383 4857 2438 4910 '0
2467 4857 2816 4928 λογοθέτης.
2860 4855 2984 4910 Haec
3019 4855 3087 4910 de
3108 4856 3198 4910 illo
3223 4856 3490 4910 Allatiana
3528 4874 3540 4909 :
3615 4856 3676 4909 Ὀ

2094 4949 2390 5017 λογοθέτης
2418 4947 2748 5016 ὑποκρατῶν
2783 4946 2882 5015 τὴν
2916 4944 3148 5014 βοῦλλαν
3180 4945 3276 4998 τοῦ
3342 4946 3670 5015 ἀρχιερέως,

2097 5040 2329 5094 καὶεῐτι
2357 5041 2420 5093 ἂν
2445 5042 2648 5110 γράφει
2690 5042 2718 5092 ὁ
2753 5041 3068 5109 ἀρχιερεὺς,
3129 5039 3497 5107 σφραγίζεται
3541 5039 3674 5108 παρ’

2098 5133 2289 5187 αὐτοῦ.
2320 5129 2557 5196 Ὁμοίως
2575 5133 2670 5185 καὶ
2688 5134 2767 5194 εἰς
2785 5135 2967 5185 πᾶσαν
2986 5133 3189 5186 εἴσοδον
3215 5133 3313 5199 τῆς
3344 5133 3672 5196 ἐπισκοπῆς.

2109 5224 2270 5277 Ἐστι
2311 5223 2368 5278 δὲ
2405 5227 2498 5276 καὶ
2527 5225 2608 5288 εἰς
2631 5225 2976 5292 τὰςκρίσεις.
3011 5224 3277 5278 l’rmlerea
3312 5224 3534 5292 κρατῶν
3578 5225 3675 5275 καὶ

2101 5319 2192 5369 τὸν
2219 5317 2401 5370 δίσκον
2436 5320 2576 5398 μετὰ
2599 5316 2695 5370 τοῦ
2728 5317 2885 5384 ἁγίου
2920 5315 3220 5386 ἀντιδώρου
3253 5319 3309 5369 ὲν
3346 5319 3411 5385 τῇ
3467 5316 3662 5382 ἐκκλη-

2104 5410 2218 5476 σίᾳ,
2249 5407 2531 5477 διδομένου
2563 5407 2657 5460 τοῦ
2689 5407 3076 5462 κατακλαστοῦ
3131 5406 3283 5476 παρὰ
3322 5407 3418 5459 τοῦ
3484 5409 3676 5476 ἁρχιετ

2107 5499 2261 5565 ρὲως.
2295 5497 2465 5564 Quale
2500 5501 2824 5566 patriarcha
2861 5499 3102 5566 sigillum
3164 5506 3219 5551 et
3255 5499 3437 5566 qualis
3509 5499 3674 5551 fuerit

2101 5592 2220 5656 ejus
2246 5592 2598 5658 subscriptio,
2632 5591 2745 5646 haec
2775 5590 2892 5644 loca
2927 5593 2988 5642 ὲκ
3022 5591 3128 5642 τῶν
3162 5591 3524 5658 σημειώσεων
3580 5590 3675 5641 καὶ

2105 5681 2408 5746 σιγιλλίων,
2443 5697 2506 5756 ca:
2524 5681 2749 5748 publicis
2775 5683 3140 5734 instrumentis
3172 5691 3217 5732 ct
3261 5681 3499 5733 brevibus
3524 5680 3675 5746 sigil—

2105 5773 2226 5831 latis
2259 5773 2637 5829 demonstrant
2665 5771 2814 5828 luris
2865 5772 2980 5827 GR.
3041 5789 3093 5841 p.
3120 5772 3226 5826 256
3262 5789 3274 5826 :
3317 5771 3407 5834 Εἰς
3464 5769 3673 5840 εἴδησιν
