4044 6460
364 367 461 433 HQ

1455 357 1837 419 GRETSERi
1881 356 1974 414 ET
2005 356 2245 416 GUARI
2286 358 2530 420 NOTIE.

3522 362 3625 430 150

359 483 468 554 εἶχε
491 484 553 536 τὸ
588 474 725 551 μηνὶ
768 476 997 548 Ἰουνίῳ,
1061 480 1436 547 ἑπινεμήσεως
1503 478 1786 542 πέμπτης,
1844 472 1917 523 διὸ

2036 470 2259 525 indicat.
2296 470 2485 526 Simon
2511 468 2733 527 Portith
2767 488 2780 526 :
2836 471 3115 541 ὑπόθεσις,
3148 473 3272 547 ὕλη,
3325 476 3624 548 ὑποκείμεο

357 579 450 645 τῆς
481 574 897 645 πατριαρχικῆς
916 573 1008 625 καὶ
1052 573 1200 634 θείας
1226 570 1431 641 χειρός.
1500 568 1827 639 Ἀπῃώρητο
1875 566 1930 617 δὲ

357 670 445 721 καὶ
469 666 723 719 κάτωθεν
749 665 1031 734 μολιὸδινη
1068 664 1289 734 βοῦλλα,
1346 663 1550 732 ἔχουσα
1582 664 1642 715 ὲν
1704 660 1804 730 μὲν
1853 658 1932 728 τῷ

356 763 433 813 ἔνι
468 760 628 829 μέρει
652 759 753 829 τὴν
776 757 1087 827 ὑπεραγὶαν
1114 756 1380 809 θεοτάκον
1413 755 1701 822 παλάμαις
1732 753 1931 823 φέρου-

357 872 450 906 σαν
473 854 564 905 τὸν
603 852 811 920 Κύριον
862 850 1024 920 ἡμῶν
1064 847 1276 918 Ἰησοῦν
1333 847 1595 916 Χριστὸν,
1619 848 1677 898 ἐν
1730 846 1788 898 δὲ
1852 842 1930 914 τῷ

355 945 523 1013 ἑτέρῳ
550 942 859 1011 γράμματα
887 943 1080 1007 ταῦτα,
1109 959 1126 991 ι
1153 940 1435 1009 Γερμανὸς
1470 939 1605 1006 ἐλέῳ
1645 937 1782 1003 Θεοῦ
1830 938 1931 1007 ἁρ-

353 1034 713 1101 χιεπξσκοπος
738 1031 895 1103 135
917 1033 1036 1087 Kl].
1057 1032 1178 1094 νέας
1198 1030 1414 1111 Ῥώμης
1438 1031 1530 1083 καὶ
1551 1029 1930 1098 οἰκουμενικὸς

356 1123 755 1194 πατριάρχης.»
794 1122 1033 1177 Mensem
1058 1122 1240 1190 itaque
1259 1131 1314 1177 et
1336 1122 1684 1176 indictiouem
1711 1122 1927 1188 propria

354 1229 515 1267 manu
547 1214 825 1269 scribebat
858 1212 969 1275 illé‘.
1004 1229 1201 1268 nomen
1245 1213 1392 1267 bulla
1425 1213 1540 1266 sive
1569 1213 1808 1281 sigillum
1843 1213 1927 1264 in-

354 1308 589 1361 dicabat.
616 1305 741 1361 Haec
761 1321 890 1361 vero
912 1306 1073 1360 modo
1100 1306 1356 1377 plumbea
1389 1306 1550 1359 modo
1586 1320 1741 1358 cerea
1773 1304 1927 1357 eulo-

355 1403 428 1457 ris
454 1402 646 1457 viridis
680 1400 797 1455 fuit.
830 1399 1023 1455 Vidisti
1068 1401 1377 1463 plumbeam
1408 1417 1422 1452 :
1469 1399 1695 1453 adverte
1762 1397 1927 1451 modo

355 1507 586 1545 ceream.
620 1491 679 1543 P.
712 1491 817 1544 240
845 1508 859 1545 :
886 1487 1014 1560 Εἶχε
1040 1492 1100 1544 τὸ
1134 1491 1269 1561 μηνὶ
1307 1490 1513 1558 Ἰουλίῳ
1544 1490 1924 1557 ἐπινεμήτεως

355 1586 421 1653 η’,
452 1587 545 1637 καὶ
569 1586 668 1653 τὴν
696 1585 926 1655 κηρίνην
961 1585 1230 1654 πρασινην
1258 1585 1554 1652 σφραγῖδα.
1575 1581 1794 1635 Ρ.252;
1837 1578 1927 1633 Εἷ-

352 1694 412 1746 χε
447 1677 506 1729 τὸ
532 1676 879 1747 μηνὶΊουλίῳ
905 1678 1289 1744 ὲπινεμήσεως
1312 1681 1384 1739 η’,
1406 1674 1496 1727 διὰ
1525 1674 1625 1744 τῆς
1649 1690 1925 1743 πατριαρ-

352 1769 513 1837 χικῆς
548 1770 644 1821 καὶ
699 1770 849 1830 θείας
885 1769 1091 1837 χειρὸς,
1122 1772 1216 1823 καὶ
1238 1768 1337 1835 τὴν
1372 1766 1576 1836 συνήθη
1601 1766 1922 1835 μολιϐδίνην
1960 1807 2002 1862 Β

354 1862 602 1930 βοῦλλαν.
655 1864 714 1916 Ρ.
750 1863 896 1917 ἓὸϐε
939 1863 1028 1914 Ἑν
1064 1863 1460 1931 ὑπομνήμασιν
1513 1862 1802 1914 ὲκτιθέντα
1851 1862 1916 1929 τῇ

355 1955 575 2023 συνήθει
624 1954 711 2008 διὰ
738 1955 987 2024 μολίϐδου
1015 1956 1273 2023 σφραγῖδι
1303 1955 1633 2024 ἐόεόαιώθη,
1670 1956 1760 2007 καὶ
1792 1956 1921 2006 ὲπε-

349 2046 472 2114 δόθη
503 2048 633 2116 μηνὶ
663 2048 975 2119 Ἰανουαρίῳ
1002 2049 1385 2119 ὲπινεμήσεως
1407 2045 1497 2114 ta’,
1527 2048 1680 2110 ἔτους
1703 2045 1916 2117 ,ςφλςκ

351 2139 565 2191 Annum
587 2154 749 2205 porro
780 2155 883 2193 non
912 2139 1219 2207 apponebat
1259 2139 1573 2208 patriarcha
1600 2154 1617 2203 ;
1676 2138 1764 2193 hic
1817 2154 1917 2193 ceu

348 2232 597 2299 exemplo
614 2241 822 2285 tantum
854 2232 1191 2301 adiungitur.
1216 2231 1279 2288 Et
1310 2249 1365 2302 p.
1396 2232 1501 2288 259
1531 2248 1547 2285 :
1582 2233 1660 2301 Τῇ
1693 2231 1783 2284 διὰ
1818 2248 1914 2300 μο-

348 2322 529 2375 λίϐδου
565 2324 816 2393 σφραγῖδι
849 2323 1130 2393 ἑπιστώθη
1164 2324 1259 2379 καὶ
1290 2323 1522 2393 ἐπεδόθη
1557 2324 1689 2392 μηνὶ
1735 2323 1917 2389 Νοεμ-

351 2413 486 2483 ϐρίῳ
511 2416 890 2483 ἐπινεμήσεως
918 2421 985 2469 ta'
1001 2414 1155 2479 ἔτους
1180 2417 1389 2488 ,ςφλςη
1419 2415 1512 2470 Est
1536 2416 1757 2482 insuper
1776 2415 1919 2469 alius

352 2507 731 2561 Cantaeuzeni
754 2506 823 2562 de
846 2523 941 2562 sua
975 2509 1333 2562 coronatione
1357 2508 1637 2575 loquentis
1684 2507 1917 2578 insignis

350 2598 522 2661 locus,
551 2613 637 2662 ιιι,
666 2599 732 2652 56
770 2617 783 2652 :
812 2599 1169 2670 Πατριάρχης
1205 2600 1261 2653 δὲ
1292 2601 1412 2652 ἐπεὶ
1438 2600 1535 2670 τὴν
1571 2599 1727 2665 ἀξίαν
1768 2599 1924 2668 ἀμεί-

346 2687 590 2743 ϐεινούκ
616 2690 766 2760 ἐνῆν,
823 2693 901 2753 ei;
958 2691 1293 2762 σεμνότερόν
1334 2705 1400 2745 ’τι
1458 2693 1794 2761 περιέστησε
1855 2691 1917 2744 τὸ

351 2781 557 2852 σχῆμα,
602 2784 692 2834 καὶ
714 2780 770 2835 ἐν
798 2798 857 2833 τε
886 2785 1004 2844 ταῖς
1025 2782 1375 2850 ὐπγραφαίς
1399 2785 1646 2853 ἡερανέῳ
1663 2781 1917 2852 χρώματι

351 2872 584 2941 ἐχρῆτο·
618 2872 786 2926 colore
838 2874 973 2926 inter
1018 2873 1305 2927 caeruleum
1367 2884 1416 2927 et
1464 2875 1688 2928 viridem
1738 2874 1909 2928 medio

355 2979 473 3015 usus
499 2972 597 3027 est,
619 2964 895 3018 Caesarum
928 2966 1178 3020 videlicet
1212 2980 1382 3021 more.
1410 2966 1625 3020 Gradus
1644 2967 1792 3021 enim
1824 2967 1915 3021 hic

351 3066 429 3112 est
454 3060 593 3112 inter
611 3060 818 3113 colores
842 3066 898 3112 ut
917 3060 1126 3128 primus
1150 3060 1221 3113 sit
1243 3073 1575 3129 purpureus,
1603 3070 1717 3114 tum
1749 3059 1914 3114 ruber

2038 581 2148 616 νον.
2179 564 2329 618 ΟοΑιι
2358 565 2378 637 ]

2107 654 2373 733 (Steterunt
2405 657 2546 712 inira
2572 672 2623 712 c.
2682 658 2715 713 5
2762 659 2834 712 ita
2902 661 3160 716 describit
3214 660 3460 722 Codiuus
3506 681 3621 719 ma-

2037 762 2203 814 ςειυιιι
2233 748 2590 817 logotbetam,
2617 758 2678 804 ut
2698 766 2924 820 prorsus
2950 753 3001 806 in
3022 753 3382 810 cancellarios
3402 769 3624 810 nostros

2036 840 2336 908 descriptio
2365 840 2455 894 illa
2489 850 2786 911 competat.
2809 842 2899 896 Ait
2935 843 3083 897 enim
3119 846 3303 912 magni
3333 846 3623 917 logothcta:

2034 945 2158 984 esse
2183 946 2374 984 curare
2403 931 2740 999 imperatoris
2767 934 3025 987 mandata
3046 946 3091 988 et
3125 935 3330 990 litteras
3355 938 3424 988 ad
3446 955 3615 1007 reges.

2032 1021 2275 1074 sultanos
2305 1032 2353 1076 et
2370 1024 2679 1093 raparchas.
3240 1040 3245 1045 ’

2111 1110 2251 1167 Ibid.
2285 1115 2417 1169 Post
2443 1115 2783 1186 Iogothetam
2834 1120 2987 1173 adest
3042 1122 3400 1187 canrtrisius;
3443 1103 3616 1192 quem

2035 1203 2354 1262 Boncﬁdius
2408 1208 2460 1261 in
2507 1206 2641 1263 Jure
2693 1225 2797 1265 suo
2858 1211 3123 1266 Orientali
3176 1227 3334 1268 vocat
3374 1227 3615 1268 castren-

2031 1314 2160 1363 sem,
2225 1300 2408 1353 male:
2469 1301 2544 1354 nil
2596 1303 2741 1357 enim
2796 1303 2901 1357 loci
2958 1308 3217 1360 castrensi
3269 1307 3322 1360 in
3381 1310 3613 1362 ecclesia

2031 1398 2082 1443 ct
2135 1390 2531 1449 ecclesiasticis
2588 1394 2801 1450 oliiciis.
2849 1394 3064 1451 Dicitur
3115 1415 3244 1469 ergo
3296 1402 3615 1455 canstrisius

2031 1468 2513 1549 quasi‘canistrius
2540 1500 2570 1540 a
2618 1491 2873 1541 canistro.
2899 1487 2996 1543 Jus
3036 1490 3084 1544 ei
3128 1502 3245 1545 erat
3274 1493 3353 1553 ei;
3385 1493 3443 1544 τὸ
3484 1494 3615 1545 κάν-

2031 1588 2238 1640 στριον,
2270 1575 2447 1644 inquit
2469 1576 2733 1643 Codinus,
2766 1580 2820 1632 in
2849 1581 3168 1647 canistrum,
3200 1582 3395 1646 καὶείς
3429 1585 3487 1636 τὸ
3520 1586 3612 1636 ἁῐο

2028 1664 2249 1718 λάσσειν
2272 1667 2365 1719 τὸν
2398 1670 2689 1740 ἀρχιερέα.
2720 1670 2847 1741 Ejus
2909 1672 3072 1727 etiam
3099 1690 3302 1729 munus
3350 1686 3467 1729 erat
3521 1694 3614 1746 pa-

2030 1756 2330 1812 triarcham
2396 1774 2492 1815 seu
2554 1763 2902 1832 episcopum,
2957 1766 3406 1832 quando‘vestes
3452 1768 3506 1821 in
3557 1754 3616 1821 re

2030 1849 2211 1902 divina
2246 1853 2553 1920 peragenda
2592 1854 2753 1926 136
2776 1859 3049 1911 mutanda:
3071 1870 3259 1923 erant,
3282 1859 3541 1929 adjuvare
3563 1871 3616 1914 ct

2026 1942 2253 1996 induere
2277 1959 2385 1998 una
2425 1961 2549 1999 cum
2572 1946 3061 2005 hieromncmoue:
3092 1951 3173 2006 sic
3197 1951 3343 2005 enim
3369 1952 3611 2009 Joannes

2025 2032 2273 2089 Citrius:
2323 2034 2777 2093 Hieromnemonis
2814 2042 3056 2109 ofﬁcium
3092 2044 3325 2114 διακόνῳ
3362 2045 3419 2111 ἐξ
3444 2047 3615 2114 ἀνάγ-

2025 2144 2129 2194 κης
2185 2131 2479 2199 προσήκει,
2526 2130 2720 2201 ἐπειδὴ
2772 2133 3148 2201 συνυπουργός
3179 2127 3334 2199 οὗτος
3362 2137 3481 2188 ἐστι
3535 2137 3612 2205 τῷ

2026 2219 2363 2289 κανστρισίῳ
2393 2222 2473 2283 εἰς
2500 2223 2559 2273 τὸ
2587 2223 2928 2291 περιτιθέναι
2980 2224 3078 2293 τὴν
3124 2227 3275 2296 ἱερὰν
3317 2227 3509 2298 στολὴν
3537 2228 3613 2299 τῷ

2025 2312 2280 2380 ἀρχιερεῖ
2317 2312 2574 2381 μέλλοντι
2632 2315 3041 2386 ἱεροπρακτείν.
3090 2317 3284 2387 Itaque
3333 2321 3609 2373 canstriort

2026 2404 2162 2455 nihil
2192 2404 2339 2456 aliud
2388 2404 2711 2461 videturhic
2769 2424 3087 2478 essequam
3143 2412 3463 2465 veStiarium
3515 2429 3609 2466 seu

2024 2494 2178 2550 locus
2209 2499 2442 2552 vestium
2490 2515 2798 2564 sacrarum,
2855 2512 2909 2556 et
2937 2505 3053 2573 ipse
3100 2506 3409 2560 canstrisius
3475 2505 3609 2558 nihil

2023 2586 2172 2641 aliud
2200 2603 2363 2657 quam
2400 2589 2445 2643 is
2484 2591 2574 2659 qui
2605 2593 2750 2647 inter
2788 2594 3059 2663 palatinas
3106 2595 3401 2665 dignitates
3427 2598 3611 2666 appel-

2021 2678 2167 2732 latur
2191 2680 2497 2735 vestiarius.
2536 2681 2661 2737 Fuit
2694 2694 2747 2738 et
2785 2684 2837 2739 in
2873 2683 3121 2741 Romana
3150 2686 3394 2743 Ecclesia
3443 2704 3610 2757 peru-

2025 2769 2180 2825 Iiaris
2211 2772 2444 2826 vestiarii
2508 2774 2747 2845 dignitas
2772 2786 2826 2830 et
2849 2777 3112 2841 cilicium,
3138 2788 3196 2833 ut
3223 2796 3286 2833 ex
3322 2782 3611 2835 Anastasio

2024 2862 2445 2920 Bibliothecario
2468 2866 2626 2922 docet
2651 2868 2991 2940 Onupbrius.
3021 2869 3077 2926 in
3105 2871 3486 2944 Turcogrzecia
3513 2873 3606 2928 fol.

2021 2954 2126 3009 285
2159 2956 2363 3010 dicitur
2408 2960 2784 3031 κανστρίσιος,
2834 2963 2925 3030 qui
2979 2965 3032 3017 in
3087 2964 3309 3035 liturgia
3359 2975 3501 3019 tenet
3549 2967 3610 3018 τὸ

2022 3048 2318 3120 κάνστριον
2347 3049 2455 3103 τῶν
2487 3051 2877 3122 θυμιαμάτων,
2911 3054 3054 3123 quod
3085 3072 3177 3125 ego
3208 3056 3498 3109 turibulum
3524 3058 3608 3110 in-

350 3150 457 3202 δίγθ
477 3149 781 3211 “nummus,
806 3150 1309 3216 leuiusviolaceus’
1349 3142 1589 3220 quartus“
1618 3154 1907 3219 cmruleus,
1941 3145 1982 3202 ς,
2023 3148 2300 3209 terprelor,
2336 3143 2513 3211 inquit
2543 3154 2757 3198 auctor.
2800 3143 2867 3198 At
2891 3145 3087 3200 inscite
3121 3165 3134 3201 :
3167 3149 3292 3216 quis
3329 3150 3471 3201 enim
3510 3166 3610 3202 un-

349 3240 538 3295 deinde
562 3241 856 3294 subviridis
884 3241 998 3296 sive
1024 3242 1260 3305 caesius;
1321 3244 1572 3311 sequitur
1600 3242 1789 3296 viridis
1809 3256 1912 3310 pu-

352 3346 461 3393 rus,
492 3332 586 3400 qvi
610 3334 886 3402 prasinus,
924 3349 1084 3401 quem
1149 3333 1354 3401 excipit
1392 3332 1629 3387 citrinus
1660 3341 1767 3386 etc.
1796 3348 1814 3399 ;
1846 3332 1914 3387 de

346 3424 542 3491 quibus
574 3438 624 3477 c.
658 3425 713 3479 5.
744 3424 889 3485 Goaa
916 3423 937 3497 ]

282 3604 293 3615 .
409 3538 469 3592 P.
490 3539 724 3594 LAddit
746 3538 982 3593 Codinus
1020 3540 1266 3609 ejusdem
1294 3539 1586 3609 logOthetze
1613 3536 1785 3592 fuisse
1812 3537 1913 3599 τὰς

346 3630 682 3699 δημοσιακὰς
715 3631 809 3685 καὶ
847 3634 1176 3702 ἀρχοντικὰς
1208 3631 1497 3695 ὑποθέσεις
1520 3632 1905 3702 λογογραφεῖν.

343 3722 535 3776 Junius
559 3724 718 3778 vertit
744 3745 757 3776 :
783 3722 1067 3794 Logotheta
1098 3724 1391 3778 rationibus
1426 3732 1475 3777 et
1512 3727 1721 3793 quidem
1742 3725 1908 3777 ratio‘

346 3816 494 3867 nibus
555 3816 1293 3886 adpopulumprincipemque
1365 3817 1704 3870 sacerdotum
1733 3818 1901 3884 perti-

342 3906 579 3958 nentibus
617 3906 1012 3973 prrescribendis
1080 3918 1291 3975 prreest.
1351 3905 1538 3959 Male:
1589 3906 1909 3959 vertendum

341 3995 483 4047 enim
517 4014 529 4048 :
553 3994 835 4065 Logotheta
863 4006 1050 4064 praeest
1078 3998 1420 4052 discutiendi;
1443 4007 1491 4050 et
1519 3998 1909 4051 conscribendis

343 4086 655 4150 rationibus,
700 4098 805 4142 tant
832 4105 964 4159 quas
1020 4088 1240 4142 reddunt
1300 4091 1389 4156 qui
1433 4102 1496 4140 ea:
1548 4089 1691 4155 plebe
1746 4106 1906 4157 quam

341 4180 427 4247 qui
468 4196 529 4233 ea:
566 4180 749 4231 ordine
768 4181 1145 4234 ecclesiastico.

413 4299 597 4351 Exstat
621 4297 761 4363 apud
801 4300 1066 4352 Joannem
1118 4299 1350 4353 Citrium
1383 4301 1633 4370 quaestio,
1682 4303 1740 4353 ἐν
1794 4303 1905 4365 τοῖς

338 4390 683 4459 ὀρχοντικοῖς
718 4390 1188 4459 ὲκκλησιαστικοῖς
1236 4390 1615 4461 ἀξιώμασιτίς
1685 4392 1902 4462 πρῶτος

336 4485 430 4536 καὶ
456 4482 542 4545 τίς
571 4483 820 4553 δεύτερος
841 4524 856 4548 ,
891 4495 996 4541 etc.
1035 4486 1340 4556 Responsio
1377 4498 1462 4543 est
1494 4508 1508 4544 :
1550 4490 1763 4543 Primus
1817 4498 1901 4543 est
1930 4484 1977 4541 D

338 4590 569 4642 magnus
630 4590 987 4639 wconomus,
1040 4579 1313 4634 secundus
1362 4594 1594 4650 magnus
1671 4580 1904 4633 sacella-

335 4668 467 4730 rius,
497 4675 601 4721 etc.
627 4668 717 4721 Isti
744 4669 913 4734 enim,
935 4679 989 4723 et
1019 4672 1106 4723 alii
1140 4687 1277 4741 quos
1338 4656 1544 4725 Citrius
1565 4686 1903 4727 commemo—

335 4771 439 4822 rat,
503 4761 775 4816 habebant
835 4765 1136 4834 ἀρχοντικὰ
1210 4765 1526 4834 ἀξιώματα,
1578 4766 1932 4836 horumque-

335 4856 546 4922 negotia
597 4864 727 4908 sunt
779 4864 832 4910 et
898 4857 1245 4925 appellantur
1320 4857 1647 4927 ἄρχοντικαὶ
1701 4860 1904 4912 ὑποθέ-

336 4964 465 5013 σεις,
496 4962 604 5001 non
638 4958 819 5002 autem
847 4948 933 5002 illa
956 4958 1186 5014 tantum,
1215 4966 1334 5018 quae
1356 4952 1420 5005 ad
1459 4952 1633 5022 ipsum
1668 4953 1903 5021 patriar-

336 5043 491 5093 cham
517 5056 611 5095 seu
636 5042 955 5111 episcopum
983 5045 1279 5111 pertinent.
1308 5043 1516 5099 Gasrs.

404 5178 570 5247 {Ibid.
641 5177 856 5247 Optime
919 5182 1186 5249 interpres
1229 5180 1354 5242 τοὺς
1415 5180 1801 5250 ἀρχοντικούςη
1834 5184 1901 5236 ad

340 5271 576 5324 ordinem
641 5270 1068 5325 ecclesiasticum
1142 5272 1415 5339 pertinere
1479 5274 1903 5341 aestimatzquo

342 5361 498 5433 gradu
534 5376 662 5413 vero
682 5376 787 5414 non
811 5362 1077 5429 apposuit.
1103 5361 1243 5416 Sunt
1272 5364 1438 5431 igitur
1457 5364 1900 5434 ἀρχοντικοξ,‹]υἰ

339 5430 529 5502 habent
553 5452 785 5518 ὁφῳίκια
813 5452 1112 5520 ἀρχοντικά
1137 5430 1384 5509 ecclesiae
1407 5430 1512 5509 CP.
1529 5430 1715 5509 clerici
1735 5430 1903 5526 muns

340 5537 429 5592 Jns
444 5541 530 5593 GR
580 5559 631 5611 p.
651 5544 757 5597 215
773 5543 944 5597 et269
966 5553 1122 5598 vocat
1142 5545 1502 5609 δεσποτικοὺς
1530 5549 1819 5618 ἄρχοντας,
1834 5566 1900 5604 eo

344 5636 474 5701 quod
509 5637 828 5704 patriarcha:
867 5636 1136 5706 obsequio
1180 5640 1469 5705 mancipati
1504 5640 1574 5708 (is
1609 5642 1754 5695 enim
1812 5644 1896 5697 δε-

346 5727 534 5794 σπότης
561 5731 662 5795 est)
693 5742 982 5798 procerum
1008 5730 1268 5785 Ecclesiae
1294 5748 1606 5800 supremum
1633 5736 1902 5801 attingant

348 5817 575 5882 g'adum.
592 5818 878 5881 ’Υπὸθεσις
902 5834 1064 5891 porro
1090 5838 1196 5881 non
1220 5824 1508 5892 rationem,
1526 5830 1616 5881 se!
1633 5827 1893 5898 negotium

2017 3244 2183 3300 quam
2218 3230 2429 3285 audivit
2460 3233 2755 3305 κὰνστριον
2788 3250 2912 3290 esse
2942 3237 3243 3291 turibulum
3274 3240 3296 3291 ?
3326 3239 3428 3291 nisi
3465 3242 3605 3294 forte

2016 3323 2181 3377 etiam
2215 3326 2517 3379 canistrum
2553 3328 2623 3381 sit
2650 3330 2952 3383 turibulum
2986 3348 2998 3383 :
3026 3345 3149 3384 nam
3186 3347 3213 3385 a
3247 3334 3480 3387 canistro
3507 3350 3600 3388 seu

2017 3414 2348 3472 diminutivo
2409 3421 2667 3474 canistrio
2706 3421 2765 3475 iit
2818 3425 3092 3478 canstrion
3145 3442 3244 3495 per
3304 3443 3601 3499 syncopen,

2014 3506 2269 3578 idemque
2300 3521 2384 3565 est
2416 3513 2561 3583 quod
2597 3513 2815 3580 κάνεον,
2846 3525 3129 3573 contracte
3158 3519 3383 3585 κανοῦν,
3412 3523 3484 3574 ita
3543 3533 3600 3575 ut

2013 3601 2367 3671 κανστρίσιος
2424 3603 2634 3676 integre
2666 3606 2736 3661 sit
2761 3611 3161 3676 κανιστρὲσιος,
3196 3613 3475 3681 prazfectus
3518 3632 3602 3668 ca-

2012 3692 2204 3746 nistrio
2228 3710 2324 3748 seu
2365 3698 2642 3761 canistro;
2702 3700 2860 3769 Cujus
2916 3702 3301 3770 praefecturam
3356 3708 3601 3763 extendit

2011 3799 2231 3855 quoque
2260 3787 2460 3843 Junius
2497 3790 2561 3844 ad
2583 3794 2883 3859 penuriam.
2918 3795 2987 3847 At
3013 3796 3193 3859 nobis,
3228 3807 3282 3852 et
3308 3798 3406 3866 ipsi
3433 3801 3596 3855 etiam

2012 3879 2252 3946 veritati,
2290 3881 2392 3935 nisi
2422 3880 2602 3944 fallor.
2641 3885 2817 3939 satius
2868 3886 3085 3942 videtur
3138 3892 3422 3946 canstrisii
3480 3894 3599 3948 oiii-

2010 3971 2156 4025 cium
2200 3975 2462 4028 vestiario
2491 3976 2968 4043 circumscribere,
3009 3990 3063 4035 et
3093 3985 3321 4037 canstrii
3376 3988 3601 4042 nomine

2010 4065 2152 4118 nihil
2182 4066 2327 4119 aliud
2361 4069 2613 4138 accipere
2645 4085 2805 4139 quam
2853 4072 3033 4147 locum
3088 4068 3181 4128 ubi
3217 4086 3396 4132 vestes
3462 4095 3601 4148 pon-

2006 4158 2231 4213 tiﬁcales
2253 4161 2701 4226 asservabantur,
2724 4178 2833 4215 uno
2854 4164 3023 4217 verbo
3044 4167 3370 4222 vestiarium.
3392 4168 3598 4227 Gus'rs.

2082 4252 2166 4324 [P.
2198 4255 2253 4308 4.
2285 4254 2695 4325 Κανστρήνσιος
2713 4271 2953 4325 quoque,
2978 4273 3080 4311 nec
3108 4274 3218 4311 non
3244 4261 3597 4328 καστρξνσιος

2003 4354 2059 4399 et
2117 4330 2483 4416 καστρὴνσιος
2540 4347 2801 4415 scriptum
2867 4350 3131 4419 reperies,
3171 4366 3235 4405 ac
3270 4368 3371 4422 pro
3427 4356 3598 4411 variis

2005 4436 2209 4493 Grecis
2235 4438 2643 4494 charathribus
2660 4439 2866 4495 Latinis
2891 4458 3109 4522 quoque
3134 4444 3283 4499 varie
3304 4448 3594 4504 redditmn.

2010 4528 2219 4584 Sensus
2252 4532 2589 4599 requiratur,
2626 4533 2716 4586 ubi
2778 4534 2862 4587 vix
2907 4535 3060 4604 juvat
3106 4537 3414 4593 character.
3456 4542 3599 4594 Καν-

2010 4623 2251 4694 στρίσιον
2276 4625 2383 4679 ἀπὸ
2410 4626 2503 4678 τοῦ
2529 4627 2821 4697 κανστρίου
2852 4630 3055 4683 dictum
3092 4630 3274 4697 video;
3302 4634 3597 4703 κάνστριον

2008 4731 2140 4770 vero
2177 4718 2333 4787 panis
2372 4718 2640 4774 benedicti
2674 4722 2896 4786 lancem,
2932 4722 3018 4775 vel
3053 4724 3237 4792 potius
3275 4728 3415 4780 turis
3444 4744 3598 4781 arcu-

2003 4807 2138 4873 lam,
2164 4810 2248 4863 vel
2270 4811 2505 4880 denique
2535 4815 2832 4866 canistrum
2865 4815 3202 4884 recipiendis
3266 4818 3597 4885 patriarcha

2009 4902 2255 4956 vestibus
2293 4902 2553 4957 idoneum
2605 4905 2978 4973 interpretor:
3015 4905 3218 4959 κανοῦν
3265 4907 3411 4962 enim
3446 4909 3588 4963 idem

2009 4994 2155 5061 quod
2187 4994 2435 5048 πινάκιον
2471 4997 2754 5050 vasculum
2781 4999 2925 5065 apud
2977 4995 3245 5060 Nicetam,
3284 5013 3381 5067 pro
3423 5002 3592 5056 variis

2009 5084 2364 5140 lectionibus.
2383 5087 2653 5141 Allatiana
2681 5088 2757 5157 (et
2777 5088 2846 5157 Μ)
2865 5089 2934 5143 de
2959 5091 3307 5145 canstrensio
3335 5094 3429 5147 ;'O
3459 5111 3592 5147 xw-

2012 5179 2300 5245 στρὴνσιος
2334 5179 2620 5231 ἀλλάσσων
2650 5180 2726 5249 τῷ
2770 5180 3029 5251 ἀρχιερεῖ
3050 5181 3148 5251 τὴν
3173 5184 3340 5236 αὑτοῦ
3372 5185 3586 5257 στολὴν,

2010 5268 2228 5336 κρατῶν
2258 5269 2313 5321 δὲ
2342 5272 2434 5323 καὶ
2464 5271 2554 5323 τὸν
2572 5272 2840 5339 θυμιατὺν
2869 5276 2927 5324 ὲν
2959 5276 3026 5344 τῇ
3090 5275 3433 5345 λειτουργίᾳ,
3490 5280 3586 5330 καὶ

2007 5362 2099 5412 τὸν
2132 5362 2271 5428 ἀέρα
2300 5364 2501 5431 (velum
2538 5365 2729 5419 calicis
2754 5375 2806 5418 et
2837 5367 2997 5435 disci)
3036 5368 3095 5419 ἐν
3126 5371 3190 5438 τῇ
3229 5369 3383 5440 δεξιᾷ
3411 5369 3578 5423 αὑτοῦ

2008 5453 2176 5521 χειρὶ,
2231 5455 2497 5525 ραντίζων
2533 5458 2649 5535 ,καὶ
2678 5458 2736 5511 τὸ
2791 5457 2937 5527 ὕδωρ
2984 5460 3062 5521 εἰς
3101 5462 3192 5512 τὶν
3246 5461 3453 5513 λαὸνὲν
3507 5460 3585 5529 τῷ

2008 5548 2275 5619 τριαδικῷ
2324 5548 2502 5620 ὕμνῳ,
2542 5552 2762 5621 κρατῶν
2821 5553 3004 5603 δὲκαὶ
3062 5553 3123 5602 τὸ
3175 5550 3432 5604 κιϐώτιον
3475 5553 3584 5605 τῶν

2009 5642 2343 5710 ἀρωμάτων.
2367 5643 2736 5710 καθεζόμενος
2766 5646 2862 5698 καὶ
2900 5646 2979 5707 si;
3002 5644 3100 5705 τὰς
3128 5645 3356 5710 κρίσεις.
3379 5641 3581 5717 Coum]

2080 5734 2485 5801 lieferendarius
2521 5756 2550 5789 ιι
2587 5739 2858 5807 referendo
2916 5752 3113 5789 nomen
3150 5735 3375 5790 trahens
3424 5738 3583 5791 hodie

2006 5831 2168 5887 ctia'n
2205 5829 2524 5886 iaccclesiae
2567 5846 2667 5885 usu
2706 5842 2885 5887 manet
2922 5846 2935 5883 :
2970 5827 3290 5887 mittebatur
3316 5845 3377 5882 cx
3405 5828 3577 5889 oilicio
