4044 6446
484 363 578 438 151
1569 369 1652 429 1N
1690 369 1994 431 LIBRUM
2027 371 2122 430 DE
2155 374 2479 435 OFFiCIlS.
2522 378 2631 439 Cl‘.

3605 381 3702 452 152

471 479 536 531 ad
570 478 957 548 imperatorem
991 479 1084 530 καὶ
1105 478 1182 540 εἰς
1207 477 1385 546 μέγαν
1409 479 1664 552 ἄρχοντα.
1691 483 1827 538 Male
1853 483 2034 538 Junius

2158 504 2295 540 ctum
2342 491 2412 542 ad
2471 491 2754 545 diaconum
2816 491 3100 545 necessario
3155 493 3398 562 pertinet.
3434 493 3572 549 Nam
3622 501 3703 553 hic

471 569 540 623 ad
563 569 886 623 sacerdotem
939 570 1231 624 maximum
1263 587 1281 625 .'
1311 586 1438 628 nam
1464 575 1492 626 ὁ
1519 575 1693 643 μέγας
1720 575 1905 647 ἄρχων
1959 576 2048 630 di-

471 660 655 728 gnitas
685 670 800 717 erat
828 662 1090 732 palatina,
1111 673 1169 718 ut
1203 663 1409 719 clarum
1442 679 1508 720 ex
1531 666 1651 746 ipso
1675 666 1885 722 Codino
1917 683 1966 722 ο.
1986 668 2044 722 2.

469 749 677 819 Csars,

540 841 700 913 [Ibid.
733 843 929 900 Suidas
957 861 970 898 :
1007 847 1459 917 Ῥεφερενδὰριος
1488 847 1800 919 Ῥωμαϊκὸν
1825 851 2046 923 ἀξίωμά

466 935 634 997 ἐστιν,
671 937 838 1003 ἤγουν
865 931 1192 1008 ἀναφορεύς.
1219 939 1436 994 Nicetas
1461 940 1515 995 in
1539 941 1727 995 Alexio
1751 945 1994 998 secundo
2026 963 2040 1000 :

473 1025 580 1085 Τοῦ
621 1030 967 1102 πατριάρχου
1008 1031 1317 1095 στείλαντος
1355 1032 1438 1096 εἰς
1473 1031 1572 1101 τὴν
1610 1032 1903 1092 δέσποιναν
1949 1037 2042 1100 τὸν

467 1115 662 1174 ἑαυτοῦ
693 1117 993 1189 ὑπηρέτην,
1028 1120 1086 1186 ἧς
1115 1121 1178 1173 ὲκ
1206 1120 1303 1172 τοῦ
1338 1120 1669 1192 προϐάλλειν
1703 1123 1783 1184 εἰς
1808 1124 1876 1175 τὰ
1935 1125 2039 1194 ἀρ-

462 1211 580 1278 χεῖα
609 1211 702 1262 καὶ
731 1210 1165 1282 διαπορθμεύειν
1206 1214 1317 1274 τοῖς
1357 1211 1643 1286 βασιλεῦσι
1673 1213 1742 1266 τὰ
1775 1213 2040 1285 βουλητέα

465 1301 676 1366 καὶτὰς
704 1304 1027 1376 ᾁποκρίσεις
1063 1303 1274 1368 ἐκεῖθεν
1309 1303 1465 1374 αὖθις
1519 1307 1847 1378 μεταφέρειν
1872 1309 2040 1362 παλα-

459 1394 606 1455 τῖνος
631 1394 974 1463 ὠνόμασται.
1003 1395 1276 1450 Allatiana
1313 1413 1341 1450 :-
1365 1395 1425 1449 '0
1451 1398 1873 1468 ρεφερενδάριος
1899 1400 2039 1452 ἀπο-

463 1487 816 1556 στελλόμενος
846 1490 926 1552 εἶς
958 1487 1253 1558 (ἄρχοντας
1277 1490 1373 1543 καὶ
1408 1490 1486 1559 Μ)
1523 1490 1794 1564 μεγάλους
1825 1491 2032 1566 ἀνθρώ·

460 1591 599 1636 πονς
631 1577 932 1650 μηνύματα
967 1579 1141 1649 ,παρᾲ
1165 1578 1242 1647 τῷ
1306 1581 1558 1652 ἀρχιερεῖ
1602 1583 1897 1652 ἐγγράφως
1942 1585 2038 1635 καὶ

397 1727 414 1740 ρ
461 1668 728 1736 ἀγράφως
759 1671 938 1741 φέρει,
978 1669 1348 1741 καθεζόμενος
1411 1674 1502 1724 καὶ
1539 1673 1616 1736 εἰς
1644 1675 1740 1736 τὰς
1795 1675 2027 1744 κρίσεις.

461 1758 633 1814 Cum.
882 1773 891 1780 '

2151 577 2309 630 simul
2370 596 2486 631 cum
2551 581 2835 635 canstrisio
2903 582 3154 634 subserrit
3211 584 3476 637 induendo
3543 601 3702 640 sacris

2155 665 2382 718 uestibus
2457 667 2830 735 sacriﬁcatura
2919 668 3185 736 pontiﬁci.
3279 670 3340 724 Si
3416 687 3531 724 vero
3601 673 3704 726 hie-

2152 771 2456 808 romnemon
2503 757 2570 809 sit
2617 758 2882 822 sacerdos,
2915 758 3029 811 solo
3056 758 3264 812 nomine
3289 761 3702 830 ἱερομνημονεῖι
3745 827 3753 836 ,

2152 861 2314 914 neque
2333 847 2468 898 enim
2506 847 2553 898 ei
2586 847 2701 900 licet
2724 849 2781 899 ὲν
2806 849 2926 912 ταῖς
2961 849 3292 917 ὑπηρεσῖαις
3311 850 3418 904 τῶν
3451 851 3703 921 ἀρχιεραη

2146 937 2316 989 τικῶν
2357 937 2735 1007 στο).ισμάτων
2757 940 3011 995 διακόνου
3050 941 3200 1008 τάξιν
3239 945 3444 1013 τηρεῖν.
3491 943 3706 998 Videtur

2147 1027 2328 1080 dicere
2383 1029 2829 1085 hieromnemona
2887 1033 3143 1101 pontilice
3211 1016 3385 1088 sacris
3453 1049 3706 1102 onerante

2145 1134 2250 1172 non
2289 1133 2446 1188 posse
2474 1120 2692 1175 diaconi
2721 1122 2904 1176 ofﬁcio
2935 1123 3109 1194 fungi,
3144 1125 3191 1178 si
3248 1125 3321 1178 sit
3345 1129 3620 1191 sacerdos,
3653 1135 3705 1180 et

2147 1209 2227 1264 sic
2255 1209 2374 1264 solo
2410 1210 2633 1266 nomine
2678 1212 3127 1270 hieromnemona
3153 1232 3296 1271 esse.
3314 1217 3469 1283 Quod
3508 1217 3703 1272 Citrius

2147 1302 2324 1356 hausit
2367 1318 2432 1358 ex
2495 1306 2861 1361 recentiorum
2897 1306 3211 1363 Graecorum
3273 1311 3575 1374 erroribus,
3609 1311 3696 1378 qui

2144 1395 2552 1464 reprehendunt
2619 1397 2842 1454 Latinos
2897 1400 3040 1469 quod
3104 1399 3158 1453 in
3211 1414 3400 1453 eorum
3466 1399 3704 1453 Ecclesia

2143 1487 2458 1542 sacerdotes
2551 1503 2690 1558 saepe
2768 1489 3068 1559 fungantur
3143 1505 3374 1544 munere
3452 1489 3704 1552 diaconi,

2145 1579 2273 1632 dum
2352 1576 2766 1634 sacrosanctum
2817 1581 2998 1635 missae
3060 1580 3392 1634 sacriﬁcium
3466 1578 3704 1633 oﬁ'crtur.

2147 1669 2388 1738 Improbe
2435 1671 2706 1740 profecto,
2763 1671 2941 1740 inquit
2995 1669 3209 1724 Manucl
3267 1668 3458 1722 Caleca
3525 1679 3705 1720 contra

2140 1762 2358 1817 Graecos
2403 1777 2476 1828 tv,
2523 1763 2587 1815 2‘1
2631 1781 2646 1818 :
2686 1763 2932 1833 igtwrant
2978 1763 3139 1823 enim,
3198 1763 3323 1829 quia
3400 1759 3444 1812 is
3506 1759 3707 1826 quidem

531 1849 674 1904 Ibid.
721 1851 782 1904 Ὀ
801 1854 1458 1923 ὑπομνηματογφάςςων.
1483 1854 1672 1910 Latine
1712 1874 1741 1907 (ι
1783 1873 2034 1908 commen-

2145 1855 2392 1923 quiquod
2415 1854 2587 1923 majus
2619 1863 2692 1908 est
2714 1855 2886 1918 habet,
2912 1855 3075 1907 etiam
3102 1852 3240 1921 quod
3266 1852 3439 1904 minus
3468 1858 3544 1902 est
3569 1849 3707 1915 ejus-

461 1941 615 1992 tariis
651 1955 746 1994 seu
795 1945 1299 2008 commentariensis,
1333 1945 1619 1997 scribendis
1645 1946 2040 2007 commentariis

457 2031 864 2102 pra’feclus,qui
915 2032 1118 2088 Graecis
1177 2035 1340 2089 etiam
1389 2035 1965 2106 ὑπομνηματογράφος
1988 2047 2042 2091 et

458 2123 1126 2199 xouewapisto;_.Nomen
1179 2126 1342 2186 olIicii
1383 2143 1491 2181 non
1527 2136 1735 2182 tantum
1785 2127 2040 2183 ecclesia-

457 2216 601 2284 stici,
644 2217 816 2272 sedet
844 2217 1071 2288 politici,
1102 2219 1293 2274 saltem
1335 2219 1478 2290 apud
1528 2219 1777 2283 Latinos,
1836 2220 1904 2274 de
1931 2235 2041 2289 quo

458 2307 629 2372 multa
683 2307 953 2366 Baronius
993 2310 1075 2365 -ad
1121 2310 1476 2383 llartyrolog.
1506 2323 1640 2366 tom.
1712 2309 1908 2365 XXVII
1952 2311 2041 2366 die

457 2399 656 2455 Martii.
690 2399 1005 2456 Boneﬁdius
1035 2403 1202 2457 vertit
1231 2406 1556 2457 actuarium.
1584 2403 1764 2458 Gne'rs
1793 2401 1813 2475 ]

714 2489 794 2574 [Ρ.
814 2493 868 2548 4.
891 2493 1159 2549 Allatiana
1189 2494 1279 2549 ιὈ
1301 2496 1878 2566 ὕπομνηματογράερος
1907 2497 2040 2550 καθ-

453 2583 711 2653 εζόμενος
763 2587 843 2648 εἰς
875 2587 1092 2658 ψήφους
1153 2588 1495 2650 ἐπισκόπων,
1529 2592 1624 2641 καὶ
1663 2590 1885 2658 γράφει,
1910 2591 1963 2641 εῖ
1989 2606 2039 2640 τι

454 2675 618 2728 αὐτὸν
649 2676 914 2758 ὁρίσωσιν
938 2679 1154 2748 ἀληθῶς
1182 2678 1248 2752 (οἱ
1279 2682 1558 2750 ἀρχιερεῖς
1600 2683 1651 2734 Μ
1686 2682 1778 2750 qui
1832 2680 1979 2734 addit
2020 2698 2034 2733 ι

455 2765 572 2825 εστι
602 2765 659 2820 δὲ
685 2769 906 2841 οἰκέτης
952 2771 1054 2839 τῆς
1107 2772 1372 2842 δευτέρας
1433 2772 1747 2843 πεντάδος).
1795 2773 2036 2830 Joannes

457 2859 589 2914 Citri
621 2862 911 2938 episcopus
945 2862 999 2930 in
1031 2851 1193 2936 Resp.
1222 2863 1359 2931 juris
1390 2863 1505 2921 GR.
1543 2865 1582 2919 l.
1615 2881 1648 2918 v
1684 2883 1696 2918 :
1736 2865 2036 2928 Νοσοῦντος

460 2954 644 3023 μέντοι
675 2955 769 3007 τοῦ
801 2972 864 3024 χα
879 2954 1268 3025 ρτοφύ).ακος¹ἧ
1307 2957 1722 3027 ἀποδημοῦντος
1741 2959 1859 3012 ἀντ’
1891 2960 2035 3012 ἐκεί-

455 3065 546 3109 νου
592 3048 668 3118 τῷ
722 3048 1292 3120 ὑπομνηματογράφῳ
1329 3051 1541 3104 ἀνεῖται
1593 3050 1625 3119 ἡ
1671 3049 1887 3114 ἕκθεσις
1940 3051 2035 3102 καὶ

455 3141 760 3208 ᾲνάγνωσις
786 3139 896 3193 τῶν
929 3138 1023 3192 τοῦ
1072 3140 1558 3209 χαρτοφυλακικοῦ
1609 3141 1872 3211 σεκρέτου
1905 3142 2035 3194 ὑπο-

425 3245 430 3250 ’
459 3232 883 3308 μνηματισμῶν.
921 3229 997 3284 Ex
1022 3245 1133 3298 quo
1182 3232 1302 3300 ejus
1336 3247 1537 3286 munus
1593 3231 2035 3304 chartophylacls

457 3325 634 3380 ollicio
669 3324 884 3378 videtur
921 3323 1276 3399 conjunctum
1303 3331 1356 3379 et
1390 3338 1587 3394 operas
1634 3326 1798 3380 etiam
1834 3325 2037 3380 habere

454 3427 750 3486 connexus.
775 3412 972 3488 6mm]
1462 3462 1476 3470 .

527 3505 712 3560 Porro
735 3503 974 3572 Joannes
1009 3507 1214 3576 Citrius
1243 3509 1296 3562 in
1331 3506 1444 3575 suis
1476 3506 1760 3576 responsis
1809 3506 1918 3560 alio
1947 3521 2040 3561 or-

455 3598 582 3657 dine
619 3599 851 3655 collocat
881 3608 936 3655 et
966 3609 1255 3656 enumerat
1289 3601 1384 3653 has
1406 3599 1814 3662 ecclesiasticas
1846 3599 2028 3669 digni-

456 3696 618 3751 tates.
666 3687 803 3756 Narrj
849 3700 969 3759 post
1009 3698 1232 3743 exocata
1266 3687 1434 3742 caelos
1483 3687 1661 3757 primo
1710 3687 1830 3740 loco
1884 3687 2038 3755 ponit

459 3771 890 3846 protonotarium
912 3819 926 3844 ,
959 3779 1200 3834 secundo
1247 3779 1848 3852 ὕπομνηματογράφον,
1877 3779 2036 3833 tertio

459 3871 811 3940 logothetam,
847 3883 1041 3942 quarto
1070 3871 1443 3939 canstrisium,
1481 3873 1672 3942 quinto
1725 3873 2034 3925 hieromne-

462 3979 644 4027 tuona,
671 3964 762 4032 qui
816 3964 962 4034 apud
1006 3964 1272 4019 Codinum
1329 3965 1541 4034 primus
1595 3963 1763 4018 estin
1803 3963 2036 4031 pentade

461 4053 641 4117 tertia,
674 4063 827 4108 sexto
857 4053 1318 4117 referendarium,
1341 4054 1507 4123 quiin
1532 4053 1764 4122 penta'de
1791 4053 2034 4106 secunda

457 4152 710 4219 quartum
750 4143 927 4217 locum
962 4154 1132 4198 tenet.
1171 4146 1374 4197 (Iners.

1035 4232 1271 4288 CAPUT
1309 4233 1423 4290 Vll.

525 4323 601 4398 De
662 4325 818 4387 tertia
885 4324 1113 4394 pentade
1187 4325 1482 4393 ofﬁciorum
1537 4332 1587 4378 et
1628 4323 1962 4393 officialium.

525 4415 586 4470 P.
621 4415 677 4468 5.
709 4398 906 4469 Tertiae
929 4415 1176 4483 pentadis
1205 4417 1410 4484 primas
1438 4425 1584 4470 tenet
1608 4417 1634 4467 ὁ
1657 4413 2030 4485 ἱερομνήμων,

2145 1943 2264 1994 dem
2298 1945 2504 2012 generis
2532 1943 2683 1996 habet
2704 1944 3021 2006 necessario,
3055 1958 3158 1995 non
3189 1950 3369 1995 autem
3391 1957 3417 1993 e
3444 1952 3705 1993 conuerso.

2144 2033 2313 2087 Homo
2345 2034 2484 2087 enim
2532 2033 2847 2086 rationalem
2883 2033 3078 2086 habens
3123 2033 3363 2084 animam
3424 2029 3706 2084 sensibilem

2143 2140 2344 2194 quoque
2396 2132 2443 2176 et
2479 2123 2814 2193 vegetabilem
2861 2122 2957 2176 sub
3005 2139 3068 2176 ea
3092 2123 3243 2177 habet
3278 2139 3292 2175 :
3322 2137 3484 2190 neque
3521 2130 3706 2179 tamen.

2141 2231 2257 2284 quae
2342 2209 2617 2285 vegetabili
2676 2217 2858 2268 animo
2910 2225 3174 2280 utuntur,
3249 2212 3489 2268 sensibili
3534 2212 3709 2264 etiam

2141 2318 2190 2360 et
2274 2307 2528 2361 rationali
2587 2309 2887 2370 potiuntur.
2944 2307 3113 2376 Atque
3187 2307 3374 2359 itidem
3430 2306 3485 2357 in
3541 2303 3658 2356 aliis
3692 2339 3707 2364 ,

2143 2401 2247 2452 sire
2328 2400 2561 2451 humana
2638 2401 2743 2453 sive
2796 2400 2974 2452 divina
3043 2399 3300 2466 inspicere
3379 2398 3492 2467 quis
3571 2395 3706 2448 velit.

2147 2490 2306 2559 138
2330 2489 2529 2559 Nempe
2550 2499 2597 2542 et
2625 2490 2899 2554 Dominus,
2923 2490 3210 2544 secundum
3231 2488 3494 2541 hominem
3513 2487 3706 2555 primus

2141 2586 2394 2638 exsistens
2411 2593 2458 2636 et
2478 2584 2741 2635 maximus
2764 2583 3031 2648 sacerdos,
3047 2597 3152 2636 non
3174 2582 3311 2644 ideo,
3336 2581 3462 2650 quia
3488 2577 3707 2631 ministri

2139 2675 2377 2729 habitum
2417 2682 2464 2726 et
2514 2674 2865 2727 ministerium
2910 2672 3064 2741 pedes
3102 2672 3369 2725 abluendo
3389 2667 3706 2729 monstravit,

2139 2767 2423 2821 sacerdotii
2450 2767 2688 2834 confudit
2715 2767 2973 2820 ordinem.
3028 2763 3098 2817 Et
3130 2763 3213 2817 hic
3243 2763 3414 2831 igitur
3452 2761 3705 2816 sacerdos,

2137 2861 2384 2928 quoniam
2427 2858 2696 2924 inferioris
2733 2857 3024 2910 sacerdotii
3058 2855 3255 2925 gradus
3287 2855 3352 2908 in
3377 2871 3430 2906 se
3457 2853 3568 2919 ipso
3588 2865 3704 2902 con--

2139 2952 2290 3011 tinet,
2316 2959 2520 3003 constat
2555 2950 2678 3018 quia
2713 2948 2951 3001 omnibus
2996 2962 3111 3017 quo:
3130 2947 3226 3000 sub
3261 2961 3315 2999 se
3347 2954 3466 3000 sunt
3494 2943 3709 3012 legitime

2141 3052 2338 3095 utetur.
2355 3041 2478 3096 llaec
2498 3041 2760 3110 praeclare
2778 3040 2994 3104 Caleca,
3015 3039 3156 3108 apud
3171 3039 3348 3107 quem
3371 3038 3525 3109 plura
3551 3035 3708 3100 leges,

2138 3133 2182 3188 si
2225 3134 2377 3190 velis.
3068 3148 3070 3151 '

2218 3226 2382 3278 Addit
2411 3225 2476 3278 ad
2514 3235 2820 3278 extremum
2867 3221 3074 3276 Citrius
3123 3221 3332 3290 injuste
3381 3219 3557 3275 facere
3587 3217 3701 3271 illos
3758 3264 3760 3269 .

2145 3315 2454 3384 pontiﬁces,
2479 3316 2572 3384 qui
2611 3313 3045 3367 hieromnemoni
3081 3312 3398 3367 testimonia
3434 3315 3496 3365 de
3526 3310 3627 3363 vita
3653 3315 3702 3363 ct

2145 3407 2626 3460 moribus‘eorum
2663 3404 2754 3473 qui
2809 3404 2872 3457 ad
2937 3417 3126 3457 sacros
3181 3403 3408 3458 ordines
3471 3402 3702 3472 aspirarit

2142 3497 2480 3552 discutienda
2537 3506 2590 3550 et
2647 3495 3010 3551 examinanda
3074 3495 3486 3550 tradunt:hoc
3554 3490 3693 3546 enim

2144 3589 2418 3657 pertinere
2438 3588 2503 3643 ad
2537 3588 2778 3642 ofﬁcium
2813 3587 3287 3659 cliartOphylacis.

2213 3682 2457 3736 Codinus
2482 3683 2594 3736 lucc
2625 3681 2725 3743 tria
2761 3679 3197 3733 hiemmncntoni
3248 3679 3462 3742 tribuit,
3495 3676 3700 3745 βλέπειν

2141 3775 2239 3835 τὰς
2275 3773 2441 3842 εὐχὰς
2472 3772 2698 3826 ὄπισθεν
2733 3771 2828 3823 τοῦ
2863 3769 3189 3839 ἀρχιερέως,
3214 3769 3392 3825 uidere
3435 3778 3576 3831 uota,
3606 3765 3701 3817 hoc

2140 3877 2227 3921 est
2268 3863 2547 3934 suffragia,
2575 3865 2626 3916 in
2654 3862 3014 3925 electionibus,
3045 3876 3180 3927 pone
3209 3861 3533 3924 sacerdotem
3565 3872 3702 3910 sum-

2140 3974 2306 4022 mum,
2349 3956 2430 4010 vel
2467 3971 2496 4009 a
2533 3966 2684 4024 tergo
2707 3953 2910 4008 summi
2941 3953 3264 4018 sacerdotis,
3297 3954 3404 4008 hoc
3430 3961 3512 4006 est
3542 3949 3702 4018 patri-

2139 4049 2316 4103 archa:
2351 4046 2583 4112 ;(leinde
2609 4049 2826 4114 κρατεῖν
2855 4046 2945 4098 τὸν
2978 4045 3392 4115 ἐνορονιασμὸν,
3422 4044 3606 4097 habere
3617 4040 3701 4107 jus

2139 4136 2433 4189 collocandi
2456 4135 2680 4188 electum
2713 4135 2764 4186 in
2791 4135 2999 4196 throno,
3017 4148 3135 4195 seu,
3159 4143 3216 4186 ut
3232 4133 3398 4202 vulgo
3419 4132 3701 4200 loquimur,

2137 4227 2534 4283 inthronizandi
2557 4241 2575 4288 ,'
2602 4227 2759 4279 tertio
2800 4227 3024 4295 κρατεῖν
3055 4227 3149 4277 καὶ
3197 4223 3258 4275 τὸ
3289 4223 3576 4276 κοντάκιον
3610 4218 3703 4282 τῆς

2137 4319 2493 4390 χειροτονίας,
2535 4319 2738 4371 habere
2794 4317 2956 4370 etiam
2983 4316 3076 4384 jus
3127 4316 3442 4383 auspicandi
3496 4327 3585 4366 seu
3620 4324 3702 4360 ca-

2141 4411 2298 4478 nendi
2337 4409 2633 4468 contacium
2673 4408 2723 4459 in
2758 4408 3093 4465 ordinatione
3139 4408 3349 4460 cantari
3379 4413 3699 4458 consuetum.

457 4507 549 4576 qui
579 4506 856 4560 Bonelidio
893 4523 1163 4560 sacrorum
1217 4506 1543 4561 memorialis
1597 4513 1650 4560 et
1677 4519 1786 4558 uno
1857 4503 2024 4556 verbo

2143 4498 2211 4551 Ita
2250 4496 2466 4566 quidem
2489 4494 2708 4564 Junius,
2729 4496 2838 4560 cui,
2856 4496 2999 4562 quod
3025 4495 3315 4547 κοντὰκιον
3338 4493 3596 4550 canticum
3618 4492 3699 4542 in-

437 4599 818 4672 suerimemor,
867 4598 1026 4663 Junio
1052 4600 1293 4654 deterius
1346 4613 1620 4651 sacrorum
1662 4593 1878 4664 prazsul.
1910 4593 2024 4663 Ego
2075 4631 2078 4634 -

457 4689 702 4766 Graecum
759 4691 1103 4758 retinendum
1139 4705 1360 4752 censeo,
1411 4686 1633 4756 quando
1710 4686 1855 4738 nulla
1916 4700 2020 4737 vox

457 4781 642 4834 Latina
663 4781 794 4852 satis
813 4792 932 4849 apta
955 4781 1211 4850 suppetit.
1228 4781 1432 4851 (iners.

524 4871 688 4943 [Ibid.
714 4872 978 4927 Allatiana
1009 4886 1236 4946 rursus:
1273 4871 1330 4923 '0
1358 4869 1706 4938 ἱερομνήμων
1736 4869 1918 4937 κρατῶ
1943 4869 2031 4921 νξν

455 4966 520 5032 τῇ
553 4964 850 5037 παραδόσει
878 4963 1118 5031 (φυλακῇ
1147 4960 1222 5039 Μ)
1254 4959 1418 5014 αὐτοῦ
1442 4961 1532 5013 τὸν
1566 4959 1771 5011 κώδικα
1801 4960 1882 5029 (τὸ
1906 4977 2026 5012 κον-

455 5055 644 5120 τᾴκιον
675 5054 752 5124 Μ)
805 5055 907 5123 τῆς
944 5053 1239 5128 ἐκκλησίας
1288 5049 1663 5121 βουλλωθέντα
1714 5051 1866 5119 παρὰ
1918 5049 2025 5101 τῶν

459 5145 737 5216 κληριιιῶν
765 5145 858 5196 καὶ
904 5144 997 5196 τοῦ
1049 5143 1353 5213 ἀρχιερέως
1403 5141 1780 5214 ἐμϐαλάντιον.
1839 5141 1945 5190 Καὶ
1976 5140 2026 5190 el

459 5237 556 5304 μὲν
585 5237 682 5290 οὐκ
712 5235 857 5288 ἐστιν
889 5235 1206 5303 ἐπίσκοπος,
1240 5234 1445 5302 μᾶλλον
1473 5232 1774 5300 ἐγκαινῐξει
1823 5231 2024 5297 ἐκκλη-

457 5328 578 5381 σίαν
625 5325 774 5379 νέαν.
837 5314 1136 5393 Σφραγίζει
1188 5324 1242 5376 δὲ
1301 5325 1396 5376 καὶ
1431 5323 1814 5390 ἀναγνώστας.
1869 5320 2022 5373 Hunc

455 5418 627 5473 Grrcci
713 5416 903 5470 volunt
966 5430 1088 5469 esse
1175 5415 1491 5485 diaconun;
1596 5430 1720 5468 cum
1791 5413 2014 5468 subser-

457 5508 566 5559 viat
624 5505 887 5575 pontiﬁci,
951 5503 1037 5558 cui
1088 5504 1306 5557 diaconi
1383 5519 1449 5557 ex
1539 5503 1715 5558 ollicio
1805 5501 2007 5555 debent

459 5597 931 5654 ministrare.Vitle
955 5595 1185 5651 Citrium
1228 5604 1348 5664 apte
1373 5605 1423 5650 et
1446 5596 1652 5649 erudite
1680 5597 1747 5648 de
1782 5595 1882 5646 hoc
1904 5593 2015 5644 dis-

460 5697 725 5741 serentem
766 5688 884 5741 loco
913 5686 1182 5755 superiori
1219 5695 1340 5739 nota
1373 5688 1565 5741 citato.
1596 5683 1793 5754 60am]

532 5776 604 5831 De
635 5779 750 5848 ejus
782 5780 956 5832 ollicio
985 5778 1096 5831 licet:
1125 5776 1326 5832 Citrius
1355 5794 1364 5827 :
1413 5777 1865 5844 llicronmemonis
1899 5777 2018 5841 ofﬁ—

2139 4596 2468 4662 terpretatur
2497 4599 2546 4641 et
2582 4588 2670 4647 hic
2702 4586 2795 4640 fol.
2821 4587 2955 4641 lOct
2987 4586 3082 4640 lol.
3114 4586 3236 4650 H4,
3265 4587 3519 4640 assentiri
3552 4597 3700 4652 pror-

2139 4697 2234 4735 sus
2280 4696 2386 4732 non
2440 4695 2684 4749 possum.
2724 4679 3004 4744 Canticum
3055 4679 3202 4732 enim
3261 4679 3514 4752 generale
3571 4683 3696 4727 est:

2138 4771 2400 4842 quidquid
2433 4772 2574 4825 enim
2609 4770 2728 4834 cani
2763 4779 2958 4837 potest,
2995 4769 3043 4822 id
3105 4769 3293 4843 utique
3321 4778 3467 4822 recte
3494 4766 3595 4819 dici
3617 4777 3723 4830 μοι’

2140 4875 2244 4934 test
2273 4863 2558 4918 canticum.
2595 4862 2662 4915 At
2692 4861 2978 4914 κοντάκιον
3013 4869 3098 4914 est
3129 4861 3403 4938 peculium
3431 4856 3699 4943 quoddam

2138 4971 2331 5024 genus,
2360 4963 2418 5007 ut
2443 4961 2664 5022 patetex
2684 4952 3000 5020 (irmcorum
3037 4953 3190 5006 libris
3217 4955 3531 5010 ritualibus,
3559 4951 3698 5001 sicut

2136 5056 2191 5100 et
2226 5046 2364 5112 apud
2423 5045 2642 5098 eosdem
2695 5042 2899 5112 εἱρμοί,
2941 5045 3221 5118 .troparia,
3285 5059 3532 5101 canones,
3569 5039 3700 5090 adat.

2137 5137 2424 5198 theotocia,
2453 5135 2706 5203 στιχηρᾶ,
2741 5133 3074 5201 χαρίσματα,
3100 5133 3424 5202 προσόμοια,
3451 5143 3581 5192 ctc.,
3615 5144 3644 5195 p
3666 5145 3700 5174 :-

2114 5229 2361 5283 -culiaria
2413 5229 2660 5296 quaedam
2718 5232 2845 5282 sunt
2882 5225 3242 5290 ecclesiastici
3273 5214 3698 5281 ritus’tnodular

2137 5319 2323 5382 mina;
2374 5316 2827 5386 quemadmmlutn
2861 5315 3021 5373 etiam
3056 5316 3197 5382 apud
3248 5314 3469 5375 Latinos
3500 5323 3693 5372 versus,

2138 5409 2406 5470 versiculi,
2444 5409 2763 5473 antiphona’,
2823 5405 3102 5474 graduale,
3156 5414 3381 5468 tractus,
3435 5401 3696 5470 sequentia

2137 5512 2189 5556 et
2220 5501 2418 5554 similia
2440 5507 2548 5552 tam
2573 5499 2625 5551 in
2648 5500 2832 5556 divino
2863 5496 3044 5549 missu:
3067 5484 3336 5550 sacriﬁcio
3364 5507 3524 5562 quam
3550 5497 3693 5554 extra

2139 5596 2192 5646 in
2225 5587 3113 5660 precibusecclesiasticisusitata.
3137 5585 3318 5650 Quare
3349 5598 3444 5654 per
3479 5593 3696 5652 genera-

2137 5685 2204 5738 lia
2245 5681 2501 5737 vocahula
2529 5680 2723 5740 idonee
2754 5693 2857 5730 non
2887 5677 3290 5746 exprimuntur.

2208 5774 2462 5831 Secundo
2496 5773 2839 5831 vehementer
2878 5769 3088 5834 dubito,
3123 5783 3250 5822 num
3285 5764 3501 5836 βλέπειν
3529 5754 3687 5826 εὐχάς
