4044 6428
294 351 387 414 153

1370 344 1753 407 GRETSER]
1798 345 1893 405 ΕΤ
1913 345 2149 405 GOAR]
2189 346 2429 410 NOTAE.

3436 344 3538 407 ibi

289 455 502 513 sitillud
522 453 669 524 quod
686 452 800 506 vult
834 452 1064 508 Junius:
1092 467 1216 506 nam
1252 453 1418 520 εὐχὰς
1452 456 1841 525 prosu/fragiis

1951 468 2026 512 est
2051 460 2110 509 τδ
2136 460 2331 529 βραχὺ,
2361 459 2423 512 τὸ
2455 457 2722 528 σύντομον
2754 456 2851 512 καὶ
2885 452 3343 526 συνεσταλμένον,
3369 456 3425 507 id
3458 465 3536 508 est

287 545 453 614 accipi
479 541 617 612 apud
648 541 893 607 Graecos,
925 540 1083 593 etiam
1113 540 1465 602 recentiores,
1499 544 1685 601 nescio
1718 559 1846 595 num

287 636 530 704 exemplo
560 634 745 703 aliquo
769 630 1131 686 demonstrari
1171 641 1356 701 queat.
1390 630 1585 687 Latine
1628 626 1847 702 quidem

289 729 446 797 vulgo
486 726 789 794 accipimus
846 734 967 777 vota
1021 737 1117 789 pro
1166 724 1477 791 su/fragiis:
1513 724 1604 777 sed
1665 726 1851 779 nescio

292 837 416 875 num
454 821 662 881 Crrccis
692 819 807 875 haec
831 818 984 871 notio
1010 827 1220 885 recepta
1238 818 1347 879 sit;
1383 827 1530 872 certe
1550 820 1635 872 vix
1662 818 1848 873 credo.

293 915 350 969 Et
390 915 517 983 quid
552 912 767 967 tandem
801 911 930 964 illud
960 898 1061 975 est,
1094 926 1224 979 pone
1250 910 1577 962 sacerdotem
1608 919 1726 963 vota
1755 927 1847 964 seu

292 1004 547 1073 snﬂ'ragia
599 1004 846 1069 inspicere
880 1002 904 1054 .9
941 1002 1045 1057 nisi
1092 1001 1236 1054 issud
1267 1000 1491 1052 ὄπισθεν
1551 1010 1850 1069 usurpetur

297 1114 386 1161 pro
407 1104 546 1163 post,
583 1104 640 1147 ut
669 1109 860 1149 sensus
893 1097 983 1157 sit,
1019 1103 1142 1163 post
1174 1093 1365 1162 pontil‘t
1387 1108 1482 1147 -etn
1514 1092 1705 1161 inspici
1737 1093 1851 1148 suf-

298 1188 485 1255 fragia,
515 1203 634 1257 qua:
654 1186 853 1257 Graecis
878 1194 931 1240 et
964 1186 1063 1254 ipsi
1096 1185 1305 1241 Codino
1329 1186 1532 1254 passim
1556 1185 1751 1254 ψῆφοι,
1782 1186 1850 1240 ab

298 1279 751 1331 bieromnemone.
774 1275 889 1329 Nec
917 1290 1012 1342 per
1034 1275 1195 1343 εὐχάς
1225 1274 1447 1344 intelligi
1483 1276 1721 1330 arbitror
1750 1277 1849 1334 τὰς

296 1369 574 1438 ἐγγραφξς
602 1366 710 1418 τῶν
737 1365 1050 1435 μαρτύρων,
1078 1367 1309 1433 scriptas
1357 1367 1579 1419 testium
1633 1366 1850 1434 deposi-

297 1467 462 1513 tiones
491 1460 557 1512 de
590 1461 694 1511 vita
727 1466 778 1510 et
805 1458 1047 1510 moribus
1102 1458 1557 1523 ordiuaudorum,
1615 1473 1848 1527 quarum

291 1564 517 1603 examen
539 1548 617 1603 ait
650 1548 851 1604 Citrius
874 1546 1232 1602 commis'sum
1253 1563 1314 1602 ex
1348 1548 1619 1615 imperitia
1639 1548 1853 1617 aliquo-

293 1657 407 1695 rum
428 1639 880 1709 hieromnemoni.
903 1639 960 1692 In
983 1654 1099 1692 eam
1125 1639 1287 1705 igitur
1302 1639 1624 1692 sententiam
1644 1638 1848 1691 inelino

291 1733 453 1803 εὐχάς
509 1733 813 1802 signiﬁcare
868 1731 1318 1802 apud'Codinum
1355 1746 1547 1801 preces
1602 1746 1697 1785 seu
1729 1746 1850 1800 pre-

1962 555 2130 614 breve,
2178 553 2628 621 compendiariam
2678 564 2727 606 et
2786 562 3140 605 contractum.
3219 550 3450 603 Proinde
3504 567 3534 600 ιι

1958 645 2204 698 brevitate
2225 646 2451 698 canticis
2505 645 2824 713 ejuscemodi
2877 660 3065 697 nomen
3111 642 3342 696 inditum
3385 650 3533 706 puto,

1959 754 2059 790 non
2099 738 2305 806 quidem
2341 738 2480 806 quod
2501 739 2735 791 omnium
2769 738 3099 798 breuissima,
3170 735 3260 789 sed
3289 732 3428 803 quod
3453 734 3535 784 in-

1960 839 2037 882 ter
2075 830 2383 882 brevissima
2430 831 2556 883 sint.
2595 829 2912 898 Hujusmodi
2967 844 3085 881 vero
3134 825 3535 880 nomenclatnra

1958 919 2091 973 nulli
2126 922 2259 973 mira
2317 922 2575 982 uideatur,
2621 938 2737 973 cum
2770 922 2826 973 in
2890 919 3191 974 ercorum
3253 914 3533 968 ritualibus

1957 1012 2289 1065 huicsimiles
2330 1012 2511 1065 multis
2545 1014 2891 1079 reperiantur,
2925 1013 3028 1065 imo
3086 1010 3246 1064 etiam
3298 1004 3534 1061 nonnul-

1958 1102 2024 1156 ιω
2052 1119 2195 1156 voces
2226 1119 2345 1170 qua:
2368 1103 2448 1157 uel
2475 1102 2682 1158 Latina:
2739 1106 2951 1157 omnino
3002 1112 3121 1155 sunt
3186 1100 3265 1155 vel
3322 1098 3533 1151 Latinis

1959 1196 2146 1263 affines
2171 1202 2218 1248 et
2249 1195 2313 1247 ab
2366 1195 2473 1248 illis
2521 1197 2673 1265 quasi
2725 1196 2996 1258 deductae;
3047 1192 3350 1261 cujusmodi
3411 1199 3534 1243 sunt

1956 1286 2214 1354 ὠράριον,
2257 1285 2603 1352 μανουά).ιον,
2651 1286 2942 1355 φακέλλων
3002 1293 3050 1336 et
3107 1284 3325 1338 similia.
3391 1281 3532 1345 Quin

1957 1381 2109 1431 etiam
2134 1378 2179 1429 si
2204 1385 2436 1445 tempora
2459 1387 2507 1429 et
2552 1386 2760 1431 a°tatem
2817 1378 2910 1429 τοῦ
2946 1377 3171 1445 ποιητοῦ
3230 1375 3338 1426 τῶν
3405 1390 3533 1424 κον-

1955 1470 2160 1522 τακίων
2190 1482 2507 1535 scrutemur,
2540 1488 2727 1524 nomen
2757 1472 2849 1526 τοῦ
2904 1469 3191 1522 nov-tanton
3241 1467 3385 1520 haud
3452 1467 3536 1519 in-

1956 1561 2125 1613 solens
2145 1561 2428 1625 videbitur,
2459 1577 2576 1615 cum
2608 1561 2879 1616 Romanus
2933 1560 3189 1615 diaconus
3222 1557 3532 1635 Emesenus,

1957 1662 2013 1704 ut
2045 1651 2332 1705 liabeturin
2375 1652 2587 1707 Memeis
2615 1652 2928 1707 ercornm
2960 1668 3137 1706 mense
3171 1651 3389 1705 Octobri
3448 1649 3534 1702 die

1958 1745 2153 1809 prima,
2189 1745 2392 1811 primus
2421 1744 2529 1797 τῶν
2554 1746 2855 1798 κοντακίων
2886 1753 3071 1798 auctor
3092 1752 3143 1797 et
3191 1742 3535 1796 concinnator

290 1827 550 1892 τδῑίοηθεν
583 1840 815 1895 eumque
848 1825 983 1878 nihil
1014 1824 1158 1879 aliud
1184 1824 1316 1879 νθυθ
1341 1839 1502 1893 quam
1534 1824 1848 1877 hiemmne'
1889 1810 1929 1867 Β
1961 1838 2231 1889 Anastasii
2262 1837 2593 1903 imperatoris
2627 1846 2803 1900 atate,
2829 1838 2882 1890 id
2912 1846 2990 1890 est
3018 1838 3161 1889 circa
3186 1850 3386 1888 annum
3423 1832 3535 1885 Do-

293 1933 503 1974 uzonem
547 1926 801 1988 tanquam
829 1916 1114 1970 diaconum
1153 1916 1393 1985 pontiﬁci
1431 1916 1484 1969 in
1513 1915 1735 1981 liturgia
1758 1930 1850 1969 sa—

292 2024 409 2064 cras
432 2023 619 2079 preces
665 2007 917 2062 recitanti
953 2022 1089 2076 pone
1128 2007 1407 2071 assistere,
1460 2021 1528 2060 eo
1558 2006 1717 2059 modo
1743 2021 1850 2075 quo

291 2100 448 2155 etiam
479 2099 619 2168 apud
640 2114 737 2154 nos
759 2098 972 2154 diaconi
1011 2098 1273 2152 assistere
1323 2096 1762 2152 sacrificantibus
1797 2105 1851 2150 et

294 2208 478 2259 preces
507 2207 645 2260 quas
662 2191 889 2248 recitant
909 2190 1153 2261 aspicere
1176 2198 1232 2245 et
1265 2189 1392 2245 folia
1417 2188 1605 2244 itidem
1634 2196 1849 2245 vertere

224 2336 238 2348 ,
294 2284 485 2337 Solent.
517 2283 719 2340 GnE'rs.

359 2373 443 2446 [P.
483 2376 538 2430 5.
571 2375 687 2439 Qua
716 2375 783 2431 de
838 2390 1007 2431 causa
1037 2376 1126 2430 τὸν
1163 2374 1367 2429 κώδικσ.
1400 2376 1500 2442 τῆς
1550 2374 1846 2442 ἐκκλησίας

296 2481 452 2537 penes
482 2481 540 2521 se
569 2476 732 2531 tenet,
763 2467 1182 2536 patriarchieum
1215 2466 1373 2536 139
1401 2465 1651 2520 videlicet
1686 2479 1850 2518 czcre-

296 2557 519 2613 rnoniale
544 2558 622 2611 vel
641 2556 1039 2626 enrbologium.
1061 2559 1367 2612 orationum
1392 2556 1847 2626 promptuarium,

295 2660 351 2703 ut
376 2667 490 2719 quae
510 2661 637 2706 sunt
668 2653 866 2722 agenda
890 2651 1182 2705 dicendove
1205 2659 1481 2721 suggerat.
1508 2647 1703 2719 Gesn]

362 2741 776 2797 Entbt-onismus
804 2758 900 2798 seu
924 2744 1373 2797 enthroniasmus
1413 2751 1465 2795 et
1490 2740 1584 2810 jus
1616 2738 1847 2793 contucii

294 2830 349 2883 in
380 2832 705 2895 cliirotonia,
728 2834 826 2885 hoc
886 2842 968 2887 est
1004 2832 1350 2887 ordinatione
1391 2847 1489 2886 seu
1547 2830 1848 2898 inaugura-

292 2922 455 2983 tioue,
490 2923 742 2978 distincta
769 2934 895 2979 sunt
920 2941 949 2978 a
981 2926 1162 2993 priore
1188 2924 1397 2977 munia.
1429 2921 1635 2977 Gnsrs.

363 3009 446 3080 [P.
472 3012 524 3065 5.
559 3012 816 3083 Reliquiae
848 3016 951 3072 sub
982 3016 1139 3070 altari
1180 3016 1473 3096 reconditas
1505 3016 1558 3068 in
1604 3012 1849 3068 ecclesia

197 3155 202 3159 .
288 3105 700 3160 consecratione
727 3106 1143 3177 ὲνΘρονίζονται,
1203 3116 1341 3163 teste
1399 3106 1734 3174 Eucitologio
1792 3105 1842 3156 in

1953 1928 2081 1981 mini
2118 1928 2615 1995 quingentesimum,
2650 1929 2917 1996 ﬂoruerit,
2955 1941 3056 1997 quo
3111 1934 3339 1994 tempore
3397 1937 3530 1989 pene
3591 1963 3600 1970 .

1951 2032 2231 2090 corruptus
2261 2029 2309 2075 et
2337 2022 2671 2075 adulteratus
2698 2030 2815 2073 erat
2845 2020 3060 2075 Grascus
3096 2034 3289 2082 sermo,
3334 2029 3388 2070 ut
3437 2018 3534 2071 hac

1950 2112 2086 2165 idem
2124 2128 2305 2165 nomen
2337 2112 2565 2165 ostendit
2589 2122 2636 2165 et
2661 2111 2774 2179 ejus
2803 2113 2979 2165 (etatis
3038 2110 3251 2164 locutio.
3316 2109 3380 2162 Et
3416 2107 3533 2161 huic

1952 2205 2170 2273 quidem
2198 2215 2343 2258 recte
2370 2218 2435 2258 ac
2462 2204 2621 2258 docte
2650 2203 2873 2257 Graecus
2898 2204 3025 2257 iste.

2022 2294 2290 2347 (la-terum
2329 2294 2615 2347 κοντάκιον
2650 2295 2827 2348 adhuc
2853 2309 3015 2347 uuam
3052 2291 3334 2345 notionem
3394 2289 3529 2345 sub.

1947 2381 2150 2451 jectam
2187 2381 2402 2436 habet:
2442 2384 2715 2452 signiﬁcat
2757 2382 2904 2437 enim
2958 2381 3124 2435 etiam
3179 2381 3378 2434 librum
3435 2393 3528 2432 seu

1953 2474 2213 2529 volumen
2242 2488 2337 2528 seu
2368 2473 2646 2528 codicem.
2676 2473 2968 2528 Balsamon
3019 2473 3084 2527 ad
3143 2472 3385 2527 Marcum
3437 2485 3531 2539 pa-

1950 2565 2248 2620 triarcham
2308 2566 2761 2630 Alexandrinum,
2802 2566 3074 2635 Respons.
3126 2566 3210 2620 5:
3273 2565 3532 2633 Ἔχοντες

1950 2658 2056 2709 τῶν
2088 2658 2338 2728 συνήθων
2369 2658 2541 2726 ἁγίων
2568 2658 2743 2729 εὐχῶν
2780 2659 3200 2726 ἀπαράλλακτα,
3243 2656 3311 2718 ὣς
3363 2674 3527 2724 μετα-

1952 2751 2229 2819 γραφέντα
2246 2752 2308 2803 ὲκ
2330 2750 2627 2803 κοντακῖων
2652 2750 3224 2819 καλλιγραφηοὲντων,
3243 2749 3328 2800 διὰ
3358 2764 3531 2815 γραμ-

1950 2838 2137 2905 μάτων
2176 2839 2544 2909 νΈλληνικῶν.
2589 2840 3054 2909 Ἀπροςδιονύσως
3088 2840 3246 2911 140
3297 2840 3531 2892 trahitur

1949 2946 1977 2981 a
2009 2930 2287 2985 Glossario
2316 2932 2382 2986 ad
2424 2933 2565 2985 banc
2607 2934 2887 2986 notionem
2950 2934 3241 2985 cont-arioli
3297 2933 3363 2983 de
3419 2945 3567 2999 quo,

1948 3023 2192 3079 Codinus
2227 3039 2277 3078 c.
2316 3024 2347 3076 7
2397 3024 2691 3094 ψάλλοντες
2737 3024 2798 3077 τὸ
2853 3026 3188 3078 κοντάκιονε
3246 3040 3373 3078 nam
3439 3027 3528 3080 hic
3576 3060 3579 3061 ν

1948 3119 2224 3170 contacion
2250 3131 2359 3171 non
2408 3125 2487 3171 est
2550 3118 2721 3171 codex
2775 3132 2871 3172 seu
2914 3118 3170 3171 volumen
3217 3132 3313 3171 seu
3367 3117 3527 3179 liber,

284 3194 476 3249 eodem
516 3195 719 3252 οίίὶοὶοο
757 3197 875 3267 Ipse
928 3200 1220 3269 episcopus
1266 3200 1679 3254 consecratione
1720 3213 1841 3265 pvr-
1874 3182 1914 3236 ε
1947 3209 2043 3263 sed
2068 3210 2317 3263 odarium
2346 3223 2586 3272 sacrum,
2615 3224 2809 3278 nempe
2844 3209 2977 3264 illud
3008 3209 3167 3278 cujus
3194 3209 3528 3273 initium,'ﬂ

282 3296 405 3343 acta
443 3289 635 3350 sedens
664 3304 787 3345 cum
820 3293 1149 3364 presbyteris
1192 3296 1249 3347 ἐν
1288 3293 1584 3363 συνθρϐνῳ,
1612 3294 1664 3345 in
1699 3292 1839 3344 thro-

287 3396 359 3433 no
381 3379 546 3435 altare
575 3383 1048 3465 circumambiente,
1080 3401 1273 3441 rursus
1324 3384 1691 3453 ὲνθρονίζεται
1754 3385 1843 3438 vel

284 3474 705 3545 ἐνθρονιάζεται.
737 3478 884 3553 idem
933 3479 1145 3533 demum
1206 3479 1272 3534 ad
1324 3480 1673 3548 praesulatum
1730 3477 1840 3546 pri-

284 3582 427 3621 mum
456 3576 701 3635 evectus,
726 3585 1146 3643 concessamque
1178 3573 1359 3627 sedem
1385 3582 1635 3626 recenter
1668 3585 1836 3625 occu-

284 3676 439 3727 pans,
482 3663 665 3717 verius
691 3663 1088 3733 ὲνθρονιάζεται
1140 3683 1153 3719 :
1210 3654 1355 3719 unde
1422 3663 1706 3720 Cedrentts
1780 3663 1857 3717 in-

282 3752 605 3808 Constantio
661 3754 749 3807 τὸν
806 3755 903 3825 μὲν
937 3756 1113 3825 inquit
1140 3756 1352 3809 Παῦλον
1379 3756 1633 3827 ἐξορίζει,
1665 3757 1754 3809 τὸν
1782 3756 1839 3809 δὲ

281 3845 611 3900 Μακεδόνων
640 3847 990 3918 ὲνθρονιάζει.
1020 3848 1165 3918 Lego
1191 3866 1355 3921 quam
1399 3851 1634 3905 dilucide
1684 3849 1712 3905 J
1722 3851 1835 3905 uris

279 3937 467 4009 GR.p.
500 3940 596 3994 451
626 3940 974 4011 ὲνϐρονισμόν
999 3958 1096 4010 pro
1143 3943 1404 4011 sportula.
1458 3958 1580 4011 quae
1630 3941 1839 4013 pende-

282 4029 435 4081 batur
462 4029 534 4082 ab
585 4029 844 4099 episcopo
903 4033 1319 4100 pauperioribus
1358 4032 1597 4098 clericis,
1634 4047 1755 4086 cum
1781 4032 1834 4085 in

281 4124 473 4175 solium
522 4123 923 4178 collocaretur:
973 4128 1147 4182 satius
1209 4135 1389 4181 tamen
1450 4141 1694 4182 asseram
1748 4129 1833 4182 vel

283 4213 488 4268 litteras
546 4215 788 4270 ecclesiae
845 4230 1196 4280 consecratae,
1256 4218 1341 4273 vel
1394 4220 1603 4274 similes
1664 4221 1840 4288 ipsius

280 4306 519 4376 episcopi
546 4309 851 4363 consecrati
884 4317 1069 4375 testes,
1105 4310 1186 4364 vel
1215 4310 1447 4380 denique
1476 4312 1652 4377 ipsum
1687 4313 1837 4367 or2li-

281 4400 695 4470 nandiepiscopi
726 4417 789 4457 ac
822 4403 874 4457 in
905 4404 1098 4458 solium
1129 4405 1433 4460 collocandi
1488 4407 1649 4459 ritum
1717 4421 1840 4462 esse

281 4491 684 4561 ἐνεθρονιασμόν.
705 4492 776 4547 Ea
802 4494 867 4548 de
893 4510 1054 4550 causa
1081 4495 1308 4550 observo
1340 4496 1839 4552 bieromnemonem

282 4584 452 4638 adhuc
489 4593 694 4649 tenere,
728 4596 884 4653 prout
916 4587 1183 4642 subditur.
1209 4588 1364 4642 Gosn
1392 4587 1412 4658 ἶ

351 4677 425 4729 Ex
456 4675 547 4729 his
570 4691 692 4743 quae
730 4678 795 4733 de
825 4678 1084 4735 coutaciis
1108 4688 1160 4734 et
1190 4680 1375 4748 εὐχαῖς
1422 4680 1683 4745 diximus,
1710 4682 1804 4751 qui

282 4767 357 4821 vis
388 4768 642 4823 eruditus
697 4769 850 4823 nullo
888 4770 1105 4839 negotio
1131 4770 1399 4839 judicium
1465 4772 1601 4824 feret
1634 4773 1698 4826 de
1729 4773 1841 4839 illis

281 4874 394 4925 qua:
426 4867 827 4914 commentatur
852 4858 903 4912 in
936 4860 1154 4915 scltoliis
1212 4861 1325 4915 suis
1348 4859 1549 4914 Junius
1591 4858 1685 4915 fol.
1710 4862 1838 4925 248,

279 4951 426 5019 249;
470 4951 904 5022 quotiescunque
968 4954 1109 5007 enim
1172 4955 1466 5007 contacium
1532 4955 1838 5009 cantionem

283 5057 372 5095 seu
427 5046 787 5099 conlationem
847 5045 1026 5110 vertit,
1069 5047 1228 5101 toties
1288 5046 1676 5111 Itallttciuatur,
1739 5063 1840 5101 nec

283 5134 469 5190 ullocx
496 5136 616 5191 loco
642 5135 1043 5191 Codiniveruut
1105 5147 1159 5192 et
1210 5137 1445 5192 solidum
1508 5140 1680 5195 errori
1739 5154 1840 5197 suo

281 5227 635 5289 patrocinium
693 5228 939 5287 invenire
994 5237 1187 5298 potest.

354 5316 627 5383 Ascribam
654 5318 737 5383 hic
754 5318 1077 5380 Attconitatti
1109 5322 1390 5392 cujusdam
1425 5323 1636 5391 origine
1662 5322 1833 5377 Grzcci

280 5405 539 5473 judicium
565 5410 632 5463 de
693 5410 963 5475 contact'o,
1008 5412 1159 5480 cujus
1184 5421 1288 5465 tam
1330 5412 1589 5481 irequeus
1651 5412 1701 5463 iu
1756 5412 1835 5464 ri—.

284 5500 519 5554 tualibus
556 5501 869 5556 Graacorum
892 5504 1048 5558 libris
1077 5513 1131 5558 et
1161 5506 1213 5558 in
1246 5506 1455 5565 Codino
1484 5506 1711 5567 mentio.
1742 5505 1834 5575 qui

284 5608 441 5659 super
473 5594 574 5659 bac
600 5610 657 5649 re
695 5603 916 5665 rogatus
958 5595 1103 5651 hunc
1132 5598 1187 5650 in
1253 5599 1471 5652 modum
1511 5601 1789 5666 rescripsit
1819 5615 1833 5652 :

287 5683 572 5735 Κοντάκιον
597 5703 695 5740 non
730 5686 977 5739 Latinam
1008 5704 1200 5748 uocem.
1225 5689 1312 5741 sed
1343 5687 1583 5743 Graecam
1605 5706 1719 5743 csse
1741 5708 1834 5741 ar-

294 5775 473 5839 bitror,
494 5774 610 5841 licet
633 5779 980 5831 vernaculam.
1017 5779 1216 5839 Κοντόν
1247 5780 1382 5835 enim
1429 5780 1578 5835 hodie
1638 5780 1832 5835 (Ii-uris

1954 3302 2221 3370 παρθένος
2249 3302 2511 3372 σήμερον.
2555 3300 2645 3355 Sic
2678 3301 2817 3370 apud
2853 3300 3086 3354 Citrium
3120 3300 3173 3354 itt
3229 3300 3529 3368 Responsis

1953 3394 2019 3448 ad
2046 3394 2350 3449 Cabasilam
2380 3393 2588 3464 (ἄρχων
2624 3395 2732 3447 τῶν
2767 3394 3091 3457 κοντακίων)
3124 3409 3218 3461 per
3283 3396 3529 3448 contacia

1955 3503 2062 3542 non
2097 3489 2336 3553 codices,
2364 3487 2457 3542 sed
2493 3502 2681 3542 sacras
2713 3488 2846 3542 odas
2887 3487 3095 3555 accipe.
3129 3487 3186 3541 [ιι
3220 3496 3411 3541 nostro
3444 3494 3530 3540 ιιι-ς

1956 3595 2078 3632 mcn
2114 3581 2390 3648 proposito
2436 3595 2542 3633 non
2598 3580 2795 3647 injuria
2860 3580 3098 3632 dubitari
3158 3588 3365 3647 posset,
3396 3593 3527 3631 num

1955 3671 2244 3727 Contacion
2297 3672 2495 3725 librum
2541 3687 2609 3725 an
2669 3671 2917 3726 odarium
2961 3671 3229 3743 signiﬁcet
3262 3689 3275 3724 :
3314 3672 3532 3724 videtur-

1954 3761 2096 3813 cnitn
2123 3761 2183 3813 τὸ
2213 3762 2497 3815 κοντάκιον
2516 3762 2613 3831 τῆς
2637 3764 2972 3833 χειροτονίας
2998 3779 3121 3819 esse
3166 3762 3305 3816 liber
3355 3762 3530 3819 rituaa

1954 3852 2042 3917 lis,
2074 3852 2128 3905 in
2156 3868 2264 3922 quo
2292 3853 2426 3908 ordo
2479 3853 2801 3908 chirotouiae
2854 3870 2947 3910 seu
2997 3870 3169 3910 sacrae
3219 3853 3524 3910 ordinatim

1951 3945 2037 3999 nis
2076 3945 2224 4009 insit,
2262 3932 2422 4014 quem
2463 3945 2872 4001 ltieromnemon
2902 3960 3103 4002 teneat.
3134 3946 3276 4001 Nihil
3303 3947 3527 4012 deﬁnio,

1955 4037 2047 4091 sed
2079 4038 2252 4091 solum
2291 4037 2658 4106 suspicionem
2697 4053 2873 4091 meam
2914 4054 3130 4108 promo.
3153 4039 3278 4091 llaec
3306 4040 3371 4092 de
3393 4055 3528 4093 cona

1954 4128 2114 4190 tacio,
2146 4127 2290 4197 quod
2332 4128 2529 4196 szepius
2558 4128 2712 4181 nobis
2734 4138 3004 4181 occurret.
3037 4128 3240 4183 Gnsrs.
3298 4190 3301 4193 _

2026 4214 2109 4286 [P.
2136 4215 2189 4269 5.
2229 4214 2303 4267 Τὸ
2331 4216 2648 4269 κοντάκιον
2678 4218 3045 4285 χειροτονίας
3074 4236 3087 4247 ·
3113 4217 3525 4272 Ordinationnnt

1955 4307 2188 4361 omnium
2224 4307 2460 4361 ordinem
2498 4326 2562 4361 ac
2594 4325 2778 4363 eorum
2823 4310 3071 4364 ritualent
3117 4310 3339 4363 librum:
3372 4310 3526 4365 illum

1953 4399 2098 4453 enim
2121 4402 2405 4453 κοντάκιον
2438 4399 2526 4455 lt'tc
2547 4402 2883 4467 manifestat,
2902 4403 3149 4471 quamvis
3173 4402 3300 4456 alibi
3333 4402 3525 4456 librum

1878 4529 1917 4582 ι)
1955 4489 2229 4545 missalem
2250 4491 2410 4561 vulgo
2432 4492 2653 4557 indicet,
2677 4494 2758 4549 vel
2786 4494 2950 4559 etiam
2978 4494 3193 4547 brevem
3236 4495 3518 4547 modulum

1948 4581 2088 4634 inter
2110 4580 2289 4636 officia
2311 4583 2493 4637 divina
2513 4584 2937 4651 decantandum,
2961 4584 3028 4638 de
3049 4599 3163 4653 quo
3180 4600 3279 4639 nos
3302 4584 3523 4640 abunde

1945 4674 1997 4726 in
2025 4672 2422 4743 Eucltologicis.
2447 4676 2597 4731 Gesn
2624 4675 2645 4747 ]

2013 4764 2075 4821 P.
2103 4766 2158 4821 5.
2192 4765 2504 4822 Secundum
2530 4768 2711 4823 locum
2761 4767 2812 4821 iu
2838 4768 2941 4823 hac
2967 4771 3125 4824 tertia
3162 4768 3402 4825 Peutade
3430 4768 3526 4822 ob~

1944 4859 2078 4911 tinet
2098 4859 2126 4910 ὁ
2148 4858 2240 4913 ἐπὶ
2263 4859 2370 4911 τῶν
2401 4861 2665 4927 γονάτων,
2705 4861 2943 4917 minister
2978 4878 3009 4914 a
3039 4864 3278 4929 genibus,
3299 4859 3525 4929 κρεμῶν

1942 4950 2002 5000 τὸ
2046 4951 2388 5019 ὲπιγονάτιον
2448 4952 2540 5005 τοῦ
2585 4954 2907 5024 ἀρχιερέως,
2960 4953 3259 5022 appendeus
3304 4952 3525 5020 genuale

1946 5043 2259 5106 patriarcha:
2286 5061 2375 5098 seu
2414 5046 2608 5101 summi
2654 5047 2965 5102 sacerdotis.
3001 5044 3077 5098 lla
3146 5044 3373 5111 Junius;
3427 5046 3520 5114 qui

1944 5129 2108 5181 etiam
2138 5130 2197 5181 τὸ
2227 5132 2570 5200 ἐπιγονάτιον
2594 5134 3053 5197 vocatinstratum
3096 5150 3343 5203 genuum.
3372 5136 3518 5203 quia,

1947 5231 2003 5273 ut
2042 5222 2239 5291 inquit,
2274 5240 2390 5285 cum
2420 5224 2726 5293 patriarcha
2778 5227 3274 5295 circumferebatnr,
3314 5236 3370 5279 ut
3400 5244 3520 5296 per-

1943 5322 2155 5379 petuum
2184 5313 2348 5383 ipsius
2383 5314 2450 5366 ad
2485 5314 2786 5384 fundendus
2811 5334 2987 5387 preces
3016 5320 3251 5389 ofﬁciunt
3310 5319 3518 5387 signiﬁ-

1940 5414 2170 5456 caretur.
2207 5403 2431 5474 Mystica
2464 5406 2779 5474 explicatio,
2813 5424 2987 5479 eaque
3038 5390 3259 5480 propter
3291 5411 3516 5480 pulchra

1941 5504 1994 5549 et
2046 5494 2259 5550 festiva.
2292 5494 2501 5555 Forsan
2568 5499 2710 5555 idem
2779 5505 3100 5572 mysterium
3166 5502 3510 5567 signiﬁcatur

1938 5604 2032 5656 per
2055 5588 2356 5655 pulvinum,
2386 5591 2479 5659 qui
2521 5592 2823 5662 principum
2852 5593 3088 5664 genibus
3121 5590 3315 5658 subjici
3343 5598 3400 5648 et
3456 5588 3511 5643 in
3576 5576 3583 5581 ’

1939 5694 2063 5732 cum
2094 5694 2251 5731 usum
2302 5679 2651 5753 circumferri
2708 5686 3014 5738 consuevit.

2008 5769 2164 5833 Addit
2189 5770 2382 5828 Junitts
2413 5793 2427 5829 ς
2450 5775 2559 5829 Hoc
2575 5788 2747 5831 autem
2763 5776 3101 5843 ὲπιγονάτιον
3116 5771 3527 5842 αρρεηάεὺαιιιϊ,
