4044 6432
521 339 625 404 155

1595 341 2009 404 ΙΝῶΙΒῖιῐῖλΙ
2055 343 2150 402 DE
2191 342 2522 412 OFFIClIS
2547 343 2658 407 CP.

3661 356 3754 426 156

517 476 621 512 non
643 457 979 522 patriarcha,
1009 457 1099 510 sed
1120 456 1299 525 pluteo
1332 473 1422 511 seu
1459 461 1690 526 pegmati
1714 461 1766 513 in
1804 461 1943 527 quod
1967 478 2094 528 pro-
2122 475 2167 531 Α
2197 478 2334 530 gone
2367 479 2460 517 seu
2496 464 2683 520 barba.
2718 463 2791 520 lta
2817 467 3068 537 pogonati
3097 468 3270 524 nostri
3298 471 3552 542 nuspiam
3585 474 3761 531 barba:

515 550 757 603 cumbere
786 549 984 602 solebat
1015 559 1287 613 oraturus,
1318 558 1375 601 ut
1408 552 1748 619 magnatibus
1786 553 1902 620 ﬁeri
1931 554 2083 610 solet.

515 643 732 700 Mirum.
765 641 807 694 si
836 641 909 694 ita
939 649 1039 703 cst,
1067 642 1329 710 appellari
1363 643 1730 709 ὲπιγονάτιον,
1763 659 1873 697 non
1906 645 2086 714 potius

519 732 886 798 ὐπογονάτιον.
915 731 1041 800 Logi
1069 733 1229 786 me'ri.
1277 731 1680 799 Ἐπιγονάτιον,
1712 737 1854 803 quod
1905 736 1957 789 in
2009 737 2086 789 ri-

516 823 753 876 tualibus
780 822 1096 877 Graecorum
1125 823 1280 878 libris
1307 825 1469 878 etiam
1495 825 1852 892 ὑπογυνάτιον
1901 829 2087 896 appel-

515 914 673 973 latur,
711 929 814 966 una
849 925 1024 968 estex
1058 915 1296 970 vestibus
1328 916 1526 984 quibus
1585 918 1823 987 episcopi
1873 919 2086 970 sacriﬁ-

515 1003 659 1054 rium
721 1005 994 1072 peracturi
1048 999 1374 1070 induuntur,
1403 1006 1725 1074 dependens
1794 1023 1825 1060 a
1883 1007 2088 1062 lumbis

512 1107 678 1160 super
705 1109 920 1160 genua;
947 1095 1090 1149 unde
1115 1097 1279 1151 etiam
1325 1099 1706 1167 supergenuale
1747 1100 2088 1153 nominatur.
2147 1098 2155 1105 ’

513 1187 616 1248 Qui
671 1185 836 1253 igitur
891 1186 1200 1256 pontiﬁcem
1244 1190 1351 1242 hoc
1396 1191 1728 1260 ἐπιγονατεῳ
1781 1205 1844 1244 ex
1905 1191 2088 1244 ollirio

513 1277 823 1341 amiciebat,
856 1279 902 1332 is
925 1290 1043 1332 erat
1071 1282 1097 1332 6
1123 1280 1212 1332 ἐπὶ
1254 1281 1364 1333 τῶν
1415 1283 1680 1348 γονάτων.
1837 1328 1842 1333 .
1969 1289 1972 1292 ’

584 1369 868 1424 Ascribam
923 1373 1083 1425 verba
1120 1373 1485 1437 Balsamouis,
1559 1378 1758 1445 quibus
1814 1377 2086 1449 imperitia

511 1463 662 1516 Junii
730 1466 1125 1533 proscribelur.
1219 1467 1446 1521 Exstant
1513 1484 1776 1537 respousa
1839 1471 2086 1538 quautam

515 1556 851 1611 llalsamouis
879 1567 1011 1611 tom.
1038 1559 1057 1612 l
1091 1557 1239 1613 Juris
1268 1560 1381 1614 GR.
1405 1559 1470 1613 ad
1505 1563 1797 1614 nonnullas
1827 1564 2088 1630 qmcstio-

516 1663 634 1714 nes,
667 1649 811 1703 inter
839 1665 976 1717 quas
1005 1659 1058 1704 et
1101 1651 1214 1706 bare
1245 1651 1337 1706 l'ol.
1371 1652 1496 1714 58!,
1535 1670 1602 1705 an
1645 1652 1783 1707 licite
1836 1655 2087 1707 sacerdo-

518 1751 612 1798 tes.
632 1741 722 1808 qui
751 1741 1023 1809 hegumeni
1053 1759 1143 1796 seu
1175 1744 1439 1797 antistites
1457 1754 1604 1808 sunt,
1625 1746 1745 1798 item
1767 1751 2087 1815 protopapas’

2190 567 2303 605 suae
2329 552 2570 606 oblivisci
2596 563 2846 622 possunt.

2263 642 2405 698 Ibid.
2458 636 2676 729 Tertius
2710 648 2763 700 in
2799 649 2953 712 tertia
2977 651 3206 720 pentade
3228 655 3356 709 est6
3386 657 3478 708 ἐπὶ
3507 658 3616 710 τῶν
3645 661 3758 729 δεή-

2187 749 2348 800 σεων,
2375 723 2624 806 magister
2649 737 2944 793 libellorum
2967 743 3310 811 supplicium,
3335 745 3524 817 inquit
3541 723 3752 816 Junius,

2187 841 2280 878 seu
2311 827 2586 896 prmfectus
2607 829 3079 898 supplicationibus
3109 851 3122 887 :
3149 835 3306 904 hujus
3329 847 3449 891 erat
3487 854 3586 908 pro
3617 843 3756 912 inju-

2191 919 2270 970 ria
2297 917 2497 985 affectis
2524 921 2764 976 accedere
2778 924 3165 991 imperatorem.
3182 926 3300 981 Non
3323 930 3578 984 meminit
3603 932 3755 1002 lmjus

2190 1006 2483 1060 {unctionis
2507 1008 2730 1078 Citrius,
2762 1011 2865 1066 nisi
2887 1013 3026 1068 forte
3049 1017 3189 1082 apud
3211 1015 3443 1072 Citrium
3469 1020 3751 1089 legendum

2190 1096 2260 1150 sit
2285 1100 2312 1150 6
2338 1098 2430 1150 ἐπὶ
2459 1099 2567 1150 τῶν
2593 1099 2832 1169 δεήσεων
2860 1116 2960 1170 pro
2988 1105 3016 1156 6
3035 1103 3133 1158 ἐπὶ
3163 1105 3272 1158 τῶν
3304 1108 3568 1177 κρίσεων,
3599 1126 3751 1178 quem

2190 1187 2304 1257 ipse
2335 1189 2620 1243 undecimo
2669 1192 2788 1246 loco
2820 1193 2992 1261 ponit.
3037 1193 3292 1250 Nominat
3324 1197 3490 1252 initio
3516 1199 3753 1254 Codinus

2189 1280 2277 1330 τὸν
2311 1280 2403 1331 ἐπὶ
2424 1279 2535 1333 τῶν
2555 1281 2808 1348 κρίσεων,
2841 1283 2966 1338 licet
2986 1299 3109 1339 eum
3141 1296 3327 1355 postea
3358 1287 3414 1340 in
3451 1289 3596 1342 nulla
3629 1307 3753 1358 pen-

2190 1369 2312 1424 tade
2345 1371 2596 1437 eollocet,
2625 1375 2668 1427 si
2697 1384 2874 1429 tamen
2899 1379 3110 1445 primus
3138 1377 3460 1433 ol‘llcialium
3493 1380 3652 1435 iudex
3675 1393 3754 1436 est

2187 1463 2403 1530 Cadini.
2457 1466 2664 1522 Gne'rs.

2262 1554 2447 1628 [Deest
2487 1556 2539 1609 in
2582 1555 2866 1610 Allatianis
2889 1558 2990 1612 boe
3023 1557 3288 1624 ofﬁcium,
3325 1567 3385 1614 ut
3413 1569 3468 1613 ct
3499 1575 3752 1628 sequens,

2191 1648 2407 1701 accensi
2437 1647 2790 1702 ecclesiastici
2819 1648 3122 1714 silentium,
3149 1653 3388 1721 quietem
3423 1661 3478 1706 et
3512 1653 3752 1706 ordinem

2192 1738 2247 1792 in
2296 1740 2539 1800 secretis,
2582 1740 2684 1792 hoc
2725 1748 2807 1792 est
2843 1723 3138 1809 pontiliciis
3193 1743 3588 1808 tribunalibus,
3623 1743 3755 1796 indi-

516 1842 562 1883 et
583 1833 872 1901 episcopus,
894 1836 1221 1902 epimaniciis
1239 1845 1288 1889 et
1309 1837 1626 1906 epigonatiis
1649 1838 2084 1891 condecorentur.
2123 1816 2162 1870 Β
2189 1831 2380 1885 contis.
2401 1831 2599 1904 GOARJ

450 1953 462 1963 -
520 1924 896 1991 Itespondctur
921 1943 934 1976 :
963 1927 1083 1980 Τῶν
1107 1927 1476 1998 battisthnle
1500 1928 1593 1981 καὶ
1616 1930 1977 1996 ὲπιγονατίων
2015 1931 2090 1983 ἱε-

519 2017 734 2084 ρωτάτη
779 2017 1065 2086 ὲνδυμενια
1101 2020 1282 2088 μόνοις
1302 2019 1621 2090 ἀρχιερεῦσι
1641 2020 2088 2091 πεφιλοτίμηται,

514 2108 907 2161 sacratissimus
935 2110 1372 2177 epimaniciorum
1403 2122 1452 2164 et
1493 2112 1912 2181 epigonatiorum
1952 2114 2090 2166 ami-

516 2207 631 2248 ctus
661 2197 788 2250 solis
825 2200 1080 2268 episcopis
1125 2217 1401 2255 concessus
1427 2212 1504 2255 est
1551 2213 1804 2273 tanquam
1863 2205 2089 2274 ﬁguram

521 2289 730 2342 Domini
764 2302 812 2344 et
836 2291 1129 2346 Servatoris
1159 2296 1328 2347 nostri
1361 2293 1456 2348 Dei
1489 2293 1618 2348 Iesu
1675 2296 1878 2349 Christi
1908 2312 2090 2365 geren-

521 2381 678 2440 tibus,
705 2395 754 2434 et
789 2383 910 2434 hinc
951 2385 1112 2435 etiam
1171 2393 1391 2447 peccata
1433 2387 1846 2449 remittentibus,
1876 2398 1924 2440 et
1980 2387 2090 2440 alia

516 2473 587 2524 ad
619 2474 967 2527 imitationem
1016 2477 1214 2530 Christi
1251 2476 1564 2544 facientibus
1592 2494 1708 2546 quw
1731 2478 2090 2532 sacerdotibus

518 2580 620 2616 non
690 2576 812 2617 stmt
863 2583 1134 2622 coitcessa.
1189 2567 1370 2632 Quare
1433 2586 1596 2638 neque
1652 2571 2094 2651 epimanicioruut

518 2673 678 2724 neque
741 2659 1157 2726 epigouatiorum
1247 2661 1442 2714 amictu
1507 2663 1889 2731 insigniuntur.
1947 2662 2091 2717 Nam

515 2748 836 2811 epimanicia
881 2760 1033 2817 typus
1086 2762 1208 2804 sunt
1273 2751 1626 2817 vinculorum,
1685 2754 1870 2822 quibus
1894 2753 2090 2808 Christi

522 2859 706 2894 manus
731 2845 994 2913 colligata:
1024 2845 1240 2912 fuerunt
1272 2847 1483 2916 quando
1525 2848 1594 2900 ad
1645 2851 1943 2917 passionem
1975 2861 2059 2902 ten
2081 2878 2092 2887 -

518 2932 694 2987 debat.
722 2935 1092 3005 Epigonatium
1113 2947 1288 2991 autent
1317 2939 1719 3008 (supergenuale
1751 2951 1899 2992 vocat
1929 2941 2094 2993 inter-

517 3026 884 3093 pres)ﬁgura
919 3036 994 3081 est
1019 3028 1186 3094 lintei,
1239 3029 1377 3098 quod
1436 3030 1609 3082 induit
1660 3030 1918 3084 Dominus
1973 3048 2092 3084 cum

2265 1918 2351 1973 Ib.
2385 1921 2624 1987 Quartus
2655 1932 2738 1978 est
2764 1926 2792 1977 6
2823 1924 2914 1977 ἐπὶ
2945 1924 3055 1977 τῶν
3080 1927 3377 1996 σεκρέτων,
3404 1941 3570 1996 quem
3598 1942 3755 1980 secre-

2194 2013 2392 2066 tarium
2421 2014 2605 2068 dicere
2639 2014 2846 2079 liceret,
2869 2015 2974 2069 nisi
3001 2018 3269 2070 secretarii
3293 2034 3398 2071 vox
3428 2024 3755 2085 usu‘recepto

2187 2103 2297 2172 jam
2325 2106 2626 2159 actuarium
2644 2121 2736 2160 seu
2757 2107 2984 2161 scribam
3009 2122 3102 2163 seu
3126 2112 3395 2164 notarium
3412 2111 3752 2178 signiﬁcaret.

2191 2197 2260 2249 At
2288 2206 2475 2250 noster
2505 2197 2605 2251 iste
2631 2199 2658 2250 6
2680 2199 2773 2250 ἐπὶ
2800 2198 2907 2251 τῶν
2941 2201 3216 2269 σεκρέτων
3251 2200 3402 2254 aliud
3442 2216 3643 2254 munus
3666 2201 3753 2253 ba-

2191 2286 2393 2341 bebat:
2424 2296 2545 2341 erat
2577 2291 2722 2342 enim
2760 2289 3045 2345 institutus
3084 2293 3164 2353 εἰς
3197 2291 3259 2344 τὸ
3304 2290 3502 2343 παύειν
3525 2293 3614 2344 τὸν
3637 2290 3754 2344 λαὸν

2192 2379 2283 2431 ἐπὶ
2315 2378 2376 2432 τὸ
2404 2380 2630 2450 κρίνειν,
2666 2382 3039 2449 compescenda
3066 2383 3280 2451 populo,
3320 2392 3378 2437 ut
3425 2384 3632 2452 judicia
3661 2384 3752 2436 ha-

2193 2472 2435 2537 beantur,
2475 2473 2650 2542 inquit
2672 2473 2890 2536 Junius,
2923 2489 3230 2544 perperam.
3268 2475 3468 2530 Verte:
3507 2475 3638 2544 Ejus
3669 2474 3751 2541 qui

2192 2574 2388 2618 secreto
2427 2577 2616 2635 praeest
2648 2583 2838 2620 munus
2873 2579 2949 2620 est
2977 2578 3058 2631 ut,
3089 2568 3214 2621 dum
3237 2570 3454 2636 judicia
3483 2569 3750 2629 habentur,

2189 2656 2440 2725 populant
2472 2659 2526 2711 in
2557 2659 2722 2728 oﬁ'icio
2751 2660 3040 2725 contineat,
3083 2660 3348 2714 nimirum
3384 2669 3444 2716 ut
3487 2660 3748 2715 silentium

2193 2762 2435 2804 servaret
2465 2751 2751 2820 nullasque
2780 2752 2966 2806 turbas
2987 2753 3192 2817 cieret;
3219 2754 3368 2821 quod
3405 2768 3602 2808 munus
3632 2751 3749 2805 olim

2193 2855 2309 2897 erat
2342 2846 2655 2896 cetariorum
2685 2854 2732 2898 et
2760 2844 3223 2909 cancellariorum,
3265 2855 3328 2898 ut
3358 2861 3520 2915 supra
3556 2841 3753 2898 notavi—

2195 2951 2316 2988 mus
2331 2951 2392 2988 ολ
2414 2935 2736 2989 Casaubono
2754 2937 2818 2990 ad
2835 2936 3132 3003 Augustam
3159 2935 3474 3002 historiam;
3502 2935 3587 2990 ubi
3605 2934 3750 2988 etiam

2193 3027 2398 3081 dictum
2427 3039 2626 3081 secreta
2660 3027 2841 3081 vocari
2867 3028 2984 3082 loca
3013 3027 3104 3082 ubi
3134 3027 3200 3081 de
3228 3029 3463 3098 negotiis
3507 3042 3602 3097 pro
3627 3025 3748 3080 rati-

525 3116 674 3188 141
706 3120 1088 3188 discipulorum
1118 3121 1272 3190 pedes
1297 3122 1445 3177 lavit.
1490 3123 1944 3188 Quemadmodum
1993 3125 2095 3195 igi-
2118 3138 2162 3200 ρ
2197 3137 2300 3174 oue
2335 3122 2580 3174 muneris
2629 3120 2863 3189 quisque
2893 3119 2975 3173 sui
3025 3121 3314 3174 tractaturi
3349 3119 3750 3175 conveniebant.

522 3214 882 3282 turepiscopis
914 3231 1018 3268 non
1079 3215 1442 3269 conceduntur
1505 3233 1566 3270 ea
1621 3218 1934 3271 indumenta
1981 3235 2098 3289 qua:

519 3305 840 3369 patriarchis
860 3313 1104 3358 concessa
1127 3314 1272 3371 sunt,
1307 3315 1362 3359 ut
1391 3323 1575 3360 saccus
1605 3317 1654 3362 et
1702 3311 2092 3379 polystaurion,

521 3398 674 3449 restis
705 3396 942 3449 crucibus
976 3399 1317 3468 undequaque
1344 3401 1645 3469 conspicua,
1667 3403 1743 3456 ita
1767 3420 1860 3457 nec
1879 3421 1939 3458 ea
1988 3407 2098 3474 prio

523 3489 712 3557 vilegia
738 3505 854 3557 qum
884 3484 1139 3559 episcopis
1169 3506 1418 3545 concessa
1473 3502 1598 3547 sunt
1651 3499 1718 3548 ad
1793 3499 2095 3552 sacerdotes

523 3578 805 3646 transferri
827 3591 1069 3647 possunt.
1102 3579 1226 3635 Haec
1261 3581 1570 3638 Balsamon.
1604 3584 1678 3639 Ex
1704 3587 1860 3656 cujus
1920 3591 2098 3644 verbis

524 3669 693 3737 liquet.
739 3671 1105 3739 epigonatium
1172 3673 1477 3741 episcopale
1554 3677 1938 3731 vestimentum
1999 3695 2094 3732 seu

523 3759 902 3814 indumentum
953 3777 1092 3830 esse,
1167 3779 1272 3818 non
1336 3775 1516 3820 autem
1581 3767 1632 3821 id
1692 3770 1841 3838 quod
1897 3768 2097 3825 Junius

527 3851 825 3905 lectoribus
855 3853 1117 3907 venditat.
1147 3853 1352 3910 Gnsrs.

596 3941 681 4013 [P.
715 3929 778 3997 5.,
806 3944 1180 4012 Ἐπιγονάτιον
1238 3957 1618 4002 ornamentum
1651 3958 1730 4004 est
1765 3952 2099 4009 ecclesiasti-

525 4050 671 4099 cum,
697 4035 816 4104 plus
851 4051 1012 4105 quam
1031 4037 1290 4106 palmare,
1322 4047 1374 4093 et
1403 4040 1698 4109 quadrum,
1721 4057 1786 4095 ex
1821 4045 2020 4112 angulo
2045 4054 2099 4100 et

473 4142 482 4152 ·
527 4125 656 4180 fune
707 4127 884 4180 serico
925 4143 1075 4182 zonae
1132 4144 1453 4198 appensum,
1507 4146 1568 4184 ac
1597 4146 1739 4201 genu
1789 4133 2095 4199 sinistrum,

497 4207 671 4273 'unde
726 4219 803 4273 illi
854 4235 1054 4274 nomen
1090 4222 1303 4288 datum,
1349 4223 1708 4287 obumbrans,
1748 4235 1806 4278 ut
1841 4227 2099 4282 Ecclesia:

526 4324 788 4376 sponsum
816 4311 996 4381 gladio
1019 4327 1184 4381 super
1208 4313 1386 4368 femur
1411 4317 1717 4371 accinctum
1743 4325 1796 4370 et
1825 4330 2094 4374 armatum

530 4403 846 4468 adumbrct;
878 4402 1107 4473 ejusque
1137 4405 1236 4459 soli
1273 4407 1561 4474 pontiﬁces
1609 4423 1673 4462 ac
1702 4411 1968 4479 przceipua
2017 4412 2096 4463 di-

525 4495 728 4561 gnitate
768 4496 1013 4564 przeclari
1067 4499 1208 4551 nacti
1267 4508 1395 4552 sunt
1435 4514 1594 4552 usum
1629 4516 1642 4564 ;
1684 4509 1740 4552 et
1777 4500 1844 4554 ab
1880 4515 1965 4572 eo,
2003 4503 2094 4570 qui

527 4586 842 4652 pontificum
877 4589 1032 4642 zonis
1063 4589 1237 4657 attigit
1269 4589 1538 4649 minister,
1573 4592 1599 4640 ὁ
1631 4591 1743 4655 ἐπὶ,
1776 4591 1855 4643 vel
1886 4601 1946 4645 ut
1975 4593 2093 4658 alii,

526 4677 632 4728 ὑπὸ
661 4677 767 4729 τῶν
791 4680 1035 4748 γονάτων
1060 4679 1476 4748 appellationem
1508 4680 1596 4735 hic
1629 4682 1847 4750 accipit.
1880 4682 1953 4738 De
1986 4701 2095 4754 quo

526 4767 843 4822 Ailatiana:
888 4769 947 4820 Ὀ
1003 4769 1108 4821 ὑπὸ
1155 4770 1422 4836 γονάτων,
1457 4771 1583 4824 ὅταν
1639 4773 1966 4826 ἀλλάσσουσι
2006 4775 2096 4828 τὸν

526 4858 810 4928 ἀρχιερέα,
847 4862 1005 4929 φορεῖ
1053 4859 1202 4929 αὐτῷ
1237 4860 1297 4912 τὸ
1338 4862 1721 4929 ὑπογονάτιον,
1776 4866 1992 4935 κρατῶν
2040 4866 2095 4918 δὲ

528 4939 625 5013 και
658 4951 747 5003 τὸν
777 4951 962 5004 δίσκον
992 4954 1048 5003 ἐν
1075 4954 1139 5022 τῇ
1175 4953 1490 5021 λειτουργίᾳ.
1520 4954 1798 5023 διδομένου
1834 4955 1964 5023 παρ’
1999 4957 2096 5009 αὐ-

527 5040 622 5102 τοῦ
642 5042 734 5096 τοῦ
760 5043 922 5109 ἁγέου
955 5046 1123 5113 ἄρτου
1155 5044 1232 5113 τῷ
1265 5044 1402 5113 λαῷ.
1439 5046 1590 5099 Gosn
1622 5043 1640 5115 ]

602 5131 840 5186 Vocatur
867 5135 1027 5189 etiam
1080 5140 1330 5203 γονάτων
1359 5139 1514 5207 quasi
1551 5138 1791 5208 genuule.
1819 5137 2100 5196 Cabasilas

533 5227 586 5276 in
619 5226 940 5279 Glossario:
976 5228 1085 5278 Καὶ
1112 5230 1280 5280 τύπον
1312 5230 1430 5282 τινὰ
1467 5230 1742 5301 ῥομφαίαις
1773 5231 2101 5297 περιζωννύο

531 5334 652 5380 eos:
701 5318 884 5384 αὐτὸν,
921 5319 979 5370 τὸ
1025 5319 1318 5390 λεγόμενον
1348 5324 1618 5389 γονάτων,
1650 5324 1676 5375 ὃ
1731 5325 1866 5392 πρὸς
1915 5326 2097 5394 σχῆμα

536 5408 724 5474 gigni);
759 5408 1183 5475 ἐσχημάτισται.
1236 5410 1434 5463 Gnts'rs.

600 5497 764 5569 [Ibid.
784 5499 1214 5566 Ἐπί-γονάτων.
1247 5501 1395 5554 Alias
1425 5501 1801 5567 ὐπογονᾶτιον.
1835 5500 2033 5571 ϐοΑιι.]

599 5591 862 5658 Lepidum
896 5602 948 5646 et
983 5592 1090 5646 risu
1123 5594 1345 5662 dignum
1384 5594 1623 5648 arbitror
1659 5595 1802 5662 quod
1834 5594 2092 5647 Salomon

532 5668 897 5754 Sweiggerns,
930 5686 1227 5752 predicaus
1266 5686 1513 5751 Noricus,
1543 5686 1575 5736 Ι.
1615 5701 1649 5736 ιι
1710 5686 1793 5736 sui
1824 5683 2096 5751 "ultr-po-

537 5773 630 5827 rici
667 5791 713 5828 ο.
750 5777 818 5828 6‘2
853 5786 1053 5830 vestem
1099 5778 1236 5831 banc
1282 5787 1432 5830 vocat
1496 5775 1870 5841 π‹ν›γ‹ι›·.εάτιον,
1921 5790 1948 5827 a
2002 5787 2068 5842 po

2199 3211 2329 3265 lude
2378 3211 2433 3265 in
2472 3209 2603 3290 lure
2638 3210 2755 3265 GR.
2792 3210 3081 3278 aliquoties
3136 3213 3462 3280 σεκρετικδν
3522 3200 3755 3276 ἁξῐωμαέ

2197 3302 2432 3372 dignitas
2466 3302 2687 3355 curialis
2717 3301 2873 3372 142
2909 3302 3024 3355 sive
3051 3302 3349 3355 senatoria.
3384 3299 3525 3354 llinc
3545 3309 3598 3353 ct
3626 3297 3754 3365 pala-

2197 3396 2311 3449 tina
2361 3394 2597 3463 dignitas
2661 3395 2801 3463 apud
2867 3393 3133 3450 Codinum
3184 3408 3239 3462 p.
3279 3395 3370 3462 £0,
3400 3393 3510 3450 0.2
3550 3405 3752 3461 πρωτα-

2199 3485 2490 3554 σηκρῆτις,
2524 3501 2628 3539 vox
2661 3501 2724 3540 ex
2757 3485 2944 3540 Graeco
2978 3494 3030 3539 et
3069 3483 3260 3539 Latino
3313 3493 3592 3557 compacta
3624 3482 3754 3552 (pro-

2198 3579 2596 3631 tosccretarium
2629 3576 2798 3647 aliqui
2857 3578 3188 3645 nominant),
3221 3577 3385 3647 longe
3410 3578 3653 3631 diversus
3689 3569 3750 3624 ab

2155 3659 2157 3661 1
2198 3670 2304 3723 isto
2335 3677 2526 3722 nostro
2557 3670 2648 3737 qui
2693 3668 2897 3721 dicitur
2942 3669 2970 3721 6
3001 3669 3092 3720 ἐπὶ
3119 3667 3226 3720 τῶν
3284 3670 3561 3737 σεκρέτων
3592 3683 3605 3718 :
3639 3675 3752 3716 nam

2197 3757 2470 3826 illcjudes
2501 3767 2638 3823 erat,
2692 3757 3042 3827 biejndicnm
3077 3769 3132 3811 et
3167 3768 3396 3812 senatus
3428 3754 3753 3811 administer.

2196 3847 2379 3914 Quare
2424 3858 2484 3902 ut
2539 3847 2759 3902 nomine
2804 3863 2927 3902 eum
2969 3847 3176 3902 Latinis
3207 3846 3384 3904 Graeci
3419 3844 3752 3905 conveniant,

2197 3948 2392 3992 neutro
2427 3947 2603 3992 tamen
2637 3940 2798 3992 modo
2828 3940 3164 3992 conveniunt
3192 3953 3250 3994 rc
3279 3940 3626 4012 signiﬁcata:
3656 3935 3748 3986 La.

2200 4029 2328 4084 tiuis
2357 4031 2501 4082 enim
2532 4031 2852 4083 secretarius
2882 4029 2994 4100 jam
3048 4031 3208 4100 vulgo
3248 4044 3337 4087 est
3364 4029 3638 4086 actuarius
3667 4039 3752 4080 scn

2196 4120 2396 4184 scriba,
2423 4130 2529 4177 etc.
2561 4120 2674 4176 Etsi
2704 4123 2806 4175 bac
2843 4122 3067 4176 notione
3098 4137 3199 4175 vox
3232 4122 3351 4178 haec
3383 4123 3520 4193 apud
3548 4120 3751 4174 Grmcos

2197 4226 2415 4281 quoque
2444 4220 2716 4277 occurrat,
2749 4213 2841 4280 qui
2872 4222 2926 4266 et
2965 4212 3106 4266 bane
3137 4230 3168 4266 a
3197 4215 3408 4268 secretis
3432 4225 3585 4267 suam
3617 4207 3752 4262 fece-

2201 4315 2328 4358 runt
2367 4312 2421 4356 et
2443 4306 2496 4356 in
2523 4319 2688 4357 unam
2731 4304 3058 4369 conﬂarunt,
3085 4306 3386 4375 ἀσεκρῆτις
3417 4304 3500 4358 vel
3532 4296 3754 4366 ἀσεκρή-

2197 4415 2316 4467 της.
2352 4397 2508 4467 Apud
2530 4399 2760 4454 Citrium
2795 4408 2942 4453 tenet
2970 4401 2997 4452 6
3025 4400 3119 4451 ἐπὶ
3146 4400 3255 4452 τῶν
3285 4399 3558 4470 σεκρέτων
3587 4396 3751 4447 locum

2129 4475 2171 4527 Ῐ)
2201 4491 2492 4545 decimum.
2531 4492 2916 4561 Ἀσηκρήτειον
2940 4493 3078 4561 apud
3101 4491 3410 4546 Cedrenum
3436 4494 3487 4544 in
3512 4483 3755 4542 Micbacle

2205 4581 2531 4650 imperatore
2551 4591 2633 4637 est
2655 4583 2808 4637 curia
2857 4599 2950 4637 seu
2994 4584 3146 4638 locus
3192 4581 3503 4638 secretioris
3529 4573 3752 4631 consilii,

2207 4672 2289 4724 vel
2321 4672 2475 4727 locus
2501 4671 2592 4727 ubi
2639 4673 2920 4727 sccrelarii
2970 4674 3324 4727 conveniunt.
3377 4671 3432 4726 ln
3466 4665 3754 4723 Pseudoca—

2204 4762 2382 4816 rolino
2399 4779 2563 4833 opere
2593 4763 2664 4818 De
2684 4763 3020 4834 imaginibus,
3040 4781 3116 4830 1v,
3139 4765 3194 4829 9,
3221 4765 3385 4820 unica
3413 4760 3643 4818 dictione
3667 4769 3752 4806 OC-

2207 4855 2379 4908 eurrit
2406 4855 2676 4912 Asecreta.

2274 4943 2334 4998 P.
2371 4945 2423 4998 5.
2458 4945 2718 5014 Sequitur
2748 4947 2971 5015 quintus
2999 4948 3026 5000 6
3061 4947 3151 5000 ἐπὶ
3185 4946 3283 5017 τῆς
3313 4947 3464 5016 ἱερᾶς
3493 4931 3753 4994 καταστά-

2204 5053 2362 5100 σεως,
2379 5037 2657 5106 prmfectus
2676 5055 2825 5092 sacro
2848 5040 3186 5104 consistorio,
3209 5039 3286 5092 ait
3306 5037 3517 5093 Junius.
3548 5025 3754 5083 Rectius

2205 5129 2259 5183 in
2287 5127 2418 5183 Jure
2445 5129 2559 5184 GR.
2587 5131 2868 5200 prcefectus
2892 5148 3059 5186 sacra:
3081 5131 3320 5194 stationi,
3349 5127 3503 5194 cujus
3517 5131 3591 5175 est
3618 5113 3752 5170 ἐντὸς

2203 5221 2296 5274 τοῦ
2333 5223 2594 5291 βήματος,
2616 5224 2756 5276 intra
2778 5223 3196 5284 tabernaculum,
3219 5223 3362 5292 intra
3386 5217 3554 5270 αιιιινε
3572 5211 3754 5304 ίρδυξηυ

2204 5313 3060 5382 εὐταξίαν,1·υ‹ῖιιιιιιιιοιιίιιιιιιίιιιθ
3079 5313 3347 5373 ordinem.
3363 5311 3673 5374 ρθηδθννπθ
3689 5307 3755 5382 in.

2213 5415 2292 5458 ter
2319 5404 2595 5458 ministros
2619 5414 2672 5458 et
2691 5406 2844 5458 alios.
2878 5405 3032 5458 Errat
3056 5407 3200 5458 enim
3232 5402 3441 5459 Junius,
3473 5381 3757 5484 (Ι¹¹ί-1’¹’,⁴Ϊί(”

2207 5496 2275 5549 cti
2299 5495 2459 5561 hujus
2487 5511 2686 5548 munus
2704 5496 2808 5547 alio
2828 5495 3011 5547 trahit-
3037 5495 3104 5546 At
3129 5494 3253 5546 locis
3275 5491 3380 5543 illis
3397 5481 3755 5570 secretioribus,

2208 5587 2384 5655 inquit
2405 5585 2621 5648 Junius,
2643 5588 2846 5656 juclices
2875 5589 2941 5639 ad
2963 5586 3190 5639 tribunal
3207 5581 3424 5638 consilio
3443 5583 3589 5640 ειη]νο
3610 5572 3753 5656 vett!!-

2206 5683 2350 5742 bmtt,
2379 5680 2465 5732 ubi
2490 5680 2721 5732 ordinem
2747 5681 2789 5730 is
2821 5679 2910 5747 qui
2937 5680 3169 5744 proxime
3192 5654 3752 5745 sbquiturprocurabﬂlp

2205 5773 2232 5822 6
2255 5773 2343 5823 ἐπὶ
2375 5773 2470 5840 τῆς
2511 5773 2660 5842 ἱερᾶς
2687 5773 3066 5834 κλταστάσεως
3102 5771 3327 5825 scilicet.
3359 5763 3554 5816 (ἔθετε.
