4044 6432
293 331 389 396 ῙΖἹ

1374 341 1417 400 G
1433 341 1673 402 RETSE
1687 343 1762 401 R1
1803 343 1893 402 ET
1929 344 1971 400 G
1987 343 2072 401 ΟΛ
2085 344 2168 405 RI
2189 346 2448 412 ‘NOTIE.

3432 358 3533 428 158

352 447 451 518 ['0
483 447 577 500 ἐπὶ
614 449 724 515 τῆς
747 451 913 520 Ιερᾶς
933 454 1380 521 καταστάσεως.
1400 459 1480 522 Si,
1506 459 1836 512 utconseutit

1954 458 2101 526 leges
2125 461 2432 530 ponit,.nec
2462 463 2550 518 hic
2582 463 2806 520 Patrum
2839 467 3078 543 sa_ncita,
3113 469 3218 524 nisi
3251 471 3318 526 ad
3349 475 3534 529 mode-

249 584 257 590 .
289 540 532 607 Ailatius,
581 540 722 596 idem
755 541 848 612 qui
894 542 988 596 ἐπὶ
1027 544 1279 610 εὐταξίας
1315 546 1497 612 fuerit,
1523 548 1589 604 de
1620 549 1716 610 illQ
1743 551 1857 604 haec

287 633 402 700 ejus
428 647 561 687 mss.
594 651 610 688 :
641 633 698 685 Ὀ
727 634 822 686 ἐπὶ
847 634 1101 702 εὐταξίας
1125 637 1338 694 ἵσταται
1368 643 1466 695 καὶ
1495 641 1710 710 δέχεται
1736 641 1862 704 τοὺς

286 726 545 792 ἄρχοντας
580 725 676 776 καὶ
703 725 895 796 στήκει
923 728 1120 792 αὐτοὺς
1153 730 1294 784 κατὰ
1320 732 1418 800 τὴν
1442 731 1621 796 τάξιν,
1656 732 1859 801 μᾶλλον

285 816 339 868 δὲ
368 816 462 869 καὶ
489 817 560 870 νὰ
586 816 865 874 καθίσουν.
891 821 1108 875 Addunt
1134 823 1272 877 alia:
1294 825 1380 876 Νὰ
1408 823 1628 893 ὁρίζουν
1655 823 1743 878 ἵνα
1772 841 1860 892 φι-

287 906 547 962 λοκαλοῦν
575 910 668 962 καὶ
701 909 766 964 νὰ
802 910 1040 967 πλύνωσι
1068 913 1166 978 τὰς
1201 915 1497 985 κανδήλας.
1525 914 1730 970 Verum
1756 930 1856 969 no-

290 999 492 1052 minum
518 1000 724 1056 omisso
742 1001 1076 1068 discrimine,
1096 1005 1378 1060 dicendum
1407 1005 1697 1064 manifesto
1727 1007 1857 1078 περὶ

287 1088 377 1140 τοῦ
421 1089 514 1142 ἐπὶ
542 1091 643 1160 τῆς
689 1093 842 1163 ἱερᾶς
873 1094 1261 1159 καταστάσεως
1294 1113 1307 1150 :
1341 1097 1408 1150 de
1435 1111 1543 1166 quo
1566 1112 1676 1152 non
1702 1095 1854 1151 Alla-

289 1180 433 1234 tiaua
465 1195 626 1248 mss.,
651 1185 742 1242 sed
777 1184 956 1240 Allatii
986 1186 1158 1255 ipsius
1189 1202 1405 1253 manus,
1429 1188 1522 1242 ubi
1559 1188 1626 1243 de
1659 1203 1855 1243 recen-

287 1271 485 1325 tiorum
522 1271 836 1329 Graecorum
866 1277 1103 1346 templis.
1131 1277 1206 1333 Ne
1245 1279 1504 1344 ministri,
1534 1278 1626 1347 qui
1652 1289 1705 1334 ut
1733 1279 1854 1348 plu-

282 1363 723 1434 rimumjuvenes
746 1377 894 1434 sunt,
915 1369 980 1423 ad
1009 1370 1306 1424 ludendum
1333 1371 1591 1441 prompti,
1618 1371 1852 1438 ineptias

282 1467 437 1524 agant
465 1468 520 1509 et
546 1457 716 1512 risum
756 1460 1017 1523 excitent,
1057 1462 1349 1530 prefectus
1377 1463 1484 1516 illis
1506 1463 1597 1515 ἐπὶ
1627 1462 1725 1530 τῆς
1765 1464 1844 1514 ts-

282 1550 378 1618 pi;
407 1550 814 1618 καταστάσεως,
845 1553 1122 1621 praefectus
1145 1570 1297 1608 sacro
1317 1555 1633 1609 consistorio
1653 1553 1848 1608 inJure

280 1638 417 1702 CIL,
449 1649 503 1693 ct
548 1639 799 1696 Gretsero
855 1645 1132 1713 praefectus
1191 1661 1354 1701 sacrm
1397 1644 1640 1706 stationi,
1678 1659 1842 1713 quam

279 1739 447 1795 recte,
487 1731 591 1801 ipsi
627 1733 881 1788 viderint.
916 1734 1024 1806 Ego
1058 1746 1323 1794 verterem
1353 1737 1694 1793 moderandis
1727 1729 1845 1792 mo-

281 1821 422 1875 ribus
449 1824 532 1878 vel
563 1824 849 1896 dirigendis
870 1828 1058 1882 ritibus
1090 1831 1256 1883 sacris
1274 1847 1334 1884 ac
1360 1830 1846 1896 constitutionibus,

278 1927 338 1966 ex
374 1915 692 1969 recentioris
730 1916 926 1986 lingua:
948 1917 1145 1974 Graeca:
1173 1922 1547 1989 proprietate;
1591 1922 1644 1976 in
1679 1937 1740 1976 ea
1773 1923 1847 1976 si-

280 2003 495 2070 quidem
527 2006 858 2070 κατάστασις
908 2023 1016 2064 non
1063 2020 1142 2064 est
1175 2012 1356 2075 statio,
1391 2013 1486 2068 sed
1515 2012 1628 2081 ipsa
1665 2013 1844 2068 homi-

281 2099 358 2152 nis
382 2099 646 2162 conditio,
672 2101 830 2167 ritus,
852 2103 1006 2168 ordo,
1051 2105 1370 2160 constitutio
1391 2114 1445 2161 et
1470 2121 1650 2161 mores
1674 2125 1686 2160 :
1719 2107 1848 2162 hinc

280 2188 551 2243 hominem
585 2191 772 2246 dicunt
799 2194 1196 2262 ἀκατάστατον,
1225 2213 1334 2253 non
1355 2200 1446 2268 qui
1476 2214 1583 2254 non
1602 2201 1844 2264 stat,setl

279 2278 366 2346 qui
400 2279 669 2348 improbis
699 2283 1028 2355 inSnlsisque
1066 2289 1310 2344 moribus
1340 2299 1443 2345 est.
1481 2291 1573 2346 Sic
1605 2307 1729 2354 cum
1761 2294 1844 2346 vi-

280 2367 401 2421 dent
424 2371 662 2440 aliquem
688 2374 835 2427 nulla
861 2375 1192 2432 discretione
1218 2379 1526 2448 praeditum,
1557 2381 1710 2450 quasi
1743 2381 1841 2434 ad-

280 2459 566 2515 miratione
584 2463 732 2518 ducti
762 2465 837 2517 ίδε
875 2468 1232 2535 κατάστασιν,
1259 2472 1403 2539 quod
1434 2473 1522 2526 alii
1555 2473 1837 2529 σύστασιν.

279 2549 454 2619 Neque
471 2553 619 2608 aliud
640 2556 799 2614 nobis
818 2556 995 2615 innuit
1011 2560 1152 2627 quod
1174 2564 1315 2630 apud
1333 2563 1593 2633 Cyrillum
1616 2564 1844 2636 Scytho-

277 2644 569 2709 politanum
602 2647 656 2702 in
684 2647 806 2704 Vita
845 2651 904 2705 S.
931 2651 1084 2707 Saba:
1109 2655 1302 2724 legitur
1335 2673 1350 2709 :
1379 2657 1560 2726 Ἔχων
1589 2659 1707 2727 μεθ’
1742 2661 1838 2712 αὑ-

275 2734 362 2785 τοῦ
387 2735 772 2806 δευτερεύοντα
798 2741 896 2811 τῆς
924 2743 1031 2796 τῶν
1055 2744 1420 2800 κοινοόιακῶν
1445 2750 1839 2813 καταστάσεως

275 2829 595 2896 φροντίδων,
633 2831 852 2886 habebat
905 2850 1080 2894 secum
1104 2838 1342 2908 praefecti
1382 2841 1516 2895 vices
1552 2852 1834 2910 gerentem,

275 2923 352 2972 cui
382 2924 674 2978 etenobitici
708 2927 908 2982 ordinis
943 2932 1186 2984 servandi
1229 2948 1358 2987 cura
1399 2935 1681 2990 commissa
1732 2944 1832 2990 est.

274 3012 334 3068 Et
364 3016 499 3072 infra
523 3038 536 3073 :
579 3021 975 3089 Ἀναγκάζεται
1003 3025 1058 3078 δὲ
1083 3026 1182 3094 τὴν
1211 3027 1627 3083 ἀκαταστασίαν
1651 3033 1834 3085 εἰπεῖν

259 3103 722 3178 ’φρατριασάντων
773 3114 1062 3185 ἑξήκοντα.
1107 3119 1171 3172 Et
1219 3135 1479 3176 rursum:
1513 3123 1623 3176 Τοῦ
1677 3117 1904 3192 βασι-Ο

273 3197 403 3261 ὶέως
443 3200 796 3259 Ἀναστασίου
838 3208 1082 3277 σφοδρῶς
1113 3211 1674 3279 ἀγανακτοῦντος,καὶ
1727 3218 1834 3270 πᾶ-

277 3306 369 3343 σαν
391 3293 486 3364 τὴν
517 3299 660 3358 κατὰ
685 3299 1047 3371 Παλαιστίνην
1069 3305 1528 3376 ὲκκλησιαστικὴν
1558 3309 1834 3361 κατάστα-

272 3401 353 3438 σιν
387 3389 687 3459 ἀνατρέψαι
727 3395 820 3469 καὶ
867 3398 1117 3464 συγχέειν
1165 3398 1530 3468 πειρωμένου.
1580 3397 1687 3455 Et:
1720 3401 1830 3454 Τοῦ

267 3483 363 3554 τὴν
399 3485 592 3536 ἕνωσιν
642 3486 735 3538 καὶ
781 3487 1003 3557 εἰρήνην
1053 3487 1161 3541 τῶν
1210 3489 1520 3553 ἐκκλησιῶν
1578 3492 1830 3562 συγχέειν

270 3575 660 3638 σπουδάζοντος
711 3578 806 3628 καὶ
849 3579 1098 3646 ταραχῆς
1138 3580 1231 3632 καὶ
1285 3582 1700 3642 ἀκαταστασίας
1758 3583 1830 3635 τὰ

268 3666 443 3718 πάντα
483 3665 888 3736 πληρώσαντος.
919 3668 984 3723 Et
1009 3671 1364 3742 ltypotyposis
1395 3673 1575 3728 Studii
1607 3691 1622 3729 :
1667 3675 1832 3728 ’Υποο

264 3757 508 3820 τύπωσις
539 3759 637 3810 σὺν
667 3759 784 3828 Θεῷ
823 3763 1193 3823 καταστασίας
1221 3764 1319 3832 τῆς
1349 3765 1514 3833 μονῆς
1529 3765 1638 3818 τῶν
1669 3767 1830 3820 Στου-

264 3849 411 3902 δίων.
441 3847 673 3914 Εὖταξία
705 3865 863 3920 porro
888 3869 991 3906 non
1019 3861 1224 3908 tantum
1247 3854 1424 3910 bonus
1443 3856 1578 3910 ordo
1603 3866 1708 3921 est,
1732 3857 1824 3912 sed

264 3957 444 3996 mores
459 3943 740 4009 compositi
760 3955 1012 4012 recteque
1037 3947 1345 4012 constituti,
1363 3949 1823 4017 quemadmodum

221 4025 228 4029 ’
261 4034 569 4103 oppositum
602 4033 798 4098 ἀταξία
821 4036 959 4090 male
984 4038 1344 4106 morigeratos
1365 4048 1536 4094 notat.
1565 4041 1824 4108 Propter-

262 4138 317 4175 ea
357 4134 420 4176 ut
449 4123 751 4193 juventutis
815 4125 1046 4195 impetus
1086 4141 1498 4197 compescerent
1541 4141 1594 4186 et
1627 4133 1824 4186 immo-

261 4215 751 4284 deratosjuvenum
777 4233 956 4274 mores
984 4219 1266 4274 frenarent
1290 4236 1353 4275 ac
1379 4223 1552 4276 turbis
1582 4223 1823 4292 rixisquc

261 4308 477 4360 modum
507 4315 794 4375 ponerent,
821 4307 909 4360 τὸν
946 4307 1101 4380 143
1134 4310 1226 4362 ἐπὶ
1250 4310 1348 4378 τῆς
1373 4311 1524 4376 ἱερᾶς
1549 4314 1817 4367 καταστά·

262 4412 395 4459 eam;
431 4396 484 4449 in
535 4396 766 4462 bemate,
799 4397 866 4452 ad
907 4398 1048 4452 sacri
1081 4399 1266 4454 altaris
1297 4400 1462 4466 latus,
1517 4402 1819 4459 constitue-

1964 546 2124 598 stiam
2159 556 2424 614 spectent,
2455 547 2798 604 observanda
2846 553 3123 620 pr0ponit.
3155 555 3328 626 Regia
3370 574 3536 629 supc-

1971 637 2086 688 rius
2122 636 2282 689 allata
2319 653 2336 691 :
2382 637 2440 690 Ὀ
2463 639 2555 692 ἐπὶ
2588 643 2687 707 τῆς
2728 643 2881 710 ἱερᾶς
2921 644 3311 711 καταστάσεως
3357 650 3438 713 είς
3476 651 3536 703 τὸ

1966 729 2140 780 ποιεῖν
2170 727 2447 794 εὐταξίαν.
2477 729 2675 803 ϐοΑιι.]

2539 865 2770 922 CAPUT
2806 868 2945 925 Vill.

2021 973 2096 1028 De
2145 988 2336 1043 quarta
2392 955 2616 1048 pentade
2668 985 2974 1064 ofﬁciorum
3015 953 3065 1041 et
3133 987 3472 1059 ofﬁcialium.

2029 1090 2091 1145 P.
2116 1090 2172 1145 ὅ.
2211 1091 2422 1150 Primas
2447 1094 2500 1150 iu
2533 1109 2726 1168 quarta
2765 1102 2998 1170 pentade
3031 1103 3242 1161 obtinet
3275 1108 3304 1159 ὑ
3326 1107 3529 1174 ὑπομι-

1960 1183 2243 1252 μνήσκων,
2273 1185 2527 1253 monitor,
2561 1189 2737 1258 inquit
2762 1192 2980 1254 Junius.
3013 1195 3093 1256 είς
3123 1196 3184 1248 τὸ
3216 1197 3530 1267 ἐνθουμίζειν

1956 1274 2045 1327 τὸν
2076 1276 2337 1346 ἀρχιερέα
2394 1281 2696 1348 μυστικῶς.
2733 1285 2865 1353 Ego,
2908 1286 2954 1340 si
2987 1303 3120 1342 usus
3148 1287 3310 1354 ferat,
3343 1291 3526 1344 malim

1951 1375 2304 1434 suggestorem
2342 1385 2362 1422 :
2409 1385 2532 1426 nam
2601 1373 3046 1445 ὑπομιμνήσκειν
3098 1387 3182 1434 est
3232 1397 3530 1450 suggerere,

1953 1457 2114 1510 menti
2137 1456 2414 1523 subiicere,
2449 1469 2502 1515 et
2531 1473 2588 1516 ut
2627 1463 2871 1520 Codinus
2897 1468 3160 1536 loquitur,
3193 1470 3527 1539 ὲνθυμίζειν,

1954 1547 2114 1616 quasi
2143 1548 2346 1620 aliquid
2369 1553 2424 1604 in
2454 1564 2621 1608 mente
2635 1567 2926 1623 ponerent
2947 1569 3031 1615 est
3055 1559 3317 1630 quiddam
3342 1563 3532 1617 restri-

1951 1637 2096 1692 ctius
2116 1641 2406 1712 minusque
2427 1643 2609 1701 fusum
2639 1663 2802 1718 quam
2829 1666 3037 1706 monere
3053 1666 3072 1705 :
3101 1667 3225 1708 nam
3243 1661 3296 1708 et
3323 1668 3530 1709 memo-

1952 1744 2065 1784 rem
2100 1748 2322 1790 moncre
2363 1751 2682 1804 possumus.
2731 1739 2956 1798 Videtur
2985 1760 3119 1815 ergo
3145 1745 3388 1804 ofﬁcium
3431 1747 3527 1802 τοῦ

1953 1821 2468 1894 ὑπομιμνήσκοντος
2497 1829 2601 1884 hoc
2646 1831 2837 1898 fuisse,
2866 1843 2922 1890 ut
2951 1837 3278 1904 patriarcha
3309 1839 3529 1916 sacriﬁ-

1950 1915 2096 1968 canti
2137 1916 2220 1971 vel
2253 1919 2416 1973 verba
2451 1921 2518 1973 ad
2555 1924 2815 1990 populum
2860 1925 3075 1983 facienti
3117 1930 3422 1992 assisteret,
3452 1931 3532 1985 ei-

1949 2020 2075 2076 que,
2103 2007 2150 2064 si
2175 2009 2377 2064 alicubi
2415 2014 2679 2069 memoria
2704 2016 3000 2087 laberetur,
3033 2023 3274 2091 mystice,
3309 2022 3414 2077 hoc
3443 2034 3528 2077 est

1948 2097 2110 2161 clam,
2159 2100 2395 2168 occulte,
2426 2106 2766 2174 suggerendo
2793 2109 3138 2167 subveniret.
3173 2113 3229 2167 Si
3265 2115 3390 2182 quis
3422 2114 3528 2170 hoc

1947 2188 2188 2247 ofﬁcium
2217 2192 2379 2247 etiam
2405 2205 2560 2250 extra
2585 2198 2769 2266 templi
2797 2201 2956 2270 adyta
2987 2202 3234 2270 proferre
3257 2215 3312 2260 et
3333 2205 3528 2260 cﬂ'errc

1948 2283 2098 2347 velit,
2131 2293 2394 2356 putetque
2425 2289 2518 2342 τὸν
2547 2290 3037 2362 ὑπομιμνήσκοντα
3074 2297 3240 2352 fuisse
3288 2299 3522 2353 similem

1947 2373 2023 2428 illi
2061 2375 2153 2444 qui
2201 2377 2343 2432 inter
2379 2377 2561 2435 ofﬁcia
2593 2384 2835 2452 palatina
2863 2401 2892 2440 a
2926 2386 3135 2442 Codiuo
3173 2404 3224 2444 c.
3249 2391 3304 2456 ἓ,
3339 2407 3395 2460 p.
3435 2393 3521 2459 Η,

1944 2468 2247 2536 appellatur
2299 2472 2327 2523 ὸ
2384 2472 2476 2524 ini.
2520 2474 2908 2545 ἀναμνήσεων,
2953 2494 3229 2549 quemque
3276 2482 3457 2537 Latini
3493 2502 3525 2538 α

1942 2560 2199 2613 memoria
2253 2575 2349 2618 seu
2408 2563 2720 2633 magistrum
2754 2569 3020 2623 memoria:
3059 2571 3363 2632 nominant,
3399 2589 3521 2627 cum

1941 2665 2008 2705 eo
2050 2666 2158 2704 non
2201 2658 2526 2710 contendam
2568 2673 2583 2712 :
2629 2673 2809 2729 neque
2863 2661 3008 2716 enim
3034 2677 3063 2716 a
3090 2679 3220 2718 vero
3283 2668 3520 2720 alienum

1939 2751 2024 2798 est
2053 2744 2366 2813 lmjusmodi
2391 2747 2636 2804 officium
2669 2751 2843 2807 fuisse
2862 2753 2915 2807 in
2937 2752 3180 2810 Ecclesia
3207 2755 3520 2826 Cpolitana,

1938 2851 2046 2890 non
2089 2837 2438 2906 modointra,
2464 2843 2560 2898 sed
2609 2853 2663 2898 et
2699 2853 2852 2900 extra
2891 2848 3173 2915 templum.
3203 2849 3261 2903 lu
3321 2853 3522 2906 concil.

1937 2924 2108 2996 Lugd.
2138 2927 2194 2982 in
2234 2931 2394 2998 epist.
2431 2933 2498 2987 ad
2535 2932 2696 3003 Greg.
2732 2935 2780 2988 Χ
2813 2948 3078 2994 vocantur
3106 2940 3158 2993 οί
3196 2941 3519 3012 ὑπομιμνή-

1936 3033 2160 3081 σκοντες
2201 3024 2636 3077 rememoratorii.
2678 3023 2884 3079 (ἔθετε.

2009 3107 2342 3181 [Allatianzu
2392 3113 2451 3168 '0
2481 3116 2924 3188 ὑπομιμνήσκων
2941 3119 3235 3192 δεχόμενος
3258 3123 3358 3186 τὰς
3383 3125 3524 3178 ὐπο-

1945 3203 2051 3271 μνή
2061 3219 2174 3266 σεις
2192 3205 2301 3257 τῶν
2323 3206 2738 3278 ὑπομνημάτων
2765 3211 3296 3279 (commcndationes
3315 3233 3522 3270 memo-

1944 3293 2181 3364 rialium)
2215 3297 2325 3350 τῶν
2349 3298 2666 3368 ἐρχομένων
2690 3304 2746 3357 ὲν
2775 3306 2842 3373 τῇ
2899 3304 3106 3374 κρίσει·
3139 3307 3235 3360 καὶ
3257 3310 3519 3380 ἀναφέρει

1941 3380 2016 3450 τῷ
2045 3384 2296 3452 ἀρχιερεί
2322 3386 2415 3438 καὶ
2437 3388 2514 3458 τῷ
2547 3390 2759 3461 κλήρῳ.
2806 3391 3212 3464 Ὑπομνήματα
3247 3414 3352 3452 non
3391 3415 3518 3468 pns-

1940 3488 2056 3527 sum
2100 3481 2479 3534 commentaria
2511 3497 2804 3552 exponere,
2837 3501 2960 3540 cum
3001 3488 3170 3558 Regia
3219 3493 3460 3547 scribant
3493 3500 3518 3546 ὁ

1939 3567 2516 3642 ὑπομνηματογράφος
2556 3576 2637 3638 εἰς
2668 3577 2730 3630 τὸ
2776 3579 3118 3650 ὑπογράφειν
3165 3583 3233 3638 τὰ
3263 3587 3513 3657 ὑπομνή-

1940 3674 2110 3726 ματα.
2128 3659 2552 3731 Commentaria,
2577 3667 2782 3724 relictis
2795 3673 3236 3741 mcmorialibus,
3259 3691 3368 3732 non
3385 3690 3515 3734 sunt

1940 3748 2029 3803 hic
2049 3752 2408 3819 conjicienda.
2438 3756 2638 3830 Cosmj
2925 3767 2934 3772 “
3041 3749 3044 3752 ί

2006 3841 2149 3898 Ibid.
2177 3844 2251 3900 De
2269 3847 2493 3918 reliquis
2525 3851 2685 3920 hujus
2711 3856 2962 3924 pentadis
2996 3859 3140 3915 nulla
3172 3862 3514 3918 estdifﬁcu'-

1938 3945 2019 3988 tas
2048 3951 2063 3988 :
2097 3952 2218 3989 nam
2280 3939 2426 3995 unde
2466 3942 2718 4012 interpres
2749 3945 3052 4019 Evangelii,
3088 3952 3343 4020 interpres
3379 3973 3512 4026 apo-

1934 4028 2077 4091 stoli,
2099 4029 2352 4099 interpres
2378 4035 2620 4097 psalterii
2648 4038 2871 4106 nomina
2892 4041 3003 4096 inec
3027 4049 3382 4115 sumpserint,
3415 4064 3510 4118 per

1932 4135 1988 4173 se
2024 4131 2209 4176 notum
2242 4134 2344 4180 est.
2380 4125 2644 4182 Videntur
2673 4143 2850 4187 autem
2882 4134 3316 4208 uniuscujusque
3340 4157 3509 4208 gene-

1935 4213 2011 4266 ris
2067 4215 2237 4271 fuisse
2297 4219 2499 4286 gradus
2558 4221 2784 4276 diversi.
2819 4223 2954 4280 Nam
3023 4244 3074 4283 c.
3104 4229 3157 4291 6.
3193 4247 3246 4300 p.
3281 4233 3370 4298 46,
3407 4251 3507 4287 no—

1933 4307 2104 4360 minat
2139 4307 2379 4388 Codinus
2407 4316 2949 4387 protapostolarium,
2975 4320 3026 4376 id
3061 4334 3142 4378 est
3169 4325 3400 4391 primum
3425 4330 3506 4382 in-

1931 4409 2199 4464 terpretem
2234 4404 2474 4470 apostoli.
2503 4404 2700 4463 Gnsrs.

258 4499 404 4548 runt,
431 4486 523 4558 qui
555 4488 784 4556 juvenes
809 4490 1137 4560 irrequietos
1174 4499 1226 4544 et
1257 4490 1467 4552 faciles.
1501 4509 1599 4549 sua
1629 4505 1817 4550 aucto—

1999 4489 2165 4562 [Ibid.
2217 4492 2270 4545 '0
2295 4493 2665 4565 διδάσκαλος
2693 4501 2799 4556 τοῦ
2823 4470 3215 4577 Εὑαγγελίου.
3247 4509 3419 4582 llujus
3451 4525 3509 4569 et

257 4577 415 4632 ritate
457 4579 693 4644 sedatos,
732 4579 800 4634 ab
830 4581 1044 4649 injuriis
1077 4590 1129 4638 et
1178 4584 1624 4640 contentionibus
1654 4596 1707 4640 et
1738 4587 1817 4641 in-

256 4671 471 4726 decoris
516 4673 726 4728 actibus
768 4675 832 4728 ad
886 4676 1082 4730 bonam
1118 4678 1323 4748 frugem
1361 4682 1662 4742 reduceret.
1700 4682 1814 4736 Non

255 4761 430 4829 placet
457 4761 575 4817 iSit
612 4764 699 4818 ille
721 4765 773 4818 in
804 4766 951 4819 rebus
983 4769 1147 4822 sacris
1184 4769 1468 4838 dirigendis
1497 4773 1773 4841 prwfectus
1801 4790 1814 4826 :

257 4854 302 4906 id
329 4869 572 4923 namque
599 4856 675 4909 illi
705 4858 1068 4923 incumbebat,
1098 4869 1156 4913 ut
1175 4874 1240 4914 ex
1271 4862 1592 4931 praescripto
1614 4873 1668 4918 et
1687 4880 1816 4919 sau-

254 4953 470 4998 ctorum
530 4948 754 5002 Patrum
795 4951 1021 5005 sancitis
1056 4968 1145 5006 res
1205 4953 1390 5007 divina
1441 4965 1817 5026 perageretur,

254 5047 576 5108 caveretque
611 5055 677 5094 ne
727 5041 849 5111 quis
883 5050 1038 5097 extra
1093 5046 1447 5115 praescriptos
1485 5047 1686 5103 limites
1720 5065 1815 5118 pe-

253 5126 366 5180 llem
385 5127 624 5183 efferret.
653 5131 779 5186 Haec
808 5132 916 5186 ille.
945 5132 1128 5190 Placet
1150 5151 1261 5205 prae
1283 5137 1526 5192 secunda
1554 5140 1702 5207 prior
1721 5156 1817 5196 ex-

253 5219 486 5283 positio:
523 5229 584 5275 ut
621 5224 766 5278 enim
813 5224 964 5292 prior
997 5227 1090 5279 ἐπὶ
1118 5227 1226 5282 τῶν
1261 5230 1536 5299 σεκρέτων
1579 5231 1633 5285 in
1659 5231 1815 5298 judi-

252 5309 348 5365 ciis
382 5313 627 5369 ordinem
669 5326 721 5372 et
754 5318 1018 5386 quietem,
1050 5320 1123 5374 ita
1153 5320 1244 5377 hic
1280 5322 1334 5376 in
1365 5337 1522 5378 sacro
1553 5323 1811 5378 tribunali

253 5415 462 5458 morum
474 5409 920 5477 compositionem
937 5411 1125 5469 indicit
1144 5430 1160 5480 ;
1192 5429 1292 5469 nec
1308 5415 1404 5468 ἐπὶ
1423 5417 1527 5474 τῶν
1542 5418 1814 5488 σεκρέτων

315 5540 658 5627 Addit)!
681 5566 716 5627 :_
727 5549 916 5627 Οὑτως
939 5566 1181 5627 περιεχει
1198 5553 1233 5623 ἡ
1257 5553 1413 5627 τρίτη
1441 5556 1662 5620 πεντάς.

320 5611 482 5688 Ῐέλος
512 5615 601 5688 τοῦ
630 5619 806 5686 δεξιοῦ
839 5611 1026 5688 χοροῦ.

319 5680 460 5768 'lenﬁ‘:
488 5681 576 5768 οὑν
604 5680 872 5768 καὶάὐξξὶ
896 5680 977 5749 εἰς
998 5691 1105 5768 ’τὴν
1135 5692 1246 5746 τῶν
1280 5695 1557 5768 κληρικῶν
1591 5697 1802 5768 διάκρι-

257 5760 352 5801 σιν.
383 5750 458 5803 Τὸ
490 5754 578 5823 μὲν
608 5760 762 5826 ἅγιον
791 5750 1126 5828 Εὑαγγέλιόν
1150 5766 1243 5820 τοῦ
1275 5750 1568 5837 βαιοφὸρου
1605 5750 1800 5840 ἀναξι-

1925 4585 2268 4652 Srqnentium
2295 4601 2868 4649 sacrorumoratorum
2905 4614 3127 4655 munera
3144 4603 3209 4657 ad
3232 4606 3394 4661 unius
3418 4607 3506 4660 of-

1931 4678 2112 4730 lirium
2145 4683 2690 4754 revocantpillaliana
2713 4687 2806 4740 :'0
2827 4690 3145 4757 διδάσκαλος
3163 4692 3503 4768 ιάἀὲρμη-

1927 4770 2142 4824 νεύειτὸ
2165 4774 2517 4842 Εὐαγγέλιον,
2543 4778 2671 4830 ὅταν
2701 4779 3010 4852 λειτουργεί
3033 4787 3060 4839 ὁ
3078 4788 3389 4858 ἀρχιερεὺς,
3411 4795 3505 4846 καὶ

1927 4863 1974 4915 εί
2007 4861 2232 4916 δυνατόν
2257 4865 2373 4917 ἐστι
2398 4867 2573 4921 καὶτὸ
2601 4868 2916 4943 ψαλτήριον.
2939 4874 3076 4929 Hinc
3110 4881 3372 4950 perspicis
3407 4884 3504 4950 cur

1927 4953 2026 5008 SS.
2045 4952 2148 5008 PP.
2166 4958 2414 5023 quaedam
2448 4960 2682 5016 bomilite
2712 4963 2764 5018 in
2787 4965 3100 5036 Evangelia,
3117 4969 3241 5025 alia:
3267 4972 3321 5028 in
3347 4965 3504 5030 Psal-

1923 5063 2062 5112 mos,
2105 5048 2156 5102 in
2173 5048 2495 5118 Apostolum
2535 5057 2830 5122 nonnullae,
2849 5071 2954 5114 etc.
2976 5061 3220 5117 Adverto
3242 5066 3336 5120 τοῦ
3362 5069 3501 5124 ἀπο-

1921 5139 2108 5192 στόλου
2143 5142 2472 5211 quandoque
2502 5143 2858 5213 διδασκάλους
2896 5151 3082 5219 plures
3125 5156 3292 5214 simul
3314 5175 3503 5230 repur-

1921 5242 2026 5295 tos,
2046 5247 2279 5302 quorum
2305 5237 2698 5308 antesignanus
2724 5249 3282 5322 πρωταποστολαρίου
3302 5270 3506 5316 nomen

1922 5319 2134 5376 habuit.
2153 5320 2232 5393 [M
2263 5325 2535 5394 εΚρατῶν
2556 5331 2651 5384 καὶ
2682 5332 2748 5386 τὰ
2781 5336 3000 5404 σχολεϊα
3031 5340 3132 5410 τῆς
3164 5319 3495 5416 ἐπισκοπῆς.

1924 5415 2082 5468 Ἔστι
2101 5415 2157 5468 δὲ
2176 5418 2271 5471 καὶ
2297 5419 2512 5491 οἰκέτης
2528 5422 2625 5494 τῆς
2655 5427 2847 5498 τρίτης
2867 5434 3177 5507 πενεάδος.]
3197 5437 3275 5508 (Ι)
3295 5415 3498 5510 Cum]

1906 5555 2175 5648 ξώσκεται
2207 5557 2447 5648 imbro?
2497 5571 3064 5648 npmsovo:_atpio_'.i,_sb
3109 5575 3208 5645 τῆς
3245 5579 3491 5648 μεγάλης

1903 5626 2656 5716 δευτέρας,Χάναγινώσκδὲται
2692 5640 2798 5692 ὑπὸ
2821 5626 2920 5716 τοῦ
2948 5626 3392 5716 ’ἱερομνήμονδῇ
3429 5626 3490 5702 ’έὸ

1898 5697 2015 5780 τῆέὶ
2048 5695 2295 5780 με’γάλης
2339 5695 3070 5780 τετράδοςλὰναγινώσκετάι
3096 5695 3485 5772 Ὲπδΐτοῦησαα

1899 5765 2208 5835 κελλκρίου,
2246 5768 2306 5821 τὸ
2341 5765 2710 5847 τῆξμτγάλης
2745 5765 3479 5853 negarineidvartvdra—zssdt
