4044 6436
546 341 656 409 159

1648 345 1726 401 l.\'
1779 345 2074 403 LiBliUM
2117 346 2215 404 DE
2248 346 2579 409 OFFlClIS
2611 352 2713 411 (ΣΡ.

3680 351 3768 415 100

612 458 671 511 Ρ.
706 457 759 511 5.
793 456 1033 511 thetoris
1063 455 1303 511 ofticium
1341 468 1424 511 est
1458 458 1755 526 generatim
1791 457 2104 527 Scripturas
2136 463 2181 520 Α
2210 463 2306 514 stis
2359 480 2453 530 per
2504 464 2901 534 lampadarium
2926 504 2940 530 ,
2976 473 3032 518 ut
3076 468 3127 519 in
3177 464 3275 519 hoc
3311 468 3441 522 libro
3499 471 3773 537 appellatur

540 564 728 605 sacras
757 548 1103 618 interpretari
1126 566 1141 611 ;
1172 558 1227 602 et
1251 548 1466 601 videtur
1486 548 1573 603 ille
1596 564 1756 618 quem
1781 564 1884 605 nos
1906 551 2116 604 concio-

540 650 773 693 natorem
801 641 1170 694 nominamus.
1203 638 1408 695 σκετο,

1169 725 1396 785 CAPUT
1424 730 1513 785 IX.

650 821 726 876 De
767 825 951 891 quinta
999 823 1219 891 pentade
1252 824 1550 890 ofﬁciorum
1597 831 1647 877 et
1675 814 2014 892 ofﬁcialium.

616 911 677 966 Ρ.
711 911 764 965 5.
800 912 857 965 In
891 912 1080 981 quinta
1110 914 1421 967 continetur
1449 914 1498 979 l,
1520 914 1579 966 '0
1602 916 1787 984 ἄρχων
1817 914 1925 966 τῶν
1960 931 2118 983 μονα-

548 1006 809 1076 στηρίων,
847 1007 1030 1061 socius
1061 1007 1356 1075 eLadjutor
1389 1007 1566 1075 magni
1592 1004 1885 1079 sacellarii,
1912 1006 1979 1059 de
2009 1021 2118 1075 quo

538 1099 654 1163 jam
687 1113 788 1152 suo
819 1099 962 1164 loco,
989 1098 1044 1162 2,
1066 1097 1124 1149 '0
1152 1098 1335 1167 ἄρχων
1359 1098 1468 1151 τῶν
1491 1098 1817 1168 ἐκκλησιῶν,
1853 1100 2035 1151 socius
2065 1105 2120 1152 et

541 1190 760 1255 adjutor
775 1191 1044 1243 curatoris
1062 1190 1290 1248 sacellii.
1311 1190 1378 1243 de
1395 1206 1502 1257 quo
1517 1190 1700 1244 itidem
1719 1190 2117 1260 supra.Gas'rs.

612 1280 697 1352 [Ρ.
729 1280 779 1334 5.
819 1280 941 1333 Τῶν
964 1280 1328 1346 ἐκκλησιῶν.
1368 1279 1686 1333 Καθολικῶν
1739 1282 2001 1349 intelligo.
2051 1280 2119 1333 de

543 1372 745 1433 quibus
772 1386 937 1437 supra
962 1371 1225 1439 Allatiana
1263 1389 1273 1423 :
1310 1371 1519 1439 Γράφει
1548 1372 1616 1423 τὰ
1662 1373 1975 1440 ἀντιμίνσια
2006 1372 2121 1439 (ἀν-

542 1464 786 1530 τίμηνσα
837 1462 912 1527 Μ)
945 1463 1039 1513 καὶ
1076 1464 1143 1515 τὰ
1191 1466 1589 1533 σταυροπήγια.
1616 1464 1823 1516 Altaria
1848 1463 2122 1531 portatilia

546 1551 748 1618 signat,
807 1562 854 1604 et
887 1552 1093 1603 litteras
1144 1554 1330 1621 quibus
1376 1569 1527 1605 cruce
1557 1554 1682 1604 data
1738 1570 1767 1604 a
1814 1552 2120 1605 diwct'sanis

546 1644 896 1707 exemptiones
931 1643 1277 1707 conferuntur
1304 1645 1659 1696 monasteriis.
1692 1642 1762 1696 De
1789 1644 1870 1696 his
1904 1643 2119 1696 Euclio-

436 1706 463 1801 ξ
550 1731 752 1800 legium
796 1732 937 1788 fuse.
973 1734 1139 1798 Idem,
1170 1750 1267 1789 ceu
1301 1735 1556 1803 parmeiis
1581 1728 2124 1803 pra-lectus,xpnei

546 1824 606 1873 ἒν
638 1825 702 1891 τῇ
736 1824 961 1889 φυλάξει
991 1825 1158 1877 αὐτοῦ
1207 1825 1267 1877 τὸ
1300 1824 1493 1896 μύρον,
1531 1842 1742 1879 sacrum
1776 1835 2122 1895 unguentum,

422 1972 425 1973 ν
467 1912 605 1983 frit]
639 1913 1053 1969 confirmatione
1080 1916 1446 1968 adhibendum
1485 1930 1514 1968 a
1565 1915 1792 1983 privatis
1828 1914 2127 1969 sacerdoti-

442 2036 471 2063 -ε
498 2040 535 2053 ,κ
552 2005 653 2058 bus
681 2020 781 2058 ceu
809 2008 1086 2060 consuetis
1116 2008 1257 2075 apud
1288 2006 1508 2061 Grmcos
1533 2009 1649 2075 ejus
1674 2006 2009 2061 sacramenti
2030 2007 2131 2059 mi-

550 2096 758 2157 nistris,
794 2112 906 2149 suae
938 2098 1189 2151 custodia:
1219 2099 1558 2151 commissum
1593 2107 1748 2152 tenet.
1781 2094 1986 2167 Gesn]

623 2187 769 2243 Ibid.
810 2188 871 2242 Ὃ
923 2191 1109 2259 ἄρχων
1135 2190 1229 2243 τοῦ
1272 2190 1631 2258 Εὐαγγελίου,
1688 2193 1768 2253 είς
1797 2190 1857 2242 τὺ
1906 2191 2131 2259 κρατεῖν

550 2280 711 2333 τοῦτο
735 2284 812 2343 εἰς
837 2282 931 2341 τὰς
959 2282 1134 2345 λιτάς,
1166 2282 1325 2351 cujus
1346 2282 1592 2336 ofﬁcium
1621 2292 1706 2336 est
1732 2292 1937 2350 gestare
1962 2280 2133 2335 Euan.

548 2372 742 2439 gelium
774 2388 862 2425 seu
891 2374 1119 2426 codicem
1147 2372 1555 2442 Evangeliorum
1585 2374 1638 2426 in
1665 2373 2135 2439 supplicationibus

549 2474 598 2515 et
626 2465 1066 2530 processionibus.
1098 2464 1212 2519 "oc
1243 2475 1422 2519 tamen
1454 2481 1560 2519 non
1590 2465 1799 2519 videtur
1828 2465 2136 2518 consentire

551 2572 675 2607 cum
727 2555 938 2609 Joanne
971 2556 1164 2620 Citrio,
1199 2558 1291 2627 qui
1334 2558 1534 2612 diserte
1590 2558 1779 2612 scribit
1828 2557 1888 2611 τὸ
1926 2559 1981 2610 ὲν
2018 2558 2138 2620 ταῖς

545 2650 723 2710 λιταῖς
744 2647 1033 2716 βαστάζειν
1055 2648 1114 2701 τὸ
1137 2647 1470 2716 Εὐαγγέλιον
1491 2665 1601 2703 esse
1617 2649 1709 2701 τοῦ
1732 2649 2137 2717 δευτερεύοντος

553 2740 663 2792 τῶν
686 2739 968 2803 διακόνων,
1002 2756 1163 2809 quem
1190 2741 1430 2796 CodinUS
1454 2741 1507 2794 in
1539 2748 1689 2794 sexta
1716 2738 1947 2810 pentade
1965 2741 2137 2794 collo-

553 2839 667 2883 cat.
723 2831 786 2893 Et
858 2830 973 2884 ﬁeri
1025 2843 1201 2901 potest
1233 2842 1291 2885 ut
1325 2832 1439 2887 haec
1472 2847 1559 2885 res
1596 2831 1750 2886 aliter
1779 2846 1837 2885 se
1894 2831 2141 2885 habuerit

558 2932 803 2989 tempore
826 2921 981 2976 Citrii
1011 2935 1062 2975 et
1095 2923 1251 2975 aliter
1295 2931 1451 2975 aetate
1483 2920 1718 2975 Cadini:
1754 2936 1876 2974 nam
1936 2928 1995 2973 ut
2026 2922 2140 2989 ipse

557 3013 760 3068 Citrius
781 3015 1150 3083 conqueritur,
1179 3014 1296 3068 haec
1320 3014 1517 3082 sa'pius
1540 3013 1862 3081 patriarchas
1876 3013 2139 3067 arbitratu

2220 565 2273 619 p.
2297 552 2365 607 44
2393 556 2859 623 (accendebantur
2912 556 3027 612 hate
3100 558 3537 623 luminaria);at
3587 564 3774 632 lampa-

2220 643 2406 697 darius
2444 644 2548 700 iste
2576 647 2708 701 nihil
2743 648 2847 703 huc
2874 647 3034 716 fat-it;
3060 659 3180 704 erat
3211 651 3355 705 enim
3377 651 3611 707 ofﬁcium
3661 656 3768 723 ejus

2228 736 2552 803 palatinum,
2650 753 2758 792 non
2810 741 3291 806 ecclesiasticum;
3374 743 3774 812 praaferebatque

2223 823 2524 893 lampadem
2601 842 2888 884 accensam
2950 847 3057 885 non
3110 832 3480 901 singularibus
3533 835 3755 887 duntaxa

2225 913 2378 970 festis
2423 926 2475 971 et
2497 919 2891 985 anniversario,
2942 923 3035 976 sed
3102 924 3317 992 quoties
3386 924 3671 992 imperator
3728 924 3763 977 it

2225 1004 2499 1074 publicum
2528 1010 2877 1077 procedebat,
2901 1020 2960 1066 ut
2997 1027 3061 1066 ex
3097 1012 3421 1068 Basalmone
3450 1014 3585 1068 inira
3609 1021 3750 1067 esten

2224 1093 2346 1147 dam
2376 1097 2439 1149 ad
2466 1112 2519 1167 p.
2549 1098 2637 1153 45.
2668 1098 2849 1170 Longe
2874 1117 3004 1171 ergo
3033 1102 3173 1158 alius
3198 1104 3226 1155 ὁ
3250 1104 3430 1173 ἄρχων
3452 1105 3555 1157 τῶν
3578 1104 3773 1172 φώτων,

2225 1193 2278 1239 et
2301 1187 2438 1241 alius
2467 1191 2495 1241 ὁ
2544 1190 2942 1261 λαμπαδάριος.
2988 1194 3179 1263 Neque
3236 1202 3445 1249 tantum
3509 1194 3666 1250 semel
3708 1194 3780 1247 vel

2224 1275 2519 1343 aliquoties
2550 1281 2603 1333 in
2641 1296 2789 1335 anno
2826 1298 2962 1338 usus
2996 1284 3270 1337 luminum
3316 1295 3434 1340 erat
3458 1285 3510 1337 in
3560 1285 3779 1352 templis,

2224 1368 2315 1420 sed
2370 1380 2628 1438 perpetuo
2674 1382 2725 1425 et
2784 1364 2897 1429 toto
2948 1390 3129 1439 anno,
3187 1377 3347 1430 etiam
3402 1385 3530 1430 tunc
3582 1375 3782 1444 quando

2223 1461 2361 1515 nulli
2393 1464 2739 1529 νεοφώτιστοι
2765 1465 2992 1519 aderant
3021 1482 3034 1519 :
3076 1481 3254 1534 neque
3289 1468 3433 1520 enim
3467 1466 3632 1520 moris
3678 1476 3785 1520 erat

2224 1551 2429 1608 Grazcis
2450 1554 2721 1623 liturgiam
2751 1555 2869 1609 sine
2892 1557 3194 1611 luminibus
3215 1557 3511 1611 celebrare.
3529 1557 3720 1611 (Iners.

2300 1643 2469 1715 [lbid.
2525 1648 2586 1699 Ὀ
2614 1647 2813 1716 ἅρχων
2840 1647 2959 1701 τῶν
2989 1648 3219 1717 φώτων.
3265 1647 3379 1703 lioc
3443 1648 3673 1703 ofﬁcium
3738 1652 3782 1701 in

2226 1746 2462 1805 quatuor
2511 1738 2769 1793 videntur
2820 1739 3095 1794 Allatiana
3149 1739 3454 1809 dispertiri,
3481 1741 3580 1793 hoc
3608 1750 3782 1807 pacto:

2242 1826 2303 1881 '0
2337 1831 2655 1901 κατηχητὴς
2719 1832 3006 1902 κατηχίζει
3063 1834 3174 1901 (τὸν
3209 1833 3338 1885 λαὸν
3371 1834 3465 1885 καὶ
3495 1833 3568 1900 Μ)
3599 1832 3783 1891 πάντας

2230 1921 2355 1981 τοὺς
2383 1922 2793 1990 εἰσερχομένους
2829 1924 2892 1975 ὲκ
2922 1923 3028 1974 τῶν
3054 1922 3376 1992 ἑτεροδόξων
3406 1925 3485 1985 είς
3509 1923 3604 1991 τὴν
3643 1920 3782 1989 ὀρθό-

2232 2009 2383 2076 δοξον
2422 2012 2629 2075 πίστιν,
2654 2011 2728 2074 ὡς
2751 2012 2837 2065 ἵνα
2859 2012 2919 2065 τὸ
2941 2012 3094 2080 ἅγιον
3126 2012 3409 2082 βάπτισμα
3430 2010 3698 2076 δέξωνται.
3736 2008 3786 2062 ’0

2234 2102 2584 2173 περιοδευτὴς
2621 2104 2938 2174 περιπατῶν
2988 2106 3083 2157 καὶ
3131 2104 3513 2172 παιδευόμενος
3574 2100 3786 2171 (ὁδηγῶν

2233 2191 2312 2260 Μ)
2348 2192 2471 2252 τοὺς
2499 2190 2752 2255 θέλοντας
2783 2193 3150 2262 βαπτισθῆναι
3203 2196 3270 2263 τῇ
3301 2193 3565 2263 ὀρθοδόξῳ
3621 2192 3786 2241 πίστει

2235 2282 2518 2351 (εἰσελθεῖν
2549 2286 2630 2346 si;
2658 2287 2754 2352 τὴν
2779 2284 3057 2353 ὀρθόδοξον
3090 2285 3273 2337 πίστιν
3298 2288 3403 2355 Μ).
3441 2285 3498 2336 '0
3530 2281 3787 2353 βουτιστὴς

2238 2374 2449 2428 ἵσταται
2480 2376 2537 2429 ἐν
2565 2377 2631 2444 τῇ
2661 2375 2791 2445 ἁγίᾳ
2819 2374 3199 2445 κολυμϐήθρᾳ,
3238 2376 3338 2428 καὶ
3380 2378 3406 2428 ὁ
3442 2375 3617 2441 ἱερεὺς
3660 2372 3790 2437 λέγει

2238 2466 2334 2529 τὰς
2357 2467 2545 2534 εὐχὰς,
2571 2469 2598 2520 ὁ
2622 2467 2675 2518 δὲ
2704 2467 2995 2536 ἀρχιερεὺς
3019 2466 3318 2537 σταυρὼνει
3358 2467 3417 2519 τὸ
3471 2465 3631 2533 ὕδωρ,
3679 2462 3704 2514 ὁ
3743 2460 3791 2511 δὲ

2242 2560 2526 2627 pou-stati};
2584 2557 2831 2627 βαπτίζει
2888 2559 2978 2609 τὸν
3034 2557 3294 2627 μέλλοντα
3346 2557 3710 2628 βαπτισθῆναι.
3742 2550 3792 2601 Ὀ

2244 2652 2543 2721 μυροδὸτης
2568 2650 2655 2701 ἵνα
2682 2650 3006 2719 ὖποκρατῶν
3033 2650 3093 2702 τὸ
3124 2650 3277 2717 ἅγιον
3314 2650 3512 2719 μύρον,
3561 2648 3650 2700 καὶ
3676 2646 3793 2698 ὅπου

2238 2742 2299 2794 τὸ
2318 2740 2487 2809 ὁρίζει
2516 2742 2542 2792 ὁ
2572 2741 2859 2811 ἀρχιερεὺς
2898 2740 2989 2794 τοῦ
3025 2740 3205 2793 δοῦναι
3242 2740 3445 2811 μύρον.
3476 2735 3669 2807 Genu]

2312 2831 2377 2887 P.
2411 2833 2462 2886 5.
2515 2829 2748 2885 Ultimus
2786 2832 2839 2884 in
2872 2831 2972 2885 hac
3000 2826 3232 2900 pentade
3273 2840 3369 2885 est
3394 2832 3441 2884 ἅ
3474 2830 3650 2901 ἄρχων
3702 2824 3794 2875 τῶν

2242 2923 2600 2991 ἀντιμινσίων
2649 2936 2741 2974 seu
2798 2920 3161 2989 ἀντιμινσίου,
3198 2921 3449 2989 εἰσάγων
3486 2919 3605 2979 τοὺς
3642 2916 3798 2980 είσερ-

2242 3016 2505 3085 χομένους
2543 3014 2621 3074 si;
2648 3012 2748 3082 τὴν
2771 3012 2933 3079 ἁγίαν
2963 3011 3286 3081 μετάληψιν,
3351 3012 3624 3081 pra'fectus
3674 3004 3799 3057 anti-

556 3106 981 3169 suomutabant,
1015 3108 1083 3159 τὰ
1115 3106 1224 3160 ἄνω
1252 3108 1402 3160 κάτω
1424 3105 1727 3169 ποιοῦντες,
1751 3106 1822 3159 ita
1849 3115 1909 3160 ut
1934 3106 1986 3157 in
2014 3105 2131 3159 illos

2242 3108 2580 3169 mensiorum,
2612 3104 2861 3157 inducens
2892 3119 2977 3160 eos
3006 3105 3354 3173 qui‘sacrana
3405 3100 3795 3157 communionem

552 3197 849 3266 quadraret
870 3198 1129 3266 partemin
1154 3186 1266 3251 ἂνω
1284 3199 1546 3267 ποταμῶν
1568 3203 1762 3267 χωρεῖν
1788 3198 2017 3267 λέγουσα
2034 3199 2130 3259 τὰς

554 3291 760 3359 πηγὰς,
795 3291 885 3343 καὶ
919 3289 988 3341 τὰ
1021 3289 1175 3359 παρὰ
1210 3290 1490 3351 Ἰουδαίοις
1520 3289 1675 3361 145
1715 3289 2134 3359 δευτερὸπρωτα

558 3380 829 3441 σάϐϐατα,
871 3381 968 3433 καὶ
1001 3380 1151 3449 παρὰ
1195 3382 1309 3441 τοῖς
1358 3380 1551 3442 δεινοῖς
1578 3383 1863 3447 σοφισταῖς
1892 3383 1959 3432 τὰ
1988 3397 2135 3449 πρω-

557 3472 813 3540 υύστερα,
854 3479 912 3524 ut
944 3472 1080 3525 scite
1117 3471 1192 3524 ait
1230 3470 1455 3525 Citrius.
1494 3472 1699 3526 Gners.

624 3560 726 3634 [Ὁ
758 3562 960 3631 ἅρχων
981 3561 1088 3615 τοῦ
1122 3563 1514 3632 Eiram-silet).
1546 3564 1806 3626 Consule,
1831 3564 1875 3617 si
1900 3564 2134 3618 laborem

560 3663 813 3717 tueretur,
846 3654 1235 3724 Eucltologiuut
1291 3666 1533 3710 nostrum
1562 3655 1768 3711 {al.770
1789 3666 1842 3711 et
1874 3656 1968 3710 8H
2009 3657 2137 3725 περὶ

559 3747 710 3815 λιτῆς
744 3757 797 3800 et
823 3746 1115 3815 Evangelia
1140 3748 1192 3801 in
1226 3762 1287 3801 ea
1312 3749 1557 3819 legendo.
1589 3748 1737 3802 Gosn
1766 3747 1786 3820 ]

633 3835 776 3893 Ibid.
809 3838 1066 3908 Sequitur
1109 3840 1137 3891 ὁ
1166 3841 1348 3909 ἅρχων
1376 3842 1477 3893 τῶν
1503 3840 1716 3909 φώτων,
1746 3856 1904 3911 quem
1931 3839 2141 3895 Boneli-

560 3931 683 3987 dius
709 3945 864 3985 vocat
894 3934 1473 3999 lunrinarium,Jnnius
1507 3936 2139 4004 pratfectnmluminibus.

561 4023 692 4093 Ejus
719 4035 835 4079 erat
860 4042 1045 4080 curam
1077 4043 1265 4096 gerere
1315 4028 1619 4096 φωτιστῶν,
1652 4044 1839 4081 recens
1872 4028 2145 4083 illumina-

564 4125 739 4170 tnrum
799 4132 894 4170 seu
950 4116 1403 4186 baptizatorum:
1486 4117 1647 4170 veteri
1696 4118 1840 4170 enim
1892 4116 2143 4171 Ecclesiae

566 4207 749 4273 pltrasi
780 4208 1074 4275 baptismus
1107 4206 1413 4276 appellatur
1445 4206 1743 4275 φωτισμός,
1797 4216 1851 4260 et
1884 4205 2143 4275 baptizati

498 4300 503 4309 ‘
565 4298 844 4365 φωτιστοί,
874 4298 1061 4352 forsan
1115 4312 1223 4351 non
1242 4300 1359 4353 sine
1392 4308 1643 4367 respectu
1680 4299 1742 4350 ad
1766 4299 2142 4353 caeremoniam

564 4394 856 4462 quamdam
888 4408 1009 4461 qua:
1042 4391 1369 4460 baptismum
1428 4389 1864 4458 subsequebatur
1893 4405 1905 4440 :
1936 4390 2145 4443 daban-

2235 3202 2465 3265 accipere
2482 3196 2678 3249 volunt.
2703 3195 2908 3251 Gners.

2309 3291 2481 3364 [lbid.
2505 3289 2927 3359 Cltartophylax,
2949 3300 3004 3343 ut
3030 3304 3190 3358 supra
3223 3287 3403 3345 visum
3428 3296 3529 3349 est,
3548 3286 3608 3341 ad
3635 3282 3790 3338 eccle-

2236 3383 2533 3447 siasticam,
2600 3380 2690 3435 hic
2726 3380 2792 3434 ad
2847 3380 3044 3435 laicam
3082 3383 3528 3435 communionem
3590 3376 3791 3430 invitat.

2236 3471 2432 3544 Goou

2305 3565 2500 3619 Junius
2540 3564 2816 3633 prmfectus
2854 3564 3143 3618 antecessui
3174 3579 3387 3628 mensa,
3431 3561 3685 3616 adducens
3717 3569 3792 3607 eos

2236 3660 2321 3729 qui
2349 3668 2499 3712 erant
2534 3659 2739 3711 venturi
2781 3660 2850 3710 ad
2878 3658 3305 3710 communionem
3339 3671 3569 3710 sacrant.
3629 3651 3795 3715 Inepte

2238 3767 2488 3822 prorsus,
2522 3760 2575 3804 et
2601 3751 2784 3804 adhuc
2845 3749 3083 3818 ineptius
3131 3750 3182 3801 in
3250 3749 3503 3811 scboliis.
3572 3754 3628 3799 ut
3678 3739 3796 3799 satis

2242 3843 2427 3897 mirari
2480 3856 2745 3910 nequeam
2806 3841 3048 3894 hominis
3090 3839 3255 3908 hujus
3290 3839 3376 3893 bis
3420 3839 3471 3892 itt
3515 3836 3669 3890 rebus
3715 3843 3795 3881 set!

2240 3935 2531 4005 ὀλιγωρίαν
2565 3934 2723 4006 146
2748 3948 2841 3987 seu
2874 3922 3255 3987 ἀπαιδευσίαν.
3282 3930 3671 3984 Examiuemus
3692 3922 3794 3976 sin-

2244 4030 2399 4098 gulas
2426 4028 2545 4095 ejus
2582 4026 2839 4094 ineptias.
2897 4024 3015 4075 Τῶν
3076 4022 3454 4092 ἀντιμινσίων,
3506 4019 3795 4073 adverbttm.

2246 4118 2696 4180 antimensalinm,
2752 4116 2948 4185 inquit,
2998 4124 3104 4168 etc.
3163 4116 3204 4166 Α
3264 4131 3446 4167 mensa
3496 4101 3800 4164 denomiutti

2245 4220 2366 4263 sunt
2396 4208 2812 4275 οίὰντιμίνσιοι,
2859 4205 3012 4274 quasi
3068 4204 3212 4257 dicat
3270 4201 3673 4261 antemensales,
3722 4192 3829 4263 qui

2247 4302 2315 4355 ad
2347 4316 2553 4353 sacram
2582 4314 2811 4351 mensam
2838 4298 3067 4367 primunt
3099 4298 3489 4364 rccipiebuntur
3513 4304 3560 4348 et
3589 4301 3803 4345 conmut-

2205 4438 2211 4445 .
2252 4396 2454 4446 nionem
2488 4392 2844 4453 eucltaristire,
2875 4399 2982 4443 etc.
3016 4387 3083 4440 lli
3112 4390 3247 4441 enim
3274 4390 3420 4454 prius
3450 4403 3601 4456 quam
3625 4378 3805 4433 admit-

560 4485 810 4537 ιυνεηῖηι
844 4481 1118 4549 baplizalo
1145 4479 1286 4533 συνεί
1320 4479 1537 4533 θοοθηεί
1594 4480 1647 4530 in
1673 4478 1888 4547 signum
1921 4477 2041 4530 ίῙάοῘ
2076 4484 2131 4529 οι
2166 4474 2205 4526 ο
2235 4496 2467 4539 terentur
2508 4484 2576 4536 ad
2610 4483 3025 4536 communionem
3052 4496 3281 4542 sacram,
3311 4480 3546 4533 solebant
3585 4469 3801 4528 ccclesiis

556 4574 744 4640 gratia:
775 4582 1037 4640 aceeptm,
1065 4578 1120 4624 et
1148 4570 1294 4639 quod
1353 4586 1382 4623 a
1443 4577 1720 4637 potestate
1776 4570 2127 4622 tenebrarqu

555 4665 855 4717 translatus
887 4670 1032 4716 esset
1054 4662 1119 4715 ad
1175 4661 1356 4714 lumen
1422 4668 1477 4712 et
1535 4669 1735 4715 sortem
1792 4671 2127 4715 sanctorum.

557 4753 801 4808 Meminit
833 4753 995 4822 hujus
1022 4754 1360 4807 ezeremoniaz
1410 4751 1805 4816 Nazianzenus,
1868 4764 2008 4808 orat.
2064 4753 2128 4807 In

558 4857 797 4899 sanctum
841 4845 1134 4907 lavacrum,
1171 4853 1222 4898 et
1260 4845 1318 4899 S.
1350 4845 1691 4915 Augustinus
1719 4846 1770 4898 in
1810 4846 1939 4899 illud
1992 4849 2131 4915 psal.

558 4955 657 4991 va
688 4956 700 4992 :
736 4937 1099 4991 Transivimus
1128 4954 1220 5007 per
1241 4941 1410 5008 ignem
1436 4949 1482 4991 et
1519 4954 1737 5007 aquam,
1789 4949 1893 4992 etc.
1930 4938 2130 4993 Junius

560 5033 722 5083 iitum
754 5032 899 5086 hunc
953 5032 1195 5097 involvit,
1254 5047 1322 5086 ne
1370 5032 1626 5084 emineat.
1681 5031 2129 5095 Accendebantur,

557 5126 610 5175 in
637 5124 753 5191 iuit,
788 5125 1097 5176 luminaria.
1124 5125 1191 5177 At
1221 5140 1324 5177 non
1351 5135 1561 5178 tantum
1627 5123 1749 5188 hoc,
1790 5126 1881 5176 sed
1934 5133 1989 5178 et
2042 5140 2130 5178 ae-

558 5230 720 5269 «ensa
769 5215 1124 5267 tradebantur
1174 5216 1482 5281 baptizatis.
1542 5215 1700 5282 Atqui
1764 5214 1867 5275 hic,
1930 5213 2127 5283 inquit,

558 5310 688 5361 ritus
720 5308 994 5361 ordinario
1021 5306 1088 5359 ad
1116 5307 1427 5375 baptismum
1460 5307 1854 5361 observabatur.
1881 5306 1993 5359 Cur
2026 5307 2126 5376 igi-

559 5410 647 5453 tur
681 5416 774 5454 vos
804 5399 1055 5455 mutastis
1083 5408 1137 5454 et
1167 5400 1516 5470 abrogastis?
1554 5397 1819 5451 Prceterea
1856 5414 1971 5450 vero
2030 5415 2126 5451 an-

554 5491 839 5545 niversario
906 5492 961 5544 in
1024 5491 1383 5559 singularibus
1444 5486 1757 5556 quibusdam
1825 5487 2005 5540 diebus
2056 5486 2132 5557 [eg

554 5628 664 5679 ὑπὸ
696 5627 787 5678 τοῦ
844 5626 1282 5695 lapso-stilum,
1319 5625 1379 5675 τὸ
1412 5624 1511 5695 τ’»ὖᾼ
1558 5622 1795 5693 μεγάλου
1852 5622 2129 5695 audaci-mo

555 5692 993 5762 ἀναγινιῖηξετπι
1025 5696 1130 5747 ὑπὸ
1158 5696 1250 5747 τοῦ
1280 5693 1705 5760 σκευοφύλακος.
1740 5695 1818 5762 Τῇ
1866 5692 1999 5761 ἁγία
2040 5694 2133 5744 καὶ

563 5768 773 5833 μεγάλῃ
827 5767 1079 5835 Κυριακῇ
1132 5764 1225 5817 τοῦ
1258 5764 1539 5832 Πάσχατος
1595 5767 2029 5829 ἀναγινώσκεται
2076 5764 2133 5814 τδ

2240 4588 2357 4630 ante
2391 4591 2619 4629 mensam
2654 4574 2769 4626 sisti
2799 4572 2886 4623 διὰ
2928 4571 3019 4623 τὸν
3049 4570 3158 4621 τῶν
3191 4570 3534 4638 ἀντιμασίων
3562 4567 3801 4635 ἄρχοντα,

2239 4680 2520 4741 posteaque
2550 4668 2727 4721 eodem
2758 4676 3023 4734 pra'eunte
3058 4664 3251 4717 adduci
3285 4664 3354 4715 ad
3376 4661 3803 4741 communionem.

2240 4740 2297 4813 ut
2336 4759 2510 4827 palam
2551 4766 2797 4809 testatum
2855 4750 3073 4822 faceret,
3132 4751 3248 4804 illos
3307 4768 3431 4803 suos
3499 4749 3703 4802 comites
3759 4740 3804 4790 in

2242 4867 2402 4903 unum
2431 4864 2616 4917 corpus
2649 4846 2910 4898 coaluisse
2933 4861 3050 4897 cum
3081 4843 3294 4897 Christo
3325 4854 3374 4897 et
3416 4838 3646 4894 Ecclesia
3681 4831 3805 4899 ejus-

2248 4941 2346 4995 llic
2374 4950 2548 4993 autem
2580 4939 2711 4990 ritus
2748 4939 2807 4990 τὸ
2846 4938 3186 5005 ἁντιμίνσιον
3219 4936 3395 4988 dictus
3452 4941 3547 4986 est.
3601 4921 3806 4980 Fabula:

2241 5033 2364 5102 plus
2405 5046 2567 5100 quam
2601 5028 2910 5096 Aisopicaa;
2945 5028 3143 5096 quibus
3170 5024 3487 5079 reiellendis
3507 5022 3595 5074 diu
3623 5019 3803 5070 inuno-

2242 5125 2349 5178 rari
2382 5124 2453 5177 nil
2484 5122 2587 5177 erit
2621 5136 2860 5183 necesse,
2897 5119 2985 5171 ubi
3009 5118 3180 5187 ipsam
3240 5117 3527 5169 veritatem
3578 5105 3805 5176 explica-

2240 5216 2499 5272 verimus,
2541 5227 2639 5265 nec
2678 5210 2897 5264 aliunde
2939 5209 3046 5262 nisi
3119 5224 3185 5261 ex
3249 5207 3564 5261 Graecorum
3624 5208 3802 5250 monu-

2240 5308 2456 5361 mentis.
2484 5304 2623 5369 Quid
2652 5304 2820 5372 igitur
2847 5311 2977 5356 sunt
3032 5299 3350 5353 antimensia
3379 5299 3403 5352 ?
3467 5286 3802 5348 Antimensia.

2236 5397 2413 5465 inquit
2444 5394 2530 5448 ille
2555 5395 2606 5447 in
2636 5392 2766 5446 iure
2801 5390 2915 5446 GR.
2952 5391 3044 5443 fol.
3078 5390 3202 5453 239,
3228 5389 3424 5442 scimus
3458 5384 3576 5453 ﬁeri
3627 5377 3801 5465 solita.

2251 5463 2471 5557 quando
2527 5487 2768 5553 episopus
2830 5490 3135 5535 consecrato
3199 5479 3547 5543 dedicaloque
3625 5463 3804 5533 templo

2240 5622 2394 5686 ἅγιον
2426 5618 2758 5684 Εὐαγγέλιον
2792 5617 2895 5686 ὑπὸ
2921 5613 3013 5667 τοῦ
3042 5615 3280 5686 μεγάλου
3301 5609 3614 5686 οίκονδμουἶ

2682 5667 2718 5737 δή
2743 5685 2915 5757 δενξιδς
2944 5667 3103 5754 χορλς
3125 5667 3224 5735 'm
3256 5683 3322 5733 τὰ
3357 5667 3569 5747 μεγάλα
3591 5667 3807 5741 duplum

2243 5760 2350 5813 τῶν
2384 5755 2878 5827 ἐκκλησιαστικῶν.
