4044 6452
292 372 376 435 161
1386 372 1781 433 GRETSEBI
1832 372 1921 431 ET
1960 371 2198 430 GOARI
2229 372 2470 433 NOTAE.

3440 370 3546 433 162

282 508 507 562 pomum
552 508 750 546 mensa:
792 491 1119 545 substratum
1165 503 1500 556 mensamque
1544 503 1636 540 seu
1700 485 1871 539 altare

1978 491 2063 534 tnr
2096 481 2172 545 ὡς
2198 481 2590 552 ἀντιπρόσωπα
2619 479 2711 533 καὶ
2737 480 3006 532 ἀντίτυπα
3040 479 3148 531 τῶν
3194 479 3399 532 πολλῶν
3433 483 3555 549 μιν·

283 595 549 651 ιιῃειυειη,
585 583 640 635 in
708 583 889 649 frusta
944 581 1229 634 dissectum
1283 580 1585 647 pictnmque
1623 577 1870 631 sacerdo-

283 676 414 725 tibus
466 675 765 737 distribuit,
822 684 879 726 ut
938 688 997 727 eo
1046 671 1259 740 praediti
1304 670 1626 737 sacriﬁcium
1675 670 1865 737 oﬂ‘errc

279 772 468 832 queant
532 762 679 827 Sunt
715 763 883 832 igitur
910 762 1225 816 antimensia
1256 775 1317 814 ea
1342 776 1463 829 qua:
1519 759 1663 828 apud
1721 760 1867 813 Lati-

280 872 375 908 nos
400 855 605 922 lapides
631 854 933 907 consecrati
965 869 1059 908 seu
1083 869 1191 906 arte
1213 852 1505 921 portatiles,
1531 852 1648 907 sine
1667 852 1864 920 quibus

282 946 761 1000 sacriticiumlieri
801 960 911 998 non
954 952 1153 1013 potest,
1218 944 1262 997 si
1325 958 1430 997 non
1490 943 1749 997 oneratur
1808 943 1861 996 in

284 1038 434 1089 altari
499 1052 595 1102 per
655 1050 714 1089 se
785 1036 1025 1103 alioquin
1077 1044 1398 1089 consecrato
1455 1043 1509 1087 et
1587 1033 1859 1087 dedicato.

286 1128 547 1181 Dicuntur
607 1128 1093 1193 antimensia,quia
1157 1136 1286 1179 sunt
1336 1126 1459 1180 loco
1515 1140 1715 1178 mensa:
1768 1140 1862 1178 seu

288 1236 394 1272 ara!
429 1228 768 1273 consecratae
800 1218 1027 1287 ejusque
1066 1219 1237 1273 vicem
1270 1217 1549 1283 subeunt;
1618 1218 1862 1284 liuntque

287 1329 348 1365 cx
413 1326 603 1379 panno
652 1310 828 1363 diviso
876 1320 922 1363 el
964 1309 1042 1362 'in
1097 1309 1268 1363 frusta
1308 1307 1568 1373 dissecto,
1614 1324 1683 1360 ex
1727 1307 1818 1360 illo
1846 1346 1861 1370 ,

286 1405 529 1471 inquam,
554 1416 738 1471 panno
758 1402 849 1470 qui
869 1402 1037 1455 altare
1058 1400 1126 1454 ab
1148 1400 1406 1470 episcopo
1435 1399 1501 1453 de
1554 1414 1694 1451 novo
1724 1415 1854 1452 con-

286 1504 559 1548 secratum
590 1493 855 1547 vestiebat
885 1503 937 1546 et
963 1492 1194 1546 ornabat
1230 1508 1244 1545 :
1314 1492 1417 1545 hoc
1472 1492 1619 1545 enim
1671 1492 1857 1559 operi-

290 1593 533 1638 mentum
558 1584 611 1636 in
642 1594 823 1651 partes
857 1583 1093 1636 minutas
1143 1583 1441 1636 dissectum
1501 1580 1864 1636 distribuebat

288 1678 580 1748 episcopus
602 1678 998 1743 sacerdotibus,
1028 1689 1086 1732 ut
1112 1690 1299 1746 postea
1330 1678 1567 1748 partium
1631 1679 1860 1733 ismrum

1977 589 2085 625 σων
2119 574 2229 625 τῶν
2264 572 2703 642 καταρτιζόντων
2739 572 2837 638 τὴν
2869 569 3031 637 ἁγίαν
3079 570 3173 622 καὶ
3228 571 3552 644 δεσποτικὴν
3595 624 3609 641 ,

1971 663 2267 732 τράπεζαν.
2314 664 2452 718 Sunt
2491 664 2637 719 enim
2668 664 2840 733 ipsius
2871 671 3204 719 consecratae
3235 679 3435 718 mensae
3456 680 3553 719 seu

1971 771 2080 811 arte
2113 758 2310 810 uicaria
2335 775 2348 811 :
2370 773 2496 811 nam
2518 767 2577 809 ut
2610 756 2753 809 idem
2793 755 3142 825 Nicephorus
3172 755 3325 818 dicit,
3344 760 3554 824 proprie

1972 866 2177 902 mensas
2216 866 2308 903 seu
2354 865 2480 904 aras
2521 848 2833 919 signiﬁcant
2888 864 3036 917 quas-
3068 850 3397 901 consecratio
3450 866 3549 901 non

1970 943 2343 1009 sanctiﬁcavit.
2379 941 2559 996 Monet
2597 942 2761 995 etiam
2800 942 2900 995 hoc
2952 940 3295 1010 Nicephorus
3329 960 3340 993 :
3372 940 3429 994 Si
3461 940 3553 1008 per

1968 1034 2329 1103 ignorantiam
2384 1034 2551 1086 lotum
2599 1034 2761 1101 fuerit
2820 1033 3216 1097 antimensium,
3281 1048 3384 1084 non
3425 1048 3551 1100 pro-

1968 1134 2143 1192 pterea
2164 1126 2403 1178 amittere
2426 1126 2904 1192 sancti/Rationem
2932 1140 3023 1176 nec
3080 1123 3364 1192 profanum
3401 1125 3548 1192 efﬁci.

1969 1213 2075 1269 Pro
2116 1231 2224 1283 quo
2246 1216 2361 1278 alii,
2421 1216 2614 1269 vitiose
2654 1230 2883 1283 prorsus
2941 1216 3198 1283 nulloque
3266 1231 3454 1277 sensu,
3506 1217 3551 1267 si

1968 1307 2239 1375 impletum
2269 1306 2427 1375 fuerit
2456 1306 2835 1358 antimensium
2870 1322 2882 1357 :
2956 1306 3217 1357 nimirum
3242 1320 3341 1374 pro
3376 1305 3550 1373 πλυθῇ

1966 1395 2216 1465 legerunt
2246 1396 2543 1466 πληθυνθῇ.
2581 1396 2712 1460 Quae
2738 1395 2931 1448 vitiosa
2972 1395 3131 1449 lectio
3188 1409 3219 1448 a
3274 1394 3553 1449 Bouelidio

1969 1488 2213 1559 profecta
2252 1497 2433 1542 exstat
2463 1489 2628 1542 etiam
2671 1498 2807 1544 tom.
2835 1486 2903 1542 Vl
2936 1485 3281 1540 Bibliotheca
3314 1485 3416 1541 SS.
3453 1484 3555 1538 Pa-

1970 1592 2140 1636 trum.

2042 1672 2096 1725 ln
2116 1670 2456 1740 Eucbologio
2482 1668 2794 1723 Graecorum
2836 1668 3216 1737 praescribitur
3243 1667 3416 1732 τάξις.
3454 1666 3556 1720 hoc

291 1771 561 1825 beneﬁcio
580 1762 915 1824 sacriﬁcium
937 1769 991 1824 in
1020 1770 1281 1827 altaribus
1310 1771 1474 1825 etiam
1514 1786 1623 1824 non
1672 1786 1865 1827 conse-
1902 1792 1943 1847 Β
1970 1773 2055 1819 est
2089 1765 2283 1819 modus
2312 1772 2365 1817 et
2397 1765 2532 1816 ordo
2598 1760 2959 1816 consecrandi
2991 1761 3339 1815 antimensia.
3366 1759 3556 1823 Quan-

291 1863 455 1916 cratis
480 1862 687 1915 oﬂ'erre
713 1868 959 1930 possent.
998 1860 1204 1915 (iners.

360 1952 447 2025 {9.
476 1954 535 2007 5.
561 1952 925 2019 Antimensia,
950 1954 1107 2022 quasi
1125 1968 1316 2007 menste
1339 1968 1507 2006 sacra:
1531 1953 1638 2006 vice
1660 1966 1878 2007 assum-

292 2054 405 2115 pta,
436 2055 571 2100 sunt
634 2044 956 2098 Graecorum
984 2042 1180 2097 altaria
1244 2043 1730 2112 portatilia,lintea
1786 2043 1875 2096 ni-

296 2136 493 2188 mirum
561 2133 735 2189 sacris
789 2132 1037 2203 reliquiis
1083 2132 1272 2199 ditata,
1342 2142 1619 2201 unguento
1657 2147 1875 2202 quoque

295 2241 450 2280 sacro
468 2225 711 2280 delibuta
761 2239 822 2279 ac
840 2224 1112 2294 pontiﬁcis
1137 2224 1517 2279 benedictione
1537 2224 1605 2278 ad
1654 2224 1871 2278 missam

296 2316 349 2370 in
376 2318 445 2370 iis
465 2313 843 2370 celebrandam
876 2314 1142 2369 dedicata.
1205 2314 1275 2370 Ut
1332 2329 1523 2369 eorum
1590 2329 1725 2369 usus
1788 2324 1874 2369 est

298 2407 349 2461 in
392 2406 798 2470 communione,
864 2405 956 2474 qui
1009 2405 1173 2475 hujus
1214 2420 1406 2461 curam
1448 2405 1701 2474 suscipit,
1763 2405 1872 2461 illis

301 2500 488 2571 praeﬁci
513 2505 796 2553 asseritur.
815 2497 1014 2568 60am]

366 2591 635 2653 Quocirca
685 2592 883 2660 quaerit
933 2591 1022 2645 ille
1082 2591 1134 2644 in
1193 2588 1325 2645 Jure
1376 2589 1872 2657 Graeco-Romano,

299 2685 419 2752 quid
452 2682 753 2751 faciendum
781 2684 828 2736 si
862 2682 1029 2737 desint
1055 2683 1394 2748 antimensia,
1451 2698 1569 2735 enm
1621 2684 1737 2735 sine
1790 2682 1873 2737 Itis

301 2774 554 2827 celebrare
584 2788 686 2826 non
725 2773 877 2826 liceat
910 2775 935 2827 1t
966 2770 1307 2841 Responsum
1341 2771 1422 2825 his
1447 2771 1629 2827 verbis
1673 2772 1872 2827 datur:

303 2866 618 2919 Antimensia
649 2866 705 2917 in
738 2863 977 2917 omnibus
1004 2865 1199 2918 sanctis
1240 2864 1432 2917 mensis
1460 2863 1589 2931 (hoc
1622 2871 1704 2918 est
1732 2863 1873 2917 alta-

305 2957 469 3026 ribus)
512 2958 639 3025 poni
670 2972 873 3010 necesse
904 2973 1004 3010 non
1056 2965 1156 3021 est,
1188 2956 1278 3011 sed
1326 2956 1380 3008 in
1447 2957 1513 3009 iis
1571 2957 1636 3010 de
1685 2958 1872 3027 quibus

305 3051 549 3101 incertum
588 3064 712 3101 num
745 3057 1066 3103 consecrata:
1087 3050 1193 3101 sint
1213 3064 1400 3103 necne.
1432 3047 1575 3101 Nam
1596 3050 1863 3103 antimen-

1981 1856 2067 1916 do,
2096 1856 2291 1924 inquit,
2342 1856 2641 1907 sacerdotes
2676 1854 2992 1906 antimensia
3029 1868 3218 1907 mensae
3256 1854 3551 1920 imponunt,

1978 1948 2085 2001 illis
2105 1962 2169 2001 ea:
2189 1947 2430 2000 oenanthe
2453 1963 2543 2000 seu
2571 1948 2701 2015 ﬂore
2724 1947 2831 1999 vini
2849 1947 3243 2013 superinfundit
3280 1947 3554 2013 episcopus

1981 2047 2059 2093 ter
2087 2048 2344 2109 quantum
2380 2040 2533 2104 satis,
2556 2038 2779 2091 recitata
2806 2039 3013 2090 interim
3047 2038 3285 2106 psalmo:
3321 2055 3340 2088 α
3368 2039 3558 2105 Asper-

1978 2146 2063 2200 ges
2092 2146 2193 2197 me,
2214 2130 2455 2195 Domine,
2504 2132 2751 2199 hyssopo,
2789 2124 2839 2182 et
2872 2130 3189 2194 mundabor,
3228 2128 3427 2182 lavabis
3453 2144 3554 2189 me,

1979 2234 2027 2277 et
2052 2239 2207 2291 super
2235 2224 2403 2277 nivem
2428 2223 2731 2277 dealbabor.
2747 2240 2765 2275 ι
2793 2221 2906 2276 Hoc
2930 2231 3008 2275 ter
3032 2223 3174 2275 dicto
3198 2221 3396 2289 reliqua
3420 2220 3560 2289 ejus-

1977 2318 2093 2369 dem
2118 2318 2313 2385 psalmi
2342 2315 2608 2385 adjungit,
2636 2314 2902 2383 Deumque
2944 2314 3246 2377 benedicens
3276 2315 3373 2378 ait,
3409 2332 3427 2364 ί
3458 2312 3558 2365 Bc-

1978 2409 2212 2462 nedictus
2269 2408 2405 2462 Deus
2441 2418 2635 2472 noster,
2673 2422 2810 2460 nunc
2837 2416 2887 2461 et
2930 2422 3135 2476 semper
3172 2416 3220 2459 et
3254 2407 3312 2459 in
3360 2405 3559 2458 saecula

1977 2501 2312 2565 saeculorum,
2344 2502 2530 2555 Amen.
2576 2519 2595 2553 ι
2659 2503 2852 2555 Postea
2874 2511 3087 2567 accepto
3123 2500 3266 2553 sacri
3307 2500 3559 2569 unguenti

1976 2610 2121 2658 uase,
2146 2602 2196 2645 et
2218 2594 2443 2646 diacono
2474 2594 2770 2658 clamante,
2800 2611 2819 2645 ι
2853 2594 3218 2656 Attendamus,
3255 2608 3274 2642 ι
3312 2591 3441 2658 facit
3469 2607 3561 2659 per

1976 2685 2353 2738 antimensium
2385 2700 2562 2737 cruces
2599 2694 2726 2746 tres,
2788 2701 2947 2737 unam
2977 2700 3069 2752 per
3101 2684 3350 2744 medium,
3394 2683 3562 2735 utrin-

1975 2790 2072 2844 que
2093 2776 2249 2835 duas.
2274 2775 2624 2845 recitaturque
2645 2774 2881 2843 psalmus
2907 2792 2933 2835 :7
2958 2792 2978 2825 ι
3011 2773 3144 2827 Ecce
3172 2790 3330 2843 quam
3367 2774 3558 2826 bonum

1974 2876 2023 2921 et
2056 2882 2214 2936 quam
2235 2867 2557 2935 jucundum,
2600 2883 2618 2915 ι
2651 2882 2814 2935 usque
2834 2867 2903 2918 ad
2925 2867 3115 2935 ﬁnem;
3156 2866 3420 2936 Deumque
3448 2870 3558 2921 col.

1974 2958 2202 3012 laudans
2219 2959 2349 3010 dicit
2367 2960 2636 3026 episcopus
2656 2974 2675 3010 :
2703 2974 2722 3007 ι
2749 2956 2931 3010 Gloria
2953 2958 3068 3023 tibi,
3094 2967 3279 3012 sancta
3304 2957 3556 3023 Trinitas,

1972 3048 2112 3104 Deus
2151 3058 2328 3102 noster
2371 3050 2427 3101 in
2459 3048 2681 3101 swcula.
2742 3067 2761 3098 ι
2812 3048 3008 3101 Deinde
3063 3058 3272 3115 accepta
3324 3050 3558 3103 turibulo

304 3140 377 3190 sia
415 3139 587 3192 locum
638 3139 864 3192 obtinent
916 3148 1343 3193 cansecratarum
1390 3155 1714 3204 mensarum,
1777 3156 1868 3194 nec
1896 3132 1938 3189 C
1974 3144 2239 3197 incensum
2277 3140 2441 3209 facit;
2470 3148 2521 3194 et
2550 3143 2769 3194 diacono
2786 3140 3024 3195 dicente:
3062 3156 3077 3188 ι
3112 3139 3333 3193 Oremus
3379 3139 3561 3192 Domi-

305 3231 364 3281 iis
388 3247 513 3298 opus
547 3239 623 3282 est
651 3232 737 3283 ubi
772 3246 978 3284 mensas
1010 3240 1351 3285 consecratas
1383 3248 1493 3285 esse
1516 3241 1745 3286 constat.
1788 3234 1868 3287 Ex

306 3320 732 3389 quibusliquido
786 3329 930 3390 patet
994 3337 1115 3392 quae
1167 3323 1277 3377 sint
1330 3325 1670 3389 antimensia,
1748 3325 1872 3393 quis

307 3423 481 3463 eorum
525 3425 679 3474 usus,
720 3425 912 3479 nempe
951 3409 1091 3464 idem
1155 3426 1386 3479 prorsus
1440 3415 1534 3482 qui
1576 3414 1717 3482 apud
1767 3429 1868 3470 nos

306 3500 552 3552 altarium
597 3499 925 3568 partatilium
1000 3516 1093 3557 seu
1155 3502 1415 3570 lapidum,
1479 3515 1538 3559 ut
1585 3519 1868 3572 vocamus,

308 3601 738 3653 consecratorum,
771 3608 1003 3661 quorum
1038 3595 1303 3648 beneﬁcio
1329 3604 1504 3663 potest
1564 3597 1688 3666 quis
1707 3598 1870 3652 etiam

308 3686 357 3737 in
377 3701 482 3737 non
503 3696 820 3741 consecrato
848 3687 1004 3742 altari
1033 3686 1332 3742 celebrare.
1387 3687 1541 3754 Quod
1594 3705 1725 3760 ergo
1774 3705 1874 3747 nos

311 3787 592 3840 possumus
621 3775 721 3829 hoc
744 3776 940 3842 medio,
964 3776 1017 3831 id
1037 3774 1210 3831 Graeci
1232 3777 1465 3846 quibam
1492 3792 1586 3845 per
1610 3780 1876 3834 antimen-

308 3867 405 3929 sia,
436 3867 542 3921 hoc
568 3873 653 3922 est
678 3881 773 3935 per
793 3876 971 3935 partes
995 3868 1289 3935 tegumenti
1315 3868 1462 3923 illius
1491 3870 1634 3938 quod
1671 3884 1873 3926 novum

310 3958 493 4021 altare,
556 3958 775 4027 quando
844 3958 1100 4028 templum
1157 3960 1606 4027 consecrabatur,
1652 3977 1878 4030 operue-

315 4058 415 4102 rat.
772 4070 777 4077 ·
936 4054 943 4063 "

376 4144 520 4196 Inter
554 4151 778 4197 caeteras
814 4142 1144 4212 quaestiones
1181 4140 1376 4199 Joanni
1422 4142 1596 4197 Citrio
1628 4145 1878 4214 proposi-

316 4246 389 4289 tas
422 4237 536 4289 haec
581 4236 743 4289 etiam
779 4250 883 4288 una
935 4246 1072 4298 erat,
1102 4251 1169 4289 an
1203 4237 1517 4288 antimensia
1571 4236 1731 4288 etiam
1771 4253 1880 4289 .va-

312 4328 439 4380 leam
467 4328 519 4380 in
540 4327 666 4380 aliis
697 4327 971 4396 provinciis
984 4339 1034 4381 et
1054 4327 1378 4389 dioecesibus,
1397 4343 1464 4379 an
1490 4326 1662 4380 solum
1683 4330 1734 4381 in
1753 4327 1883 4381 dite-

1974 3251 2120 3301 num,
2148 3253 2167 3287 »
2208 3234 2284 3287 sic
2308 3240 2557 3302 precatur
2576 3231 2839 3300 pontifex.
2869 3230 3195 3285 Subduntur
3218 3230 3417 3285 deinde
3437 3248 3559 3300 pre-

1970 3340 2083 3394 ces,
2107 3341 2247 3396 quas
2268 3340 2432 3395 snper
2450 3324 2771 3377 antimensia
2798 3324 3047 3391 pontifex
3073 3323 3251 3379 fundit
3277 3340 3291 3388 ;
3323 3340 3556 3394 quarum

1971 3418 2245 3475 desiderio
2277 3418 2371 3488 qui
2412 3425 2646 3482 tenetur,
2686 3417 2733 3470 is
2765 3415 3159 3487 Euclnologl‘hm
3194 3418 3466 3473 consulat.

2046 3510 2224 3563 Animi
2269 3524 2434 3564 causa
2464 3508 2617 3578 juvat
2674 3507 2882 3562 addere
2928 3508 3293 3577 qurestionem
3356 3507 3556 3564 Joauni

1972 3601 2145 3657 Citrio
2179 3601 2535 3670 propositam,
2574 3599 2707 3668 quid
2748 3598 2939 3653 Graece
2975 3599 3249 3669 signiﬁcet
3298 3600 3559 3654 antimen—

1971 3696 2134 3762 sium,
2154 3710 2208 3750 et
2236 3695 2510 3764 quomodo
2534 3692 2881 3748 scribendum
2919 3693 3010 3755 sit,
3059 3708 3188 3747 num
3229 3707 3326 3762 per
3359 3688 3465 3763 ἦτα
3489 3709 3557 3747 an

1977 3804 2070 3857 per
2090 3786 2339 3841 ἰῶτα.Αά
2365 3787 2505 3841 hanc
2529 3784 2892 3856 questionem
2918 3783 2990 3838 ita
3011 3783 3302 3853 respondet
3326 3782 3554 3837 Citrius:

1975 3878 2270 3948 Appellatio
2306 3879 2587 3931 deducitur
2621 3894 2653 3930 a
2689 3892 2889 3938 mensa,
2918 3875 3053 3944 quod
3084 3876 3371 3928 secundum
3406 3873 3558 3929 Cra:-

1977 3985 2065 4023 cos
2093 3969 2298 4037 quidem
2319 3966 2585 4036 signiﬁcat
2607 3965 2803 4018 κανοῦν
2848 3965 3168 4029 canistrum,
3199 3972 3246 4017 et
3272 3965 3558 4017 secundum

1984 4061 2230 4116 Italicam
2257 4060 2497 4128 linguam
2513 4058 2574 4111 τὸ
2597 4056 3165 4125 πεπραγματευμένον
3190 4058 3303 4118 τοῖς
3334 4056 3560 4123 ὲψοποι-

1980 4157 2061 4215 οῖς
2105 4150 2650 4218 ὲδεστόνληιθιιρτοε,
2681 4147 2876 4201 Venale
2900 4147 3301 4215 propinatorum
3324 4147 3558 4200 edulium

1983 4247 2002 4319 (
2038 4260 2201 4315 quam
2236 4245 2373 4297 bene
2396 4242 2639 4304 Graecus,
2664 4249 2770 4292 tam
2807 4239 2946 4291 bene
2982 4236 3155 4291 Graeci
3214 4237 3480 4304 interpres
3513 4240 3554 4307 ).

1983 4335 2287 4391 Audiamus
2313 4342 2526 4386 ecetera.
2545 4333 2661 4383 Hac
2702 4328 2906 4380 ratione
2948 4336 2997 4380 et
3026 4326 3080 4379 in
3111 4327 3303 4380 mensis
3327 4328 3559 4396 explica-

310 4420 405 4471 cesi
420 4419 643 4487 episcopi
665 4421 975 4472 antimensia
995 4419 1088 4471 illa
1105 4421 1458 4471 consecrantis
1474 4431 1522 4471 et
1542 4418 1879 4485 conﬁcientis.
1916 4460 1959 4515 υ
1991 4444 2057 4486 ιω
2090 4444 2290 4498 mappa;
2323 4425 2665 4478 nominantur
2688 4419 2960 4481 mensalia,
2997 4430 3249 4488 tanquam
3292 4420 3360 4473 ad
3396 4436 3559 4472 onm.

315 4509 463 4580 147
499 4511 800 4579 Responsio
821 4520 904 4564 est
948 4512 1119 4564 valere
1158 4510 1363 4577 ubique,
1418 4511 1551 4562 sicut
1624 4519 1673 4563 et
1707 4511 1876 4578 ipsum
1914 4509 1925 4578 ξ

310 4617 510 4654 sacrum
542 4611 862 4672 unguentum
883 4612 934 4656 et
982 4603 1094 4656 alia
1153 4619 1328 4667 sacra,
1384 4604 1619 4672 quamvis
1676 4619 1780 4655 uno
1820 4604 1876 4655 in

308 4691 415 4746 loco
443 4694 798 4762 sanctiﬁcata,
816 4694 972 4748 semel
997 4703 1173 4748 tamen
1190 4695 1662 4763 sanctificationem
1686 4697 1875 4764 adepta

312 4784 496 4855 ubique
523 4803 640 4840 eam
670 4788 895 4840 retinent
926 4797 974 4841 et
1002 4796 1272 4851 exserunt,
1309 4788 1486 4856 inquit
1518 4787 1748 4850 Cilrins,
1780 4787 1875 4856 qui

307 4886 357 4931 et
387 4881 543 4932 docet
576 4879 891 4934 antimcnsia
916 4895 1021 4933 non
1069 4879 1239 4947 primo
1300 4880 1482 4932 statim
1529 4880 1876 4932 dedicationis

308 4968 387 5020 die
432 4968 740 5033 distributa,
801 4968 892 5023 sed
946 4979 1057 5023 tum
1113 4971 1345 5035 demum,
1401 4971 1491 5023 ubi
1516 4982 1875 5039 tegumentum

308 5060 491 5113 altaris
529 5075 621 5126 per
640 5060 906 5128 sacriﬁcia
934 5070 1132 5128 septem
1167 5063 1431 5117 continuis
1461 5062 1643 5114 diebus
1695 5062 1874 5119 oblata

306 5151 770 5218 sanctiﬁcationem
802 5154 1108 5218 accepisset,
1132 5156 1186 5207 in
1235 5165 1409 5222 partes
1437 5155 1669 5217 divisum
1700 5163 1749 5207 et
1777 5171 1874 5224 pro

307 5247 633 5299 antimensiis
669 5246 1009 5300 distributum
1036 5264 1167 5302 esse.
1195 5248 1250 5302 ln
1278 5251 1524 5303 eatndcm
1547 5252 1872 5305 sententiam

306 5336 640 5407 Nicepltorus
718 5342 1027 5409 patriarcha
1084 5342 1405 5413 Cpolitanus
1462 5351 1596 5395 tom.
1652 5341 1671 5394 Ι
1725 5342 1874 5399 Juris

306 5428 524 5484 GRJ‘ol.
555 5429 660 5496 29,
700 5432 1051 5496 Antimensia,
1099 5435 1294 5503 inquit,
1367 5435 1659 5502 ubicunque
1714 5436 1873 5503 fuerit

306 5522 367 5573 iis
395 5536 546 5589 opus,
580 5524 882 5585 mittuntur,
934 5539 1024 5576 nec
1080 5526 1159 5577 uel
1225 5526 1323 5578 hac
1380 5524 1455 5578 vel
1513 5525 1610 5577 illa
1666 5528 1873 5592 regione

307 5616 824 5675 circumscribuntur.
852 5617 941 5669 sed
980 5617 1035 5668 in
1078 5617 1236 5670 aliam
1299 5633 1500 5685 quoque
1544 5619 1871 5684 provinciam

306 5704 690 5772 transferuntur
716 5708 851 5759 sicut
874 5713 923 5757 et
956 5721 1164 5758 sacrum
1214 5715 1552 5775 unguentum.
1592 5704 1751 5758 Addit
1775 5706 1868 5756 Ni-

306 5798 568 5866 cepltorus
601 5797 936 5851 notationem
968 5797 1204 5851 nominis
1240 5814 1254 5850 :
1293 5798 1378 5849 Sic
1401 5806 1574 5849 autem
1599 5796 1876 5862 appellau-

1981 4541 2092 4581 tum
2112 4534 2301 4573 mensa:
2327 4516 2520 4583 posita.
2558 4512 2778 4581 Vulgari
2804 4521 2978 4564 autem
3003 4527 3101 4563 usu
3133 4510 3447 4563 antimensia
3479 4512 3561 4561 di-

1978 4626 2170 4673 cuntur
2194 4621 2249 4666 ut
2280 4612 2334 4663 in
2364 4608 2583 4663 vestibus
2610 4608 2868 4675 antipana
2909 4604 3258 4674 (antipanni).
3306 4602 3432 4656 llrec
3461 4619 3560 4656 au-

1980 4720 2082 4763 tem
2107 4708 2161 4759 in
2196 4701 2405 4756 sanctis‘
2420 4698 2528 4751 illis
2554 4707 2819 4764 ponuntur
2845 4697 3033 4748 mensis
3077 4711 3210 4763 quas
3232 4698 3559 4746 consecrato

1978 4817 2082 4854 non
2113 4793 2483 4861 sancn‘ﬁravit.
2514 4789 2676 4860 148
2702 4786 2994 4856 Subjuugit
3020 4786 3226 4839 Citrius
3253 4802 3266 4838 :
3330 4783 3388 4837 Si
3428 4796 3560 4837 tem-

1977 4892 2123 4960 plum
2152 4904 2254 4940 non
2286 4894 2364 4938 est
2392 4882 2715 4940 dedicatum,
2744 4878 2884 4948 quod
2908 4879 2955 4930 ei
2994 4877 3158 4939 deest,
3194 4876 3563 4941 sanctiﬁcato-
3599 4871 3610 4933 ί

1980 4984 2064 5034 ria
2096 4981 2172 5034 vis
2214 4974 2520 5030 antimensii
2550 4971 2753 5040 implet.
2789 4968 3017 5037 Ideoque
3047 4969 3103 5020 in
3137 4983 3238 5019 non
3260 4978 3558 5018 consecrato

1978 5071 2171 5141 templo
2215 5065 2538 5134 sacriﬁcium
2583 5063 2695 5117 sine
2740 5059 3059 5113 antimensio
3091 5074 3357 5127 nunquam
3387 5057 3560 5124 facere

1975 5164 2117 5217 licet.
2165 5160 2231 5214 Et
2258 5156 2520 5215 sacerdoti
2558 5155 2650 5222 qui
2690 5152 2786 5205 hoc
2808 5167 2980 5203 ausus
3033 5149 3217 5218 fuerit,
3261 5165 3410 5211 paena
3461 5151 3561 5203 erit

1976 5254 2253 5323 depositio.
2289 5249 2394 5303 Per
2424 5250 2533 5301 iota
2563 5255 2740 5298 autem
2780 5242 3035 5296 scribitur
3080 5242 3170 5295 διὰ
3202 5245 3264 5294 τὸ
3296 5241 3509 5295 ὲθνικόν
3545 5256 3558 5269 ο

1976 5347 2045 5399 τὰ
2074 5345 2182 5413 γὰρ
2214 5343 2409 5395 ὲθνικὰ
2440 5338 2585 5393 κατὰ
2607 5337 2701 5389 τὸν
2736 5335 3132 5406 γραμματικὸν
3185 5336 3391 5389 κανόνα
3430 5333 3559 5385 οὔτε

1976 5436 2314 5506 παραγωγὰς
2331 5432 2457 5486 οὔτε
2480 5432 2713 5494 κανόνας
2735 5430 2968 5499 ἔχουσιν.
2991 5426 3172 5482 Solent
3190 5436 3362 5480 autem
3380 5438 3565 5495 gram'n

1978 5527 2159 5585 πηιιείςὶ
2172 5542 2262 5593 per
2286 5526 2392 5577 iota
2410 5535 2454 5577 et
2479 5524 2712 5575 omicron
2735 5532 2782 5574 et
2800 5521 3006 5586 epsilon
3025 5519 3124 5582 τὰς
3144 5517 3361 5578 ἐθνικὰς
3382 5518 3563 5583 φωνάς

1975 5619 2222 5673 scribere.
2279 5614 2410 5680 Quae
2450 5616 2593 5669 ratio
2647 5614 2805 5670 Citrii
2853 5613 3042 5683 quanti
3090 5611 3181 5672 sit,
3234 5610 3284 5660 in
3319 5606 3563 5676 cujusvis

1970 5710 2196 5765 arbitrio
2227 5708 2392 5763 situm
2418 5717 2556 5763 esto.

2047 5805 2135 5857 Ait
2176 5804 2395 5871 insuper
2438 5799 2758 5854 antimensia
2790 5798 2939 5853 nullo
2986 5795 3149 5851 modo
3184 5793 3394 5847 licitum
3429 5805 3566 5847 con-
