4064 6440
507 364 607 429 163

1634 369 1714 429 ΙΝ
1746 369 2054 429 LIBRUM
2098 368 2193 427 DE
2223 367 2559 426 OFFlCllS
2595 367 2707 426 CP.

3678 373 3775 436 165

503 478 688 543 licere,
722 476 828 531 nisi
862 475 917 529 in
938 476 1064 529 novi
1097 474 1282 544 templi
1308 468 1668 543 dedicatione,
1691 481 1898 549 quique
1923 494 2083 533 secus
2115 485 2157 537 Α
2190 493 2362 547 nugas
2387 479 2451 531 de
2487 476 2869 542 sum-agatiouc
2903 489 2954 529 ct
3007 477 3297 544 electione,
3357 483 3645 549 quomodo
3680 494 3775 539 an.

501 575 682 637 agant,
724 581 963 622 canones
1023 569 1373 635 transgredi,
1408 584 1509 625 nec
1566 570 1769 625 referre
1812 587 1941 625 num
1978 588 2080 623 nn-

501 676 596 729 per
626 659 883 728 templum
916 658 988 712 sit
1011 668 1356 714 exstructum
1421 676 1435 726 ;
1464 661 1596 717 satis
1640 676 1763 718 esse
1793 663 1940 731 quod
1971 678 2077 715 non

501 751 664 806 fuerit
698 750 1031 817 dedicatum,
1088 750 1531 822 quandocunque
1596 754 1819 808 demum
1867 764 2084 810 exstru-

501 854 644 899 ctum
668 843 857 899 luerit.
1474 840 1481 845 ’

571 935 667 989 His
703 935 849 989 hunc
880 933 933 988 in
968 933 1191 987 modum
1241 933 1310 989 de
1360 935 1817 991 antimensiorum
1871 940 2081 993 ratione

500 1024 807 1092 explicatis,
841 1024 896 1077 in
929 1030 1120 1078 tenues
1151 1038 1318 1080 auras
1372 1028 1651 1082 evanescit
1695 1027 1961 1083 Junianus
1994 1030 2085 1083 ille

502 1113 796 1166 antecessui
838 1128 1031 1167 mensa:
1060 1114 1362 1181 prtefestus,
1391 1129 1515 1168 cum
1543 1115 1771 1171 scholiis
1824 1117 1930 1171 illis
1959 1131 2084 1173 vere

502 1204 699 1256 scoriis
723 1212 778 1257 et
834 1203 1082 1258 insulsis.
1139 1204 1249 1258 Nos
1283 1205 1595 1274 praefectum
1643 1209 2083 1262 antimensiorum

502 1295 585 1347 vel
614 1294 917 1347 antimensii
960 1293 1344 1360 nominemus;
1371 1295 1459 1349 cui
1488 1304 1689 1365 prater
1723 1311 1911 1351 curam
1946 1301 2087 1351 anti-

501 1383 823 1435 mensiorum
854 1383 1015 1436 etiam
1044 1382 1162 1436 haec
1184 1382 1555 1448 incumbebat,
1590 1393 1646 1437 ut
1676 1400 1876 1454 corpus
1899 1386 2084 1440 Domi-

503 1473 558 1525 ni
599 1481 925 1539 accepturos
955 1473 1020 1525 ad
1049 1473 1491 1527 communionem
1520 1490 1615 1528 seu
1662 1474 1956 1530 deduceret
1986 1490 2083 1529 seu

506 1564 809 1618 induceret.
842 1563 1049 1618 (ἔθετε.

1126 1653 1357 1710 CAPUT
1392 1653 1463 1710 X.

543 1766 549 1771 ·
630 1746 708 1800 De
736 1756 887 1800 sexta
909 1748 1137 1815 pentade
1184 1748 1481 1816 ofﬁciorum
1536 1759 1583 1803 et
1623 1750 1958 1819 ofﬁc-iulium.

578 1839 638 1893 P.
678 1839 732 1892 5.
764 1838 815 1890 ln
855 1848 1009 1893 sexta
1043 1837 1277 1907 pentade
1309 1840 1547 1907 primum
1585 1841 1761 1895 locum
1807 1852 1952 1897 tenet
1975 1859 2086 1912 prt-

509 1949 624 1984 mus
690 1932 940 1983 ostiarius
980 1928 1199 1997 κρατῶν
1234 1931 1333 1992 τὰς
1373 1930 1545 2001 θύρας
1588 1935 1664 1994 εἰς
1694 1933 1793 1995 τὰς
1845 1951 2086 2005 χειροτο-

505 2021 644 2088 νίας,
687 2021 776 2089 qui
810 2020 950 2088 fores
988 2020 1214 2073 custodit
1246 2021 1299 2073 in
1334 2021 1560 2088 ferendis
1578 2024 1877 2093 suffragiis,
1914 2027 2092 2094 inquit

504 2111 721 2176 Junius,
777 2110 1132 2163 chirotoniam
1176 2125 1274 2178 pro
1326 2110 1575 2166 electione
1626 2115 1921 2183 accipiens.
1978 2117 2088 2184 Ego

508 2206 689 2259 malim
714 2203 1066 2259 cltirotoniam
1102 2203 1348 2271 accipere
1396 2219 1497 2273 pro
1521 2206 1746 2274 proprio
1764 2222 1866 2261 suo
1920 2208 2091 2276 signi-

486 2298 691 2358 ΔΙὶιτιιιο,
728 2309 924 2362 nempe
974 2308 1075 2362 pro
1124 2296 1544 2349 consecratione
1591 2313 1686 2349 seu
1739 2298 2087 2353 ordinatione

508 2387 883 2440 ministrorum
913 2382 1193 2449 Ecclesiae,
1217 2385 1288 2438 ita
1320 2394 1377 2438 ut
1402 2386 1574 2454 primo
1604 2390 1822 2441 ostiario
1850 2405 1980 2443 cura
2007 2390 2092 2459 ja-

508 2494 631 2533 nuae
660 2477 986 2531 demandata
1016 2475 1087 2528 sit
1117 2486 1246 2531 tunc
1268 2478 1486 2544 quando
1513 2479 1751 2547 diaconi,
1779 2483 2093 2537 sacerdotes

507 2572 710 2640 aliique
742 2570 1066 2623 ordinantur
1092 2578 1146 2623 et
1189 2576 1607 2623 consecrantur.
1660 2568 1925 2634 Quamvis
1969 2588 2091 2627 ma-

508 2676 748 2729 gnopere
778 2676 885 2714 non
916 2660 1248 2729 repugnabo,
1274 2659 1319 2713 si
1357 2661 1481 2727 quis
1513 2659 1748 2715 olIicium
1792 2664 1952 2732 primi
1990 2664 2092 2717 ltu-

506 2753 598 2818 jus
621 2752 832 2805 ostiarii
858 2751 1252 2818 interpretetur
1284 2752 1351 2805 de
1372 2751 1488 2819 ipsa
1507 2751 1773 2807 electione
1810 2754 2091 2811 ministro-

510 2858 631 2895 rum
667 2842 952 2904 Ecclesiae,
989 2858 1112 2895 cum
1147 2858 1241 2910 per
1293 2842 1547 2912 sullragia
1582 2844 1861 2913 eliguntur
1891 2847 2094 2903 abillis

507 2933 707 3002 quihus-
735 2933 826 3001 jus
851 2940 905 2986 et
933 2941 1174 3003 potestas
1196 2933 1426 3001 eligendi
1451 2943 1607 2988 :tunc
1632 2937 1780 2990 enim
1804 2936 1884 2991 vel
1910 2953 1994 2992 ma
2007 2940 2087 2991 xi-

512 3042 596 3080 me
619 3036 824 3079 attento
849 3036 904 3080 ct
922 3026 1321 3095 circumspecto
1346 3027 1570 3081 ostiario
1596 3043 1736 3096 opus
1760 3038 1866 3083 est.
1884 3028 2091 3086 Gns'rs.

591 3118 759 3188 [lbid.
787 3118 925 3171 lluic
952 3119 1096 3172 aliud
1124 3134 1328 3173 munus
1354 3120 1659 3188 adjungunt
1689 3120 1988 3178 Allatiana:
2022 3123 2087 3175 ΟΞ.
2119 3135 2161 3193 c

507 3210 775 3280 ὀστιάριοι
805 3209 1105 3278 βαστάζων
1128 3210 1226 3279 τὴν
1256 3211 1454 3280 ῥάϐδον
1481 3213 1576 3264 τοῦ
1622 3216 1951 3283 ἀρχιερέως.
1974 3218 2087 3270 Cu—

514 3299 768 3353 bicularii
807 3314 949 3353 onus
996 3314 1122 3353 esse
1166 3309 1423 3353 asserunt
1463 3302 1612 3356 alia:
1666 3302 1725 3356 '0
1749 3304 2089 3375 κουδούκλης

514 3391 599 3442 ἵνα
621 3390 867 3458 Bue-citi“
901 3391 959 3441 τὸ
983 3389 1310 3443 τεκανικιον
1335 3391 1433 3444 τοῦ
1462 3392 1788 3463 ἀρχιερέως,
1814 3395 1943 3448 ὅταν
1994 3413 2090 3448 πε-

512 3482 751 3549 ριπατεῖ.
786 3480 938 3534 Goan
975 3479 987 3550 Ι

579 3569 641 3623 Ρ.
665 3570 714 3624 5.
736 3570 1007 3624 Secundus
1028 3572 1278 3625 ostiarius
1298 3573 1324 3624 ὁ
1343 3573 1563 3641 κρατῶν
1574 3576 1634 3627 τὸ
1655 3578 2088 3647 μονοὸἀμϐυλον,

510 3664 597 3730 qui
625 3673 782 3729 tenet,
809 3678 904 3717 seu
952 3665 1038 3718 cui
1072 3665 1164 3733 jus
1193 3666 1253 3718 in,
1281 3667 1734 3739 monobambylum
1764 3688 1779 3724 :
1820 3672 1890 3725 ita
1923 3672 2093 3725 edidit

512 3756 737 3813 Junius.
786 3758 926 3823 Quid
970 3774 1100 3813 vero
1149 3761 1256 3815 hoc
1294 3762 1569 3817 nominis?
1614 3765 1692 3818 vel
1735 3767 1914 3835 potius
1956 3767 2089 3835 quid

515 3848 786 3902 ittoustri?
813 3846 1007 3903 Junius
1058 3848 1148 3902 hic
1175 3849 1365 3915 multa,
1406 3852 1500 3906 sed
1542 3854 1703 3922 plane
1753 3855 2087 3909 ridicularia.

513 3940 655 4002 Quid
697 3956 827 4009 ergo
871 3940 945 3993 illi
976 3949 1063 3996 est
1112 3941 1586 4010 monobambylon?
1616 3945 1730 3999 Duo
1756 3945 1876 4000 loca
1911 3947 2093 4001 chiro-

515 4033 674 4086 touim
706 4034 1013 4102 distinguit,
1069 4034 1315 4102 alterum,
1340 4037 1396 4090 in
1428 4053 1583 4104 queui
1612 4055 1642 4089 a
1671 4041 1841 4106 primo
1873 4040 2091 4092 ostiario

511 4140 683 4176 ornnes
711 4123 973 4177 admissos
1008 4125 1293 4195 dicitquos
1320 4139 1537 4180 noverat
1560 4127 1750 4181 habere
1772 4129 1862 4197 jus
1897 4130 2093 4197 suffra-

511 4218 583 4285 gii
612 4216 846 4286 ferendi;
875 4218 1103 4270 alterum
1143 4220 1501 4282 secretiorem,
1532 4221 1584 4271 in
1630 4220 1790 4290 149
1832 4238 1982 4289 quem
2021 4222 2091 4274 ad

512 4310 875 4375 patriam/iam
904 4308 980 4361 vel
1013 4309 1313 4385 episcopum
1337 4326 1428 4377 per
1456 4313 1743 4363 secundum
1802 4312 2090 4364 ostiarium

512 4400 806 4451 intromissi
838 4399 1056 4467 fuerint,
1092 4409 1148 4452 ut
1181 4401 1341 4455 libere
1370 4412 1417 4454 et
1451 4404 1709 4470 intrepide
1746 4404 1945 4469 optima
1985 4402 2089 4470 ﬁde

512 4493 744 4545 dicerent
773 4491 961 4559 quibus
997 4491 1441 4559 suﬁ'ragarentur,
1467 4495 1656 4561 quibus
1691 4509 1792 4545 non
1828 4494 2088 4561 tiu/fraga-

513 4598 714 4648 rentur,
741 4597 789 4637 et
818 4600 1004 4652 quare.
1032 4583 1184 4637 llunc
1211 4588 1542 4638 secretiorem
1565 4587 1851 4653 singularis
1910 4603 2087 4655 χειρο-

512 4678 687 4738 τονίας
705 4676 897 4742 locum,
921 4678 1124 4744 opinor,
1148 4677 1391 4729 dixerunt
1417 4673 1588 4729 Graeci
1618 4677 1931 4730 recentiores
1989 4695 2086 4744 μο-

510 4772 866 4841 νοϐἀμὸυ).ον,
905 4771 1055 4840 παρὰ
1085 4771 1146 4822 τὸ
1179 4771 1373 4839 μόνους
1405 4769 1439 4839 ἢ
1494 4770 1637 4823 κατὰ
1669 4771 1833 4838 μόνας
1868 4770 2088 4841 βαμϐόι-

464 4850 642 4930 fletu,
678 4881 736 4916 eo
760 4864 898 4929 quod
945 4863 998 4915 in
1034 4862 1147 4914 loco
1188 4860 1449 4928 ejusmodi
1480 4873 1700 4929 rogatus
1744 4864 1964 4932 quisque
1989 4880 2085 4931 pro

512 4956 615 5023 ﬁde
646 4957 862 5008 seorsim
899 4951 1216 5005 sententiam
1255 4966 1409 5002 suam
1436 4960 1700 5004 teneretur
1724 4954 1961 5021 quamvis
1981 4963 2089 5005 tre-

509 5047 628 5113 pide
654 5045 954 5106 enuntiare,
993 5043 1040 5095 si
1072 5056 1224 5110 quem
1262 5056 1364 5093 non
1397 5057 1509 5094 esse
1533 5042 1898 5112 ἀνεπίληπτον
1942 5060 2088 5097 com-

509 5138 726 5205 perisset
756 5136 885 5195 (huic
911 5134 1052 5186 enim
1072 5133 1369 5187 testimonia
1407 5146 1451 5187 et
1480 5136 1841 5189 accusationes
1877 5138 2084 5189 nonnisi

510 5226 709 5292 trepide
740 5234 787 5275 et
808 5223 968 5275 labris
1000 5225 1161 5292 ferme
1193 5226 1530 5279 trementibus
1560 5227 1731 5295 efferri
1757 5229 1970 5297 solent),
1994 5240 2085 5281 aut

509 5326 644 5367 certe
675 5315 830 5365 alteri
881 5316 1176 5381 obstrepere
1205 5324 1254 5369 et
1288 5317 1561 5371 detrahere
1606 5319 1671 5373 de
1695 5320 2086 5374 existimatione

511 5403 695 5465 ipsius.
727 5401 816 5454 Est
834 5403 971 5453 enim
992 5402 1293 5470 βαμόάλειν
1315 5404 1511 5459 Grtrcis
1528 5407 1718 5475 ψοφεῖν
1734 5412 1842 5470 τοῖς
1861 5411 2083 5478 χείλεσι,

510 5504 600 5547 aut
627 5496 806 5556 etiam,
842 5504 896 5545 ut
930 5495 982 5545 in
1030 5493 1299 5547 Clossnria
1353 5496 1572 5565 legimus
1595 5540 1607 5562 ,
1628 5501 1896 5564 ha'sitare,
1920 5504 2088 5554 vacil-

512 5584 645 5649 lare,
679 5586 938 5639 titubare:
972 5586 1063 5638 sed
1095 5586 1151 5638 in
1174 5585 1343 5637 locum
1372 5587 1462 5637 τοῦ
1494 5604 1527 5638 α
1558 5587 1743 5641 Dorice
1764 5590 2086 5657 vsa/lectum

509 5688 581 5729 est
607 5718 620 5739 ,
659 5688 705 5729 et
746 5677 1152 5746 μ.ονοὸἁμ6υ).ον
1191 5687 1433 5747 corrupte
1460 5680 1681 5732 dictum.
1705 5681 1842 5745 Quid
1872 5691 1956 5735 est
1984 5698 2087 5734 nuo

512 5770 648 5836 gari,
684 5774 728 5822 si
771 5771 871 5822 hoc
910 5784 1015 5821 non
1048 5770 1170 5822 est?
1201 5769 1261 5823 Ut
1296 5771 1438 5823 cnim
1473 5770 1719 5823 omittam
1759 5775 2085 5827 vanissimas

2186 570 2335 624 missi
2370 578 2499 624 sunt
2524 563 2782 623 ut1ibere
2820 577 2876 622 et
2907 568 3176 638 intrepide
3224 571 3547 626 indicarent
3577 576 3778 644 quibus

2184 660 2639 731 snﬂ'ragarentur,
2674 660 2718 714 si
2748 660 2881 724 lucc,
2919 668 2977 713 ut
3007 671 3195 730 postea
3218 662 3318 727 ait,
3352 665 3583 719 nonnisi
3620 671 3779 733 trepi-

2184 752 2247 806 de
2267 761 2321 807 et
2348 752 2512 805 labris
2533 751 2873 805 trementibus
2903 751 3081 806 ell'crri
3112 753 3313 818 solent,
3347 756 3457 809 etsi
3490 756 3543 808 in
3575 756 3659 813 his
3690 775 3780 813 ne-

2186 859 2340 898 cesse
2379 854 2461 898 est
2495 842 2816 914 βαμϐάλειν,
2839 843 3089 896 haesitare
3121 853 3175 897 et
3204 845 3523 912 ﬂuctuare?
3558 847 3667 901 Sed
3690 865 3780 901 va-

2187 935 2293 988 leat
2315 933 2587 989 bambalio
2622 935 2754 989 iste:
2788 948 2890 988 nos
2926 934 3176 1001 legamus
3214 938 3649 1006 μονάμπουλ).ον
3683 958 3777 997 seu

2190 1024 2590 1094 μονάμπουλον.
2617 1020 2687 1075 Ut
2711 1022 2857 1076 enim
2878 1024 3075 1092 prioris
3104 1027 3315 1079 ostiarii
3368 1039 3456 1082 cst
3503 1029 3652 1085 fores
3689 1048 3775 1085 cu-

2187 1116 2416 1176 stodire,
2436 1115 2565 1169 dum
2594 1114 2834 1168 ministri
2854 1113 3127 1179 Ecclesia,
3149 1115 3397 1182 diaconi,
3426 1120 3779 1187 subdiaconi,

2186 1210 2527 1271 sacerdotes,
2563 1207 2832 1276 episcopi,
2874 1208 3200 1262 ordinantur
3234 1220 3287 1263 et
3324 1211 3651 1274 initiantur,
3709 1213 3783 1263 ita

2189 1299 2350 1367 hujus
2379 1297 2604 1351 secundi
2674 1298 2885 1351 ostiarii
2911 1308 2995 1351 est
3034 1307 3218 1353 tenere
3250 1303 3565 1369 ampullam
3620 1318 3781 1354 unam

2185 1402 2238 1444 et
2269 1390 2460 1451 solam,
2485 1397 2545 1441 ut
2578 1386 2950 1449 distinguatur
2978 1402 3007 1440 a
3032 1388 3372 1458 dibampulo,
3413 1393 3482 1445 de
3513 1408 3627 1461 quo
3650 1392 3785 1447 infra

2188 1481 2253 1534 ad
2291 1494 2344 1548 p.
2380 1479 2470 1532 44.
2526 1476 2660 1531 Erat
2709 1485 2890 1531 autem
2958 1481 3012 1532 in
3078 1480 3319 1547 ampulla
3384 1481 3493 1535 hac
3545 1483 3783 1537 chrisma

2187 1572 2253 1626 ad
2280 1571 2593 1625 unctionem
2629 1568 2976 1624 sacerdotum
3007 1579 3061 1624 et
3088 1570 3486 1639 episcoporum
3533 1587 3785 1627 necessa-

2191 1665 2352 1727 rium,
2385 1674 2619 1730 eamque
2654 1660 2875 1715 tenebat
2920 1660 3025 1715 iste
3053 1661 3337 1726 ostiarius,
3387 1672 3453 1715 ut
3483 1667 3540 1716 in
3571 1678 3790 1733 promp-

2188 1766 2245 1807 tu
2277 1754 2461 1808 statim
2490 1752 2654 1815 foret,
2690 1751 2737 1806 si
2761 1750 3003 1805 initiator
3037 1762 3373 1820 reposceret.
3408 1752 3586 1808 Porro
3619 1769 3782 1809 vocu-

2189 1849 2294 1902 lam
2336 1844 2575 1912 ampulla
2599 1844 2764 1898 etiam
2814 1842 2991 1897 Grzcci
3046 1828 3496 1900 feceruntsuam
3531 1847 3783 1916 ᾶμπουλα

2191 1933 2269 1987 vel
2297 1930 2605 2002 ᾰμπουλλα..
2656 1930 2847 1985 Aetius
2869 1969 2885 1994 ,
2923 1931 2960 1985 l.
2997 1948 3069 1987 vn
3115 1951 3128 1987 :
3166 1934 3539 2003 Ἀμπουλλαν
3575 1937 3783 2005 ὑελίνην

2191 2023 2401 2091 πλήσας
2430 2022 2634 2082 ἐλαίου,
2666 2029 2726 2074 ut
2764 2022 2837 2074 sit
2866 2035 2963 2075 cur
2985 2036 3051 2075 eo
3076 2024 3261 2079 minus
3295 2026 3523 2081 mireris
3564 2027 3625 2079 τὸ
3688 2042 3782 2095 μο-

2188 2113 2489 2183 νάμϐουλον
2507 2113 2603 2165 καὶ
2630 2112 2691 2163 τὸ
2711 2110 3099 2179 διϐἀμπουλον.
3129 2113 3341 2170 Gna'l's.

2263 2206 2407 2277 [P.6.
2434 2204 2788 2267 l’atriarchte,
2814 2204 2961 2259 sicut
3008 2214 3063 2259 et
3093 2206 3447 2275 imperatori,
3500 2208 3783 2279 praefertur

2187 2297 2327 2365 ignis
2358 2295 2409 2348 in
2436 2292 2691 2360 ecclesia,
2722 2293 2811 2347 fax
2841 2293 3101 2348 nimirum
3133 2310 3375 2352 accensa
3409 2298 3586 2353 hastae
3624 2314 3779 2366 quam

2188 2398 2397 2443 ornata:
2423 2385 2598 2439 afﬁxa.
2628 2383 2868 2439 Vocatur
2885 2386 2976 2439 illa
3011 2386 3401 2455 μονάμπου).ον
3421 2390 3514 2441 διὰ
3534 2390 3595 2441 τὸ
3621 2389 3782 2457 μόνην

2191 2482 2383 2534 ἅπτειν
2412 2494 2426 2529 :
2456 2477 2603 2530 aliud
2636 2477 2757 2545 eius
2784 2492 2982 2531 nomen
3020 2486 3103 2532 est
3126 2479 3411 2547 λαμπρόν.
3460 2480 3779 2550 Imperatori

2193 2580 2501 2625 reservatur
2517 2569 2906 2637 διδάμπουλον.
2948 2570 3019 2623 De
3054 2578 3288 2639 utroque
3321 2571 3512 2627 fusius
3533 2586 3587 2627 c.
3637 2571 3776 2626 15in

2194 2660 2356 2714 notis.
2398 2658 2639 2713 Consule
2674 2659 3023 2713 Balsamonis
3049 2659 3370 2715 Meditatum
3428 2665 3498 2716 de
3548 2663 3778 2731 patriar-

2190 2751 2416 2805 charum
2449 2746 2747 2816 privilegiis
2767 2745 3041 2801 JurisGR.
3070 2748 3107 2801 Ι.
3144 2763 3240 2801 vn.
3274 2747 3454 2802 Porro
3480 2750 3777 2803 secundum

2196 2843 2338 2894 hunc
2372 2839 2658 2895 ostiarium
2700 2838 2927 2908 praprio
2984 2838 3204 2892 nomine
3264 2850 3472 2894 vocant
3516 2841 3776 2895 Allatiana

2194 2929 2705 2999 περιεισερχόμενον
2740 2942 2755 2957 ⁸
2815 2929 2842 2980 ὁ
2903 2928 3447 2997 περιεισερχόμενος,
3504 2930 3775 3000 inquiunt,

2194 3020 2280 3073 ἵνα
2306 3021 2448 3091 φέρῃ
2473 3019 2725 3088 λαμπρὸν
2758 3020 2837 3081 εἰς
2862 3020 2960 3089 τὴν
2982 3019 3303 3088 ἐκκλησίαν.
3324 3021 3535 3093 Cum]

2270 3115 2411 3168 Ibid.
2442 3113 2597 3168 Nunc
2611 3113 2675 3165 ad
2698 3122 3056 3181 protopapam
3093 3129 3178 3167 me
3204 3116 3439 3171 confero
3477 3134 3491 3179 ;
3523 3131 3683 3187 quem
3702 3115 3775 3170 sic

2192 3205 2461 3262 describit
2484 3204 2730 3258 Codinus
2765 3221 2779 3257 :
2818 3204 3072 3267 Ἔκδικος
3099 3207 3194 3257 καὶ
3222 3208 3448 3275 πρῶτος
3474 3207 3571 3261 τοῦ
3601 3208 3664 3277 βή
3674 3224 3771 3276 μα-

2190 3317 2300 3362 τος,
2337 3299 2431 3352 καὶ
2447 3297 2710 3367 φέρωντὰ
2732 3296 3021 3364 δευτερεῖα
3044 3297 3138 3349 τοῦ
3170 3300 3502 3371 ἀρχιερέως,
3538 3300 3772 3368 defensor

2190 3400 2238 3445 et
2260 3391 2463 3456 primus
2488 3386 2772 3443 tribunalis
2790 3387 2893 3458 (sic
2909 3389 3051 3443 enim
3071 3387 3269 3445 Junius
3291 3406 3314 3444 :
3333 3406 3435 3462 ego
3455 3390 3774 3447 tabernaculi

2193 3496 2290 3535 seu
2319 3479 2505 3536 altaris
2528 3480 2707 3551 εβῆμα
2733 3482 2879 3536 enim
2912 3481 3001 3535 hic
3024 3489 3105 3537 est
3126 3482 3281 3537 locus
3309 3485 3544 3540 interior
3566 3493 3620 3540 et
3650 3498 3771 3539 san-

2192 3573 2356 3633 ctior,
2375 3571 2467 3625 ubi
2490 3572 2824 3627 sacriﬁcium
2843 3572 3167 3641 peragitur),
3182 3577 3461 3642 proximas
3484 3592 3517 3629 a
3536 3575 3772 3644 pontiﬁce

2193 3665 2459 3718 obtinens.
2489 3663 2606 3718 Non
2640 3672 2823 3719 tamen
2853 3665 3177 3733 simpliciter
3215 3666 3369 3737 (nam
3411 3666 3765 3725 exocatacteli

2194 3756 2401 3824 absque
2433 3756 2600 3811 dubio
2629 3757 2873 3824 potiores
2906 3765 3067 3811 erant
3114 3757 3459 3830 maiorisque
3500 3757 3769 3829 dignitatis

2194 3859 2245 3901 ct
2275 3848 2658 3917 excellentiae),
2686 3847 2782 3903 sed
2817 3849 2963 3903 inter
2994 3850 3344 3915 sacerdotes,
3381 3862 3442 3906 ut
3463 3851 3664 3906 Citrius
3699 3850 3769 3902 loc

2195 3940 2404 4006 quitur,
2435 3940 2645 4001 κοινούς
2673 3949 2973 4010 protopapa
3011 3942 3224 4007 primus
3244 3954 3366 3997 erat
3395 3953 3449 3998 et
3477 3943 3557 3999 sic
3584 3940 3765 4009 proxi-

2198 4046 2319 4084 mus
2346 4045 2376 4083 a
2410 4031 2742 4099 patriarcha,
2776 4045 2897 4096 seu,
2924 4031 3070 4100 quod
3105 4033 3248 4086 idem
3272 4043 3383 4099 est,
3430 4033 3701 4090 secundus
3735 4043 3763 4082 a

2196 4124 2505 4192 patriarcha
2527 4122 2725 4177 ferens.
2752 4122 2959 4179 Gna'rs.

2268 4213 2436 4284 [lbid.
2473 4213 2691 4268 Clarius
2716 4215 2983 4268 Allatiana
3010 4233 3024 4269 :
3068 4216 3129 4269 Ὀ
3153 4218 3536 4286 «portamad;
3560 4217 3764 4270 ἵσταται

2196 4306 2382 4358 ἐπάνω
2420 4306 2528 4358 τῶν
2583 4306 2857 4374 ὀφςρικίων
2912 4305 3007 4359 τοῦ
3064 4306 3354 4378 εὐωνύμου
3416 4308 3603 4380 χοροῦ,
3644 4306 3765 4356 ὅταν

2196 4397 2501 4469 λειτουργεί
2525 4399 2552 4450 ὁ
2580 4397 2893 4467 ἀρχιερεύς.
2926 4398 3216 4451 Μεταδίδει
3255 4401 3423 4463 αὐτὸς
3468 4401 3569 4470 τὴν
3612 4395 3763 4463 ἁγίαν

2198 4487 2504 4558 μετάληψιν
2530 4487 2609 4556 τῷ
2636 4489 2908 4558 ἀρχιερεῖ,
2957 4490 3160 4557 ὁμοίως
3200 4492 3296 4542 καὶ
3317 4492 3346 4542 ὁ
3374 4489 3664 4560 ἀρχιερεὺς
3692 4481 3761 4549 τῷ

2200 4578 2360 4647 15ο
2414 4580 2802 4647 πρωτοπαπᾷκ,
2841 4578 2980 4647 ἔχων
3040 4580 3098 4631 δὲ
3156 4583 3217 4631 ιν
3271 4583 3337 4652 τῇ
3356 4576 3367 4581 ⁷’
3385 4578 3650 4649 ἐκκλησίᾳ
3702 4573 3761 4626 τὰ

2198 4673 2442 4739 πρωτεῖα
2493 4669 2695 4723 πάντα.
2723 4669 2791 4725 lit
2824 4672 3008 4733 παπᾶς
3037 4672 3366 4725 sacerdotem
3392 4671 3620 4735 indicet,
3650 4664 3763 4720 vide

2199 4762 2590 4832 Enchologica.
2615 4761 2820 4832 Gosn.]

2266 4854 2427 4909 Notio
2454 4864 2509 4909 et
2537 4855 2692 4925 origo
2724 4856 2965 4912 nominis
2992 4856 3124 4910 satis
3145 4867 3381 4912 constat.
3405 4854 3559 4925 Apud
3583 4850 3761 4905 Balsa-

2196 4963 2412 5003 monem
2441 4958 2575 5001 tom.
2604 4947 2623 4999 ἰ
2648 4945 2796 5000 Juris
2847 4946 2962 5000 GR».
3009 4948 3241 5017 legimus
3275 4949 3686 5016 protopapadas,
3707 4946 3760 4991 ut

2197 5054 2380 5095 rectus
2414 5041 2488 5094 sit
2527 5039 3279 5111 πρωοπαπάδης.1ηιθτρι·θε
3322 5035 3757 5111 primapapadas:

2197 5135 2290 5189 sed
2354 5135 2529 5189 satius
2593 5134 2810 5187 videtur
2857 5135 2911 5186 in
2986 5134 3068 5188 his
3117 5145 3171 5189 et
3223 5135 3491 5189 similibus
3539 5129 3759 5184 retinere

2206 5223 2416 5276 Graeca.
2450 5224 2504 5277 In
2548 5222 2927 5291 'l-‘urcograrcia
2990 5224 3082 5277 fol.
3112 5224 3218 5279 218
3251 5225 3453 5279 dicitur
3483 5228 3760 5290 πρωτοπα-

2196 5313 2303 5375 πᾶς
2325 5313 2585 5379 ὀπρῶτος
2614 5311 2719 5363 τῶν
2752 5313 2961 5380 ἱερέων.
2988 5310 3118 5366 Jura
3152 5314 3302 5368 illius
3329 5315 3381 5368 in
3412 5312 3594 5367 eadem
3627 5304 3755 5355 ’l‘ur-

2196 5405 2460 5473 Cograecia
2497 5404 2594 5457 fol.
2620 5402 2727 5458 258
2760 5405 3257 5472 πρωτοπαπαδίκια
3305 5402 3661 5475 appellantur.

2266 5496 2325 5549 P.
2351 5497 2401 5549 6.
2444 5496 2705 5563 Sequitur
2727 5496 2754 5546 ὁ
2782 5494 3126 5565 δευτερεύων
3151 5497 3261 5551 τῶν
3292 5496 3496 5563 ἱερέων,
3515 5482 3755 5544 secundus

2193 5588 2548 5652 sacerdotum,
2584 5584 2870 5638 εἰσοδεύων
2892 5588 3020 5649 τοὺς
3055 5589 3223 5657 ἱερεῖς
3248 5629 3264 5653 ,
3284 5587 3395 5640 dux
3421 5592 3473 5637 ct
3525 5586 3755 5633 anteces-

2197 5694 2291 5733 sor
2322 5678 2667 5732 sacerdotum
2696 5685 2752 5731 et
2775 5678 3062 5747 proximus
3095 5693 3127 5733 a
3149 5691 3463 5747 protopapa,
3494 5682 3644 5741 quem
3666 5662 3754 5716 λα’

2197 5773 2321 5824 nius
2343 5786 2449 5825 non
2471 5772 2610 5824 male
2627 5770 3041 5836 δευτεροπαπᾶν
3070 5764 3323 5839 appellat.
3348 5771 3409 5820 At
3436 5766 3571 5819 male
3590 5751 3711 5811 illud
3730 5761 3754 5798 €-
