4064 6430
296 344 401 408 165

1432 337 1827 396 GltETSERl
1860 339 1955 396 ΕΤ
1997 336 2248 397 GOARI
2280 337 2524 396 NOTAE.

3465 344 3565 409 166

292 462 389 527 Qui
437 454 735 510 sacerdotes
781 452 1077 506 introducit
1104 491 1118 516 ,
1152 449 1436 503 εέσοδξύων
1461 489 1475 512 ,
1508 452 1761 503 nimirum
1818 453 1874 504 in
1903 458 1942 514 Α
1979 449 2299 518 palantibus
2331 450 2445 504 fiet.
2475 449 2601 506 llaec
2629 458 2808 508 autem
2840 451 2914 507 ita
2949 465 3071 509 esse
3095 452 3359 527 intelliget
3397 458 3567 516 lector

290 549 539 610 tribunal,
563 548 609 601 si
630 563 789 617 quant
822 562 1043 601 causam
1068 543 1324 615 agendam
1349 544 1652 598 habuerint.
1708 543 1868 599 Nullo

289 644 445 696 modo
479 659 492 694 :
538 655 665 694 nam
694 637 989 691 εἰσοδεύειν
1016 646 1099 691 est
1141 650 1262 690 esse
1312 635 1547 691 aliorum
1591 635 1647 690 in
1694 637 1868 691 sacris

288 734 631 798 ministeriis,
663 731 1046 786 functionibus
1069 738 1121 783 et
1152 729 1651 799 supplicationibus
1672 730 1869 783 ducem

288 839 337 882 et
364 828 518 897 quasi
549 835 957 879 antecessorem
977 833 1028 877 et
1065 822 1350 876 ductorem
1381 838 1395 887 ;
1433 823 1576 891 quod
1613 823 1775 876 etiam
1800 837 1867 876 ex

288 920 652 989 descriptione
686 919 779 970 τοῦ
808 918 1221 985 δευτερεύοντος
1273 916 1515 977 diaconi,
1578 930 1700 984 quae
1744 928 1872 983 pro-

290 1015 428 1068 xime
462 1012 844 1080 subjungilur,
877 1008 1224 1063 manifestum
1260 1008 1466 1062 evadit.
1534 1007 1869 1076 Deuteropa-

290 1121 365 1174 pa:
402 1103 639 1166 nullum,
674 1102 720 1157 si
753 1110 901 1155 recte
950 1100 1198 1175 memini,
1242 1102 1578 1156 mentionem
1618 1098 1747 1155 facit
1771 1099 1867 1154 Ci—

291 1199 442 1251 trius.
471 1196 681 1250 (Iners.

358 1290 440 1361 μ).
485 1290 540 1343 6.
569 1288 840 1342 Allatiana
878 1305 890 1341 :
926 1288 988 1341 Ὃ
1021 1286 1357 1357 δευτερεύων
1386 1287 1705 1356 λειτουργεῖ
1770 1287 1867 1340 καὶ

288 1386 447 1445 αὐτὸς
481 1384 619 1451 μετὰ
642 1380 739 1433 τοῦ
766 1379 1065 1451 ἀρχιερέως
1088 1381 1107 1449 (
1136 1381 1240 1434 hoc
1259 1389 1344 1435 est
1370 1396 1495 1434 cum
1528 1380 1863 1451 patriarcha,

287 1492 406 1532 cum
435 1491 546 1543 quo
570 1474 706 1528 alias
732 1472 831 1528 soli
860 1472 1101 1541 episcopi
1161 1473 1461 1540 celebrant,
1496 1482 1555 1527 ut
1584 1489 1708 1528 cum
1751 1475 1867 1545 epi-

288 1568 473 1636 scopis
520 1565 903 1635 sacerdotes).
956 1565 1127 1618 Ὅεαν
1155 1564 1336 1617 λείπει
1377 1569 1405 1619 ὁ
1462 1570 1863 1636 πρωτοπαπᾶς,

289 1660 399 1729 ἔχει
415 1660 473 1711 ὲν
493 1660 562 1727 τῇ
585 1656 848 1726 ἐκκλησίᾳ
867 1656 937 1709 τὰ
960 1657 1199 1725 πρωτεῖα
1220 1655 1421 1712 πάντα.
1445 1656 1647 1729 ϐοΑιι.]

357 1752 417 1805 Ρ.
451 1751 504 1802 6.
529 1750 761 1805 Ultimus
794 1750 1060 1804 hacsexta
1092 1748 1325 1819 pentade
1359 1759 1443 1805 est
1474 1753 1502 1802 ὁ
1531 1750 1864 1820 δευτερεύων

289 1848 394 1900 τῶν
431 1847 721 1912 διακόνων,
751 1854 1012 1901 secundus
1044 1847 1327 1912 diaconus,
1352 1846 1576 1918 πρῶτος
1610 1845 1719 1899 τῶν
1752 1862 1865 1898 κοι-

290 1942 413 2004 νῶν,
443 1941 652 2010 primus
675 1957 740 1995 ex
757 1940 1137 1996 communibus
1160 1940 1432 2005 diaconis,
1457 1943 1552 1993 καὶ
1577 1939 1866 1992 εισοδεύων

288 2034 412 2095 τοὺς
442 2033 742 2095 διακόνους.
776 2031 973 2088 Junius
1003 2048 1017 2085 :
1044 2043 1093 2086 et
1120 2032 1373 2086 diaconos
1395 2017 1703 2086 intromittit
1727 2047 1745 2085 :
1770 2030 1866 2086 ad-

286 2126 470 2193 ditque
488 2124 593 2179 hoc
608 2124 878 2178 scholium
911 2140 925 2177 :
951 2124 1009 2176 in
1030 2125 1325 2191 [unctiones
1353 2133 1403 2178 et
1427 2125 1686 2179 stationes
1715 2124 1863 2193 ipso-

289 2233 421 2269 rum.
452 2215 534 2269 Tu
558 2215 770 2285 corrige
811 2232 825 2268 :
854 2214 948 2285 qui
976 2213 1333 2271 diaconorum
1391 2217 1602 2283 ductor,
1644 2220 1859 2280 'reetor,
1895 2244 1897 2248 ·

288 2308 513 2362 director
540 2316 594 2362 et
624 2318 682 2363 ut
716 2308 797 2362 sic
822 2305 999 2361 dicam
1030 2308 1318 2377 dispositor
1337 2317 1419 2363 est
1445 2322 1464 2361 :
1486 2310 1593 2366 hoc
1609 2310 1755 2365 enim
1780 2319 1863 2365 est

286 2401 593 2463 εισοδεύειν,
628 2399 770 2469 quod
800 2399 1075 2468 significat
1102 2402 1400 2472 quemlibet
1430 2403 1486 2458 in
1514 2403 1657 2459 viam
1700 2419 1858 2459 suam

286 2494 436 2561 quasi
458 2492 831 2559 introducere,
865 2499 926 2546 ut
949 2492 1085 2548 sciat
1125 2508 1288 2563 quem
1331 2494 1582 2550 ordinem
1638 2505 1695 2552 et
1748 2505 1860 2553 sta-

285 2585 483 2638 tionem
512 2593 697 2638 tenere
719 2583 933 2639 debeat.
952 2582 1101 2651 Vidit
1124 2587 1344 2641 tandem
1378 2585 1576 2641 Junius
1595 2587 1856 2645 hancne-

288 2677 501 2740 tionem,
540 2676 824 2744 sed‘quasi
844 2691 939 2745 per
960 2677 1312 2745 nebulam,ut
1334 2690 1564 2748 apparet
1597 2696 1661 2734 ex
1690 2681 1858 2735 scho-

287 2768 353 2822 lio
374 2770 519 2837 quod
537 2767 1097 2836 suaeinterpretationi
1124 2770 1395 2838 adjunxit.
1420 2769 1495 2824 Ex
1515 2786 1626 2843 quo
1648 2780 1699 2826 ta
1710 2788 1852 2838 men,

288 2872 532 2931 tanquam
553 2862 608 2916 in
629 2864 794 2919 rebus
818 2864 1215 2921 ecclesiasticis
1227 2864 1543 2923 Gra'corum
1569 2867 1725 2921 valde
1748 2869 1856 2923 sei-

290 2954 620 3024 licetperito,
653 2958 1002 3024 quaerendum
1034 2965 1171 3023 erat,
1191 2972 1363 3027 quare
1420 2959 1646 3013 verbum
1703 2960 1851 3012 εἰσο-

287 3043 452 3098 δεύειν
480 3047 869 3115 interpretatus
914 3046 1004 3115 sit,
1036 3046 1266 3116 loquens
1314 3048 1381 3101 de
1429 3050 1714 3103 sacerdote
1759 3066 1849 3105 se-

1975 556 2100 595 cum
2132 557 2197 597 ex
2222 541 2346 595 aliis
2373 534 2688 597 Grzecorum
2716 544 3025 623 ritualibus,
3048 546 3203 602 libris
3230 558 3345 604 tum
3368 566 3431 607 ex
3461 552 3567 607 En—

1977 636 2249 706 chologio.
2281 634 2468 690 Valeat
2500 636 2668 705 igitur
2701 636 3017 696 Boneﬁdius
3046 656 3176 696 cum
3210 644 3329 698 suis
3361 662 3565 701 conne-

1973 728 2225 782 aionibus
2250 736 2299 781 et
2332 729 2750 797 repetitionibus.
2784 729 2995 797 Quarta
3031 743 3113 789 est
3136 735 3375 799 ἀπόντος
3400 737 3562 809 ἀρχι-

1972 818 2223 873 διακόνου
2252 820 2451 874 διδόναι
2485 821 2692 893 κηροὺς
2716 825 2831 886 τοῖς
2851 824 2908 877 ὲν
2930 824 3006 895 τῷ
3028 826 3242 895 ἄμϐωνι
3274 827 3565 897 δακόνοις,

1972 912 2184 965 absente
2212 913 2588 973 arcltidiacono
2610 915 2740 969 dare
2764 932 2940 972 cereos
2971 918 3206 972 diacouis
3229 920 3282 973 in
3316 922 3561 976 amboue.

1974 999 2075 1055 Ubi
2101 1003 2339 1071 pessime
2368 1004 2639 1073 interpres
2688 1021 2790 1074 pro
2836 1008 3041 1078 κηρούς
3090 1010 3276 1079 legens
3338 1017 3561 1084 καιρούς

1970 1098 2134 1149 vertit
2165 1113 2179 1149 :
2210 1104 2446 1164 tempora
2473 1097 2601 1150 dare
2632 1099 2898 1163 diaconis,
2926 1102 3015 1170 qui
3050 1105 3268 1157 umboni
3298 1108 3556 1160 serviunt.

1971 1188 2138 1254 Quid,
2165 1203 2371 1258 quaeso,
2411 1197 2498 1243 est
2541 1198 2781 1258 tempora
2839 1192 2965 1245 dare
3014 1193 3254 1250 diaconis
3307 1197 3333 1250 7
3376 1199 3563 1269 Neque

1970 1288 2310 1336 correctores
2354 1291 2451 1335 aut
2508 1282 2562 1335 in
2625 1281 2818 1338 Graeca
2881 1285 3163 1355 scriptura
3216 1298 3312 1343 aut
3352 1293 3406 1345 in
3458 1292 3559 1357 Βοι

1970 1372 2151 1427 neildii
2211 1372 2683 1443 interpretatione.
2720 1376 2869 1433 hunc
2921 1386 3030 1433 tam
3067 1390 3279 1451 turpem
3316 1398 3558 1440 errorem

1968 1466 2542 1531 animadverterunt;
2622 1478 2682 1522 ut
2751 1469 2836 1524 vel
2900 1471 3030 1527 hinc
3105 1473 3315 1544 liqueat
3397 1492 3557 1546 quam

1970 1560 2133 1613 rudes
2205 1575 2389 1614 rerum
2460 1561 2965 1617 ecclesiasticarum
3037 1566 3127 1620 isti
3195 1582 3226 1621 a
3286 1570 3559 1633 catholica

1967 1650 2233 1720 religione
2262 1652 2437 1708 aversi
2463 1653 2531 1707 ad
2573 1654 2711 1709 ritus
2769 1655 3190 1713 Ecclesiasticos
3219 1674 3312 1715 seu
3340 1660 3561 1716 Graecos

1969 1757 2068 1797 seu
2116 1742 2339 1798 Latinos
2401 1745 2756 1815 explicandas
2827 1748 3116 1804 accedant.
3174 1750 3317 1807 Dicit
3378 1764 3559 1811 autem

1973 1834 2182 1888 absente
2234 1830 2793 1908 archidiacono,‘quia
2826 1850 2883 1895 ut
2915 1839 3159 1898 Codinus
3181 1846 3348 1901 tradit
3383 1863 3437 1917 p.
3465 1849 3555 1915 94,

1971 1925 2100 1981 olim
2155 1926 2377 1997 quidem
2434 1927 2627 2000 Magna
2680 1930 2927 1988 Ecclesia
2993 1934 3228 1992 habebat
3281 1941 3561 1996 archidia-

1967 2035 2191 2085 conum,
2216 2023 2308 2076 sed
2345 2033 2534 2091 postea
2562 2023 2775 2078 nullum
2833 2026 3048 2091 habuit,
3075 2045 3246 2099 quare
3294 2035 3322 2086 ὸ
3372 2033 3557 2089 δευτε-

1971 2112 2142 2181 ρεύων
2165 2125 2348 2182 partes
2375 2114 2494 2184 ejus
2527 2116 2821 2185 supplevit.
2856 2116 2995 2174 Hinc
3026 2121 3322 2178 aitCitrius
3339 2138 3545 2181 secun-

1965 2203 2019 2258 di
2051 2204 2269 2260 diaconi
2296 2208 2419 2262 esi-3e
2433 2209 2598 2261 etiam
2618 2208 2672 2261 in
2702 2208 2824 2265 aliis
2849 2210 3223 2268 archidiaconi
3244 2230 3444 2272 munus
3460 2234 3556 2272 cx-

1965 2296 2113 2366 plere
2145 2314 2160 2363 ;
2188 2313 2254 2352 ex
2280 2299 2482 2368 quibus
2513 2299 2657 2355 forte
2688 2300 2793 2357 hoc
2819 2312 2924 2369 est,
2950 2305 3157 2374 θυμιᾷν
3182 2306 3276 2360 τὸν
3298 2309 3552 2378 βασιλέα.

1963 2389 2346 2451 imperatorem
2381 2406 2578 2447 recens
2611 2404 2938 2449 coronatum
2976 2398 3217 2465 incenso,
3265 2409 3325 2456 ut
3389 2417 3555 2461 vocat

1962 2482 2533 2550 Ecclesia,,venerari,
2562 2487 2724 2557 eique
2749 2487 2890 2543 bene
2920 2491 3400 2551 ominatum'illud
3428 2512 3554 2552 car-

1962 2592 2087 2633 men
2114 2578 2386 2645 aecinere,
2412 2596 2431 2631 ι
2465 2578 2791 2635 Recordetur
2826 2582 3084 2639 Dominus
3106 2584 3245 2641 Deus
3272 2589 3372 2659 τῆς
3401 2590 3553 2660 βασι-

1959 2668 2108 2734 λείας
2136 2672 2257 2739 σᾶς,
2282 2674 2431 2742 regni
2459 2674 2558 2739 tui,
2594 2674 2652 2727 in
2676 2690 2833 2744 regno
2864 2692 2981 2742 suo,
3004 2694 3142 2733 nunc
3169 2690 3218 2734 et
3250 2698 3456 2751 semper
3500 2697 3550 2739 et

1959 2762 2013 2815 in
2041 2763 2239 2816 saecula
2262 2764 2599 2820 saeculorum.
2631 2768 2853 2820 Amen.»
2887 2767 2979 2823 Sic
3006 2768 3152 2824 idem
3177 2772 3357 2830 fausta
3376 2778 3555 2832 accla-

1958 2855 2201 2909 matione
2220 2856 2662 2925 prosequebatur
2684 2858 3053 2927 patriarcham
3068 2878 3093 2920 ιι
3121 2863 3408 2938 Μνησθείη
3436 2870 3554 2921 Κύ-

1960 2963 2073 3016 ριος
2098 2949 2129 3000 ὁ
2160 2946 2295 3010 Θεὸς
2322 2948 2423 3015 τῆς
2454 2950 2871 3021 ἀρχιερωσύνης
2888 2967 3003 3018 σου,
3022 2953 3347 3013 Recordetur
3370 2959 3549 3017 Domi-

1957 3055 2053 3093 nus
2077 3042 2420 3110 ponti/icatus
2445 3042 2525 3096 tui
2554 3044 2747 3113 ubique
2764 3060 2903 3099 nunc
2929 3057 2976 3101 et
3002 3064 3209 3117 semper
3225 3062 3274 3107 et
3295 3052 3348 3105 in
3374 3069 3549 3110 sa'cu-

290 3136 482 3202 eundo,
515 3140 850 3193 introducens
872 3139 991 3194 illos
1014 3140 1068 3192 in
1091 3138 1350 3201 tribunal,
1381 3140 1607 3209 siquam
1638 3157 1857 3196 causam
1886 3132 1931 3197 C
1966 3131 2019 3185 ια
2050 3132 2397 3187 “sculorum.
2429 3132 2541 3188 Nec
2567 3134 2670 3189 hoc
2702 3135 2865 3191 “Chal
2897 3147 3113 3193 lanium
3162 3155 3230 3196 eo
3289 3142 3379 3198 die
3434 3160 3546 3215 quo

289 3228 533 3296 agendam
559 3228 863 3293 habuerint,
884 3230 1136 3300 idemque
1166 3230 1394 3283 verbum
1427 3230 1616 3284 eadem
1644 3232 1856 3299 signiﬁ-

288 3319 492 3376 catione
513 3336 619 3375 non
648 3321 1032 3391 interpretatus
1057 3322 1127 3377 sit
1155 3322 1208 3375 in
1233 3321 1606 3391 descriptione
1625 3323 1855 3378 secundi

289 3409 517 3478 diaconi,
557 3411 853 3480 praesertim
903 3426 1026 3466 cum
1077 3412 1309 3468 diversae
1355 3414 1595 3470 notionis
1644 3414 1852 3470 nullum

290 3518 503 3572 prorsus
534 3505 795 3561 indicium
820 3505 1149 3575 Curopalata
1171 3505 1406 3562 dederit.

351 3596 545 3652 Verum
565 3608 623 3652 ut
639 3598 951 3654 accuratius
966 3598 1334 3670 intelligamus
1355 3608 1609 3656 naturam
1630 3609 1758 3656 etut
1774 3600 1856 3657 sic

288 3692 450 3746 dicam
471 3691 711 3746 indolem
742 3693 901 3762 hujus
915 3692 1148 3757 diaconi,
1168 3708 1349 3763 opera:
1367 3695 1603 3763 pretium
1629 3695 1736 3749 erit
1757 3710 1855 3748 au-

286 3786 661 3841 direJoannem
681 3785 1028 3851 Citrium,cui
1044 3787 1155 3841 haec
1178 3786 1358 3857 ignota
1379 3780 1482 3841 no‘n
1500 3788 1742 3853 fuerunt,
1757 3787 1852 3858 qui

286 3880 649 3935 aitdiaconum
669 3880 830 3934 istum
855 3895 961 3934 non
982 3878 1103 3948 eligi
1130 3888 1222 3933 aut
1248 3880 1424 3934 creari
1441 3880 1763 3949 simpliciter
1782 3878 1848 3934 ad

288 3976 438 4027 unius
450 3973 755 4033 arbitrium,
777 3970 872 4026 sed
891 3972 1009 4024 κατ’
1028 3972 1281 4043 ἐκλογήν,
1301 3989 1391 4040 per
1408 3976 1672 4044 suffragia
1694 3992 1711 4030 :
1730 3992 1852 4033 esse

286 4064 699 4136 cuimcjusmodi
738 4064 994 4131 ofﬁcium,
1017 4067 1159 4135 quod
1185 4067 1458 4122 desideret
1482 4070 1658 4124 virum
1715 4080 1849 4125 dex-

286 4170 417 4211 trum
435 4167 730 4228 aptumque
754 4160 817 4211 ad
839 4172 1032 4213 omnes
1048 4158 1211 4212 etiam
1245 4160 1472 4214 fortuito
1488 4173 1846 4219 occurrentes

292 4249 619 4314 functiones;
652 4265 881 4318 quarum
919 4251 1134 4317 aliquas
1149 4260 1413 4307 recenset.
1442 4252 1621 4307 Prima
1648 4262 1730 4308 est
1764 4255 1849 4309 in-

292 4342 473 4409 gressis
497 4342 550 4394 in
565 4341 824 4408 templum
850 4339 1273 4409 imperatoribus
1294 4348 1348 4394 et
1369 4339 1696 4409 patriarchis
1720 4340 1845 4397 fau-

292 4435 376 4486 stis
400 4432 881 4488 acclamationibus
901 4432 1037 4487 bene
1057 4434 1289 4501 precari,
1317 4440 1373 4487 et
1395 4442 1453 4487 ut
1473 4432 1717 4488 Codinus
1746 4450 1847 4489 no-

1962 3224 2263 3291 imperator
2295 3224 2730 3293 inaugurabatur
2760 3235 2814 3279 et
2846 3228 3239 3293 coronabatur,
3273 3230 3379 3285 sed
3404 3248 3548 3301 quo-

1963 3314 2063 3369 lies
2094 3314 2146 3367 in
2171 3315 2462 3370 ecclesiam
2488 3316 2813 3371 ventitabat.
2836 3317 2909 3371 Ea
2929 3318 2994 3372 de
3009 3333 3180 3375 causa
3200 3322 3495 3379 aitCitrius
3525 3342 3542 3380 :

1958 3404 2139 3459 Αὐτοῦ
2158 3406 2267 3477 γάρ
2296 3408 2447 3461 ἔστιν
2469 3409 2501 3478 ἡ
2533 3409 2670 3477 με,τά
2687 3412 2785 3481 τὴν
2814 3409 3023 3465 εἴσοδον
3043 3413 3287 3484 εὐφημία
3309 3416 3422 3470 τῶν
3446 3417 3545 3487 βα-

1960 3497 2163 3553 σιλέων
2201 3500 2296 3553 καὶ
2326 3500 2647 3571 ἀρχιερέων,
2674 3499 2851 3572 Ipsius
2897 3512 2974 3558 est
3020 3506 3433 3572 imperatoribus
3488 3522 3539 3565 et

1955 3593 2279 3662 patriarchis
2313 3595 2366 3646 in
2408 3593 2657 3662 templum
2676 3592 2930 3664 ingressis
2987 3596 3112 3652 bene
3163 3605 3374 3669 precari
3398 3602 3541 3669 ;nisi

1958 3686 2085 3755 quis
2115 3686 2247 3740 illud
2284 3687 2422 3756 μετὰ
2451 3686 2549 3755 τὴν
2578 3686 2781 3739 εἴσοδον
2814 3696 2930 3756 post
2980 3688 3275 3759 ingressum
3332 3695 3543 3751 referre

1958 3777 2086 3831 velit
2117 3777 2183 3831 ad
2212 3779 2522 3846 ingressum
2556 3777 2610 3831 in
2646 3777 3061 3835 tabernaculum
3105 3796 3203 3836 seu
3235 3781 3291 3837 in
3337 3783 3541 3841 Sancta

1956 3876 2296 3934 sanctorum,
2330 3868 2406 3922 ita
2441 3876 2500 3923 ut
2524 3867 2703 3924 fausta
2737 3871 2855 3925 haec
2901 3872 3222 3929 acclamatio
3271 3876 3412 3932 facta
3466 3880 3540 3934 sit

1954 3969 2078 4031 post
2100 3960 2409 4016 absolutam
2433 3961 2907 4032 supplicationem,
2952 3963 3006 4018 in
3037 3978 3145 4034 qua
3195 3968 3354 4036 panis
3392 3984 3538 4040 prac-

1954 4051 2334 4108 sanctiﬁcatus
2382 4052 2447 4106 ad
2509 4052 2838 4107 sacrificium
2910 4057 3403 4115 circnmferebatur
3442 4080 3541 4132 per

1954 4149 2217 4219 templum
2242 4157 2295 4203 et
2322 4158 2508 4217 postea
2536 4150 2602 4203 ad
2632 4149 2806 4205 altare
2829 4148 3191 4208 inferebatur.
3239 4153 3361 4227 Quo
3384 4158 3443 4212 fit
3478 4170 3542 4214 ut

1953 4242 2228 4297 secundus
2251 4240 2516 4296 diaconus
2540 4240 2815 4310 εὐφημίαν
2837 4241 2981 4297 hanc
3004 4242 3306 4302 instituerit
3326 4264 3535 4320 regres-

1952 4346 2015 4387 so
2044 4332 2157 4401 jam
2182 4330 2491 4401 patriarcha
2512 4330 2579 4385 ad
2593 4331 2765 4386 altare
2786 4340 2840 4387 et
2861 4336 3215 4402 processione
3238 4338 3491 4396 absoluta
3517 4361 3539 4407 ;i

1951 4425 2095 4495 quod
2129 4440 2258 4479 vero
2282 4424 2509 4495 propius
2538 4424 2772 4479 videtur.

289 4540 387 4582 ster
409 4526 675 4596 loquitur,
704 4526 855 4598 151
883 4499 1217 4596 τὸνβασιλέα
1249 4528 1340 4579 πο)
1354 4529 1659 4598 υχρονίζειν
1681 4545 1775 4583 Seu
1792 4529 1851 4583 τὸ

2033 4517 2332 4571 Dicebatur
2361 4515 2696 4586 δευτερεύων
2722 4518 2830 4570 τῶν
2850 4518 3138 4586 διακόνων,
3164 4539 3271 4578 non
3303 4528 3445 4596 quod
3479 4528 3531 4581 in

290 4621 684 4689 πολυχρόνισμα
744 4621 990 4673 accinere
1057 4635 1149 4673 seu
1208 4623 1562 4688 πολυχρόνιον
1646 4623 1844 4675 ποιεῖν.

286 4706 374 4774 Qui
406 4724 518 4763 mos
546 4725 609 4762 ex
646 4709 869 4776 antiquo
902 4724 1053 4763 more
1087 4710 1247 4763 hodie
1273 4726 1492 4780 quoque
1512 4709 1717 4765 Graecis
1747 4711 1845 4764 ad-

286 4800 463 4853 haeret.
489 4800 737 4853 Secunda
761 4810 841 4854 est
882 4814 1097 4869 portare
1118 4801 1475 4868 Evangelium
1526 4802 1580 4855 in
1632 4801 1845 4872 supplic

284 4893 578 4946 cationibus
612 4907 675 4945 ac
708 4891 931 4947 litaniis.
972 4893 1153 4946 Tertia
1182 4893 1280 4956 τὰς
1309 4895 1366 4945 ὲν
1427 4895 1629 4956 αὐταῖς
1676 4911 1844 4947 συνα-

286 4990 413 5045 an;
436 4986 530 5036 καὶ
550 4984 790 5051 αἰτήσεις
814 4986 1005 5037 ποιεῖν.
1030 4983 1211 5053 Inepte
1238 4974 1508 5053 interpres
1537 4988 1848 5039 :connexio-

282 5091 361 5128 nes
386 5086 433 5127 et
466 5077 788 5144 repetitiones
830 5080 881 5128 in
913 5077 984 5129 eis
1020 5077 1209 5145 facere.
1244 5076 1715 5130 CorDeXernntalii
1741 5078 1847 5130 col-

280 5164 433 5215 lectas
455 5173 500 5215 et
526 5178 722 5230 preces.
762 5163 897 5217 Sunt
944 5164 1212 5217 συναπται
1253 5168 1469 5233 proprie
1523 5182 1643 5233 quae
1699 5170 1841 5235 apud

282 5274 373 5311 nos
400 5260 450 5311 in
494 5259 638 5311 horis
669 5258 948 5313 canoiiicis
984 5268 1242 5311 vocantur
1270 5274 1472 5327 preces,
1525 5261 1717 5313 diebus
1762 5262 1846 5328 je-

276 5350 541 5415 juniorum
576 5350 915 5416 potissimum
950 5349 1180 5411 usitata},
1210 5348 1495 5403 nonmodo
1523 5350 1574 5402 in
1624 5352 1844 5405 tnatnti—

282 5439 383 5501 nis,
406 5440 496 5492 sed
521 5449 574 5492 et
597 5442 647 5491 in
674 5437 903 5507 singulis
931 5437 1101 5491 horis.
1126 5437 1187 5489 Et
1214 5452 1402 5506 preces
1432 5440 1534 5491 illae
1558 5454 1694 5507 quas
1720 5448 1841 5507 post

282 5534 607 5602 litanias‘pro
637 5533 785 5586 omni
822 5530 1101 5584 hominum
1139 5541 1279 5585 statu
1313 5542 1364 5585 et
1415 5533 1608 5587 ordine
1656 5534 1839 5587 fundi-

280 5640 410 5684 mus,
448 5626 731 5694 ipsissimte
763 5634 893 5678 sunt
941 5624 1258 5677 Graecorum
1315 5626 1608 5688 συναπταί,
1667 5628 1859 5693 quan?

280 5733 428 5785 quam
476 5728 529 5771 et
573 5732 711 5786 quius
761 5733 865 5770 nos
927 5732 1183 5769 vocamus
1211 5717 1457 5771 collectas
1486 5717 1586 5772 hoc
1615 5720 1839 5772 neruine

284 5810 532 5876 appellare
557 5810 632 5864 nil
677 5818 847 5872 vetat,
880 5807 1005 5876 quia
1067 5809 1377 5862 Griecuruun
1431 5810 1667 5879 liturgiis
1711 5811 1841 5864 asti—

1950 4610 2143 4663 ordine
2169 4609 2527 4664 diaconorum
2554 4608 2761 4680 Magnae
2789 4611 3043 4666 Ecclesiae
3072 4617 3347 4672 secundus
3366 4631 3537 4682 esset,

1952 4702 2045 4754 sed
2090 4711 2346 4771 respectu
2370 4700 2439 4755 ad
2468 4694 2942 4767 archidiaconum,
2982 4701 3140 4773 152
3172 4706 3262 4776 qui
3292 4717 3541 4777 tempore

1948 4793 2139 4845 Cadini
2173 4792 2352 4847 nullus
2378 4792 2750 4862 quidemerat,
2780 4804 2836 4847 at
2865 4795 3162 4863 aliquando
3196 4796 3372 4852 fuerat
3397 4816 3508 4864 ;un‘
3591 4820 3595 4863 g

1948 4886 2091 4941 dect
2113 4886 2188 4955 τῷ
2226 4885 2597 4956 δευτερεύοντι
2624 4887 2731 4941 τῶν
2766 4887 3032 4940 διακόνιον
3074 4903 3273 4942 nomen
3304 4893 3535 4955 mansit,
3586 4876 3597 4926 ί

1948 4979 2090 5032 sicut
2122 4990 2173 5032 et
2201 4978 2276 5049 τῷ
2309 4978 2679 5047 δευτερεύοντι
2722 4979 2831 5031 τῶν
2889 4980 3080 5049 ἱερέων
3108 4980 3264 5035 idem
3330 4997 3533 5037 nomen

1950 5073 2265 5133 mansisset,
2302 5072 2347 5123 si
2384 5082 2712 5141 protOpapas
2748 5073 2801 5125 in
2836 5072 2984 5127 clero
3021 5071 3227 5141 Magnae
3271 5073 3539 5131 Ecclesiae:

1945 5163 2202 5226 desisset,
2236 5162 2364 5230 quia
2398 5178 2524 5216 cum
2556 5162 2864 5216 secundarii
2894 5166 3120 5219 nomine
3162 5167 3371 5236 primus
3392 5167 3527 5222 fuis—

1947 5261 2045 5303 set.
2089 5251 2300 5306 (iners.

2018 5343 2101 5414 [Ρ.
2133 5345 2188 5399 6.
2219 5344 2357 5408 Quid
2388 5345 2488 5397 hoc
2525 5346 2598 5396 rei
2620 5354 2729 5411 est,
2758 5354 2816 5400 ut
2836 5347 2922 5400 hic
2943 5347 3299 5403 diaconorum
3338 5363 3533 5404 secun-

1945 5434 2048 5488 dus
2077 5434 2347 5487 scribatur
2372 5449 2433 5486 ac
2461 5435 2685 5488 insimul
2729 5436 2947 5506 πρῶτος
2980 5437 3089 5489 τῶν
3123 5438 3317 5489 κοινῶν
3350 5438 3533 5491 διακό-

1944 5544 2050 5578 νων
2085 5526 2408 5579 asseratur?
2450 5527 2650 5580 Paucis
2691 5529 2778 5581 hic
2836 5530 2991 5598 plura
3044 5531 3361 5593 evolvenda,
3420 5547 3531 5597 quo

1946 5619 2221 5687 proposita
2248 5618 2547 5673 difficultas
2572 5621 2747 5674 lucem
2782 5622 3030 5691 accipiat.
3062 5620 3423 5689 Temporibus
3452 5624 3532 5675 ul-

1948 5712 2092 5763 timis
2113 5711 2328 5763 diaconi
2351 5719 2558 5763 tantum
2581 5712 2646 5764 ad
2668 5712 2985 5781 ἀρχοντίκια
3003 5712 3252 5781 beet-ma,
3271 5712 3526 5765 nobiiiora

1934 5804 2144 5869 'oﬂicia,
2179 5813 2305 5855 sunt
2342 5801 2588 5870 admissi,
2616 5805 2707 5873 qui
2742 5805 3016 5872 prioribus
3051 5803 3365 5857 sacerdotes
3398 5817 3525 5873 per—
