4064 6426
534 327 630 390 167

1672 328 1745 385 ΙΝ
1796 326 2093 385 LIBRUM

2199 323 2581 382 EOFFlCllS
2625 324 2733 381 (ΞΡ.
3650 324 3736 389 108

525 437 729 489 mistim
763 446 817 489 et
847 435 1059 488 diaconi
1091 448 1213 488 esse
1243 442 1511 501 poterant,
1545 446 1887 495 meonnmus,
1919 434 2088 486 sacel-
2121 443 2161 493 Λ
2196 432 2470 483 mesticum
2528 442 2819 483 cautorem.
2873 429 3010 496 Quid
3075 430 3145 484 sit
3205 430 3549 498 domesticus,
3614 436 3736 495 infra

520 529 717 591 larius,
738 526 1200 594 sceuophylax,et
1230 522 1420 589 reliqui
1445 522 1754 590 quindec‘im
1787 523 1957 575 tribus
1984 523 2093 590 pri-

522 618 626 671 mis
683 616 979 669 oliiciorum
1037 614 1361 682 pentadibus
1392 613 1794 681 comprehensi.
1865 611 1928 665 lli
1991 612 2091 681 τῆς

521 707 817 777 ἐκκλησίας
845 707 939 757 καὶ
998 705 1388 774 πατριαρχικοὶ
1441 704 1720 773 ἄρχοντες,
1782 703 2091 757 δεσποτικοὶ

520 804 797 870 ἄρχοντες,
826 797 1147 868 ἀρχοντίκια
1174 798 1425 867 ὁφφίκια,
1486 799 1801 869 ἁρχοντίκια
1859 798 2086 867 μεγάλα.

518 891 804 945 διακονικὰ
859 889 1167 957 ἀξιώματα,
1217 900 1270 944 et
1327 890 1473 961 (κατ’
1524 891 1738 961 ἐξοχὴν)
1782 892 2091 960 κληρικάτα

521 991 926 1052 nuncupantur.
991 982 1155 1035 Iidem
1222 997 1365 1043 vero,
1412 992 1467 1036 ut
1528 984 1772 1037 ecclesiae
1833 983 2093 1036 altarisve

520 1090 794 1144 proceres,
842 1074 1157 1142 patriarchae
1191 1074 1430 1126 assident
1456 1073 1508 1125 in
1548 1074 1772 1142 judiciis
1806 1074 2092 1141 eidemque

521 1166 815 1220 celebranti
848 1164 1132 1223 assistunt,
1168 1173 1223 1216 at
1254 1163 1554 1216 laboriosas
1595 1163 1711 1216 illas
1739 1178 1932 1232 operas
1983 1179 2090 1218 non

522 1267 781 1327 praestant
814 1271 951 1325 quas
984 1254 1368 1309 arehidiacono
1421 1255 1639 1307 volucre
1669 1266 1969 1309 reservatas
1993 1272 2089 1310 ceu

521 1364 753 1417 operoso
823 1345 1010 1400 altaris
1081 1345 1351 1399 ministro.
1412 1345 1529 1410 Qua
1584 1346 1651 1400 de
1713 1362 1877 1401 causa
1946 1355 2092 1402 totus

520 1438 842 1493 ministeriis
908 1437 1152 1491 intentus
1213 1436 1633 1491 archidiaconus
1682 1438 1937 1505 ὀφφίκιόν
1974 1441 2089 1491 ἐστι

526 1529 707 1596 μόνον,
744 1536 802 1580 ut
836 1527 1204 1595 praemisimus
1232 1538 1356 1579 uota
1391 1526 1552 1591 huius
1578 1528 1773 1596 capitis
1814 1531 1863 1589 l;
1894 1545 1991 1582 nec
2012 1542 2094 1584 est

520 1619 889 1687 ἀρχοντξκιον,
954 1633 1052 1670 nec
1079 1619 1216 1671 inter
1258 1633 1511 1688 proceres
1538 1619 1797 1673 diaconos
1841 1636 2094 1674 numera-

521 1721 631 1765 tur.
666 1710 1026 1764 Diaconorum
1055 1718 1255 1774 tamen,
1303 1718 1572 1777 quatenus
1598 1709 1965 1764 ministerium
1994 1709 2094 1763 ali—

519 1802 665 1873 quod
710 1800 955 1871 implent,
1004 1808 1168 1870 caput
1208 1810 1288 1855 est
1333 1810 1386 1854 et
1441 1802 1713 1870 princeps,
1774 1802 2091 1872 eisdemque

519 1895 873 1964 quantumvis
894 1894 1207 1963 proceribus
1227 1894 1279 1947 in
1300 1893 1599 1949 diaconicis
1623 1896 1940 1951 ministeriis
1958 1912 2092 1966 prae-

520 1991 719 2045 ficitur.
758 1988 931 2058 Hujus
976 1986 1258 2042 sententias
1314 1996 1506 2042 auctor
1558 1989 1692 2043 mihi
1738 1999 1823 2045 est
1848 1989 2090 2047 Joannes

516 2085 651 2138 Citri
714 2084 1007 2152 episcopus
1058 2080 1199 2149 juris
1240 2079 1420 2137 CILI.
1482 2097 1535 2136 ν.
1605 2082 1895 2152 Postquam
1943 2085 2087 2139 enim

514 2176 730 2245 quaesiit
798 2176 860 2227 τὸ
908 2174 1350 2244 ἀρχιδιακονικδν
1416 2175 1667 2244 ὀφφίκιον
1754 2176 1915 2238 ποίας
1972 2178 2092 2231 icti.

512 2269 719 2335 τάξεως
750 2267 845 2321 καὶ
880 2266 1035 2321 ποίου
1069 2264 1308 2335 βαθμοῦ,
1355 2265 1452 2318 καὶ
1508 2267 1557 2320 εί
1602 2268 1928 2337 προΐσταται
1980 2269 2090 2322 τῶν

515 2363 654 2415 ὅλων
701 2360 966 2412 διακόνων
1001 2358 1077 2419 ὡς
1128 2356 1529 2427 ἁρχιδιάκονος,
1587 2357 1685 2410 καὶ
1742 2359 1926 2413 αὐτῶν
1981 2359 2091 2413 τῶν

515 2450 984 2521 ὲκκ).ησιαστικῶν
1000 2449 1302 2518 ἀρχόντων,
1327 2449 1424 2502 καὶ
1445 2449 1493 2500 εί
1512 2450 1850 2517 προτιμᾶται
1873 2450 2090 2504 πάντων

516 2547 576 2595 ἐν
610 2547 676 2613 τῇ
717 2539 1019 2611 μεταλήψει
1071 2540 1178 2592 τῶν
1208 2538 1369 2594 θείων
1423 2540 1761 2609 μυστηρίων,
1802 2542 2093 2611 respondet

515 2634 743 2688 Citrius:
805 2631 879 2683 Τδ
913 2628 1349 2699 ἀρχιδιακονικὸν
1383 2630 1637 2699 ὀφφίκιον
1683 2631 1782 2684 οὐκ
1812 2632 1957 2686 ἐστιν
1989 2634 2091 2701 ἀρ-

515 2725 809 2795 χοντίκιον,
855 2721 975 2775 οὐδὲ
1024 2724 1088 2774 ὲκ
1152 2721 1462 2790 φιλοτιμίας
1514 2723 1930 2792 ἀρχιερατικῆς,
1984 2724 2093 2777 ὥσ·

516 2832 625 2890 περ
653 2815 722 2867 τὰ
773 2812 1116 2883 ἀχροντίκια,
1158 2813 1465 2881 περιφορᾶς
1522 2814 1580 2867 δὲ
1644 2814 1857 2867 πολλῶν
1918 2816 2090 2883 ,ἡλίων

524 2906 900 2975 συμπέρασμα
965 2902 1089 2974 (hoc
1118 2912 1205 2958 est
1272 2902 1699 2958 ministeriorum
1760 2919 1790 2958 a
1843 2904 2090 2960 diacouis

518 2995 929 3067 magistratibus
961 2992 1336 3049 obeundorum
1364 2994 1807 3064 compendium).
1869 2996 1961 3048 Διὸ
1991 2996 2085 3048 καὶ

2194 521 2553 589 explicabitur
2603 523 2667 573 ad
2726 536 2782 589 p.
2840 522 2894 574 7.
2971 521 3028 574 ln
3088 521 3331 590 palatino
3386 534 3556 579 tamen
3609 530 3738 583 clero

2192 621 2312 665 erat
2369 612 2750 680 protopsaltes,
2808 612 3045 665 utdocet
3103 611 3344 667 Codinus
3402 615 3518 670 loco
3572 618 3738 685 citato,

2193 704 2283 771 qui
2324 702 2489 756 simul
2526 711 2643 755 erat
2700 702 2961 755 exercitus
2992 701 3123 755 cieri
3164 703 3520 771 imperatorii.
3554 706 3737 764 Gns'rs.

2264 794 2325 845 P.
2363 793 2416 846 6.
2448 793 2757 846 Allatiana:
2805 792 2864 843 Ὀ
2886 792 3283 862 πρωτοψάλτης
3329 794 3537 849 ἵσταται
3593 800 3742 867 μέσον
3839 806 3854 844 Ι

2193 885 2301 936 τῶν
2328 883 2419 936 δύο
2451 882 2647 953 χορῶν,
2681 882 2855 946 δεξιοῦ
2911 900 2968 934 τε
2998 886 3091 935 καὶ
3148 885 3449 952 εὐωνύμου.
3503 890 3740 958 Ἀρχεται

2193 976 2249 1027 δὲ
2284 976 2380 1028 καὶ
2404 974 2503 1044 τὴν
2530 974 2746 1041 ἐναρξιν
2776 973 2872 1039 τῆς
2906 972 3241 1042 ψαλμῳδίας.
3290 976 3443 1027 Μετὰ
3492 977 3545 1029 δὲ
3588 979 3745 1033 ταῦτα

2195 1071 2286 1123 καὶ
2319 1068 2517 1137 ψάλται
2552 1065 2946 1133 ὄλοιηΑιΙιΙυιιι
3000 1066 3129 1129 alia,
3176 1068 3224 1117 οἱ
3268 1068 3571 1137 δομέστικοι
3598 1072 3681 1123 καὶ
3700 1073 3743 1123 oi

2195 1162 2623 1231 πριμμικήριοι.
2654 1162 2816 1230 Φορετ
2870 1160 3055 1212 δὲκαὶ
3109 1161 3455 1230 σφικτούριον
3509 1165 3743 1232 (tunicam

2195 1256 2391 1309 brevem
2420 1264 2468 1308 et
2500 1254 2782 1321 strictam).
2811 1252 2959 1307 Goan
2987 1251 3006 1322 ]

2270 1346 2530 1415 Sequitur
2578 1348 2604 1397 6
2663 1346 3115 1419 ἱδιοδομέστικοςι,
3169 1349 3457 1419 singularis
3522 1349 3751 1401 domesti-

2195 1450 2309 1497 cus,
2378 1443 2435 1487 ut
2493 1435 2880 1501 interpretatur
2939 1436 3159 1500 Junius,
3222 1440 3380 1503 primi
3448 1448 3495 1491 et
3552 1439 3750 1492 secundi

2194 1526 2360 1577 chori.
2394 1524 2497 1577 Sed
2528 1536 2702 1578 errat:
2742 1526 3030 1594 legendum
3061 1530 3109 1580 οί
3152 1528 3246 1581 δύο
3286 1529 3623 1595 δομέττνκοι,
3657 1532 3749 1579 duo

2194 1616 2491 1678 domestici,
2516 1616 2651 1669 alter
2673 1617 2869 1680 dextri,
2904 1618 3038 1671 alter
3072 1621 3273 1673 sinistri
3303 1620 3469 1673 chori.
3498 1623 3647 1675 Clare
3675 1622 3752 1671 Ci-

2196 1708 2330 1761 trius
2349 1710 2487 1761 duos
2515 1709 2778 1773 nominat,
2804 1712 2831 1761 6
2856 1710 3176 1779 δομέστικος
3211 1711 3303 1763 τοῦ
3330 1711 3505 1775 δεξιοῦ
3532 1711 3706 1780 χοροῦ,
3725 1713 3750 1762 ὁ

2197 1797 2515 1866 ὼμέστικος
2548 1800 2640 1851 τοῦ
2675 1800 2985 1870 ἀριστεροῦ.
3019 1802 3082 1854 Ει
3139 1802 3313 1857 facilis
3360 1804 3445 1856 via
3498 1803 3595 1854 fuit
3629 1818 3747 1856 con-

2199 1888 2454 1942 trahendi
2486 1891 2744 1945 vocabula
2790 1892 3063 1961 disjuncta
3110 1893 3163 1944 οἱ
3197 1894 3289 1945 δύο
3341 1894 3653 1963 δομέστικοι
3704 1892 3752 1945 in

2199 1991 2368 2030 unum
2402 1978 2810 2048 ίδιοδομέστικοι
2835 1998 2847 2033 :
2874 1984 3124 2035 caecutiat
3148 1982 3241 2051 qui
3276 1984 3379 2037 hoc
3415 2000 3522 2037 non
3565 1984 3755 2037 videat.

2196 2067 2307 2123 Nec
2340 2069 2524 2124 obstat
2561 2072 2703 2138 quod
2732 2072 2833 2126 hac
2863 2073 3070 2126 ratione
3115 2089 3211 2129 sex
3242 2073 3417 2128 futuri
3450 2075 3559 2129 sint
3590 2075 3641 2127 iu
3679 2088 3758 2127 sc-

2198 2164 2365 2229 ptima
2383 2163 2616 2231 pentade
2650 2179 2664 2212 :
2694 2178 2817 2216 nam
2853 2172 2907 2217 et
2938 2164 2991 2216 in
3029 2163 3202 2231 prima
3238 2165 3475 2233 pentade
3502 2179 3593 2219 sex
3619 2172 3756 2225 sunt,

2198 2262 2443 2323 utsupra
2471 2254 2732 2318 diximus.
2764 2265 2818 2308 et
2844 2261 3024 2309 tamen
3048 2264 3276 2311 vocatur
3309 2268 3502 2325 pentas
3535 2272 3626 2311 seu
3655 2255 3760 2323 qui-

2199 2343 2406 2397 narius.
2436 2342 2575 2408 Quid
2604 2347 2675 2398 sit
2704 2344 3016 2398 domesticus
3070 2346 3125 2399 in
3180 2347 3303 2413 jure
3324 2348 3482 2401 civili
3538 2356 3591 2401 et
3628 2345 3759 2414 apud

2199 2432 2335 2486 alios
2357 2433 2561 2501 passim
2594 2434 2891 2500 scriptores
2923 2434 3145 2491 Graecos
3181 2444 3235 2490 et
3259 2435 3511 2500 Latinos,
3545 2436 3766 2505 explicat

2197 2523 2456 2593 Cujucius
2488 2523 2553 2577 ad
2601 2523 2696 2577 lib.
2720 2539 2796 2577 xu
2829 2523 2965 2577 Cod.
2998 2525 3352 2593 Justiniauei,
3384 2527 3451 2579 ad
3483 2527 3565 2579 tit.
3595 2526 3677 2588 12,
3717 2533 3765 2577 et

2198 2612 2390 2667 Petrus
2443 2611 2735 2682 Gregorius
2786 2614 3153 2683 Syntagmatis
3173 2614 3257 2679 Vl,
3282 2617 3336 2668 8.
3360 2616 3500 2681 Quid
3546 2616 3643 2670 hoc
3674 2630 3764 2669 no-

2200 2705 2345 2759 mine
2379 2705 2744 2774 signiticarint
2766 2703 2939 2758 Grazci
2966 2706 3297 2761 recentiores
3344 2706 3509 2762 docet
3547 2706 3760 2765 Citrius.

2196 2796 2281 2849 cui
2311 2810 2433 2849 eum
2460 2796 2570 2848 haec
2597 2795 2826 2863 quaestio
2854 2794 3369 2865 fuissetproposita,
3393 2794 3559 2865 Cujus
3580 2799 3763 2867 lingua:

2197 2897 2277 2940 est
2304 2886 2578 2939 domestici
2607 2886 2973 2954 appellatio,et
2995 2888 3181 2957 quibus
3205 2890 3443 2944 ecclesia:
3469 2888 3764 2943 ministeriis

2197 2994 2382 3032 nomen
2402 2979 2499 3032 hoc
2524 2980 2828 3046 impositum
2857 2988 2933 3033 est
2963 2981 2988 3032 .7
3027 2980 3339 3049 respondit:
3369 2982 3655 3036 Domestici
3680 2996 3768 3049 ap-

516 3088 588 3149 ὠ;
616 3090 809 3157 χρόνου
840 3088 933 3140 καὶ
973 3087 1102 3139 ἰδίου
1131 3087 1303 3139 κόπου
1345 3087 1725 3156 συμπέρασμα
1752 3089 1780 3140 6
1841 3088 2089 3157 ἀρχιδιά-

2199 3072 2417 3143 pellatio
2435 3072 2733 3127 secundum
2771 3071 2995 3126 Latinos
3026 3071 3247 3139 ducem,
3274 3068 3603 3143 ἐξάρχοντα,
3630 3074 3770 3127 ince-

518 3198 670 3242 κονος
696 3179 807 3248 ἔχει
836 3179 931 3231 καὶ
959 3176 1054 3246 τὴν
1083 3177 1355 3246 ὑπεροχὴν
1392 3180 1485 3232 ἐπὶ
1510 3178 1728 3232 πάντων
1757 3178 1866 3232 τῶν
1908 3178 2097 3232 διακό-

522 3286 653 3334 νων,
709 3269 819 3320 εῐτε
856 3268 1216 3335 ἀρχοντικίοις
1240 3266 1546 3339 ὁποιοισοῦν
1595 3268 1914 3339 τετίμηνται
1977 3270 2094 3324 εἴτε

518 3363 612 3413 καὶ
640 3359 737 3428 μὴ,
770 3358 829 3410 ἐν
866 3357 944 3426 τῷ
978 3358 1088 3428 ναῷ
1126 3359 1220 3410 καὶ
1251 3359 1306 3410 ὲν
1326 3357 1403 3427 τῷ
1436 3358 1643 3428 βήματι
1673 3360 1771 3413 καὶ
1800 3361 1859 3412 ὲν
1890 3362 1958 3431 τῇ
1997 3378 2094 3430 με-

518 3449 747 3520 ταλήψει
780 3449 892 3503 τῶν
922 3448 1094 3517 ἁγίων
1130 3448 1467 3519 μυστηρίων.
1539 3450 1658 3506 Uno
1686 3449 1855 3505 verbo
1906 3466 2098 3520 super-

520 3541 764 3612 greditur
788 3540 1049 3596 diaconos
1083 3554 1330 3609 proceres
1354 3556 1419 3595 ex
1446 3541 1768 3607 ministerio,
1797 3555 1902 3595 non
1921 3542 2099 3612 digni-

438 3652 445 3658 ’
510 3624 653 3690 tate.
728 3630 1000 3696 aliamque
1053 3629 1284 3683 classem
1371 3630 1519 3685 solus
1582 3630 1879 3700 componit;
1944 3647 2098 3685 enm-

521 3735 629 3789 que
668 3720 914 3788 sequitur
964 3720 1108 3773 vices
1153 3717 1274 3786 ejus
1337 3735 1531 3787 gerens
1565 3723 1594 3775 6
1624 3704 1956 3792 δευτερεύων
1989 3724 2098 3776 τῶν

521 3814 808 3875 διακόνων,
860 3811 955 3881 qui
1006 3810 1180 3867 tertia:
1203 3812 1394 3867 classis
1422 3815 1794 3869 communium
1841 3815 2101 3870 diacono.

526 3921 647 3960 rum
694 3904 900 3973 primus
927 3902 1034 3956 dux
1081 3911 1137 3957 et
1166 3911 1328 3972 caput
1373 3912 1645 3978 censetur;
1712 3914 1766 3960 et
1794 3906 1864 3961 ob
1910 3906 2101 3961 allatas

525 3998 763 4050 rationes
786 3995 1005 4062 λέγεται
1034 3994 1385 4063 δευτερεύων,
1417 3996 1494 4051 ait
1528 3996 1733 4050 Citrius
1760 3997 1902 4051 idem
1934 4013 2099 4066 supe-

526 4089 667 4141 riore
705 4102 984 4156 responso,
1034 4086 1131 4155 οὐχ
1157 4087 1241 4138 ὅτι
1270 4085 1577 4156 δευτερεύει
1610 4087 1667 4137 ἐν
1694 4090 1758 4157 τῇ
1803 4087 1954 4152 τάξει
1991 4090 2100 4142 τῶν

524 4179 812 4233 διακόνων.
851 4178 1023 4231 lustas
1082 4176 1870 4241 nihilominus,.etsollicitus
1926 4180 2096 4233 ratio-

528 4285 651 4322 nem
679 4270 879 4335 quaeris
923 4283 1022 4320 cur
1051 4282 1115 4319 ex
1146 4266 1344 4321 oﬂiciis
1374 4268 1747 4323 archidiaconi
1800 4284 1997 4323 nomen
2033 4269 2103 4322 sit

524 4356 880 4424 expunctum?
907 4355 1103 4423 Aptius
1132 4355 1208 4409 illi
1239 4355 1463 4409 reddent
1486 4358 1575 4426 qui
1610 4358 1862 4427 palatinis
1916 4359 2101 4414 archi-

526 4450 815 4502 diaconum
867 4454 1286 4501 accensuerunt.

528 4556 579 4593 c.
610 4540 667 4592 2.
687 4536 884 4609 Gosn.]

1127 4675 1359 4731 CAPUT
1411 4676 1502 4731 XI.

476 4744 497 4886 }
635 4786 709 4841 De
732 4789 953 4857 septima
981 4790 1205 4856 pentade
1253 4790 1550 4858 ofﬁciorum
1584 4798 1629 4842 et
1658 4788 1989 4859 officialium.

597 4898 657 4952 Ρ.
686 4899 739 4953 6.
768 4900 824 4953 In
847 4900 1076 4970 septima
1103 4903 1333 4970 pentade
1358 4903 1561 4971 primas
1583 4912 1729 4957 tenet
1746 4906 2096 4973 protopsalta,

526 4993 727 5058 primus
749 4993 952 5059 psaltes
983 5009 1079 5048 seu
1109 5003 1315 5047 cantor.
1340 4994 1543 5050 Citrius
1568 5007 1725 5051 vocat
1749 4998 2097 5051 domesticum

527 5083 843 5148 psullat‘um,
874 5083 1187 5155 indicatque
1222 5087 1325 5140 hoc
1373 5102 1567 5141 nomen
1627 5089 1879 5143 usitatius
1931 5090 2099 5142 fuisse

526 5190 689 5241 quam
722 5175 849 5226 illud
874 5175 1433 5242 ρνοιορδαιιιε.Μίι·υιη
1456 5189 1538 5233 est
1556 5182 1829 5248 quomodo
1856 5179 2097 5235 Codiuus

530 5266 582 5318 iu
656 5265 759 5318 hac
814 5268 1038 5332 septima
1107 5270 1336 5335 pentade
1399 5272 1628 5327 collocet
1706 5274 2094 5342 protOpsalteu,

533 5357 687 5425 153
720 5372 840 5409 cum
874 5358 986 5427 ipse
1027 5375 1076 5415 c.
1109 5359 1173 5412 l7
1225 5360 1423 5415 diserte
1468 5363 1611 5416 dicat
1640 5361 1931 5417 Ecclesium
1988 5363 2098 5416 Ma-

528 5465 686 5517 guunt
716 5462 823 5499 non
855 5448 1053 5501 habere
1079 5450 1461 5516 protopsalten,
1482 5452 1577 5506 sed
1598 5452 2092 5521 domesticum;uisi

527 5539 708 5591 dicere
733 5537 963 5591 velimus
984 5538 1224 5592 oﬂ'icium
1246 5556 1363 5595 esse
1389 5542 1550 5606 idem,
1572 5559 1765 5598 nomen
1792 5548 2093 5612 diversum,

532 5629 695 5694 inque
744 5627 989 5695 catalogo
1020 5625 1325 5682 oﬂiciorum
1359 5632 1603 5687 ecclesia:
1636 5650 1859 5690 vocasse
1917 5649 2097 5705 prolo-

530 5717 753 5778 psalten,
773 5731 931 5784 quem
965 5717 1186 5785 proprio
1216 5718 1434 5774 nomine
1470 5735 1661 5775 vocare
1689 5722 1963 5777 debuisset
1994 5724 2093 5775 do-

2194 3172 2430 3233 ptorem,
2455 3162 2805 3232 praepositum
2849 3171 2903 3217 et
2934 3162 3247 3232 praefectum
3303 3163 3600 3233 signiﬁcat,
3636 3165 3769 3220 sicut

2164 3306 2167 3309 λ
2194 3255 2321 3311 etin
2346 3254 2721 3311 {unctionibus
2754 3255 3123 3324 imperatoriis
3146 3255 3399 3313 invenire
3431 3267 3515 3315 est
3535 3246 3775 3312 domesti-

2196 3364 2313 3401 cum
2329 3349 2584 3414 Orientis,
2604 3346 2918 3413 Occidentis,
2940 3346 3394 3405 scholarumeo
3417 3353 3583 3405 etiam
3608 3351 3773 3403 dome-

2193 3441 2384 3493 sticum
2413 3439 2987 3502 mensw,domesticum
3008 3438 3280 3501 moenium,
3300 3440 3652 3494 domesticum
3673 3440 3777 3491 the-

2194 3538 2417 3582 matum.
2462 3529 2553 3583 Sic
2586 3536 2640 3582 et
2668 3528 2722 3581 in
2753 3527 3143 3583 ecclesiasticis
3172 3527 3469 3586 ordinibus
3510 3526 3775 3583 domestici

2191 3638 2299 3678 vox
2320 3631 2632 3690 usurpatur.
2650 3621 2763 3675 Εἶτ’
2782 3620 2882 3673 οὖν
2905 3622 3145 3693 ἀρχῳξδς
3170 3622 3261 3674 καὶ
3282 3626 3593 3695 ἐπιστάτης
3619 3624 3781 3693 μελῳ-

2196 3715 2326 3769 διῶν
2377 3713 2620 3768 καὶτῶν
2671 3712 2949 3783 μελῳδῶν,
2979 3707 3069 3765 οἷα
3116 3714 3196 3775 εἰς
3242 3713 3457 3784 ῥυθμὸν
3505 3714 3602 3766 καὶ
3634 3713 3779 3778 τάξιν

2197 3805 2473 3858 καθιστῶν
2503 3804 2700 3868 αὐτούς
2724 3822 2781 3857 τε
2805 3806 2898 3857 καὶ
2929 3806 2995 3857 τὰ
3021 3804 3419 3874 μελῳδήματα.
3453 3803 3779 3859 Domesticus

2196 3900 2361 3969 igitur
2392 3898 2709 3966 musicorum
2742 3913 2830 3950 seu
2855 3906 3133 3950 cantorum
3178 3896 3315 3948 nihil
3343 3898 3499 3951 aliud
3530 3908 3606 3951 est
3631 3912 3782 3966 quam

2195 3991 2500 4060 prmfectus,
2523 3990 2614 4059 qui
2641 4006 2817 4043 onmes
2848 3989 2980 4057 regit
3008 4005 3068 4041 ac
3098 3989 3305 4057 dirigit,
3360 3991 3612 4061 ipsosque
3631 3986 3783 4041 simul

2194 4101 2258 4137 ac
2297 4085 2566 4136 cautiones
2594 4092 2809 4135 cunctas
2837 4080 3075 4148 disponit
3111 4094 3176 4133 ac
3206 4081 3259 4133 in
3291 4084 3546 4138 ordinem
3575 4080 3783 4149 redigit.

2201 4174 2295 4228 Est
2327 4183 2506 4227 autem
2542 4189 2743 4227 munus
2794 4172 3079 4227 domestici
3112 4182 3407 4227 cantorum
3473 4189 3572 4229 seu
3612 4182 3791 4243 proto-

2200 4265 2387 4334 psaltze
2405 4266 2456 4318 in
2481 4264 2681 4333 vigiliis
2703 4263 3085 4318 communibus
3103 4264 3250 4318 'clara
3266 4280 3409 4320 voce
3428 4268 3788 4336 pronuntiare

2201 4357 2356 4418 illud,
2396 4340 2733 4424 Εῡλόγῇσον,
2763 4356 3017 4421 δέσποτα,
3047 4357 3192 4424 quod
3225 4371 3325 4411 nos
3355 4358 3605 4414 dicimus
3635 4357 3789 4419 Jube,

1371 4445 1505 4503 Vide
1559 4459 1863 4518 postremas
1932 4459 2087 4504 notas
2121 4446 2165 4499 D
2194 4450 2423 4511 domine,
2460 4448 2774 4503 benedicere.
2805 4444 2887 4501 Ex
2943 4449 3211 4502 sententia
3262 4448 3438 4519 igitur
3486 4448 3645 4505 Citrii
3701 4450 3794 4503 do-

2207 4539 2467 4593 mesticus
2500 4539 2575 4592 nil
2615 4539 2761 4593 aliud
2791 4549 2875 4593 est
2898 4550 3063 4607 quam
3106 4552 3327 4605 prwses,
3367 4542 3635 4606 antistes,
3665 4554 3798 4609 prte-

2204 4631 2392 4699 fectus,
2426 4646 2537 4685 uno
2565 4632 2732 4685 verbo
2757 4632 2966 4700 primus
2997 4630 3052 4685 in
3090 4646 3190 4685 suo
3221 4645 3450 4700 genere.
3511 4631 3628 4686 Nec
3660 4630 3798 4684 male

2202 4723 2408 4777 Citrius
2448 4723 2731 4777 notionem
2782 4722 2949 4790 hujus
3001 4721 3253 4775 vocabuli
3287 4724 3601 4790 expressit,
3643 4728 3800 4791 prout

2205 4820 2552 4880 usurpatura
2578 4808 2786 4866 Graecis
2816 4810 3361 4873 recentioribus,etsi
3388 4810 3544 4865 haud
3580 4812 3700 4865 scio
3731 4825 3796 4861 au

2203 4918 2305 4956 vox
2327 4901 2597 4956 domestici
2626 4901 2677 4954 in
2719 4902 2821 4954 hac
2851 4901 3071 4955 notione
3102 4900 3302 4954 usitata
3324 4900 3404 4955 sit
3429 4899 3678 4964 Latinis,
3703 4912 3796 4953 seu

2201 4994 2359 5048 novis
2384 5008 2482 5046 seu
2525 4994 2788 5060 antiquis.
2832 4991 2889 5044 in
2919 4992 3045 5059 jure
3096 4989 3344 5060 proiecto
3409 4992 3523 5045 alia
3578 4993 3806 5045 notiOue

2202 5095 2518 5152 usurpatur,
2554 5092 2612 5136 ut
2641 5091 2693 5135 et
2722 5065 3075 5135 in‘communi
3098 5080 3447 5155 loquentium
3497 5089 3804 5135 consuetu-

2199 5177 2346 5229 dine.
2384 5174 2543 5245 155
2587 5172 2668 5229 Ab
2700 5176 2799 5227 hac
2837 5187 2970 5228 voce
3022 5172 3329 5226 formarunt
3384 5171 3575 5225 Latini
3625 5173 3807 5223 dome-

2200 5274 2476 5334 sticatum,
2513 5270 2657 5335 quod
2684 5272 2736 5322 in
2757 5269 2880 5335 jure
2904 5276 3099 5321 exstat.
3126 5266 3191 5319 Et
3218 5265 3364 5335 apud
3398 5265 3801 5319 Balsamonvm

2201 5365 2255 5417 in
2288 5378 2496 5415 canone
2526 5360 2977 5428 l7apost010rum
3004 5356 3373 5427 δομεστικάτα
3406 5357 3605 5425 ofﬁcia
3634 5358 3812 5408 dome-

2200 5456 2469 5517 sticorum,
2509 5462 2563 5505 et
2602 5452 2741 5519 apud
2787 5449 3052 5504 Codinum
3079 5465 3129 5503 c.
3159 5444 3190 5500 7
3211 5448 3257 5499 οί
3284 5447 3383 5499 τοῦ
3415 5447 3810 5519 δομεστικείου

2197 5547 2525 5614 δομέστικοι,
2555 5554 2608 5598 ct
2634 5560 2680 5597 c.
2708 5543 2741 5597 5
2771 5541 3133 5610 δομεστίκιον.
3178 5539 3392 5593 GnETs.

2271 5635 2329 5688 P.
2353 5636 2404 5689 6.
2447 5634 2813 5689 Domesticum
2848 5632 3094 5687 dicemus
3114 5633 3419 5700 aliquando
3444 5636 3806 5704 prmpositum

2202 5725 2525 5795 signiﬁcare.
2553 5724 2764 5795 Deistis
2783 5724 2997 5779 duobus
3038 5725 3321 5793 utriusque
3358 5725 3523 5779 chori
3570 5724 3808 5781 ducibus
