4064 6430
212 363 307 424 ιω

1295 346 1682 412 GRETSERI
1716 345 1813 406 ET
1852 341 2090 404 GOARI
2124 340 2372 402 NOT/E.

3368 339 3477 403 170.

208 471 470 526 Allatiana
507 484 522 522 :
558 468 619 521 Οἱ
657 465 753 520 δύο
794 464 1110 534 δομέστικοι
1150 463 1399 517 ἵστανται
1444 461 1501 513 ἐν
1535 460 1649 520 τοῖς
1683 456 1778 509 δύο
1807 457 1853 513 Α
1882 462 2007 507 scut
2058 450 2476 525 πριμμικήριον
2531 449 2637 502 τῶν
2698 449 3119 521 πατριαρχικῶν
3177 454 3468 521 νυταρέων.

204 566 377 636 χοροῖς
394 561 534 631 μετὰ
555 560 653 613 τοῦ
677 557 1097 628 πρωτοψάλτου.
1118 555 1210 607 καὶ
1238 554 1531 623 ψάλλοντες
1553 547 1783 619 φοροῦσι

206 656 553 723 σφικτούρια,
612 652 690 714 ὡς
732 650 1152 720 πρωτοψάλτης.
1209 646 1532 701 Domesticis
1587 644 1784 712 adjun-

207 756 339 817 gunl
378 746 474 799 δύο
506 744 949 813 πριμμικηρίους
996 741 1315 807 ἱστα;.ἐνους
1362 739 1504 807 μετὰ
1557 737 1669 788 τῶν
1698 738 1784 787 δο-

212 837 482 908 μεστικων
518 853 535 868 ο
559 835 857 905 ψάλλοντες
887 835 979 887 καί
1001 834 1170 886 αὐτοί.
1202 830 1359 887 Gesn
1389 829 1409 902 ]

283 928 429 982 Ibid.
467 926 732 996 Sequitur
783 924 1185 988 λαοσυνάκτης.
1241 923 1307 976 ad
1346 922 1571 975 verbum
1604 919 1784 988 populi

211 1029 529 1075 convocatur
568 1026 618 1071 et
662 1027 1027 1089 congregator,
1076 1014 1239 1069 Jnnio
1290 1014 1456 1077 cocio,
1495 1013 1589 1067 sed
1630 1012 1785 1066 nihili

217 1117 375 1168 cocio.
430 1113 687 1182 Ejusdem
732 1111 983 1166 meminit
1031 1108 1260 1175 Citrius,
1317 1110 1510 1164 eodem
1563 1106 1786 1162 nomine

220 1208 485 1274 interpres
502 1204 702 1268 reddit,
728 1203 909 1271 papuli
937 1211 1185 1266 coactor;
1211 1210 1489 1255 corrector
1518 1199 1784 1262 correxit,

216 1300 461 1352 collector
498 1298 614 1352 sive
658 1306 1022 1366 congregator.
1065 1295 1237 1365 Cujus
1281 1295 1524 1348 ollicium
1566 1292 1786 1363 publico

217 1392 366 1459 signa
396 1389 656 1459 populum
692 1390 755 1443 ad
786 1404 899 1442 rem
930 1388 1164 1441 divinam
1205 1403 1539 1443 convocare.
1570 1385 1781 1441 Gnsrs.

285 1482 458 1554 {Duos
484 1482 731 1536 scribunt
753 1478 1116 1545 Allatiana,et
1134 1482 1513 1545 λαησυνάπτας
1540 1490 1735 1534 rorant
1769 1496 1782 1531 :

215 1576 261 1625 oi
283 1575 378 1627 δύο
414 1573 784 1625 λαοσυνάπται
811 1575 1031 1638 (-κται
1072 1575 1148 1646 Μ)
1199 1576 1496 1644 συνάγουσι
1524 1577 1648 1638 τοὺς
1671 1575 1784 1627 Bia.-

216 1669 425 1730 κόνους,
455 1666 549 1719 καὶ
571 1666 1000 1737 ἀναγορεύουσιν
1020 1669 1106 1722 ἵνα
1135 1668 1210 1739 μὴ
1232 1667 1395 1740 λείπῃ
1418 1669 1626 1733 κανεὶς.
1653 1670 1789 1722 Συν-

219 1760 409 1826 circus:
438 1760 495 1811 δὲ
522 1760 646 1821 τοῦς
672 1759 937 1829 ἄρχοντας
963 1765 1055 1816 καὶ
1077 1761 1169 1813 τὸν
1204 1761 1332 1814 λαὸν
1362 1763 1439 1825 εἰς
1459 1761 1561 1832 τὴν
1586 1764 1787 1834 ἐκκληι-

220 1855 359 1905 σίαν.
382 1851 584 1923 Ceam]

288 1943 344 1996 In
372 1942 584 2014 Typico
606 1944 663 1999 S.
690 1947 844 2001 Salue
868 1944 1077 2001 videtur
1098 1946 1326 2015 appellat
1343 1946 1357 2001 i
1377 1948 1786 2019 κανδηλάπτης,

220 2052 251 2087 a
274 2036 509 2089 candelis
532 2038 917 2092 accendendis:
954 2038 1117 2106 hujus
1143 2038 1286 2092 enim
1322 2040 1484 2094 etiam
1505 2051 1590 2095 est
1623 2044 1787 2111 κρού-

220 2144 298 2178 ειν
323 2128 423 2190 τὰς
460 2128 663 2198 βαρέας
689 2130 782 2182 καὶ
812 2131 875 2181 τὸ
902 2129 1177 2200 σιδηροῦν,
1206 2146 1327 2200 quae
1353 2133 1462 2187 illis
1493 2134 1615 2188 loro
1645 2151 1791 2188 cant-

222 2235 478 2284 panarum
539 2230 714 2285 erant,
751 2224 841 2273 καὶ
871 2224 1162 2299 σημαίνειν
1183 2224 1243 2276 τὸ
1272 2224 1418 2293 μέγα
1447 2226 1790 2296 σήμαντρον.

225 2307 373 2359 \‘aria
404 2309 552 2361 enim
577 2309 732 2377 signa
770 2309 992 2375 dabant,
1045 2320 1189 2365 utet
1219 2313 1362 2383 apud
1405 2330 1505 2370 nos
1550 2316 1665 2370 iicri
1702 2332 1790 2372 as-

220 2401 367 2453 solet.
406 2398 543 2455 Vide
577 2400 949 2458 Balsamonem
1003 2406 1055 2457 in
1094 2405 1477 2478 dissertatione
1517 2422 1620 2463 cur
1670 2425 1792 2465 rno-

224 2491 374 2544 narhi
399 2494 581 2547 tribus
616 2492 784 2562 signis
821 2510 956 2552 suos
982 2497 1049 2550 ad
1079 2514 1240 2553 sacra
1271 2508 1599 2564 convocem,
1664 2518 1787 2556 cum

225 2583 311 2635 alii
367 2599 475 2637 uno
519 2586 678 2656 signo
707 2590 944 2642 contenti
986 2590 1119 2645 sint.

292 2676 431 2730 Ibid.
466 2676 708 2742 Quartus
737 2680 790 2734 in
821 2681 925 2736 hac
953 2684 1180 2751 pentaile
1205 2691 1291 2738 est
1318 2687 1345 2737 ὁ
1370 2688 1786 2758 πριμμικήριος

228 2770 326 2822 τῶν
345 2772 738 2841 ταὸουλαριων.
762 2773 956 2829 Junius
979 2777 1369 2845 interpretatur
1387 2783 1675 2836 notarium.
1696 2784 1787 2837 Sic

236 2863 361 2916 enim
398 2864 557 2919 initio
590 2866 858 2922 nominari
894 2870 1108 2923 videtur
1137 2872 1206 2924 ab
1239 2871 1360 2941 ipso
1404 2870 1618 2928 Codino
1668 2891 1720 2943 p.
1756 2878 1780 2931 l

233 2955 307 3006 cd.
337 2953 498 3012 Jun.:
526 2972 652 3011 cum
688 2959 830 3013 enim
854 2962 1127 3015 notarium
1168 2966 1439 3030 nominet,
1489 2981 1553 3020 ac
1596 2978 1783 3035 postea

225 3046 417 3115 singula
472 3048 657 3104 olticia
714 3052 765 3103 in
822 3054 1083 3121 pentadas
1139 3054 1397 3125 digerens
1444 3058 1511 3112 de
1569 3059 1785 3114 notario

224 3154 437 3205 prorsus
460 3139 645 3202 sileat,
693 3140 948 3198 credibile
975 3156 1058 3200 est
1085 3144 1355 3201 Codinum
1406 3149 1627 3205 nomine
1676 3152 1787 3221 pri-
1814 3183 1856 3241 ο

220 3232 821 3288 miceriitabulariorum
882 3236 1219 3301 intellexisse
1273 3243 1566 3299 notarium.
1626 3243 1783 3309 Quod

218 3322 565 3377 fortererum
616 3335 719 3390 est,
755 3329 847 3381 sed
892 3331 1081 3385 nescio
1133 3335 1410 3402 quomodo
1465 3350 1590 3390 cum
1636 3335 1785 3392 Junii

218 3417 480 3469 sententia
499 3419 811 3482 conveniat,
841 3422 932 3488 qui
963 3424 1325 3489 primicerium
1384 3427 1435 3479 iu
1479 3430 1675 3495 quovis
1704 3430 1788 3482 ol-

219 3506 505 3565 licioillum
539 3509 648 3564 dici
690 3521 836 3581 putet
863 3515 953 3581 qui
992 3516 1198 3582 primus
1231 3518 1514 3586 inscriptus
1550 3526 1621 3573 sit
1667 3524 1785 3576 albo

215 3599 313 3649 sise
353 3600 556 3652 ordinis
579 3602 669 3654 sui
706 3604 969 3674 catalogo,
1003 3619 1051 3661 et
1092 3609 1297 3676 primas
1356 3592 1411 3665 in
1450 3630 1547 3667 suo
1602 3616 1787 3671 ordine

214 3690 463 3757 obtineat,
496 3694 674 3760 prima
704 3710 850 3759 cera,
883 3698 936 3750 id
964 3710 1040 3752 est
1068 3706 1299 3765 summa,
1321 3705 1636 3773 inscriptus.
1673 3708 1785 3764 lloc

212 3781 251 3833 si
281 3797 473 3835 verum
505 3795 612 3849 est,
648 3787 785 3840 idem
822 3804 950 3858 ergo
979 3799 1081 3845 erit
1110 3795 1459 3861 primicerius
1483 3799 1783 3854 tabulario-

213 3887 323 3922 rum
357 3886 484 3924 cum
526 3878 932 3941 protonatario,’
961 3881 1078 3947 qui,
1110 3892 1166 3935 ut
1193 3882 1390 3941 Junius
1424 3888 1784 3957 dicit,primi-

210 3963 373 4015 cerius
403 3964 615 4031 primus
650 3966 807 4021 estin
849 3984 968 4024 cera
992 3988 1088 4026 seu
1126 3973 1269 4037 albo,
1313 3985 1364 4029 et
1386 3978 1636 4034 tabularii
1657 3991 1787 4034 sunt

210 4057 428 4118 notarii,
456 4057 710 4127 idemque
748 4062 909 4129 igitur
955 4068 1368 4131 protonotarius
1427 4085 1523 4123 seu
1578 4071 1785 4140 primus

211 4149 458 4201 notarius
483 4157 540 4202 et
563 4152 892 4216 primicerius
921 4154 1331 4215 tabulariorum.
1371 4160 1483 4229 Ego
1508 4163 1636 4218 nodi
1687 4165 1809 4219 hur

202 4237 284 4303 jus
330 4240 664 4295 solutionem
719 4258 827 4297 non
875 4247 1055 4312 video,
1106 4251 1215 4305 nisi
1262 4253 1388 4320 quis
1431 4255 1616 4312 dicere
1657 4259 1786 4313 velit

210 4330 364 4383 istum
391 4331 496 4386 dici
512 4333 867 4401 primicerium
886 4339 1270 4395 tabulariorum
1291 4356 1541 4414 respectu
1563 4348 1782 4405 illorum

208 4425 548 4477 notariorum
576 4425 874 4493 quosinlra
910 4444 969 4483 se
1000 4431 1185 4497 habet,
1215 4450 1322 4489 non
1357 4449 1611 4507 respectu
1666 4457 1784 4496 οιιι-

1889 542 2146 599 Notarius
2170 557 2297 597 vero
2317 551 2370 595 et
2397 540 2699 595 tahularius
2723 556 2887 596 sensu
2909 542 3248 599 coincidunt.
3274 544 3472 617 Cornu]

1961 638 2132 691 Porro
2163 636 2230 690 de
2273 648 2402 688 voce
2433 634 2750 703 primicerii,
2781 636 3166 704 secundicerii,
3214 640 3473 695 tettiace~

1890 727 1980 793 rii,
2017 727 2348 796 quartocerii
2384 726 2502 779 vide
2534 724 2819 793 Cujarium
2855 726 2922 780 ad
2982 727 3065 781 tit.
3095 743 3190 789 vn,
3244 729 3340 783 lib.
3394 747 3473 786 xu

1889 820 2014 873 cod.
2050 818 2394 881 Justinianei,
2428 828 2481 872 et
2516 818 2858 885 Onuphrium
2905 818 2958 873 in
2990 820 3244 889 explicat.
3278 836 3472 875 vocum

1889 912 2247 965 obscurarum
2277 910 2801 973 ecclesiasticarum,
2860 920 2914 965 et
2975 911 3195 965 Petrum
3265 913 3473 984 Grego-

1891 1003 2032 1055 rium
2076 1002 2359 1072 Syntagm.
2414 1002 2499 1067 15,
2541 1003 2630 1065 22,
2704 1004 2793 1073 qni
2824 1005 2898 1058 ait
2968 1006 3471 1074 pronuntiationem

1889 1092 2130 1146 nominis
2154 1093 2443 1161 primicerii
2468 1094 2686 1159 exigere
2719 1094 3077 1162 udjettionem
3114 1114 3176 1150 ex
3210 1098 3475 1151 relatione
3517 1117 3522 1126 ·

1888 1183 2143 1253 alicujus,
2174 1185 2256 1238 vel
2281 1195 2429 1238 certe
2454 1185 2728 1253 postulare
2755 1196 2809 1238 ut
2842 1186 3398 1256 subintelligatur.Qu
3438 1193 3475 1243 ιι

1889 1278 1933 1331 si
1960 1293 2148 1331 verum
2177 1287 2279 1343 est,
2315 1286 2428 1330 tum
2466 1293 2687 1331 necesse
2708 1278 2812 1330 erit
2846 1285 2904 1331 ut
2933 1294 3054 1333 cum
3088 1282 3230 1333 inter
3283 1282 3476 1349 palati-

1895 1385 1992 1424 nas
2019 1371 2313 1441 dignitates
2366 1372 2394 1423 ὁ
2450 1371 2626 1440 μέγας
2689 1372 3101 1443 πριμμικήριος
3133 1376 3474 1439 nominatur,

1891 1465 2128 1535 dignitas
2156 1463 2359 1532 aliqua
2396 1465 2858 1535 subintellipatur,
2909 1467 3035 1536 quia
3130 1468 3475 1539 primicerius

1891 1572 2091 1611 nomen
2126 1559 2228 1611 hoc
2265 1558 2427 1611 habet
2453 1569 2699 1628 respectu
2733 1560 2964 1630 alicujus
3020 1559 3322 1619 [unctionis
3379 1579 3477 1618 seu

1892 1649 2202 1704 ministerii.
2242 1650 2378 1705 llinc
2413 1652 2742 1718 primicerius
2791 1652 3066 1719 lectorum,
3146 1656 3477 1724 primicerius

1892 1742 2058 1803 aulas.
2089 1744 2421 1810 primicerius
2451 1754 2829 1811 protectorum,
2856 1747 3187 1815 primicerius
3220 1748 3477 1803 domesti-

1843 1818 1860 1867 δ
1892 1852 2095 1889 eorum.
2135 1837 2322 1891 Exstat
2358 1838 2411 1891 in
2444 1838 2812 1893 Decretalibns
2841 1841 3034 1896 titulus
3058 1842 3123 1897 de
3149 1845 3474 1911 primicerio,

1894 1929 1984 1982 ubi
2000 1928 2135 1981 nihil
2158 1930 2400 1997 adjicitu:
2421 1948 2435 1995 ;
2459 1946 2636 2000 neque
2656 1933 2818 1986 etiam
2839 1936 2973 1987 satis
2992 1945 3215 2003 apparet
3232 1936 3362 2005 quid
3381 1947 3479 1991 aut

1891 2016 2258 2086 adjiciendum
2296 2030 2393 2074 aut
2437 2022 2879 2077 subaudiendum
2912 2027 3008 2088 sit,
3042 2027 3144 2081 nisi
3182 2029 3304 2097 quis
3329 2027 3479 2083 dicat

1892 2109 2222 2180 subintelligi
2255 2128 2443 2167 vocem
2478 2124 2773 2170 cantorum.
2815 2115 2889 2170 De
2936 2134 3048 2188 quo
3098 2121 3221 2176 vide
3255 2120 3474 2177 Petrum

1892 2201 2215 2274 Gregorium
2259 2207 2295 2260 Ι.
2321 2222 2368 2259 c.
2399 2206 2535 2261 llinc
2568 2208 2957 2275 primiceriatus
2987 2210 3226 2282 dignitas
3281 2227 3333 2269 et
3361 2214 3477 2268 olli-

1891 2296 2037 2351 cinm
2069 2297 2386 2366 primicerii.

1963 2392 2118 2456 Quod
2164 2393 2228 2446 ad
2261 2394 2435 2463 ipsum
2467 2394 2789 2450 vocabulum
2819 2396 3033 2461 attinet,
3060 2412 3167 2454 non
3199 2399 3477 2472 improba-

1892 2481 2074 2536 hiliter
2121 2483 2419 2538 arbitratur
2439 2484 2698 2554 Cujacius
2727 2486 2858 2540 illud
2893 2490 3060 2543 cerius
3092 2504 3215 2546 esse
3265 2503 3474 2547 tantmn

1893 2575 2305 2644 productionem
2365 2577 2534 2642 verbi,
2571 2578 2691 2633 sine
2729 2578 2833 2632 ulla
2861 2597 3013 2635 nova:
3052 2583 3476 2653 signiﬁcationis

1892 2668 2190 2734 additiune;
2230 2677 2288 2722 ut
2319 2669 2546 2739 proinde
2569 2671 2901 2739 primicerius
2933 2674 3077 2728 idem
3108 2678 3180 2730 sit
3211 2680 3305 2746 qui
3361 2683 3475 2749 pri-

1892 2779 2031 2828 mus,
2061 2765 2449 2819 secuudicerius
2477 2766 2616 2821 idem
2649 2768 2741 2837 qui
2768 2771 3063 2835 secundus,
3090 2772 3230 2828 sicut
3254 2784 3308 2829 et
3328 2777 3467 2845 apud

1892 2856 2221 2910 recentiores
2285 2856 2506 2912 Graecos
2566 2860 2926 2923 παιδόπουλος
2983 2862 3124 2916 idem
3181 2874 3264 2920 est
3325 2869 3467 2935 quod

1890 2944 2039 3007 παῖς,
2062 2944 2477 3013 Φραγκόπουλος
2501 2946 2644 3000 idem
2677 2949 2821 3016 quod
2855 2948 3132 3017 Francus;
3159 2955 3228 3007 ita
3259 2965 3315 3009 ut
3339 2957 3471 3010 illud

1891 3036 2087 3094 πουλος
2120 3038 2479 3108 sitparagoge
2523 3044 2728 3110 absque
2773 3042 2878 3097 ulla
2933 3060 3071 3098 nova
3117 3049 3474 3117 signiﬁcation

1892 3143 1978 3183 ne.
2014 3130 2118 3183 Alii
2152 3142 2329 3186 tamen
2366 3148 2560 3186 nomen
2597 3135 2700 3189 hoc
2732 3150 2761 3189 a
2808 3138 2980 3205 primo
3007 3146 3060 3190 et
3083 3154 3203 3192 cera
3251 3138 3471 3195 deriva-

1893 3232 2002 3276 tum
2033 3224 2509 3295 compositumque
2538 3226 2743 3294 volunt,
2774 3229 2975 3300 quibus
3001 3233 3094 3302 qui
3148 3233 3311 3303 volet,
3372 3251 3471 3307 per

1891 3331 1976 3369 me
2002 3316 2310 3373 subscribat
2339 3318 2489 3374 licet.
3080 3384 3090 3396 ,

1962 3410 2022 3464 Ρ.
2042 3410 2094 3464 ϐ.
2127 3409 2361 3466 Ultimus
2391 3412 2448 3466 in
2473 3416 2573 3468 hoc
2593 3415 2848 3483 quinario
2867 3427 2949 3472 est
2976 3419 3002 3471 ὁ
3025 3418 3210 3491 ἄρχων
3227 3423 3338 3476 τῶν
3354 3440 3475 3477 κον-

1887 3503 2110 3563 τακίων.
2130 3502 2420 3574 Prwfectus
2444 3508 2691 3574 canticis,
2712 3512 2788 3563 ait
2810 3509 3029 3568 Junius.
3047 3514 3158 3569 lmo
3183 3520 3435 3573 contaciis
3454 3535 3474 3574 :

1892 3610 2015 3649 nam
2051 3598 2328 3652 canticum
2360 3600 2615 3667 generale
2644 3617 2840 3656 nomen
2875 3613 2963 3659 est
2992 3607 3059 3660 ad
3110 3609 3294 3663 omnia
3351 3626 3474 3679 qua:

1890 3689 2010 3740 cani
2042 3699 2130 3743 aut
2159 3689 2338 3743 solent
2363 3698 2462 3744 aut
2490 3703 2738 3759 possunt,
2771 3701 2825 3747 at
2884 3698 3196 3753 contacium
3257 3704 3472 3758 eertum

1889 3780 2162 3848 quoddam
2192 3797 2363 3850 genus
2390 3783 2548 3838 estin
2573 3784 2889 3842 Graecorum
2952 3788 3243 3847 ritualibus
3292 3793 3469 3858 libris.

1889 3871 2032 3925 sicut
2078 3880 2132 3927 et
2178 3877 2496 3943 troparium,
2524 3876 2739 3946 εἱρμός,
2765 3894 2958 3945 canon,
2977 3882 3246 3955 κάθισμα,
3272 3888 3474 3955 προσό-

1891 3981 2069 4031 μοιον,
2094 3968 2394 4037 τριαδικὸν,
2417 3968 2712 4035 θεοτόκιον,
2734 3974 3141 4045 σταυρώσιμον,
3164 3980 3436 4034 ἀναστάσι
3452 4011 3469 4021 -

1892 4069 2084 4125 μον,ει.
2115 4058 2258 4127 apud
2287 4074 2389 4114 nos
2411 4076 2611 4125 uersus,
2632 4066 2897 4129 versiculi,
2928 4068 3209 4135 graduale,
3240 4081 3466 4135 tractus,

1887 4150 2176 4219 sequentia,
2195 4154 2527 4218 responsoria
2545 4166 2596 4208 et
2620 4157 2779 4224 hujus
2800 4160 3017 4227 generis
3041 4160 3168 4223 alia,
3189 4178 3310 4231 qua:
3335 4165 3440 4218 alie
3466 4198 3472 4205 -

1889 4254 1956 4293 na
1980 4239 2162 4309 lingua
2193 4251 2287 4293 aut
2305 4257 2532 4309 prorsus
2547 4246 2776 4313 exprimi
2804 4256 2896 4302 aut
2923 4252 3208 4307 commode
3234 4256 3468 4324 exprimi

1888 4348 1996 4385 non
2031 4346 2279 4401 possunt.
2310 4332 2475 4389 Miror
2504 4347 2687 4391 autem
2754 4341 2882 4409 quid
2918 4348 3323 4403 correctoribus
3370 4348 3471 4403 Bo-

1891 4425 2072 4478 nctidii
2131 4425 2185 4479 in
2217 4433 2455 4480 mentem
2512 4429 2754 4492 venerit,
2804 4440 2862 4486 ut
2910 4448 3071 4504 quem
3123 4437 3211 4491 ille
3252 4453 3471 4495 vocaret

208 4516 374 4581 nium,
407 4531 521 4586 quo
543 4528 700 4586 pacto
729 4520 757 4572 ὁ
786 4520 1120 4590 δευτερεύων
1150 4526 1258 4579 τῶν
1287 4529 1558 4585 διακόνων
1594 4536 1776 4589 vocari

1888 4516 2191 4585 pra-fectum
2237 4520 2622 4585 contaciorum,
2653 4521 2754 4592 ipsi
2800 4526 3293 4595 interpretarentur
3315 4549 3471 4600 prir—

209 4623 385 4677 posset
422 4614 753 4680 primicerius
786 4615 1154 4684 diacouorum,
1212 4636 1320 4675 non
1376 4624 1644 4691 absolute,
1679 4628 1772 4681 sed

206 4703 615 4772 connparatione
633 4704 740 4756 τῶν
773 4708 988 4775 κοινῶν,
1016 4720 1074 4764 ιιι
1107 4712 1312 4767 Citrius
1342 4721 1396 4768 et
1421 4715 1666 4774 Codinus
1692 4719 1773 4773 lo»

210 4808 475 4865 quuntur.

268 4891 485 4944 Addam
519 4899 575 4944 et
605 4891 889 4958 hoc.Quid
921 4892 966 4949 si
1008 4909 1105 4963 per
1147 4911 1334 4951 vocem
1398 4900 1797 4973 ταόουλαρίωνν

207 4977 287 5033 hic
314 4997 425 5034 non
450 4982 1124 5050 intelligunturtabularii,
1148 5002 1244 5042 seu
1265 4991 1484 5048 notarii.
1507 4992 1601 5046 sed
1626 4993 1778 5046 tabu-

202 5072 333 5125 lan‘a
356 5087 457 5126 seu
478 5074 710 5140 archiva,
730 5086 786 5129 et
816 5077 887 5130 ita
923 5088 979 5132 ut
1002 5081 1356 5148 primicerius
1379 5085 1775 5139 tabulariorum

205 5166 287 5221 ille
316 5169 537 5223 dicatur
567 5171 659 5239 qui
692 5182 888 5239 praeest
912 5174 1178 5229 tabulario
1204 5192 1297 5232 seu
1331 5180 1565 5247 are/tiro,
1591 5182 1775 5239 socius

190 5258 250 5328 _in
293 5260 402 5314 hoc
447 5260 621 5314 ofﬁcio
662 5273 714 5316 et
748 5264 1070 5321 administer
1114 5268 1600 5341 chartophylacis?
1641 5272 1772 5327 Nam

204 5349 682 5421 thartophylacium
703 5352 915 5409 Latinis
945 5365 1028 5410 est
1059 5357 1406 5426 tabularium,
1435 5372 1488 5415 et
1514 5378 1543 5416 a
1580 5363 1773 5418 Latino

140 5478 147 5492 .
206 5460 296 5497 usu
327 5450 491 5501 etiam
523 5449 747 5505 Gratcis.
779 5452 932 5506 Sicut
952 5444 1095 5508 enim
1121 5472 1347 5527 magnus
1380 5462 1696 5517 sacellarius
1722 5474 1775 5519 ct

206 5537 227 5587 ὁ
245 5536 337 5589 τοῦ
361 5535 648 5594 oculum
675 5559 801 5596 suos
821 5544 1126 5600 habuerunt
1142 5548 1438 5617 adjutores,
1458 5552 1613 5623 155
1630 5555 1701 5608 ita
1723 5567 1776 5611 et

207 5631 582 5702 rhartophylax
622 5636 835 5689 videtur
881 5637 1135 5694 habuisse
1181 5643 1526 5711 pimicerium
1565 5648 1773 5706 tabula-

209 5718 429 5772 riorum.
468 5722 664 5778 Gusrs.

270 5811 354 5885 [Ρ.
374 5814 431 5868 G.
451 5813 604 5883 Regia
629 5821 883 5889 superius
908 5824 1170 5890 producta
1199 5822 1342 5881 inter
1365 5828 1549 5885 oll'icia
1581 5847 1770 5889 recenc

493 5917 756 5975 ΡΑιίιυι..
811 5920 927 5979 Gn.
964 5919 1199 5979 CLVII.

1886 4608 2077 4674 fectum
2109 4611 2481 4680 pugillarium.
2549 4612 2662 4684 Ego
2689 4615 2816 4684 quid
2859 4618 2961 4671 sibi
3025 4620 3315 4690 pugillares
3368 4640 3466 4678 seu

1884 4700 2176 4769 pugillaria
2242 4704 2358 4758 haec
2392 4705 2581 4771 velint,
2639 4724 2849 4762 mecum
2909 4721 3173 4781 exputare
3227 4730 3465 4784 nequeo.

1889 4790 1983 4845 Est
2008 4801 2189 4847 autem
2220 4796 2500 4865 prazfectus
2551 4800 2920 4853 contaciorum
2951 4803 3040 4857 ille
3066 4804 3152 4857 cui
3205 4820 3333 4860 cura
3386 4808 3469 4862 in-

1887 4883 2118 4936 choandi
2154 4887 2402 4940 contacia
2433 4890 2748 4945 commissa.
2777 4890 2877 4946 Sed
2911 4896 2975 4947 de
3020 4897 3286 4951 contaciis
3309 4898 3466 4967 plura

1888 4974 2245 5046 habessupra
2272 4994 2320 5031 ιε.
2355 4980 2407 5033 7.
2443 4978 2648 5037 Gnsrs.

1958 5063 2285 5136 [Κοντάκιον
2315 5069 2401 5124 hic
2441 5071 2568 5140 (alia
2592 5088 2827 5141 namque
2850 5084 3109 5141 pra-terea
3142 5077 3328 5150 refert)
3357 5098 3467 5137 mo-

1884 5157 2040 5211 dulus
2061 5169 2143 5214 est
2164 5162 2403 5228 brevior,
2422 5164 2531 5216 ἁπὸ
2555 5162 2645 5216 τοῦ
2674 5166 2886 5232 κοντοῦ,
2901 5183 2933 5220 α
2959 5169 3207 5224 brevitate
3229 5207 3245 5235 ,
3267 5188 3466 5228 nomen

1884 5251 2153 5318 sortitus;
2194 5256 2538 5324 maximeque
2571 5267 2907 5325 sanctorum,
2940 5274 3173 5330 quorum
3220 5280 3330 5319 non
3383 5275 3469 5321 est

1885 5343 2158 5410 officium,
2188 5347 2467 5402 memoriis
2495 5349 2717 5405 brevius
2747 5352 3011 5408 faciundis
3039 5357 3276 5410 deservit
3302 5374 3315 5411 :
3348 5357 3466 5412 bre-

1884 5435 2109 5489 viculum
2132 5437 2263 5491 alibi
2294 5440 2500 5493 vocavi.
2521 5439 2736 5511 Quique
2753 5445 2837 5498 his
2857 5447 3141 5501 cantandis
3173 5449 3466 5516 pra-ﬁcitur

1884 5537 1936 5581 et
1955 5528 2207 5593 intendit,
2226 5538 2308 5582 cst
2328 5534 2537 5585 auctori
2558 5534 2743 5605 ἄρχων
2766 5537 2874 5590 τῶν
2901 5555 2967 5591 κο
2980 5541 3227 5594 ιτακίων.
3263 5538 3465 5613 Cum]

2369 5648 2549 5720 156‘
2581 5650 2809 5707 CAPUT
2861 5653 2980 5709 xu.

1961 5738 2038 5792 De
2091 5750 2276 5795 octaua
2345 5743 2567 5812 peutade
2624 5747 2912 5813 o/ﬁriorum
2957 5760 3004 5801 et
3064 5747 3386 5817 oﬁicialium.

1953 5834 2013 5889 P.
2054 5834 2105 5890 6.
2134 5835 2185 5890 lu
2211 5846 2403 5893 octavo
2431 5838 2684 5908 quinario
2706 5840 2910 5908 primas
2948 5851 3091 5896 tenet
3129 5841 3464 5909 primicerius

3070 5940 3108 5997 li
