4064 6426
594 319 691 388 1⁷71

1692 319 1774 380 IN
1816 320 2114 380 LIBRUM
2143 320 2252 382 DE
2298 323 2634 384 OFFICIIS
2669 326 2774 384 Cl’.
3748 333 3834 398 172

587 437 870 497 lectorum,
939 431 1030 500 qui
1063 442 1116 488 et
1139 433 1278 503 apud
1305 433 1537 488 Citrium
1611 444 1913 503 comparet.
1977 434 2180 489 Gut-21's.
2216 446 2255 500 Α
2290 437 2556 491 meminit.
2611 437 2808 490 Junius
2836 437 2885 489 in
2907 438 3084 498 schol.
3119 435 3508 505 cauonarchus,
3539 444 3622 510 qui
3648 462 3836 501 cauom-

666 528 832 602 [lbid.
881 529 934 578 '0
957 526 1374 596 πριμμικήριος
1418 527 1539 580 τῶν
1572 527 1999 596 ἀναγνωστῶν,
2035 529 2178 582 Alla-

587 621 730 673 tiana
769 617 930 673 simul
960 623 1083 670 cum
1120 617 1293 671 Citrio
1318 627 1512 670 cuncta
1549 617 1737 672 officia
1768 619 1820 672 in
1861 618 2174 685 διακονικὰ,

587 709 836 779 ἱερατικὰ
871 709 982 762 καὶ·
1011 709 1120 761 τῶν
1159 711 1530 778 ἀνα-γνωστῶν
1571 711 1757 764 volunt
1808 727 1931 766 esse
1983 713 2172 769 divisa.

585 802 904 867 Quindecim
943 802 1115 869 prima
1143 803 1388 856 diaeonis
1419 804 1725 872 assignant,
1757 820 1961 873 eosque
1995 807 2058 857 ad
2089 821 2182 874 pa-

587 894 840 947 triarcha:
874 894 1017 947 latus
1056 895 1106 946 in
1144 895 1338 946 dextro
1383 895 1576 959 choro,
1617 895 1765 950 velut
1796 896 1915 964 ejus
1945 899 2176 962 curiam,

586 986 814 1039 locant:
850 986 1138 1054 sequentia
1196 988 1350 1056 plura
1393 1003 1557 1056 quam
1622 1000 1748 1057 apte
1804 993 2179 1048 sacerdotibus

584 1078 937 1140 conveniant,
967 1094 1152 1147 a‘quus
1183 1079 1350 1133 lector
1402 1095 1466 1134 ex
1495 1082 1673 1148 primo
1726 1083 1919 1137 obtutu
1945 1085 2175 1154 jndicat.

581 1167 939 1238 Protopsaltae
964 1172 1044 1223 vel
1075 1171 1240 1240 hujus
1277 1171 1563 1226 inferiores
1608 1190 1714 1226 non
1749 1175 1851 1229 nisi
1882 1177 2179 1234 lectoribus

579 1263 816 1316 conferri
845 1262 1074 1328 Citrins,
1104 1274 1326 1318 auctore
1357 1265 1458 1335 ipsi
1491 1267 1892 1336 consentiente,
1919 1271 2178 1325 determi-

582 1367 698 1412 nat.
732 1355 887 1411 (ἔθη
915 1355 935 1429 }

653 1449 735 1504 Ib.
769 1452 1030 1518 Sequitur
1058 1453 1086 1504 ὀ
1117 1455 1359 1520 νομικός,
1398 1455 1489 1524 qui
1527 1455 1671 1524 apud
1706 1454 1897 1511 Codin.
1933 1473 1985 1526 p.
2023 1457 2041 1511 Ι
2083 1459 2170 1512 ed.

579 1541 1222 1613 Jun.est6vopo&6n;q,
1265 1544 1429 1598 Junio
1484 1557 1793 1614 pra-reptor,
1851 1550 1944 1616 qui
2009 1559 2060 1603 et
2119 1551 2172 1603 in

577 1635 805 1688 scholiis
830 1634 1281 1703 ista:Pra.'ceptor
1321 1646 1398 1688 est
1429 1639 1750 1691 musimrum
1776 1641 1855 1692 vel
1924 1640 2170 1708 ψαλτῶν,

577 1726 1041 1794 gymnasiarch‘us,
1071 1730 1161 1797 qui
1188 1739 1370 1795 postea
1430 1740 1683 1798 corrupta
1747 1747 1867 1784 voce
1897 1735 2169 1802 μαῖα-τωρ,

2285 529 2381 582 bus
2404 529 2748 597 synodalibus
2783 538 2831 583 et
2858 531 2981 583 aliis
3013 530 3245 598 legendis
3273 529 3553 601 praifectus
3581 545 3675 601 est;
3696 539 3835 608 cujus

2283 621 2358 673 rei
2385 619 2696 686 exemplum
2736 619 2969 673 habetur
2993 636 3042 674 c.
3074 621 3106 673 6
3128 635 3183 675 et
3211 623 3294 674 15.
3337 621 3534 676 Verum
3580 625 3630 678 in
3668 628 3834 693 priore

2285 712 2404 766 loco
2439 727 2544 764 non
2572 713 2630 765 fit
2661 713 2867 766 mentio
2908 714 3430 780 protocanonarchm,
3470 716 3558 769 sed
3598 731 3835 771 canonar—

2282 803 2421 865 chze,
2480 805 2572 871 qui
2601 806 2709 856 duo
2734 805 2959 867 diversi,
3011 805 3153 858 sicut
3200 810 3604 874 protonotarius
3626 818 3674 860 et
3705 820 3833 862 nota-

2284 897 2416 949 rius.
2463 895 2635 949 \‘etha
2675 895 2966 964 Codini,p.
2997 896 3099 957 46,
3127 896 3238 948 haec
3264 907 3394 951 sunt
3420 915 3433 949 :
3463 897 3652 963 legitur
3683 914 3710 952 a
3756 916 3831 952 ca-

2283 987 2557 1040 nonarcha
2612 988 2764 1048 illud,
2796 989 3175 1057 Πολυχρὸνιον,
3197 990 3503 1042 diuturnum
3529 989 3684 1056 faciat
3718 992 3834 1044 Dein

2279 1093 2519 1133 mactant
2553 1083 2831 1150 imperium
2859 1092 3008 1134 tuum
3042 1084 3095 1136 iu
3121 1084 3316 1136 multos
3342 1097 3545 1135 annos:
3575 1085 3724 1150 idque.
3743 1093 3833 1136 ter-

2281 1174 2353 1226 tio
2382 1175 2554 1239 repeti
2588 1173 2743 1227 dicit.
2796 1175 2962 1227 Estne
2993 1175 3082 1227 hic
3111 1190 3294 1228 sermo
3314 1175 3381 1228 de
3441 1183 3833 1242 protocauonar-

2276 1262 2373 1314 clm
2412 1278 2480 1314 an
2514 1264 2580 1315 de
2605 1265 2938 1316 cauonarcha
2969 1266 2994 1318 ?
3024 1263 3304 1317 Dieiturne
3341 1263 3513 1330 ipsius
3544 1277 3657 1316 esse
3680 1261 3835 1327 legere

2277 1367 2399 1408 acta
2428 1357 2683 1424 synodica
2713 1367 2764 1410 et
2792 1357 2895 1410 alia
2928 1357 3092 1424 huius
3148 1355 3411 1423 generis?
3475 1353 3637 1408 Estne
3678 1354 3832 1406 fausta

2277 1450 2364 1503 illa
2385 1449 3022 1518 apprccatiodiuturnum
3047 1447 3212 1514 faciat
3239 1447 3514 1514 imperium
3542 1458 3700 1510 tuum,
3721 1456 3795 1498 etc
3819 1485 3832 1510 ,

2275 1557 2452 1596 canon
2478 1541 2782 1611 synodalis,
2832 1551 2889 1594 ut
2927 1537 3632 1608 Junius-loquitur?Multo
3677 1537 3831 1590 minus

2275 1634 2324 1686 id
2358 1633 2527 1686 altero
2569 1647 2598 1686 a
2637 1632 2802 1687 Junio
2839 1632 3006 1685 citato
3037 1633 3157 1686 loco
3196 1647 3248 1700 p.
3303 1630 3395 1691 8‘2,
3430 1629 3664 1698 reperire
3705 1629 3831 1691 licet,

2277 1726 2370 1779 ubi
2401 1726 2608 1780 nullum
2640 1727 2866 1781 verbum
2902 1741 3000 1780 nec
3027 1727 3093 1780 de
3121 1726 3468 1780 canonareha
3523 1737 3617 1777 nec
3645 1723 3705 1775 de
3728 1738 3831 1790 pro-

580 1818 635 1870 id
686 1829 763 1872 est
813 1796 1089 1887 magister.
1143 1821 1465 1889 appellatur,
1505 1837 1558 1891 p.
1593 1796 1675 1875 ’44
1708 1833 1760 1877 et
1797 1841 1848 1892 p.
1889 1796 1978 1880 (ῖο.
2034 1796 2170 1879 Nuin
2207 1796 2243 1849 Β
2280 1821 2712 1873 locanonarcha.
2771 1817 2876 1873 Sed
2921 1818 3120 1874 Junius
3167 1828 3428 1886 tauquam
3480 1832 3650 1870 carens
3685 1818 3732 1868 in
3763 1817 3832 1870 his

579 1912 696 1964 lucc
748 1927 873 1965 vera
921 1915 1052 1975 sint,
1089 1911 1217 1966 facit
1269 1921 1329 1966 ut
1378 1914 1620 1967 dubitem
1667 1913 1905 1969 Joannes
1944 1917 2169 1983 Citrius,

576 2003 718 2070 apud
752 2018 915 2072 quem
945 2015 1030 2058 est
1054 2005 1454 2074 νουμμοδῦτης,
1488 2007 1692 2058 nummi
1713 2006 1895 2069 dator,
1925 2017 1981 2062 ut
2011 2010 2174 2063 vertit

576 2093 873 2164 interpres.
904 2095 1066 2149 Forte
1097 2097 1143 2151 is
1203 2106 1288 2150 est
1321 2111 1482 2166 quem
1542 2113 1642 2152 nos
1698 2099 2170 2170 elecmosynarium

576 2189 847 2251 appellare
881 2189 1144 2254 solemus;
1173 2189 1276 2243 nisi
1302 2189 1426 2257 quis
1487 2189 1783 2244 arbitretur
1848 2187 1974 2245 eum
2028 2193 2171 2261 apud

574 2277 797 2333 Graecos
839 2295 1050 2334 morem
1085 2279 1324 2349 viguisse
1349 2280 1443 2349 qui
1505 2281 1645 2346 apud
1709 2297 1808 2336 nos
1865 2283 1918 2335 in
1983 2284 2171 2338 multis

576 2372 848 2435 ecclesiis,
889 2373 981 2424 ubi
1015 2373 1377 2438 prmsentibns
1400 2372 1614 2426 clericis
1657 2373 1860 2441 aliquid
1930 2376 2172 2443 pecunia:

576 2463 694 2518 dari
751 2465 912 2528 solet;
977 2479 1140 2532 quam
1193 2473 1395 2516 vocant
1446 2472 1722 2530 prmseutz,
1754 2475 1808 2518 et
1867 2465 2018 2518 illum
2082 2467 2170 2519 cui

579 2571 781 2608 munus
831 2555 1192 2609 distrihnenili
1256 2556 1636 2614 commissum,
1694 2567 2031 2623 prtesentzer.
2099 2561 2168 2614 At

577 2663 701 2700 cum
753 2646 998 2701 Codinns
1050 2663 1160 2701 uno
1199 2649 1318 2701 loco
1387 2648 1581 2700 habeat
1639 2648 1958 2717 νομοδότην,
2002 2650 2172 2704 altero

523 2756 528 2760 λ
578 2754 840 2808 expresse
858 2739 1105 2808 νομικόν,
1127 2755 1233 2793 non
1255 2739 1469 2794 videtur
1487 2739 1781 2794 verisimile
1801 2742 2171 2812 νουμμοδότην

576 2829 864 2898 iegendum
897 2847 1056 2896 esse;
1084 2831 1334 2901 nisiquis
1368 2832 1530 2884 etiam
1570 2832 1750 2900 priore
1781 2833 1904 2886 loco
1933 2851 2171 2903 νουμμι-

577 2924 678 2975 κὸν
714 2939 849 2976 nova
890 2922 1062 2976 forma
1105 2939 1133 2976 a
1165 2939 1380 2976 nummo
1419 2924 1816 2978 restituendum
1853 2927 2164 2979 contendat.

576 3015 733 3070 Licet
763 3015 986 3085 νομικός
1028 3031 1248 3085 quoque
1307 3015 1460 3087 παρὰ
1489 3015 1552 3068 τὸ
1607 3015 1798 3086 νόμος,
1835 3025 1891 3070 ut
1951 3033 2165 3070 numum

575 3123 671 3159 seu
740 3083 1015 3159 nummum
1049 3083 1401 3174 _signiticat,—
1437 3105 1632 3160 deduci
1680 3083 1894 3175 possit.
1955 3106 2161 3171 Quodsi
2199 3083 2239 3138 (ἶ

574 3197 799 3266 νομικός
838 3197 903 3250 ad
937 3206 1186 3250 cantores
1235 3196 1494 3265 pertinet,
1534 3195 1694 3263 plane
1732 3193 1780 3248 is
1813 3193 2023 3248 videtur
2051 3209 2174 3248 esse

575 3289 665 3356 qui
689 3299 910 3340 cantum
936 3297 1300 3356 cantoresqnc
1333 3287 1494 3354 regit,
1528 3294 1582 3341 et
1607 3286 1844 3352 utvulgo
1873 3286 2172 3355 loquimur,

573 3381 664 3451 qui
701 3391 899 3433 tactum
930 3382 1149 3449 praebet,
1175 3385 1269 3432 der
1298 3383 1398 3432 den
1429 3377 1560 3431 Tact
1590 3379 1728 3449 gicbt
1749 3394 1769 3441 ;
1789 3378 1894 3432 nisi
1917 3380 2004 3433 cui
2038 3380 2173 3434 forte

578 3475 755 3542 magis
777 3473 1022 3526 arrident
1059 3482 1119 3526 ut
1154 3488 1250 3542 per
1277 3473 1503 3541 νομικόν
1557 3478 1613 3524 et
1646 3471 1939 3540 νομοδότην
1974 3472 2172 3527 intelli-

578 3578 665 3636 ετιι
688 3565 1068 3635 jurisperitnm
1095 3579 1188 3618 seu
1215 3563 1354 3632 juris
1384 3566 1761 3632 interpretem:
1797 3563 1982 3619 forsan
2020 3565 2169 3639 enim

580 3661 634 3710 in
664 3658 812 3711 clero
847 3655 1054 3725 Magum
1087 3655 1342 3711 Ecclesia:
1373 3665 1618 3725 tempore
1643 3657 1838 3711 Codini
1869 3668 1986 3712 erat
2011 3659 2056 3711 is
2077 3659 2170 3727 qui

572 3759 762 3817 postea
791 3749 973 3802 dictus
999 3757 1082 3802 est
1112 3747 1449 3817 νομοφύλαξ,
1491 3747 1649 3815 cujus
1697 3749 1905 3803 mentio
1930 3750 1984 3803 itt
2032 3747 2174 3805 Tur.

573 3856 728 3909 cogr.
753 3840 792 3893 l.
826 3855 925 3906 vn,
959 3839 1055 3894 fol.
1085 3841 1214 3895 506.
1251 3842 1359 3895 Nec
1379 3849 1460 3895 est
1491 3855 1519 3894 a
1559 3856 1685 3894 vero
1714 3841 1952 3897 alienum
1991 3840 2161 3896 fuisse

572 3931 716 3986 inter
744 3929 1015 3986 officiales
1069 3933 1474 3985 ecclesiasdcos
1505 3932 1740 4001 aliquem
1775 3932 1867 4001 qui
1920 3933 1988 3987 de
2039 3933 2168 4002 jure

570 4038 836 4088 responsa
868 4023 1044 4078 daret.
1077 4022 1414 4078 Glossarium
1447 4023 1731 4094 Latinogr.
1755 4024 1991 4090 tabellio,
2015 4043 2168 4094 νομι-

571 4114 692 4176 κός.
728 4113 934 4167 Coms.

644 4203 696 4278 [1
705 4207 816 4262 bid.
841 4205 897 4257 '0
923 4206 1196 4274 νομικός.
1216 4201 1321 4269 Qui
1352 4201 1492 4272 typis
1510 4210 1564 4256 et
1589 4199 1978 4256 ecclesiasticis
1999 4201 2176 4255 rubri-

571 4298 918 4366 cisapprime
963 4297 1236 4358 eruditus,
1270 4294 1418 4364 quod
1453 4307 1672 4362 quoque
1730 4293 1818 4347 die
1878 4292 2164 4361 legendum

571 4388 821 4442 officium
855 4388 936 4442 vel
967 4385 1226 4440 occurrat
1249 4385 1512 4438 memoria
1552 4373 1820 4449 facienda,
1879 4384 2055 4438 sancit
2108 4397 2163 4436 et

573 4479 836 4546 publicat.
869 4477 941 4532 lta
973 4479 1239 4532 medocet
1298 4475 1568 4532 Antonius
1640 4475 1819 4529 (lralis
1877 4475 1984 4530 ΟΡ.
2051 4476 2156 4529 Alii

571 4589 695 4626 eum
724 4587 845 4627 esse
879 4571 1065 4624 volunt
1088 4572 1178 4637 qui
1204 4569 1375 4637 legem
1409 4569 1724 4622 cantoribus
1750 4569 1902 4634 ponit
1922 4578 1974 4622 et
2027 4569 2162 4623 cho-

571 4679 665 4718 rus
696 4663 855 4733 regit.
885 4662 1074 4716 Solent
1104 4670 1377 4716 nostrates
1437 4661 1632 4715 musici
1661 4662 1872 4714 elevata
1939 4663 2161 4731 depres-

571 4769 740 4825 saque
773 4771 936 4810 manu
969 4761 1167 4809 cantus
1220 4753 1442 4808 modum
1499 4761 1552 4806 et
1611 4753 1854 4806 ordinem
1882 4754 2164 4823 pra-figere

569 4850 914 4912 cantozihus,
943 4847 1087 4917 quod
1157 4845 1362 4900 Graecis
1427 4844 1622 4898 deesse
1685 4845 1908 4913 nequit;
1962 4844 2161 4914 quibus

572 4954 832 5012 praeterea
887 4941 1018 4995 illud
1045 4949 1128 4994 est
1159 4939 1211 4992 in
1246 4953 1370 4999 usu,
1427 4946 1485 4989 ut
1515 4936 1676 4990 variis
1708 4953 1902 4990 manus
1955 4938 2162 4992 dextrae

546 5033 810 5101 motibus
837 5031 1180 5098 diversisque
1209 5029 1500 5099 digitorum
1536 5037 1590 5080 et
1616 5028 1976 5082 articulorum
2033 5046 2163 5084 con-

564 5103 994 5176 formationibus
1035 5122 1214 5176 varias
1242 5136 1435 5175 vocum
1470 5117 1790 5174 inflexiones
1817 5119 1870 5173 in
1911 5119 2158 5174 omnium

571 5222 868 5281 conspectu
901 5211 1096 5268 melius
1120 5227 1285 5280 quam
1320 5212 1543 5266 IIlltSitTtB
1601 5213 1802 5266 notulaa
1841 5212 2156 5283 designent.

575 5314 738 5373 atque
777 5303 851 5357 ita
877 5317 983 5356 non
1017 5302 1258 5370 scriptis,
1292 5303 1388 5356 sed
1450 5317 1647 5356 manus
1703 5303 1948 5367 nutibus,
1990 5320 2156 5372 quain

573 5398 920 5468 χειρονομίαν
947 5395 1159 5456 dicunt,
1185 5403 1381 5454 cantus
1413 5394 1559 5463 leges
1588 5395 1658 5448 ob
1688 5395 1878 5449 oculos
1926 5405 2154 5463 ponant.

575 5488 686 5543 llos
715 5504 839 5544 cum
869 5485 1174 5556 Theophilo
1196 5488 1533 5555 χειρονομεῖν
1552 5487 1817 5541 scriberet
1849 5487 2156 5546 Cedrenns:

573 5591 767 5634 auctor
799 5581 1058 5648 νομικούς
1099 5575 1427 5650 nuncupat.]

644 5670 786 5728 Ibid.
823 5671 1079 5742 Sequitur
1110 5674 1136 5723 ὁ
1170 5671 1709 5743 πρωτοκανόναρχος,
1765 5672 1964 5739 primus
1999 5689 2155 5726 cano-

575 5762 822 5820 uarchus.
851 5762 1026 5822 inquit
1078 5759 1231 5824 157
1262 5759 1480 5826 Junius,
1541 5763 1696 5827 Cuius
1749 5767 1912 5820 etiam
1951 5763 2153 5824 Citrius

2274 1913 2775 1966 ecclesiasticarum
2819 1911 3164 1966 functionum
3216 1912 3498 1965 vocabulis
3547 1910 3830 1972 oberrahat,

2273 2011 2328 2052 ct
2383 2000 2683 2055 dummodo
2712 2001 2915 2070 aliquid
2945 2000 3150 2056 diceret
3205 2001 3365 2055 facile
3396 2016 3456 2055 se
3512 2001 3828 2055 inventurum

2275 2091 2432 2143 tidem
2458 2091 2830 2146 arbitrabatur
2873 2094 3013 2160 apud
3053 2092 3175 2146 illos
3206 2095 3300 2161 qui
3332 2103 3526 2160 praeter
3559 2090 3829 2162 praedican-

2276 2191 2358 2235 tes
2389 2193 2441 2234 et
2475 2182 2760 2238 ministros
2805 2185 2954 2238 verbi
3009 2185 3142 2238 nihil
3191 2195 3416 2240 norunt.

2346 2274 2480 2340 Quis
2509 2277 2674 2345 igitur
2704 2280 3225 2345 protocauouarclia,
3245 2288 3300 2331 et
3329 2279 3470 2332 unde
3495 2279 3593 2333 hoc
3616 2275 3827 2332 nomen?

2271 2368 2515 2436 Evponct
2533 2370 2690 2424 nobis
2711 2371 2814 2425 hoc
2839 2369 3102 2436 Zonaras,
3125 2371 3219 2441 qui
3252 2373 3304 2424 in
3327 2373 3723 2426 commentariis
3745 2387 3826 2424 stt-

2273 2475 2365 2526 per
2386 2476 2625 2516 canonas
2642 2463 2998 2519 Anastasinos
3017 2465 3240 2520 Joannis
3269 2464 3589 2519 Damasceni
3614 2467 3680 2518 ita
3701 2479 3828 2519 com-

2275 2564 2580 2609 mentatur:
2607 2555 2790 2610 Cauon
2839 2558 3038 2610 dicitur
3077 2559 3200 2627 quia
3236 2561 3556 2628 prae/initum
3599 2574 3643 2610 et
3673 2574 3825 2610 norem

2272 2649 2384 2701 adis
2409 2651 2865 2720 circumscriptam
2889 2654 3040 2706 liabet
3063 2656 3364 2719 periodum,
3395 2665 3451 2708 ut
3492 2656 3668 2709 videre
3691 2651 3823 2706 estin

2272 2739 2585 2795 Graecorum
2610 2744 2904 2798 ritualibus
2929 2745 3105 2799 libris.
3139 2746 3221 2802 Ab
3260 2747 3350 2802 liis
3378 2747 3541 2817 igitur
3560 2747 3826 2800 canonihus

2272 2830 2413 2901 apud
2453 2832 2676 2887 Gnecos
2736 2850 2950 2904 magnae
3005 2839 3352 2892 auctoritatis
3397 2849 3451 2890 et
3505 2838 3825 2891 existimatio-

2273 2926 2358 2976 nis
2379 2929 2900 2992 pratocauouurcha,
2935 2938 2987 2984 et
3028 2931 3120 3000 qui
3163 2932 3264 2985 sub
3296 2933 3392 2987 illo
3423 2943 3558 2996 erat,
3601 2945 3824 2983 cauouar-

2271 3017 2368 3068 clta
2402 3032 2600 3072 nomen
2629 3030 2944 3075 traxerunt:
2995 3023 3241 3089 ipsorum
3284 3027 3432 3079 enim
3462 3036 3576 3080 erat
3620 3037 3826 3079 canonas

2279 3108 2434 3174 istos,
2461 3111 2678 3178 quando
2710 3111 2762 3166 in
2797 3114 3027 3169 ecclesia
3051 3116 3378 3173 decantandi
3403 3129 3575 3183 erant,
3599 3119 3824 3172 inchoare

2277 3209 2330 3253 et
2367 3200 2594 3269 reliquis
2611 3204 2767 3270 quasi
2822 3205 3032 3272 praeire.
3067 3205 3224 3271 Hinc,
3260 3219 3455 3264 et-non
3493 3211 3718 3274 aliunde,
3741 3210 3824 3261 hoc

2277 3306 2474 3345 noiiien
2510 3295 2776 3361 originem
2819 3295 2992 3351 ducit.
3033 3297 3242 3354 Guars.

2354 3384 2575 3456 [Κανών
2613 3387 2852 3457 hymnus
2879 3391 3287 3447 ecclesiasticus
3317 3407 3401 3450 est
3435 3396 3638 3464 longior
3653 3406 3700 3451 et
3724 3395 3824 3464 pht-

2278 3475 2430 3532 ribus
2464 3481 2718 3568 tropariis
2746 3492 3031 3536 constans.
3058 3485 3158 3550 Qui
3189 3503 3322 3542 vero
3350 3492 3644 3545 canonibus
3669 3488 3822 3545 istius-

2278 3568 2420 3619 modi
2483 3571 2842 3626 eoncinendis
2911 3573 3215 3642 incumbit,
3275 3581 3606 3651 κανονάρχου
3670 3576 3824 3647 appel-

2279 3657 2478 3713 latione
2509 3660 2853 3717 houestatur.
2888 3664 3006 3720 Hoc
3068 3675 3250 3722 autem
3296 3683 3463 3740 pacto
3515 3668 3824 3738 κανοναρχεῖι

2281 3750 2667 3809 Deficientibus
2701 3756 2856 3812 libris
2888 3769 3046 3826 prout
3085 3763 3226 3830 apud
3266 3779 3390 3827 nos,
3433 3759 3824 3818 nncialihnslit-

2277 3844 2407 3896 teris
2433 3847 2672 3902 exaratis
2693 3850 2822 3902 etin
2846 3851 2994 3904 chori
3025 3853 3203 3905 medio
3222 3855 3287 3906 ad
3321 3857 3559 3909 omnium
3606 3854 3824 3907 obtutum

2274 3937 2667 4002 expandcndis,
2711 3943 3057 3994 cononarcha
3109 3948 3337 4012 treparii
3386 3949 3544 4000 unius
3588 3953 3823 4000 commata

2277 4028 2581 4080 successim
2615 4031 2722 4082 alta
2761 4046 2895 4086 voce
2928 4034 3121 4089 dextro
3151 4037 3323 4091 choro
3351 4040 3601 4107 primum,
3636 4046 3736 4090 tum
3762 4032 3823 4082 al-

2276 4117 2446 4172 terius
2487 4122 2714 4189 troparii
2759 4125 2841 4176 vel
2885 4128 3138 4194 strophcs
3164 4141 3435 4185 commata
3478 4132 3638 4184 choro
3671 4124 3820 4186 alteri.

2275 4223 2379 4261 non
2414 4209 2722 4281 interrupto
2749 4224 2940 4278 cantu,
2975 4219 3253 4285 suggerit;
3280 4237 3344 4274 ac
3377 4223 3446 4274 ita
3472 4221 3703 4288 fungitur
3727 4213 3824 4270 olli-

2274 4301 2360 4354 cio
2385 4305 2530 4370 quod
2569 4311 2650 4358 est
2681 4311 3050 4376 κανοναρχείν,
3083 4326 3345 4366 canonum
3388 4314 3630 4366 videlicet
3655 4311 3823 4361 deoam-

2196 4421 2237 4475 υ
2278 4391 2563 4447 tandorum
2598 4396 2810 4463 singula
2835 4398 2988 4452 verba
3020 4403 3425 4467 etperiodorum
3473 4401 3693 4457 membra
3716 4411 3824 4466 pru-

2265 4484 2456 4538 denter
2491 4487 2561 4539 oh
2594 4487 2854 4543 librorum
2887 4491 3158 4546 defectum
3181 4510 3477 4566 suggerere,
3503 4506 3549 4549 et
3594 4509 3688 4564 quo
3719 4501 3826 4542 ιοηο

2267 4576 2371 4629 sint
2403 4579 2675 4633 cantanda
2708 4598 2938 4638 mouere.
2965 4583 3170 4656 Com]

2344 4667 2588 4729 Quartus
2621 4679 2705 4724 est
2736 4671 2983 4743 ἔξαρχος,
3023 4675 3302 4738 exarcltus,
3345 4678 3457 4729 dna:
3505 4677 3721 4745 quidem,
3757 4669 3822 4720 in-

2267 4757 2383 4825 quit
2417 4758 2639 4824 Junius,
2671 4771 2720 4814 et
2753 4779 2950 4830 pra-ses
2985 4767 3347 4820 ministrorum
3377 4767 3603 4820 ecclesia!
3629 4766 3678 4816 iu
3702 4759 3825 4812 ordi-

2265 4849 2448 4900 nanda
2475 4851 2807 4918 singulorum
2861 4855 3128 4922 [unctione
3158 4867 3207 4910 et
3245 4859 3558 4910 ministerio.
3600 4852 3821 4906 Fallitur.

2265 4936 2483 4994 Rectius
2507 4943 2557 4994 in
2579 4940 2843 5013 Turcogr.
2867 4944 2962 4999 fol.
2987 4943 3114 5009 192,
3137 4956 3411 5004 exarchus
3441 4953 3633 5018 legatus
3663 4951 3747 4996 aut
3765 4939 3825 4991 vi-

2266 5032 2443 5084 carius
2468 5035 2794 5098 patriarcha:
2828 5046 2920 5089 aut
2942 5039 3310 5108 metropolitas,
3331 5043 3465 5094 sicut
3508 5055 3595 5090 nos
3619 5039 3823 5103 legatum

2265 5126 2574 5192 apostolicae
2604 5128 2742 5181 sedis
2768 5130 3014 5184 dicimus.
3037 5133 3097 5185 Et
3125 5131 3219 5185 fol.
3241 5132 3347 5185 993
3369 5133 3566 5185 dicitur
3586 5123 3824 5180 exarchus

2268 5215 2470 5269 missos
2501 5216 2568 5269 ad
2625 5218 2990 5289 colligendum
3056 5223 3363 5278 subsidium
3421 5239 3516 5291 pro
3569 5209 3845 5286 pcndendo,
3931 5253 3938 5276 τ

2262 5302 2454 5361 Turcis
2488 5307 2696 5363 tributo
2719 5327 2734 5365 :
2757 5312 2958 5368 habere
2987 5315 3150 5368 etiam
3183 5323 3500 5384 potestatem
3540 5311 3626 5362 τοῦ
3649 5302 3823 5374 ἀργοὺς

2261 5403 2435 5451 ποιεῖν
2461 5401 2555 5454 καὶ
2579 5404 2882 5470 ἀφορίζειν,
2907 5408 3149 5477 privandi
3198 5408 3363 5477 o/ﬁcio
3409 5401 3741 5459 ecclesiastico
3783 5397 3822 5440 el

2257 5495 2767 5562 excommunicaudi,
2797 5497 2863 5550 δι’
2891 5475 3145 5566 abidum);
3187 5498 3388 5560 αξτξας,
3421 5496 3481 5550 ob
3511 5495 3678 5563 justas
3718 5500 3823 5538 cau-

2258 5599 2367 5636 sas.
2421 5581 2552 5638 Item
2601 5587 2691 5656 jus
2735 5589 3067 5644 absolvendi
3111 5593 3437 5660 ptenitentes
3479 5605 3494 5643 ;
3529 5596 3578 5640 et
3635 5581 3692 5631 ad
3739 5577 3822 5628 hoc

2261 5677 2497 5746 propriis
2531 5678 2751 5744 litteris,
2792 5698 2928 5751 quas
2986 5684 3381 5754 συγχωρητικὰ
3423 5679 3707 5748 γράμματα
3739 5682 3823 5728 att-

2258 5771 2484 5835 Dellant,
2510 5787 2537 5826 a
2565 5775 2872 5838 patriarcha
2912 5777 3284 5832 instruuntur.
3321 5774 3436 5829 Fol.
3475 5769 3593 5830 219,
3625 5767 3818 5820 duom»
