4064 6424
211 414 300 475 173
1121 485 1127 490 1
1274 411 1664 473 euersam
1707 407 1775 466 E']

1881 406 1979 466 eoa
1995 406 2073 465 tu
2095 370 2360 465 ’κοτε-ιι.

3346 399 3450 462 174

207 532 474 586 minantur
527 526 926 597 patriareltales
948 507 1165 584 exarclti
1197 545 1306 581 uno
1335 539 1389 582 et
1417 529 1610 583 eodem
1641 536 1777 580 tcm-
1805 529 1850 583 A
1881 523 2118 591 templis.
2155 521 2249 575 fol.
2283 520 2405 582 101,
2439 518 2794 587 βνοῖῐὶδθίίυίτν
2832 517 2876 571 εί
2908 530 3015 568 "0"
3046 529 3236 569 eorum
3261 529 3456 570 Μυου-

207 638 344 691 pore,
379 621 474 690 qui
527 632 580 676 et
619 623 896 677 interdum
949 624 1174 687 eparclzi.
1221 623 1294 676 Dc
1347 623 1584 675 esareho
1619 621 1775 686 nihil,

210 709 363 782 158
389 713 536 781 quod
567 713 762 778 sciam,
796 713 1019 767 Citrizts.
1081 712 1309 766 lixam-hi
1360 712 1594 782 dignitas
1644 713 1774 763 olim

206 803 342 854 clara
371 801 470 855 fuit
489 802 652 855 etiam
678 813 831 856 extra
859 804 1152 857 Ecclesium
1190 805 1330 857 inter
1359 804 1627 872 palatinas
1656 801 1779 856 fun-

209 894 405 948 ctiones
450 903 506 948 et
539 895 941 962 imperatorias.
987 896 1120 950 Hinc
1155 897 1368 950 exarclu’
1399 897 1473 950 illi
1509 897 1561 950 in
1599 896 1773 959 Italia,

212 997 428 1050 quorum
466 998 734 1052 nusquam
757 987 863 1037 non
889 987 1107 1040 mentio.
1149 985 1213 1040 Et
1250 988 1565 1042 Gennadius
1605 1004 1772 1041 exar-

209 1074 324 1127 chus
355 1075 579 1142 Africtr,
607 1079 671 1130 ad
724 1094 885 1147 quem
917 1081 1105 1133 scrihit
1127 1081 1182 1134 S.
1216 1078 1510 1148 Gregorius
1549 1081 1775 1148 Magnus

210 1167 244 1220 Ι.
269 1166 307 1227 Ι,
331 1169 493 1237 epist.
527 1169 617 1224 57.
648 1171 783 1224 llinc
811 1171 1120 1224 crare/tatus
1139 1181 1194 1247 et
1218 1174 1564 1226 exercitia-'13
1577 1190 1777 1240 παρχος

210 1260 435 1330 palatina
471 1262 708 1330 dignitas
740 1273 820 1317 cst
848 1265 989 1333 apud
1019 1263 1280 1319 Cotlinuzn
1320 1281 1438 1334 cap.
1465 1265 1519 1318 2.
1568 1264 1774 1320 ϐιιιίτδ.

272 1352 330 1407 Ρ.
353 1353 408 1408 6.
430 1351 699 1423 Ἐξαρχον
731 1371 852 1408 eum
886 1357 1042 1410 hodie
1066 1360 1378 1428 vocant,qui
1411 1361 1614 1412 velut-a
1644 1361 1777 1414 late-

210 1462 261 1498 re
287 1436 614 1515 patriarcha:
651 1448 858 1518 ieg..ttts
907 1452 1212 1519 provincias
1245 1455 1292 1506 ei
1331 1453 1606 1521 suhjeclas
1643 1454 1776 1515 obit,

209 1554 265 1592 ac
293 1539 358 1592 tle
389 1539 714 1594 clericorum
749 1545 1011 1605 moribus,
1049 1543 1115 1598 de
1140 1545 1322 1599 causis
1363 1544 1776 1610 ecclesiasticis,

210 1629 270 1683 de
303 1631 453 1684 cultu
494 1630 706 1696 divino,
753 1633 797 1687 si
825 1647 931 1686 non
963 1633 1290 1702 ohsoiescat,
1336 1637 1399 1688 tle
1422 1636 1691 1705 coniugiis
1723 1644 1778 1690 et

208 1734 391 1773 eorum
425 1722 704 1785 divortiis,
740 1722 808 1778 de
853 1725 1024 1793 plebis
1078 1727 1459 1796 potiliticisque
1513 1729 1775 1791 dissitliis,

137 1805 143 1808 ’
210 1807 268 1861 de
305 1823 585 1863 canonum
632 1813 1126 1868 ecclesiasticorum
1167 1819 1533 1882 observantia,
1581 1817 1647 1872 de
1693 1833 1781 1870 sa-

208 1902 523 1964 cramentis,
571 1906 927 1960 confessionis
972 1906 1226 1968 maxime.
1276 1907 1658 1972 conferendis,
1710 1909 1776 1965 de

211 1992 597 2045 monachorum
632 1994 940 2064 disciplina,
983 1997 1048 2052 de
1095 1998 1446 2054 eet-lesiarum
1497 2017 1523 2052 a
1577 2001 1780 2055 diceet!-

210 2085 347 2139 sanis
375 2096 756 2154 exemptarum
793 2090 1021 2158 legibus.
1051 2103 1156 2147 etc.
1183 2094 1428 2165 inquirit,
1453 2104 1506 2150 et
1538 2097 1619 2151 his
1652 2113 1782 2150 cun-

209 2178 300 2231 etis
323 2194 386 2231 ex
420 2195 582 2247 arquo
617 2180 883 2250 bonoque,
909 2189 1056 2250 dum,
1105 2188 1249 2255 quod
1296 2188 1469 2254 aiunt,
1514 2189 1780 2244 visitatio-

211 2284 320 2321 nem
363 2272 603 2340 peragit,
653 2275 887 2349 consulit
920 2277 971 2328 in
1004 2288 1283 2345 posterum
1312 2297 1326 2343 ;
1385 2296 1491 2349 pra:
1521 2283 1781 2334 omnibus

211 2373 328 2413 vero
356 2376 563 2416 census
593 2359 668 2416 ρκ’
689 2348 1014 2434 unaquaque
1042 2369 1271 2423 ecclesia
1321 2373 1645 2438 patriarcha:
1675 2373 1776 2427 ob-

210 2450 487 2504 venientes
539 2459 596 2504 et
638 2464 833 2507 cuncta
869 2455 1089 2510 adeum
1138 2462 1439 2528 spectantia
1487 2463 1610 2533 jura
1646 2464 1772 2517 dili-

211 2554 389 2609 genter
442 2545 761 2613 investigat,
802 2547 972 2618 rigide
1013 2549 1242 2620 colligit,
1279 2561 1332 2606 et
1383 2569 1774 2619 nonnunquam

212 2637 399 2690 exinde
458 2639 742 2705 perample
791 2651 1003 2706 auctus,
1032 2643 1123 2696 .ad
1180 2645 1543 2713 patriareham
1579 2649 1774 2704 defert.

215 2726 316 2782 lloc
330 2729 446 2794 ejus
472 2745 676 2782 munus
704 2732 1068 2800 imperatoriis
1086 2737 1340 2790 exat-cluis
1356 2738 1408 2792 in
1433 2739 1581 2793 Italia
1605 2756 1779 2810 quon-

221 2820 327 2871 dam
353 2822 722 2875 residentibus
754 2839 856 2876 non
886 2826 1138 2880 absimile
1173 2845 1186 2881 :
1221 2829 1297 2882 illi
1322 2831 1366 2884 si
1397 2833 1615 2902 quidem
1650 2834 1770 2889 b.‘l|i

226 2910 458 2978 pacisque
493 2920 741 2981 tempore
782 2926 976 2970 cuncta
1011 2917 1400 2986 imperatorum
1451 2924 1576 2990 jura
1623 2937 1770 2981 sarta

225 3011 345 3055 tea-ta
369 3006 701 3071 servabant;
732 3007 784 3061 hi
815 3009 1033 3078 pariter,
1072 3027 1168 3066 ceu
1210 3017 1531 3081 patriarcha:
1583 3019 1772 3074 vicarii

217 3109 272 3145 ac
291 3087 404 3163 ejus
429 3112 721 3165 personam
770 3098 1085 3168 referentes,
1133 3118 1348 3159 onmem
1397 3122 1584 3162 eorum
1618 3125 1774 3165 exer-

1877 630 1936 668 re
1961 613 2224 684 fungitur,
2254 629 2364 666 suae
2389 613 2579 666 saltem
2611 610 2959 678 ἀίει)οείιίοηὶ
2997 617 3143 664 tenet
3175 610 3457 678 subiectos

1877 707 1968 774 qui
1993 714 2299 776 sequuntur
2337 705 2389 758 iu
2424 701 2803 757 Allatianis.'0
2830 701 3109 771 πρὼξιμος
3137 702 3330 770 ὁρίζει,
3359 703 3452 755 καὶ
3483 712 3490 720 '

1880 797 2232 866 σημαίνουσιν
2261 799 2317 848 ἐν
2340 795 2416 864 τῷ
2442 793 2619 863 καιρῷ
2636 794 2735 862 τῆς
2751 791 3072 861 ψαλμῳδίας
3099 794 3156 844 ἐν
3186 795 3251 863 τῇ
3287 792 3452 845 καθο-

1877 887 2000 955 λικῇ
2033 885 2319 954 ὲικκλῃσῖᾳ.
2359 884 2416 938 Ὀ
2465 883 2876 952 καταγοριάρης
2910 883 3070 952 (alias
3115 883 3451 951 κατηγοριά-

1883 978 2002 1047 pe.)
2037 977 2344 1047 φιλοκαλῶν
2376 979 2474 1045 τὴν
2505 978 2799 1046 ἐκκλησίαν
2828 995 2841 1008 ο
2875 975 3035 1030 ἅπτει
3066 977 3136 1028 .δὲ
3196 977 3289 1028 καὶ
3353 976 3452 1037 τὰς

1879 1069 2168 1136 κανδήλας,
2223 1069 2376 1139 φέρει
2440 1069 2497 1120 δὲ
2542 1069 2636 1120 καὶ
2692 1068 2965 1137 λαμπρόν.
3027 1067 3270 1137 (Addunt
3296 1067 3448 1120 alia:

1890 1162 2208 1230 Ύπομνίξει
2243 1164 2340 1224 τὰς
2369 1162 2668 1230 ἐπισήμους
2692 1161 2882 1230 ἑορτὰς
2904 1160 2996 1212 τοῦ
3026 1159 3174 1225 λαοῦ,
3204 1160 3293 1211 ἵνα
3321 1175 3451 1228 σχοο

1877 1253 2061 1326 λάσῃ.)
2116 1255 2180 1307 Οἱ
2229 1254 2599 1324 λαμπαδάριοι
2655 1253 2934 1317 καθίζουσι
2993 1252 3171 1318 (alia:
3225 1251 3452 1322 καθαρί-

1879 1345 2050 1413 Const)
2075 1345 2170 1406 τὰς
2204 1345 2512 1415 λαμπάδας,
2553 1345 2816 1399 ἅπτουσιν
2867 1345 2925 1395 ἐν
2951 1345 3018 1413 τῇ
3054 1343 3340 1412 ἐκκλησίᾳ,
3393 1342 3451 1394 '0

1881 1434 2273 1506 βασταγάριος,
2307 1435 2396 1489 ἵνα
2427 1436 2598 1506 βαστᾷ
2617 1435 2709 1487 τὸν
2747 1435 2841 1503 τῆς
2866 1434 3155 1502 ἐκκλησίας
3194 1434 3346 1500 ἅγιον
3376 1433 3454 1492 εἰς

1878 1525 2028 1589 λιτὰς
2053 1527 2146 1580 καὶ
2180 1515 2370 1597 ἑορτὰς
2397 1529 2718 1596 ἐπισήμους.
2752 1527 2828 1595 (Μ
2862 1541 2878 1579 :
2903 1528 2950 1577 οἱ
2975 1526 3190 1594 Θεώριοι
3219 1524 3288 1577 vi
3316 1524 3454 1575 θεω-

1884 1617 2008 1688 ροῦν
2059 1621 2153 1669 καὶ
2205 1619 2271 1670 νὰ
2324 1617 2623 1672 σκοπεύουν
2661 1620 2785 1680 τοὺς
2845 1619 3130 1688 ἄρχοντας.
3170 1615 3330 1685 159
3367 1614 3454 1666 ἵνα

1879 1708 2205 1773 καθίζωνται
2241 1711 2332 1764 καὶ
2364 1714 2653 1780 είστήκουν
2685 1711 2944 1765 εὔτακτα.
2989 1711 3045 1762 Ὀ
3075 1711 3318 1772 δεκανὸς,
3364 1707 3453 1760 ἵνα

1880 1801 2016 1870 καλῇ
2074 1803 2198 1863 τοὺς
2259 1801 2422 1870 ἱερεῖς
2483 1803 2562 1863 είς
2618 1803 2712 1866 τὰς
2757 1803 2934 1854 αὺτὼν
2985 1800 3314 1867 δικαιώμαυι
3363 1799 3455 1850 καὶ

1884 1893 2334 1962 προσφερώμασι.
2382 1893 2438 1964 'Q
2468 1894 2797 1964 κουῧούκλης
2833 1895 2922 1946 ἵνα
2951 1894 3126 1964 βαστᾷ
3155 1893 3216 1946 τὸ
3250 1891 3456 1949 δικανί-

1882 2001 2000 2036 κιον
2032 1984 2126 2037 τοῦ
2161 1985 2482 2055 ἀρχιερέως,
2514 1986 2642 2038 ὅταν
2677 1990 2951 2057 περιπατῇ
2974 1991 3000 2055 .)
3032 1985 3234 2057 ϐολα]

2480 2079 2711 2134 CAPUT
2747 2079 2885 2145 xm.

2034 2169 2109 2223 De
2151 2185 2291 2223 nona
2323 2172 2539 2238 pentade
2569 2173 2852 2241 ofﬁciorum
2885 2180 2934 2223 et
2972 2171 3295 2240 o/ﬁcialiunt.

1953 2260 2015 2315 P.
2040 2261 2092 2315 6.
2123 2263 2178 2320 In
2211 2278 2354 2315 nona
2394 2265 2623 2331 pentade
2653 2266 2856 2332 primas
2900 2273 3050 2318 tenet
3113 2263 3449 2318 domesticus

1879 2353 1988 2404 τῶν
2020 2353 2222 2422 θυρῶν,
2242 2354 2522 2423 praefectus
2553 2336 2754 2418 ianuae,
2784 2354 2977 2408 tertius
3001 2353 3258 2406 nimirum
3285 2355 3455 2404 ostia-

1884 2449 2034 2500 rius:
2071 2463 2194 2500 nam
2227 2450 2277 2500 in
2313 2456 2470 2501 sexto
2497 2448 2753 2518 quinario
2784 2449 2926 2503 duos
2960 2449 3305 2500 cnumeravit
3355 2449 3461 2500 (10-.

1880 2539 2066 2605 diuus,
2095 2549 2148 2593 et
2174 2538 2381 2594 Citrius
2413 2549 2525 2595 tres
2545 2541 2808 2595 ostiarios
2839 2541 2982 2593 inter
3005 2539 3264 2594 olliciales
3285 2540 3460 2593 eccle-

1881 2631 2135 2685 siasticos
2165 2632 2412 2686 nominat
2450 2651 2463 2697 ;
2498 2648 2732 2702 quorum
2760 2633 2955 2688 tertius
2981 2633 3068 2686 hic
3109 2633 3308 2687 for-ium
3355 2635 3455 2688 do.

1882 2724 2140 2776 mestieus
2166 2739 2260 2777 seu
2299 2739 2521 2793 praeses,
2558 2740 2666 2778 uno
2701 2724 2866 2778 verbo
2886 2723 3116 2794 jam’tor.
3170 2725 3382 2779 (Iners.

1954 2810 2130 2882 [Sacri
2168 2815 2454 2868 tribunalis
2481 2815 2627 2870 fores
2668 2816 3021 2871 subdiaconis
3046 2803 3457 2871 commendatas

1879 2914 2112 2960 testatur
2139 2905 2409 2961 Maximus
2446 2909 2498 2960 in
2529 2907 2773 2978 Dionysii
2807 2909 2881 2963 De
2903 2909 3040 2964 ecel.
3077 2911 3279 2964 hierar.
3313 2927 3364 2964 c.
3389 2911 3452 2965 ’ὅτ

1877 2999 2218 3068 Σημείωσαι,
2271 3001 2469 3069 inquit,
2500 3001 2582 3053 ὅτι
2629 3004 2678 3054 οἱ
2710 3003 2946 3056 διάκονοι
2975 3003 3098 3054 τότε
3131 3005 3227 3065 τὰς
3280 3003 3454 3072 θύρας

1879 3087 2046 3161 εἶχον,
2077 3092 2173 3144 νῦν
2205 3093 2261 3144 δέ
2295 3095 2343 3145 οἱ
2373 3094 2742 3147 ὐποδιάκονοι.
2769 3094 3111 3165 Sull‘ragatur
3149 3095 3448 3151 Thessalo—

214 3197 324 3238 cent
349 3199 695 3254 potestatein,
729 3201 782 3246 et
813 3207 1028 3247 onmem
1051 3194 1294 3251 debitum
1334 3214 1555 3254 censum
1579 3217 1768 3256 eorum

1881 3185 2116 3241 uicensis
2142 3188 2336 3253 praesul
2399 3184 2622 3239 Simeon
2650 3201 2666 3238 :
2718 3186 2987 3239 Φυλάσσει
3023 3187 3122 3257 μέν
3153 3190 3180 3241 ὁ
3214 3189 3447 3242 ὑποδιαί-

217 3280 421 3333 nomine
467 3283 713 3350 exigunt.
767 3285 1085 3344 Allatiana:
1161 3289 1218 3340 Ὀ
1277 3289 1501 3360 ἔξαρχος
1557 3293 1772 3348 ἵσταται

217 3371 426 3440 πλησίον
447 3375 542 3428 τοῦ
567 3376 970 3446 δευτερεύοντος
1017 3383 1073 3432 ἐν
1124 3382 1406 3452 ἐκκλησίᾳ,
1447 3389 1671 3456 γυρεύει
1714 3388 1771 3440 δὲ

217 3465 300 3515 καὶ
331 3469 436 3518 πᾶν
475 3467 669 3529 σκεῦος
691 3469 783 3521 καὶ
832 3471 1070 3538 ἀλλαγὰς
1105 3474 1200 3544 τῆς
1233 3480 1492 3546 περιοχῆς
1521 3480 1619 3546 τῆς
1652 3481 1772 3533 ἐπι-

218 3557 440 3625 σκοπῆς.
465 3557 796 3628 Ἀναοεωρεῖ
835 3562 888 3613 δὲ
917 3565 1134 3627 καὶτὰς
1194 3566 1402 3632 κρίσεις
1456 3570 1554 3638 τῆς
1606 3573 1769 3639 ἁγίας

215 3644 525 3714 ἐκκλησίας,
573 3649 621 3700 εἰ
674 3651 966 3721 ἐκρίθησαν
1001 3653 1250 3717 δικαίαις.
1298 3658 1404 3709 Καὶ
1457 3662 1659 3728 γράφει
1699 3666 1766 3713 τὰ

216 3736 536 3805 ἀντεμίνσια.
573 3738 922 3810 Ἀναγυρεὺει
973 3744 1027 3796 δὲ
1064 3747 1157 3798 καὶ
1189 3746 1298 3799 τῶν
1339 3749 1677 3818 ἀνδρογύνων
1707 3754 1772 3806 τὰ

147 3852 149 3854 ·
215 3828 522 3896 κωλύματα.
561 3831 895 3886 Αιιιὶιιιειιδὶιε
927 3834 1028 3888 diei
1048 3839 1296 3908 annique,
1329 3859 1430 3909 quo
1462 3857 1772 3900 consecrata

215 3934 350 3988 sunt,
379 3935 532 3978 notas
555 3931 802 3994 apponit;
841 3939 888 3982 et
920 3933 1370 3988 matrimoniorum
1405 3937 1774 4006 impedimenta

215 4023 492 4074 examinet.
527 4022 763 4077 Observa
786 4027 843 4078 τὸ
865 4027 1069 4099 ἀλλα-(ἠ
1106 4042 1289 4084 restem
1317 4049 1522 4088 sacram
1549 4037 1772 4104 referre,

215 4113 673 4168 ’ἐσαλλασσωγρτο
705 4117 1038 4186 frequentius
1071 4140 1163 4189 per
1185 4134 1352 4176 totum
1386 4126 1487 4180 hoc
1519 4143 1656 4197 opus
1679 4145 1773 4185 oc-

219 4220 450 4270 currens,
487 4222 643 4262 restes
693 4226 872 4264 sacras
921 4213 1153 4267 induere.
1186 4215 1390 4288 Goan.)

282 4297 415 4352 Ibid.
445 4299 676 4355 Ultimus
706 4313 785 4357 est
812 4305 1179 4370 ecclesiarclta,
1214 4312 1487 4380 prwfeclus
1521 4316 1772 4376 erclest'a’.

217 4389 406 4445 (liuius
433 4393 677 4446 nominat
707 4403 818 4449 tres
843 4398 1102 4465 ἄρχοντας
1129 4401 1235 4451 τῶν
1275 4403 1598 4475 ἐκκλησιῶν,
1637 4410 1776 4464 inter

218 4495 343 4545 quos
372 4480 514 4534 haud
551 4482 714 4535 dubie
745 4499 903 4550 unus,
944 4489 1034 4554 qui
1073 4504 1235 4557 supra
1269 4491 1320 4544 in
1367 4497 1555 4562 quinta
1592 4509 1776 4565 penta-

1881 3294 2036 3340 κονος
2064 3278 2160 3339 τὰς
2185 3277 2358 3340 πύλας
2387 3279 2482 3340 τὰς
2521 3279 2694 3347 ἱερὰς,
2727 3279 2816 3332 ἵνα
2851 3279 2924 3349 μή
2957 3296 3041 3342 τις
3073 3280 3180 3333 τῶν
3221 3280 3458 3344 ἀναξίων

1880 3371 2028 3424 ἔνδον
2054 3371 2291 3444 εἰσέλθῃ.
2325 3373 2456 3426 Eam
2478 3373 2549 3428 ob
2568 3388 2679 3427 rem
2710 3374 2914 3428 soleam
2946 3375 3123 3428 locum
3168 3377 3233 3431 ad
3269 3393 3457 3432 sacras

1881 3465 2071 3521 altatis
2102 3466 2248 3521 fores
2297 3467 2486 3528 situm,
2546 3469 2610 3521 de
2655 3483 2765 3536 quo
2825 3483 2947 3522 cum
3014 3480 3238 3524 auctore
3286 3487 3336 3527 c.
3367 3473 3454 3538 l7,

1882 3562 2235 3616 sululiaeonis
2301 3561 2714 3630 lectoribusque
2779 3578 2877 3616 ceu
2939 3566 3209 3632 propriam
3265 3565 3449 3618 sedem

1880 3653 2397 3709 Thessalonicensis
2426 3655 2566 3708 idem
2591 3656 2866 3721 assignat:
2905 3654 3331 3722 ’Υποδιακὸνους
3361 3664 3455 3712 καὶ

1881 3747 2233 3815 ἀναγνώστας
2261 3747 2534 3818 καθῆσθαι
2561 3748 2668 3818 χρὴ
2703 3749 2902 3811 ἔξωθεν
2919 3749 3012 3801 τοῦ
3042 3750 3290 3820 βήματος
3322 3769 3388 3804 πε
3401 3755 3455 3823 pi.

1881 3840 1972 3892 τὸν
2005 3840 2234 3903 σωλέαν,
2263 3838 2322 3903 ὃς
2358 3842 2419 3909 δὴ
2449 3841 2598 3910 βῆμα
2630 3841 2878 3893 καλεῖται
2904 3842 3448 3910 ἀναγνωστῶν.Ιιιιοι·

1883 3931 2251 3986 Subdiaconos
2283 3944 2462 3987 autem
2497 3934 2578 3987 vel
2613 3934 2847 3988 lectores
2888 3935 3284 4002 antesignanus
3337 3942 3446 4004 ille,

1883 4026 1968 4078 cui
2000 4041 2094 4080 ceu
2114 4026 2320 4095 'potiori
2351 4041 2537 4078 earum
2576 4027 2996 4081 commendatur
3016 4031 3294 4093 custodia,
3323 4039 3446 4102 jure

1885 4117 2080 4171 merito
2141 4115 2274 4170 mihi
2333 4117 2649 4187 δομέστικος
2699 4119 2805 4169 τῶν
2852 4117 3034 4189 θυρῶν
3079 4133 3450 4192 nuncupatur.

1883 4205 2087 4276 Com]

1958 4299 2100 4353 Ibid.
2133 4299 2396 4368 Sequitur
2417 4301 2804 4366 cltmtularius,
2843 4303 2935 4370 qui
2981 4303 3137 4374 longe
3192 4308 3444 4364 diversus

1884 4393 2386 4464 aehartophylace;
2440 4402 2493 4448 et
2534 4393 2717 4463 inepte
2767 4406 2994 4450 vocatur
3043 4399 3440 4473 ehartophylax

1885 4487 2260 4545 chartularius.
2285 4499 2345 4541 ut
2375 4503 2535 4555 supra
2567 4487 2772 4542 dictum
2817 4491 2962 4560 (cap.
2991 4492 3066 4560 4).
3091 4494 3294 4551 Citrius
3343 4515 3449 4552 non

217 4572 277 4622 de
301 4570 470 4626 dictus
501 4581 603 4637 est,
630 4572 658 4624 ὁ
689 4573 868 4643 ἄρχων
895 4576 1000 4628 τῶν
1037 4581 1342 4648 ἐκκλησιῶν
1368 4589 1502 4653 μετὰ
1539 4588 1633 4640 τοῦ
1684 4608 1775 4643 σα-

1885 4595 2075 4644 unum,
2100 4580 2192 4634 sed
2236 4579 2418 4648 plures
2453 4581 2603 4648 ponit
2639 4598 2652 4634 :
2692 4597 2815 4634 nam
2848 4583 3080 4638 lectores
3127 4603 3457 4645 enumerans

217 4663 434 4717 κελλίου.
463 4664 773 4720 Bonetidins
826 4671 1004 4734 vertit,
1051 4675 1234 4726 nescio
1262 4692 1424 4745 quam
1477 4679 1612 4733 bona
1648 4682 1773 4750 fide,

213 4764 308 4806 tres
335 4757 671 4826 magistratus
691 4760 1046 4816 ecclesiarum.
1084 4763 1288 4820 Gut-11's.

279 4845 367 4919 [Ὁ
391 4851 816 4920 ἐκκλησιάρχης.
837 4851 935 4918 Qui
963 4870 1070 4908 sua:
1105 4873 1246 4911 cura:
1281 4860 1661 4916 dctnandatam
1690 4879 1780 4917 cc-

212 4940 381 4995 clesia:
411 4957 600 4996 curam
635 4952 802 5005 leuet,
835 4945 901 4998 ad
927 4945 1160 5001 cilicium
1197 4951 1438 5006 divinum
1473 4955 1565 5007 dat
1601 4957 1778 5026 signa,

215 5032 408 5086 lumina
434 5036 675 5104 diSponit
697 5047 750 5090 et
767 5038 1032 5100 accendit,
1053 5041 1243 5094 sedilia
1272 5048 1570 5114 componit,
1593 5065 1778 5104 sacras

209 5124 464 5193 imagines
488 5126 692 5194 profert
715 5128 794 5180 vel
823 5131 1085 5198 recondit,
1110 5148 1171 5186 ac
1200 5133 1432 5202 denique
1460 5138 1777 5191 munditiem

210 5216 402 5284 ubique
438 5217 724 5285 splendere
745 5220 1008 5286 providet,
1031 5239 1136 5276 uno
1161 5228 1324 5281 verbo
1349 5232 1446 5283 snh
1478 5232 1781 5300 sceuophy-

208 5323 317 5376 lace
335 5322 419 5360 tna
433 5323 536 5374 gno
560 5324 810 5362 vasorum
831 5316 1052 5368 custode
1067 5319 1350 5372 sacristam
1387 5322 1515 5390 asit.
1540 5323 1669 5390 Ejus
1700 5324 1783 5376 iu-

208 5401 454 5452 stituendi
475 5401 702 5455 formam
727 5404 782 5456 in
808 5401 1186 5477 Euchologicis
1209 5413 1404 5480 protuli
1428 5414 1519 5468 l'ol.
1540 5415 1664 5468 489.
1685 5416 1782 5470 So-

208 5491 343 5543 cium
360 5508 423 5545 ex
442 5491 751 5548 Gracorum
771 5496 942 5550 relatu
960 5499 1051 5550 τὸν
1066 5501 1380 5574 διαϐαστήν,
1404 5506 1647 5559 lectorem
1671 5526 1784 5563 ser-

208 5597 409 5635 monum
435 5597 482 5637 et
514 5587 878 5652 homiliarum,
899 5598 954 5643 et
982 5591 1380 5664 κανδηλάπτην,
1415 5601 1575 5652 cereis
1613 5599 1784 5652 lucer-

209 5679 377 5747 tzisque
391 5682 733 5757 occludendis
770 5684 1094 5751 pra'lectum,
1123 5689 1364 5757 adjunxi.
1387 5689 1540 5754 lluic,
1572 5693 1707 5747 sicut
1729 5682 1785 5748 et

207 5767 280 5836 τῷ
316 5771 984 5843 ὶ.αιισνναπτῃ,εῐ,‹;ιιοι·ιιιιι
1029 5779 1081 5830 in
1131 5780 1361 5834 ecclesia
1408 5780 1778 5838 faciendorum

215 5861 436 5918 Studium
454 5866 744 5918 committit
762 5866 989 5922 Allatins
1006 5869 1072 5923 tle
1089 5872 1450 5926 recentiorum
1471 5873 1781 5929 Graecorum

1881 4675 2113 4728 collocat
2146 4675 2284 4726 inter
2320 4672 2444 4727 illos
2474 4673 2901 4744 χαρτουλαρίους
2923 4677 3021 4746 τῆς
3059 4681 3303 4750 μεγάλης
3355 4699 3452 4733 σα-

1879 4767 2075 4832 κέλλης
2118 4766 2211 4817 καὶ
2245 4765 2335 4818 τοῦ
2368 4766 2820 4834 σκευοφυλακίου,
2859 4770 3215 4825 clmrtularioi
3250 4790 3454 4844 "mgna!

1879 4861 2086 4914 sacella:
2108 4869 2157 4913 et
2189 4859 2576 4929 sceuophylarii
2604 4876 2700 4915 seu
2724 4865 2946 4916 armarit
2987 4881 3253 4930 vasorum,
3284 4868 3460 4938 inquit

1883 4953 2217 5006 Boneﬁdius.
2257 4952 2552 5007 Docuimus
2583 4953 2694 5022 jam
2728 4969 2890 5021 supra
2918 4957 3062 5024 (cap.
3092 4959 3149 5024 2)
3173 4974 3236 5012 ex
3269 4958 3454 5015 Balsa-

1884 5060 2045 5098 mone
2075 5059 2171 5099 eos
2201 5046 2292 5113 qui
2319 5045 2757 5116 chartophylaci,
2793 5047 3171 5119 sectiophylaei
3199 5091 3213 5113 .
3250 5055 3452 5123 magno

1883 5137 2173 5190 sacellario
2264 5136 2688 5192 subserviebant
2767 5147 3025 5208 tanquam
3120 5142 3454 5210 administri,

1885 5228 2185 5297 appellatos
2230 5244 2351 5283 esse
2383 5229 2768 5294 clmrtularios,
2803 5233 2876 5285 ita
2909 5242 2966 5286 ut
2989 5233 3311 5291 chartularii
3363 5240 3457 5294 isti

1885 5321 2018 5374 nihil
2050 5321 2193 5373 aliud
2229 5319 2436 5374 fuerint
2494 5337 2658 5389 quam
2713 5328 3088 5395 συμμερισταὶ
3136 5329 3230 5382 τοῦ
3264 5330 3457 5392 κόπου.

1885 5411 2084 5462 laboris
2141 5421 2431 5472 consortes.
2481 5412 2855 5485 utBalsangon
2906 5416 3173 5486 loquitur.
3203 5419 3316 5476 Nec
3345 5425 3459 5477 scio

1885 5519 2048 5572 quant
2070 5514 2194 5572 apte
2240 5504 2345 5557 huc
2371 5505 2604 5572 quadret
2634 5510 2948 5577 registrator
2981 5510 3156 5566 Junii.

1957 5595 2066 5650 Nec
2096 5595 2306 5650 Latinis
2335 5599 2707 5656 chartularius
2747 5601 2970 5670 ignotus
2999 5605 3097 5659 fuit
3137 5622 3151 5659 :
3208 5624 3331 5660 nam
3395 5609 3452 5658 S.

1887 5690 2180 5758 Gregorius
2237 5689 2271 5741 1.
2325 5693 2531 5760 tepist.
2588 5693 2656 5747 ’75
2737 5698 2802 5749 ad
2855 5699 3141 5767 cpismpos
3190 5700 3456 5753 Numidia:

1890 5784 2136 5834 scribens
2192 5783 2439 5836 nominat
2500 5783 2764 5838 Hilarium
2817 5789 3210 5842 charta/arium
3282 5808 3457 5854 suum,

1891 5875 1984 5944 qui
2023 5879 2076 5928 in
2094 5875 2330 5929 Africam
2375 5893 2401 5930 a
2435 5879 2841 5947 praedecessore
2866 5878 2925 5933 S.
2950 5879 3195 5951 Gregorii
3256 5885 3457 5940 missus
