4064 6434
592 358 691 423 l7".

1669 356 1750 418 IN
1790 356 2084 418 Lmauu
2130 322 2233 418 os
2266 357 2599 435 oramus
2625 356 2737 419 cr.
2806 409 2816 419 .
3252 374 3261 378 ·
3715 361 3800 426 ιιι

580 478 730 531 sedis
788 474 1101 544 apostolicae
1154 473 1274 527 loco
1328 486 1527 528 causas
1590 471 1993 527 ecclesiasticas
2060 487 2126 523 co
2191 483 2231 534 Α
2264 481 2375 526 vat.
2412 488 2485 535 ιν,
2520 473 2572 526 5.
2609 471 2742 525 Vide
2781 471 3034 525 eumdem
3060 471 3125 526 de
3175 469 3522 528 cliartnlariis
3573 473 3742 529 ablilt.
3774 494 3802 531 x

577 569 877 638 gnnsm-bat
928 578 981 621 et
1026 576 1286 634 tanquam
1339 568 1506 635 judex
1556 565 1849 618 dirimebat
1902 573 1957 617 et
2003 565 2153 633 judi-

578 664 779 727 cabat;
840 662 1151 729 mansitque
1235 661 1289 713 in
1345 660 1537 715 eodem
1592 658 1772 713 officio
1842 657 1897 711 in
1971 656 2153 711 Africa

575 757 738 808 etiam
770 754 870 808 sub
911 752 1159 822 Gregorii
1193 753 1367 823 Magni
1421 752 1768 822 pontificatu,
1824 750 1983 821 cujus
2038 752 2156 819 ipse

577 848 692 900 suis
746 845 798 898 in
843 846 1093 914 epistulis
1124 846 1321 900 crebro
1356 846 1623 899 meminit.
1662 843 1868 898 Verum
1917 844 2149 911 chartu-

578 940 747 993 larius
772 937 963 993 Codini
993 938 1463 1008 longeinferioris
1516 938 1726 992 ordinis
1777 947 1831 993 et
1874 937 2159 1006 dignitatis

575 1042 713 1091 crat,
754 1030 897 1083 inter
922 1031 1156 1084 lectores
1207 1032 1466 1084 nimirum
1500 1031 1857 1093 constitutus,
1897 1039 1952 1083 et
2006 1040 2157 1083 ante-

577 1126 910 1192 pennitimus
943 1125 993 1177 in
1034 1124 1227 1177 ttltima
1260 1124 1516 1193 pentade.

650 1242 828 1293 Porro
860 1254 986 1293 cum
1022 1240 1208 1307 plures
1234 1239 1437 1292 fuerint
1467 1240 1810 1302 cltartularii.
1850 1252 1906 1294 ut
1953 1240 2157 1294 Citrius

575 1343 840 1396 expresse
881 1328 1096 1390 scribit,
1123 1329 1282 1398 160
1305 1346 1400 1383 cur
1423 1329 1667 1385 Codinus
1701 1347 1869 1384 unum
1891 1332 2160 1386 duntaxat

578 1420 869 1473 nominat?
900 1436 967 1473 an
1007 1437 1174 1473 unum
1209 1421 1548 1475 nominando
1578 1422 1819 1492 reliquos
1848 1424 2157 1479 subintelli-

576 1516 707 1585 git?
766 1532 833 1566 an
857 1514 960 1568 iste
1020 1515 1394 1568 chartularius
1445 1516 1535 1584 qui
1592 1515 1645 1569 in
1703 1531 1848 1570 nona
1899 1519 2157 1586 pentade,

577 1608 937 1662 diversuscst
965 1623 993 1659 a
1028 1606 1378 1660 cltartulariis
1424 1622 1631 1675 magnae
1678 1606 1914 1672 sacella},
1968 1623 2161 1662 sceno-

579 1699 814 1769 pltylacii
868 1696 999 1751 etc?
1040 1696 1144 1751 Sed
1176 1696 1322 1765 quod
1348 1695 1579 1749 cilicium
1613 1694 1853 1763 {Junius
1880 1696 2157 1766 expedite:

578 1782 787 1845 utinam
820 1804 967 1843 vere.
1005 1788 1062 1840 Ὀ
1120 1787 1521 1857 χαρτουλάριος
1551 1789 1642 1855 qui
1674 1788 1899 1857 publicis
1932 1788 2156 1855 litteris,

2257 564 2390 614 Cod.
2423 561 2625 616 Justin.
2662 563 2747 616 tit.
2782 562 2853 617 25
2882 561 3097 616 et'infra
3133 563 3227 616 lib.
3266 578 3325 628 ll,
3354 579 3402 618 c.
3438 561 3492 617 5.

2333 654 2396 710 Ρ.
2421 655 2476 710 6.
2496 656 2742 711 Tertium
2776 657 2957 710 locum
2988 656 3199 709 obtinet
3226 655 3255 707 ὁ
3284 654 3595 719 δεποτάτος.
3620 656 3804 711 Cilrius

2262 764 2489 801 numero
2526 748 2894 803 multitudinis
2916 749 3229 803 δεποτὰτοι.
3284 746 3557 813 Quantum
3582 763 3802 801 errorem

2258 838 2452 894 Junius
2500 840 2837 895 commiserit
2895 840 2989 896 fol.
3034 841 3157 903 194,
3204 840 3462 908 deet-ptus
3502 840 3700 894 scilicet
3737 840 3805 893 le-

2260 932 2441 986 ctione
2459 931 2621 999 falsa,
2640 948 2801 1002 quam
2822 932 2983 986 facile
3007 933 3297 987 emendare
3320 941 3547 1002 poterat,
3568 932 3673 1001 jam
3694 934 3804 984 alil-i

2260 1026 2465 1079 dictum
2506 1035 2589 1079 est
2639 1026 2728 1088 (ad
2783 1040 2909 1094 pag.
2945 1025 3057 1095 95).
3107 1024 3162 1078 In
3220 1024 3443 1078 scboliis
3486 1039 3587 1077 non
3642 1023 3804 1076 minus

2262 1116 2475 1185 ineptit.
2520 1117 2578 1169 '0
2607 1118 2914 1179 διποτάτος,
2944 1117 3187 1179 barbare,
3209 1111 3805 1180 cltartulat'ioadjunutts

2261 1211 2654 1279 ἀντιγραφεὺς,
2724 1226 2876 1280 quem
2936 1209 3119 1277 uulgo,
3178 1217 3234 1260 ut
3297 1206 3522 1259 Budaeus
3575 1205 3804 1273 loquitur,

2259 1302 2794 1356 contrarotulatorem
2846 1310 3056 1358 vocant.
3100 1298 3389 1353 Praeclare.
3446 1297 3657 1350 Interim
3720 1311 3805 1347 nos

2259 1397 2553 1448 credamus
2603 1394 2800 1459 Citrio,
2866 1393 2959 1462 qui
2997 1392 3231 1459 deputati
3267 1403 3466 1443 munus
3499 1402 3604 1441 non
3638 1401 3806 1440 nume-

2260 1497 2346 1541 rat
2377 1487 2516 1542 inter
2539 1487 2743 1548 oflicia,
2767 1492 2820 1541 In
2846 1501 2957 1555 quo
2975 1501 3004 1538 a
3039 1484 3253 1538 Codino
3284 1482 3554 1538 dissentit.
3574 1478 3661 1535 sed
3682 1479 3807 1531 inter

2259 1580 2538 1642 διακονίας
2570 1593 2664 1632 seu
2698 1578 3028 1632 ministeria.
3067 1575 3169 1629 Sed
3204 1572 3468 1643 quidquid
3500 1576 3568 1627 sit
3597 1569 3659 1623 de
3697 1568 3806 1632 hoc,

2262 1674 2407 1747 quod
2442 1675 2829 1746 deputatorum
2861 1688 3061 1727 munus
3096 1680 3265 1736 esset,
3294 1669 3381 1723 bis
3403 1666 3579 1721 verbis
3618 1664 3761 1719 docet
3795 1679 3805 1713 ι

2265 1771 2328 1822 Ol
2379 1769 2667 1823 δεποτάτοι
2718 1767 2775 1821 δὲ
2810 1763 3318 1837 μανδυοφοροῦντες
3374 1760 3510 1831 μετὰ
3537 1753 3813 1826 λαμπάδων

578 1884 779 1937 tabulis
827 1882 1295 1950 iustrumeutisque
1356 1881 1721 1947 curantlis‘et
1792 1882 2157 1935 retractandis

2276 1863 2703 1935 προπορεύονται
2725 1860 2821 1914 τοῦ
2852 1877 2910 1913 τε
2938 1859 3096 1927 ἁγίου
3132 1854 3493 1922 Εὺατγελίου,
3522 1851 3675 1903 ὁπότε
3697 1850 3808 1898 ἀνα-

578 1978 899 2030 ronslitttltts
930 1986 1026 2028 est.
1056 1976 1125 2027 At
1159 1974 1263 2027 hoc
1297 1972 1544 2027 ofticium
1606 1975 1841 2042 pertinet
1863 1974 1930 2027 ad
1987 1976 2155 2028 altar-

579 2071 921 2140 topltylacem
954 2067 1185 2136 ejusque
1214 2067 1586 2121 cltartularios
1633 2082 1727 2121 seu
1765 2068 2157 2131 administros,

580 2163 708 2215 item
741 2163 805 2213 a-l
838 2160 1281 2229 protonotarium
1317 2166 1370 2212 ct
1402 2159 1633 2213 similes.
1666 2160 1747 2212 An
1791 2160 2163 2213 cbartularius

585 2256 690 2306 iste
738 2252 879 2305 inter
928 2251 1164 2305 lectores
1218 2250 1495 2317 peettliare
1543 2249 1807 2318 quiddam
1860 2250 2167 2308 obtinebat.

582 2342 796 2397 ratione
827 2339 983 2407 cujus
1009 2341 1335 2393 chartularii
1368 2355 1565 2393 nomen
1584 2348 1873 2411 acceperat
1903 2340 1925 2393 ?
1955 2332 2165 2394 (ἔπιπτε.

657 2480 1087 2550 |Hegtstrorum,
1154 2477 1497 2542 chartarum,
1562 2477 1941 2531 colit-illorum
2023 2492 2165 2531 onus

584 2576 689 2629 Silii
730 2572 1050 2641 impositum
1075 2570 1157 2623 vel
1191 2568 1310 2623 solo
1341 2569 1566 2622 nomine
1612 2570 1981 2624 cbartularius
2028 2569 2172 2623 indi-

584 2680 672 2724 ρει
705 2688 717 2724 ζ
761 2683 997 2738 quorum
1033 2682 1163 2721 νθῐο
1195 2668 1714 2720 commentariorum
1743 2681 1933 2720 curam
1974 2681 2168 2720 SUSCC‘

584 2762 723 2831 perit
754 2763 840 2814 ltic
874 2760 1153 2829 privatim,
1188 2774 1250 2811 ex
1276 2759 1527 2829 genetica
1572 2759 1964 2828 communique
2035 2774 2169 2813 voce

592 2873 697 2908 non
763 2854 920 2907 facile
977 2853 1374 2920 assignaveris.
1437 2852 1735 2905 Sarellarin
1774 2862 1829 2907 et
1881 2868 2171 2908 meonomo

589 2949 795 3017 pariter
822 2946 1055 3016 legimus
1086 2947 1139 2999 in
1189 2942 1573 3014 superioribus
1624 2946 2022 2999 cbartularium
2070 2949 2171 3000 ad-

584 3036 851 3104 iunctum,
882 3033 1099 3099 laboris,
1132 3043 1189 3086 ut
1211 3034 1287 3086 ait
1307 3032 1617 3097 Balsamon,
1641 3038 2057 3106 συμμεριστήνι
2085 3036 2173 3089 hic

585 3144 712 3181 νει-ο
747 3128 985 3181 lectores
1015 3126 1160 3180 inter
1187 3136 1236 3180 Cl
1259 3134 1519 3180 cantores
1555 3128 1862 3181 rccensitus
1886 3142 2170 3180 commen-

588 3222 746 3273 tariis
772 3230 823 3273 et
865 3219 1153 3273 memoriis
1191 3234 1296 3271 non
1339 3219 1588 3288 invigilat
1641 3220 1764 3274 aliis
1820 3234 1983 3289 quam
2042 3236 2163 3289 qum
2195 3210 2237 3266 C
2272 3205 2434 3289 q‘fe'"
2468 3190 2591 3289 ad?
2621 3202 2637 3242 ³

587 3319 821 3369 lectores
860 3324 912 3366 et
945 3323 1202 3366 cantores
1240 3313 1459 3375 decent,
1495 3311 1891 3366 ecclesiasticis
1915 3312 2169 3366 videlicet

587 3406 747 3459 libris
766 3402 1136 3475 proferendis,
1170 3416 1403 3470 quorum
1454 3400 1611 3470 copia
1660 3415 1785 3455 cum
1828 3401 2167 3455 tricesimum

587 3508 813 3567 superet
852 3510 1168 3559 numerum,
1200 3493 1483 3549 custodem
1516 3495 1788 3562 privatum
1823 3509 1931 3548 non
1965 3496 2167 3549 imme-

592 3592 699 3643 tito
768 3589 869 3642 sibi
920 3588 1167 3656 exposcit
1226 3587 1641 3656 assignandum.
1715 3588 1841 3642 lla‘c
1902 3588 2172 3643 Antonius

588 3684 763 3738 tlralis
797 3682 903 3737 CP.
936 3682 1107 3735 lector
1152 3680 1369 3745 retulit;
1400 3682 1487 3734 eui
1518 3696 1621 3733 non
1658 3680 1912 3750 diSplicet
1955 3696 2164 3736 memo-

592 3788 771 3829 ratum
803 3774 870 3826 ab
903 3771 1190 3825 Allatianis
1217 3772 1486 3824 tlccannm
1508 3786 1629 3824 cum
1662 3769 2005 3823 cltartuiario
2037 3785 2172 3823 con-

593 3870 839 3921 fundere.
876 3867 936 3918 '0
971 3865 1217 3927 δεκανδς,
1268 3863 1525 3932 inquiUnt
1550 3864 1661 3926 illa,
1694 3862 1888 3915 τάσσει
1940 3864 2068 3924 τοὺς
2104 3862 2177 3914 te-

594 3964 707 4030 ρεῖς
731 3962 789 4013 ἐν
814 3961 927 4022 τοῖς
952 3958 1272 4029 ἐρχομένοις
1304 3955 1484 4009 αὐτῶν
1513 3956 1870 4026 δικαιώμασι.
1900 3953 2136 4009 Rursum
2160 3973 2175 4009 :

605 4055 665 4105 Ὀ
693 4051 919 4114 (laxavi);
953 4050 1038 4102 ἵνα
1088 4049 1227 4119 θεαλῇ
1259 4049 1385 4111 τοὺς
1443 4049 1610 4116 ἱερεῖς
1656 4048 1737 4108 εἱς
1783 4048 1854 4101 τὰ
1883 4047 2064 4101 αὐτῶν
2101 4047 2179 4100 δι-

596 4146 890 4216 καυτιμχτα
925 4144 1018 4195 καὶ
1046 4140 1498 4210 προσφερέματα.
1530 4139 1758 4205 Quantis
1799 4155 1927 4192 vero
1955 4140 2178 4204 tabulis,

594 4238 834 4301 chartis,
871 4234 1148 4289 codicillis
1206 4242 1260 4286 et
1292 4231 1516 4300 scriptis
1584 4231 1917 4295 ratiociniis,
1974 4233 2178 4301 quibus

596 4330 881 4384 attendere
899 4327 1033 4381 solet
1061 4324 1456 4389 cbartularius,
1497 4339 1639 4392 opus
1664 4324 1754 4389 sit,
1790 4327 1954 4378 etiam
1984 4326 2066 4378 vir
2094 4327 2147 4378 in
2166 4355 2181 4363 -

532 4432 535 4436 '
599 4421 905 4490 tt'get't'itnze
979 4417 1338 4470 conscientia:
1395 4415 1839 4485 ﬁdelissimu‘que
1898 4418 2180 4472 memoria:

597 4516 815 4565 latctur.
851 4492 1051 4579 Gesn]

676 4628 827 4679 tuter
844 4623 1139 4693 dignitates
1158 4622 1424 4693 palatinas
1446 4632 1528 4678 est
1551 4622 1577 4675 6
1597 4621 1770 4691 μέγας
1796 4620 2179 4677 chartularius.

597 4721 732 4788 Quis
795 4719 987 4783 fuerit,
1041 4719 1198 4771 docet
1268 4716 1513 4771 Zonaras
1552 4717 1605 4769 in
1667 4713 2181 4771 Leone'lsaurico:

609 4818 671 4867 '0
704 4814 813 4867 τῶν
840 4811 1142 4882 βασιλικῶν
1172 4809 1508 4877 ἱπποκόμων
1542 4808 1871 4873 ἐπιστατῶν,
1905 4810 2184 4879 prwfectus

607 4908 968 4976 imperatoriis
1035 4904 1396 4973 equisonibus.
1458 4900 1799 4956 Pertinuisse
1861 4902 2183 4970 dignitatem

602 5003 741 5054 bam:
768 5000 835 5053 ad
870 5013 1057 5052 curam
1095 4997 1298 5051 stabuli
1359 4994 1493 5062 regii
1525 4994 1688 5047 ducet
1744 4998 1859 5064 ipse
1915 4994 2183 5061 Codinus,

600 5109 799 5146 munus
831 5092 1009 5157 magni
1041 5087 1360 5143 cbartnlarii
1392 5086 1675 5156 esplicans
1708 5102 1758 5140 c.
1794 5086 1864 5153 5;
1908 5086 2013 5141 fuit
2042 5089 2187 5142 inter

602 5186 861 5239 militaria
930 5182 1112 5238 oflicia
1162 5176 1571 5236 rcitartttlurius.
1642 5180 1697 5235 Id
1778 5180 2047 5250 liquidum
2116 5196 2182 5234 ex

603 5280 785 5333 Leone
819 5278 1168 5345 imperatore.
1211 5276 1303 5344 qui
1350 5273 1562 5329 diataxi
1621 5272 1779 5327 tertia
1819 5288 1945 5326 cum
2002 5282 2189 5342 proto-

601 5370 820 5425 notario
853 5369 1112 5423 thematis
1146 5376 1203 5421 et
1253 5383 1377 5419 cum
1425 5375 1661 5434 praetore
1679 5366 1797 5420 sive
1836 5364 2023 5433 judice
2060 5365 2184 5418 the-

606 5466 771 5517 matis
840 5467 1097 5513 numerat
1151 5474 1373 5527 quoque
1439 5456 1833 5511 cltartulat‘ium
1902 5458 2184 5521 thematis,

602 5573 765 5627 quem
791 5555 1150 5610 constitutum
1178 5551 1310 5603 dicit
1337 5548 1472 5617 πρὸς
1506 5549 1603 5619 τὴν
1627 5549 1720 5601 τοῦ
1740 5547 1975 5620 στρατοῦ
2010 5566 2185 5602 κατα-

604 5648 823 5717 γραφὴν
858 5648 950 5697 καὶ
979 5643 1345 5713 ἀναζήτησιν,
1382 5642 1726 5696 describenda
1776 5654 1826 5696 et
1864 5643 2182 5697 recensendo

605 5740 881 5793 exercitui.
906 5736 1035 5791 Vide
1074 5734 1367 5804 Rigaltium
1400 5736 1569 5790 verbo
1620 5739 2040 5804 protouotarius.
2077 5736 2181 5800 Qui

605 5834 716 5888 sint
748 5830 979 5882 homines
1010 5827 1349 5891 clturtttlm'ii,
1389 5828 1569 5883 disces
1601 5844 1665 5883 ex
1701 5827 1927 5894 tlujacio
1978 5826 2179 5883 Obser-

2265 1955 2493 2023 φέρεται
2523 1955 2601 2017 εἰς
2623 1953 2715 2006 τδν
2765 1950 2996 2020 ἄμϐωνα
3021 1950 3174 2019 161
3199 1948 3334 2016 πρὸς
3361 1945 3676 2012 ἀνάγνωσιν,
3706 1939 3791 1991 καὶ

2276 2050 2388 2100 τῶν
2434 2047 2606 2115 ἁγίων
2623 2044 2817 2115 δώρων
2856 2044 2915 2096 ἔν
2962 2059 3021 2094 τε
3057 2044 3123 2111 τῇ
3158 2042 3237 2102 εἰς
3264 2039 3365 2108 τὴν
3385 2038 3543 2106 ἁγίαν
3562 2028 3814 2099 τράπεζαν

2266 2140 2459 2208 εἰσόδῳ
2515 2138 2611 2192 καὶ
2656 2138 2712 2190 ὲν
2745 2138 2812 2207 τῇ
2848 2136 2927 2198 εἰς
2982 2134 3082 2205 τὴν
3141 2132 3404 2202 πρόθεσιν
3461 2123 3691 2191 ὲπανὸδῳ
3735 2119 3817 2174 αὖα

2267 2234 2397 2286 τῶν.
2447 2230 2649 2286 Gnms.

2342 2344 2432 2419 [Ρ.
2460 2345 2513 2401 6.
2544 2345 2598 2398 '0
2626 2342 2977 2408 (Stratonicae.
3013 2341 3285 2396 Allatiana
3309 2358 3326 2395 :
3348 2339 3409 2392 Ὀ
3439 2334 3720 2393 δεποτάτος
3737 2344 3822 2382 πε-

2273 2438 2519 2508 ριπατῶν
2570 2436 2886 2507 ἔμπροσθεν
2923 2434 3020 2488 τοῦ
3079 2432 3391 2505 ἀρχιερέως
3423 2427 3704 2499 καθαρίζει
3745 2422 3826 2476 τὸν

2269 2530 2398 2582 λαὸν
2428 2529 2537 2581 ἀπὸ
2560 2530 2662 2595 τὴν
2704 2528 2971 2597 στράταν,
3025 2527 3165 2579 viam
3226 2523 3428 2592 populo
3470 2519 3708 2574 mundam
3748 2528 3825 2567 ra-

2270 2632 2525 2684 cuamque
2553 2615 2750 2670 reddit.
2773 2616 2891 2668 Alia
2913 2632 2928 2667 :
2948 2614 3006 2666 Ὀ
3028 2613 3320 2673 δεποτάτος
3362 2613 3429 2666 νὰ
3450 2609 3586 2678 καλῇ
3611 2602 3829 2671 105:5?”

2270 2721 2464 2774 χοντας
2491 2705 2568 2767 εἰς
2598 2704 2693 2756 τὸν
2719 2702 2988 2773 ἀρχιερέα
3020 2702 3117 2755 καὶ
3158 2702 3223 2755 νὰ
3270 2698 3556 2771 καθαρίζει
3594 2695 3681 2748 τὸν
3722 2689 3830 2743 λαὸν

2270 2799 2379 2851 ἀπὸ
2408 2797 2507 2867 τὴν
2541 2798 2807 2867 στράταν.
2833 2792 3040 2865 Genu]

2348 2913 2595 2969 Fuerunt
2617 2916 2779 2967 etiam
2812 2911 3052 2981 deputati
3080 2910 3221 2962 inter
3282 2908 3468 2963 ofﬁcia
3522 2900 3737 2963 militiis,
3769 2897 3824 2949 de

2272 3005 2471 3076 quibus
2504 3004 2676 3057 multa
2704 3018 2768 3057 ex
2848 3001 3015 3055 variis
3064 3001 3463 3068 imperatorum
3514 2987 3826 3049 constitutio-
3916 3037 3928 3052 ,

2277 3101 2440 3153 nibus
2486 3096 2757 3167 Rigaltius
2811 3095 2865 3149 in
2926 3109 3029 3147 suo
3088 3094 3286 3157 lexico,
3340 3092 3505 3145 verbo
3550 3082 3827 3141 δεποτάτυι,

2711 3186 2808 3240 ihil
2848 3184 2992 3239 enim
3019 3182 3095 3237 illi
3152 3182 3219 3236 ad
3274 3196 3403 3247 nos,
3451 3180 3543 3250 qtti
3598 3171 3830 3233 ecclesia-

2272 3280 2407 3333 stica
2444 3278 2626 3332 ofﬁc-ia
2680 3286 2996 3330 tractamus.

2352 3393 2493 3449 Ibid.
2518 3392 2783 3463 Sequitur
2809 3393 2836 3444 ὀ
2860 3393 2954 3444 ἐπὶ
2981 3390 3081 3461 τῆς
3109 3389 3328 3452 ποδέας.
3362 3384 3555 3444 Junius
3582 3383 3830 3457 praefectus

2276 3489 2625 3541 instrumento
2661 3502 2836 3539 sacro.
2859 3482 2934 3537 De
2961 3499 3068 3550 quo
3088 3486 3197 3536 duo
3217 3486 3403 3551 potius
3429 3482 3672 3551 διιμρὶοοιη
3690 3487 3830 3544 quam

2277 3579 2417 3633 scio.
2460 3575 2601 3641 Quid
2636 3576 2682 3629 si
2715 3575 2743 3626 ὁ
2766 3574 2862 3626 ἐπὶ
2882 3573 2980 3642 τῆς
3018 3572 3215 3634 ποδέας
3234 3574 3308 3626 sit
3342 3573 3430 3626 ille
3449 3570 3542 3641 qui
3575 3567 3831 3639 pavimen-

2280 3672 2320 3725 ti
2352 3672 2405 3724 in
2430 3670 2621 3739 Magna
2665 3666 2899 3722 ecclesia
2933 3680 3125 3719 curam
3185 3664 3462 3735 gerebat?
3502 3660 3634 3715 Nam
3688 3655 3834 3709 ποδέα

2277 3776 2361 3821 est
2388 3767 2580 3827 solum,
2606 3763 3001 3833 pavimentum;
3028 3759 3173 3813 unde
3206 3759 3504 3813 Germanis
3535 3757 3625 3808 der
3656 3749 3834 3803 Baden-

2282 3861 2350 3915 Et
2396 3866 2548 3927 patet
2585 3858 2687 3910 hoc
2711 3873 2774 3911 ex
2802 3853 3121 3925 Originibus
3151 3851 3276 3922 Cp.,
3308 3852 3402 3906 ubi
3465 3849 3699 3903 ambitus
3749 3839 3836 3893 foni

2280 3952 2479 4006 dicitur
2498 3948 2668 4002 fuisse
2693 3946 2922 4015 aqualis
2956 3944 3052 4013 τῆς
3085 3942 3280 4004 ποδέας
3303 3944 3402 4013 τῆς
3426 3941 3626 4010 κόρτης
3651 3936 3736 3989 τοῦ
3760 3950 3838 4004 με-

2282 4043 2454 4111 γάλου
2510 4038 2958 4093 Κωνσταντινου.
3019 4036 3083 4089 Et
3122 4036 3149 4087 ὁ
3204 4034 3301 4087 ἐπὶ
3352 4035 3456 4103 τῆς
3508 4032 3696 4090 ποδέας
3730 4026 3833 4080 ideo

2283 4134 2573 4189 etiamdici
2617 4131 2808 4200 nequit
2838 4128 3121 4198 praefectus
3177 4127 3521 4180 instrumenti
3571 4123 3704 4177 sacri
3755 4130 3836 4172 seu

2284 4226 2653 4298 supellectilis,
2685 4224 2813 4293 quia
2850 4222 3174 4275 distinctum
3201 4228 3254 4272 et
3284 4220 3564 4288 proln'ium
3625 4211 3842 4269 officium

2285 4330 2367 4376 est
2401 4323 2428 4374 ὁ
2454 4320 2628 4390 μέγας
2657 4314 3000 4384 σκευοφὺλαξ
3047 4308 3267 4385 κρατῶν
3318 4314 3389 4365 τὰ
3433 4311 3604 4380 σκεύη
3644 4308 3735 4375 τῆς
3761 4305 3842 4355 ὲκ-

2287 4413 2520 4482 κλησίας
2543 4450 2557 4465 .
2588 4409 2728 4476 Quid
2747 4410 2791 4463 si
2828 4408 2900 4462 sit
2930 4423 3074 4463 unus
3102 4422 3166 4460 ex
3202 4405 3452 4477 θεωροῖς,
3510 4421 3575 4459 ex
3623 4395 3848 4457 custodi—

2290 4507 2393 4561 bus
2421 4505 2535 4574 qui,
2561 4511 2620 4556 ut
2639 4502 2711 4555 ait
2742 4501 2965 4571 Citri‘us,
3003 4500 3102 4568 τὴν
3131 4497 3381 4569 φυλακὴν
3407 4498 3501 4550 καὶ
3530 4496 3751 4565 τήρησιν
3772 4504 3848 4539 πι-

2295 4596 2576 4651 στεύονται
2604 4597 2717 4648 τῶν
2771 4594 2934 4663 ἱερῶν
2969 4594 3183 4645 σκευῶν
3226 4594 3322 4644 καὶ
3354 4591 3464 4644 τῶν
3495 4584 3849 4655 καλυμμάτων

2290 4691 2492 4757 αὐτῶν,
2522 4689 2571 4741 et
2596 4687 2834 4758 μάλιστα
2858 4686 3206 4756 εὑρίσκονται
3227 4684 3405 4737 ταῦτα
3426 4683 3593 4744 λίθοις
3615 4679 3704 4732 καὶ
3728 4689 3851 4744 μαρ-
3903 4732 3909 4741 ,

2288 4788 2480 4857 γάροις
2512 4783 2889 4853 κοσμούμενα.
2924 4781 3075 4834 Adde
3133 4781 3278 4847 quod
3347 4780 3402 4832 itt
3472 4779 3734 4843 Turcogr.
3756 4810 3771 4833 ,
3803 4782 3850 4835 p-

2292 4879 2417 4942 l8l,
2460 4878 2650 4938 ποδαίς
2684 4892 2783 4947 pro
2843 4872 3068 4928 vestibus
3122 4887 3215 4925 seu
3274 4870 3589 4939 tegumentis
3625 4868 3804 4931 legitur
3839 4872 3851 4907 :

2292 4972 2431 5040 μετὰ
2460 4967 2900 5039 εὐμορφοτάταις
2927 4965 3143 5026 ποδαίς.
3175 4963 3447 5031 lnterpres
3476 4980 3488 5014 :
3514 4959 3716 5014 ornavit
3740 4963 3855 5005 tem-

2287 5064 2434 5133 plum
2465 5062 2784 5131 imaginibus
2831 5054 3189 5128 pulcherrime
3219 5056 3421 5110 vestitis
3456 5070 3475 5118 ς
3535 5053 3589 5105 in
3627 5047 3852 5115 margine

2290 5158 2513 5211 additur
2593 5154 2735 5223 μετὰ
2802 5153 3156 5221 ὡραιοτάτων
3222 5146 3692 5217 ὲφαπλωμάτων,
3749 5148 3852 5190 cum

2290 5249 2670 5304 venustissimis
2722 5246 3120 5316 integumentis.
3163 5242 3301 5307 Quid
3330 5242 3375 5294 si
3411 5244 3606 5294 borum
3636 5245 3688 5291 et
3720 5230 3854 5285 sitni-

2290 5344 2425 5398 lium
2468 5358 2600 5396 cura
2662 5341 2728 5395 ad
2763 5344 2927 5394 istum
2971 5334 3300 5406 spectabat?
3332 5334 3543 5387 (iners.

2362 5456 2414 5530 [1
2421 5456 2529 5511 bid.
2551 5455 2759 5509 ῐιοδέαν
2783 5452 3055 5508 Meursius
3084 5450 3475 5518 interpretatur
3511 5436 3857 5531 ministerium.

2288 5550 2558 5604 utensilia.
2608 5546 2721 5602 Nisi
2767 5560 2886 5613 qua:
2927 5544 3038 5598 sint
3096 5543 3187 5595 illa
3252 5538 3523 5608 proferas,
3576 5532 3861 5587 ministerio

2296 5653 2393 5697 tuo
2424 5659 2532 5697 non
2581 5651 2727 5706 utar,
2767 5639 2995 5692 Meursi.
3052 5635 3288 5688 Prosunt
3332 5631 3569 5703 amplius
3624 5620 3862 5677 Graecula:

2296 5737 2580 5795 mulieres.
2652 5748 2773 5802 qua:
2834 5730 3035 5783 ποδέαν
3088 5737 3295 5796 partem
3354 5722 3526 5775 vestis
3571 5714 3859 5806 inferiorem

2294 5841 2453 5881 Crura
2500 5799 2774 5886 pedesque
2844 5836 2973 5875 suos
3023 5820 3292 5891 velantcm
3363 5811 3637 5864 vocitant:
3693 5799 3862 5857 utilius
