4064 6442
223 400 310 483 tu

218 608 341 661 nica:
366 624 524 661 orum
560 617 767 662 terram
796 609 1207 675 allambentem,
1242 610 1373 679 quia
1400 611 1565 679 pedes
1594 610 1788 675 ambit,

218 698 408 760 ποδέας
437 697 659 753 'nomen
720 701 942 755 mereri.
995 699 1259 756 Profnere
1313 718 1423 770 prae
1456 703 1667 756 caeteris
1713 702 1792 756 illi

222 792 460 847 sacristae
483 792 688 855 Graeci,
710 793 803 861 qui
835 794 1083 848 anterius
1143 794 1334 849 altaris
1384 802 1791 857 ornamentum,

225 900 513 953 sacrasque
545 886 671 942 illas
699 896 880 942 vestes
935 888 1239 944 sericasvel
1280 903 1417 943 auro
1472 898 1651 942 textas
1711 886 1795 941 vel

228 978 371 1040 etiam
397 993 468 1030 ex
498 993 644 1032 auro
669 978 846 1033 solido
870 980 952 1033 vel
985 990 1214 1047 argento
1245 979 1545 1039 confectas.
1569 996 1632 1035 ac
1663 981 1798 1035 ima-

229 1070 430 1137 ginibus
466 1071 526 1124 iu
568 1071 823 1126 ecclesiis
853 1073 1368 1142 circnmponendas,
1425 1073 1618 1133 ποδὲας
1658 1092 1802 1129 nun-

230 1162 408 1230 cupari
442 1172 829 1217 asseruerunt.
876 1163 1061 1219 Fidem
1115 1166 1332 1220 cunctis
1392 1180 1429 1221 a
1480 1181 1569 1221 me
1617 1167 1800 1221 datam

230 1254 511 1308 continuat
545 1254 750 1309 Nicetaa
781 1256 1083 1312 auctoritas
1116 1256 1171 1310 in
1227 1257 1394 1312 variis
1432 1257 1560 1327 ejus
1618 1257 1808 1312 lectio-

236 1346 387 1401 nibus
418 1347 645 1401 obviam
682 1348 842 1412 facta,
873 1349 928 1401 in
951 1348 1162 1403 lsaacio
1190 1350 1408 1418 quidem
1444 1350 1657 1418 Angelo
1690 1352 1726 1404 l.
1749 1364 1803 1403 ιτ

236 1442 519 1509 Οἱκήματα
546 1441 914 1510 κατήρειψαν,
950 1442 1042 1496 τὸν
1084 1442 1234 1495 ἔνδον
1270 1442 1505 1495 πλοῦτον
1545 1442 1810 1513 περιεϐά-

236 1533 403 1594 λοντο,
426 1534 471 1584 ιε
483 1532 555 1601 ρὰ
580 1532 963 1602 ἀνηρεύνησαν
987 1534 1410 1604 φροντιστήρια,
1434 1534 1629 1597 ποδέας
1650 1536 1810 1606 ἀφεί-

235 1626 383 1678 λοντο
412 1627 525 1677 τῶν
554 1626 750 1691 ἁγίων,
795 1626 883 1682 cui
914 1628 1091 1683 ultimi
1125 1630 1417 1683 commatis
1454 1630 1576 1683 vice
1609 1630 1713 1683 alia
1738 1630 1814 1684 le-

241 1719 341 1771 ctio
388 1720 611 1786 reponit
654 1718 857 1772 ἔπιπλα
907 1720 1195 1787 ἀφείλοντο
1255 1721 1501 1790 παναγῆ.
1557 1721 1810 1789 Ejusdem

1318 403 1707 464 GBETSERI
1745 406 1835 463 ET
1871 405 2111 466 GOAlil
2151 407 2391 467 NOTAE.

220 515 385 571 adhuc
413 530 505 568 mc
576 516 896 571 docuerunt
924 515 1045 580 viri,
1066 516 1256 570 talaris
1273 518 1655 586 cujuscunque
1705 531 1790 572 tu-
1820 520 1865 574 Α

3384 404 3485 470 ῙῙ8

2492 519 2718 575 CAPUT
2752 520 2892 574 XIV.

1902 634 1975 687 De
2028 634 2150 686 aliis
2196 634 2511 703 quibusdam
2577 637 2769 704 ofﬁciis
2810 636 3178 691 ecclesiasticis
3229 653 3259 688 α
3320 633 3489 688 Citrio

1967 706 2499 778 enunieratis,deque
2537 706 2644 761 illis
2697 724 2815 778 qua:
2877 709 3029 761 hodie
3083 708 3221 773 apud
3279 704 3490 758 Gta’cos

1969 777 2167 828 usitata
2194 785 2337 832 sunt.

1973 890 2032 944 In
2105 892 2518 946 enumeratione
2590 890 2901 946 officiorum
2977 891 3484 947 ccclesiasticorum

1906 996 2013 1035 non
2062 982 2313 1036 convenit
2377 982 2582 1039 Citrius
2638 998 2760 1038 cum
2811 984 3042 1049 Codino,
3072 994 3128 1038 ut
3167 998 3332 1053 supra
3381 997 3429 1035 c.
3461 981 3492 1035 (Ξ

1908 1074 2246 1128 monuimus.
2304 1074 2536 1128 Causam
2592 1075 2764 1140 addit,
2817 1077 2944 1145 quia
3004 1075 3326 1146 patriarcha:
3377 1073 3497 1127 haec

1908 1168 2093 1220 omnia
2148 1166 2413 1221 arbitra-tn
2464 1182 2565 1221 suo
2625 1167 2915 1221 mutabant
2978 1168 3385 1237 depressusque
3438 1167 3493 1221 in
3584 1208 3595 1221 .

1910 1259 2080 1310 altum
2107 1257 2416 1312 evehebant
2461 1268 2515 1312 et
2556 1267 2779 1312 evectos
2831 1258 3216 1328 deprimebant
3250 1267 3303 1312 et
3355 1274 3497 1313 nova

1911 1349 2093 1402 munia
2120 1347 2506 1412 instituebant,
2540 1360 2702 1417 prout
2739 1350 2868 1405 huic
2895 1351 2979 1404 vel
3013 1351 3088 1404 illi
3146 1351 3498 1420 gratiﬁcandi

1910 1442 2170 1495 voluntas
2215 1439 2443 1496 ferebat.
2485 1440 2690 1498 Praeter
2714 1443 2894 1498 ofﬁcia
2930 1459 2957 1497 a
3006 1444 3215 1498 Codino
3272 1461 3501 1497 enume-

1913 1544 2029 1586 rata
2063 1542 2191 1587 snnt
2221 1533 2371 1588 istmc
2430 1549 2446 1586 :
2494 1534 2552 1587 Ὀ
2590 1537 2684 1588 ἐπὶ
2745 1536 2854 1589 τῶν
2911 1536 3297 1605 κατηχήσεων,
3356 1545 3504 1589 cate-

1914 1628 2109 1690 cltista,
2168 1628 2650 1697 orphauotrophus,
2700 1641 2932 1699 quatuor
2968 1629 3298 1698 defensores.
3347 1632 3444 1681 καὶ
3476 1632 3505 1681 ὁ

1916 1718 2296 1788 περιοδευτὴς,
2329 1721 2547 1773 circitor
2580 1718 2882 1783 Bonelidio,
2944 1720 3352 1775 correctoribus
3384 1722 3507 1770 risi-

242 1808 422 1861 lsaacii
447 1810 487 1861 Ι.
528 1824 587 1862 m
616 1827 631 1862 :
660 1810 764 1861 Τὸν
800 1809 857 1861 ἐν
892 1810 1213 1879 ἀνακτόροις
1266 1810 1616 1881 περιώνυμον
1660 1812 1809 1875 ναδν,

1933 1820 2082 1864 lator.
2144 1811 2284 1877 Quid
2322 1812 2467 1867 sisit
2504 1812 2596 1867 ille
2635 1828 2797 1881 quem
2826 1811 3093 1880 Typicum
3129 1812 3302 1866 sancti
3349 1812 3507 1863 Salue

240 1900 293 1956 δς
313 1901 412 1955 νέα
438 1900 581 1969 μονὴ
618 1901 999 1971 κικλήσκεται,
1052 1902 1201 1966 Θείας
1248 1905 1433 1973 πάσης
1477 1904 1674 1967 ποδέας
1699 1903 1813 1973 ἐψί-

242 1993 396 2046 lusa.
429 1993 553 2046 Alia
581 1993 915 2049 lectiobafou
940 1994 1141 2058 παντὸς
1174 1994 1409 2049 ἐπίπλου
1440 1994 1697 2064 ἐψίλωσε.
1736 1994 1813 2049 Ex

246 2083 583 2150 hiseonjieio
601 2084 691 2136 τὸν
706 2086 802 2137 ἐπὶ
830 2087 1024 2149 ποδέας
1047 2101 1168 2141 esse
1189 2087 1269 2141 vel
1289 2089 1382 2156 qui
1402 2087 1648 2142 ecclesiae
1670 2100 1812 2144 stra-

246 2175 391 2242 gulas
420 2185 628 2238 vestes,
649 2177 767 2231 sive
782 2180 954 2233 muris
975 2179 1091 2232 sive
1110 2180 1377 2235 altaribus
1406 2181 1671 2236 ornandis
1715 2182 1821 2237 sub
1858 2168 1863 2172 ’

247 2279 335 2316 sna
364 2265 733 2333 dispositione
764 2280 993 2330 teneret,
1023 2270 1108 2324 vel
1136 2270 1231 2340 qui
1266 2281 1489 2327 sanctas
1548 2273 1821 2341 imagines

248 2357 383 2411 lictis
428 2358 682 2414 vestibus
738 2360 1186 2432 circumtegeret,
1238 2364 1322 2418 vel
1363 2363 1622 2434 denique,
1673 2364 1819 2434 quod

248 2452 443 2521 certius
494 2462 744 2517 autumo,
771 2454 969 2510 limbos
997 2456 1403 2524 pontificiarum
1432 2458 1668 2512 vestium
1716 2459 1819 2513 ho-

249 2545 396 2599 noris
451 2545 635 2616 gratia
682 2545 883 2601 soleret
911 2562 943 2601 e
1003 2557 1147 2603 terra
1196 2550 1408 2615 tollere,
1438 2551 1582 2620 quod
1625 2567 1824 2606 munus

251 2639 385 2705 apud
406 2654 513 2693 uos
534 2640 880 2707 magnatibus
908 2657 936 2695 a
965 2642 1140 2696 servis
1184 2644 1480 2713 puerisque
1501 2644 1823 2699 honerariis

256 2739 555 2795 praestatur,
585 2732 671 2786 cui
690 2731 853 2785 etiam
879 2734 1233 2802 exsequendo
1256 2734 1499 2789 ofticium
1526 2736 1826 2789 caudatarii

265 2823 469 2876 nomine
519 2821 764 2889 pontifex
801 2839 1051 2897 summus
1072 2835 1127 2879 et
1184 2824 1496 2882 cardinales
1530 2826 1825 2887 voluerunt

270 2908 320 2962 in
345 2909 763 2966 Romana-curia
795 2914 1132 2969 inStitutum.
1190 2914 1579 2986 Conjecturam
1634 2932 1829 2988 appro-

264 3004 403 3058 lmit
436 3006 714 3061 Antonius
744 3005 921 3062 Cralis
946 3017 1304 3073 memoratus,
1337 3008 1405 3063 ab
1437 3010 1594 3064 altari
1642 3019 1825 3064 tamen

261 3107 312 3150 et
343 3099 495 3168 162
516 3099 747 3154 ecclesia
771 3100 1133 3154 ministerium
1171 3099 1295 3169 ejus
1353 3102 1609 3163 semovit.
1650 3110 1705 3156 et
1732 3116 1829 3169 per

1919 1902 2168 1957 nominat
2191 1902 2558 1973 ὲξυπνιαστὴν
2592 1918 2686 1958 seu
2750 1902 3107 1972 ὲξυπνίστην,
3135 1906 3504 1962 επεὲιαιογυηι,

1918 1997 2077 2060 cujus
2134 2002 2256 2047 erat
2320 1994 2374 2048 in
2399 1994 2600 2064 vigiliis
2632 2003 2692 2049 et:
2753 1995 3092 2065 ἀγρυπνίαις
3147 1995 3387 2049 circuire
3454 2004 3510 2047 et

1919 2087 2298 2143 somnulentos
2318 2087 2564 2143 excitare
2596 2086 2630 2140 ῒ
3468 2148 3487 2157 _

1990 2178 2195 2233 Pra-ter
2218 2180 2322 2235 hos
2353 2191 2603 2236 recenset
2637 2181 2849 2237 Citrius
2885 2183 3091 2235 theoros
3119 2196 3214 2235 seu
3236 2182 3506 2253 custodes,
3578 2228 3589 2239 ,

1920 2281 1974 2326 et
2000 2273 2311 2341 deputatus,
2331 2275 2396 2327 de
2424 2274 2627 2343 quibus
2652 2275 2830 2343 capite
2873 2275 3161 2341 superiore
3191 2289 3207 2337 ;
3269 2273 3512 2339 itemque

1923 2365 2237 2418 camisatos.
2308 2365 2413 2419 Sed
2475 2366 2628 2419 addit
2687 2367 2800 2421 haec
2840 2384 2853 2419 :
2898 2366 3012 2417 Οὐκ
3058 2366 3199 2417 εἰσιν
3252 2363 3508 2432 duplicia,

1923 2455 2058 2507 ἀλλὰ
2085 2455 2350 2508 διακονίαι
2384 2458 2510 2526 περὶ
2534 2458 2595 2509 τὸ
2629 2458 2781 2521 ἆγιον
2813 2456 2986 2527 βῆμα.
3016 2456 3175 2522 ρηωὰ
3226 2458 3515 2510 σαυιὶδηιο-

1924 2563 2040 2601 rum
2077 2548 2148 2601 sit
2170 2546 2439 2613 officium,
2471 2548 2555 2602 his
2578 2548 2763 2603 verbis
2789 2548 2949 2603 docet
2979 2564 2994 2602 :
3028 2547 3513 2616 Camisati-fereu-

1925 2641 2008 2695 dis
2048 2636 2129 2694 ad
2150 2641 2319 2694 altare
2340 2641 2657 2694 carbonibus
2706 2651 2755 2694 et
2800 2642 2968 2695 sacris
3023 2641 3275 2695 lebetibus
3315 2642 3513 2712 calefa-

1926 2728 2125 2782 ciendis
2183 2729 2428 2797 occupati
2491 2738 2639 2792 sunt,
2697 2738 2751 2782 ut
2805 2730 2921 2783 illic
2987 2745 3131 2782 more
3164 2730 3324 2783 solito
3368 2747 3511 2796 aqua

1927 2822 2130 2891 fervens
2184 2822 2353 2875 sacris
2430 2820 2690 2874 calicibus
2786 2821 3091 2888 tempestiue
3167 2822 3516 2894 iu[umlatnr.

1931 2910 2298 2967 Solentenim
2358 2909 2557 2973 Graeci,
2630 2919 2689 2965 ut
2739 2911 2927 2965 videre
2986 2913 3146 2967 estin
3180 2912 3403 2979 liturgia
3454 2914 3512 2965 S.

1927 3005 2305 3074 Chrysostomi
2338 3004 2391 3058 et
2424 3006 2483 3060 in
2513 3003 2749 3059 Theoria
2779 3021 2971 3059 rerum-
2997 3006 3511 3061 ecclesiasticarum

1931 3095 2191 3152 Germani
2225 3108 2277 3151 et
2302 3097 2357 3150 in
2393 3096 2749 3166 Expositione
2781 3098 3017 3166 litnrgite
3067 3097 3357 3162 Cabasilzu,
3421 3113 3519 3152 ca-

260 3192 375 3245 vias
418 3200 631 3245 tantum
680 3192 907 3261 locaque
958 3193 1243 3262 gressibus
1293 3192 1543 3248 difficilia
1608 3195 1826 3250 monuit
1857 3194 1900 3251 Ω
1932 3192 2020 3245 lici
2057 3191 2213 3262 163
2240 3190 2353 3260 jam
2383 3197 2708 3245 couisccrato
2733 3191 2835 3244 sub
2881 3190 3060 3258 ipsum
3109 3191 3517 3244 communionis

262 3283 502 3338 adhiberi
533 3293 880 3339 consuetum.
923 3283 1126 3356 Coum]

328 3374 500 3445 Γισθι
530 3376 599 3429 δὲ
622 3376 717 3431 καὶ
748 3376 942 3431 τοῦτο.
968 3378 1042 3431 Τὸ
1074 3377 1351 3431 συνοδικδν
1378 3379 1474 3433 καὶ
1505 3379 1539 3451 ἠ
1586 3379 1831 3445 ἀνάγνω-

266 3485 346 3532 σις
370 3471 579 3535 ἅπασα,
619 3471 647 3522 ὁ
679 3472 1027 3541 χαρτοφύ).αξ
1072 3472 1441 3539 ἀναγινώσκει
1475 3474 1640 3527 αὐτὰ.
1681 3474 1744 3527 El
1778 3475 1834 3527 δὲ

268 3560 364 3613 οὐκ
392 3560 908 3633 ἐπιχαρτοφύὶαξ,
963 3559 1074 3629 οἷος
1106 3564 1379 3634 πρωτεύει
1432 3566 1540 3619 τῶν
1591 3566 1836 3636 ἀξιωμά-

268 3671 391 3710 των.

339 3751 444 3801 Καὶ
467 3749 977 3820 διερμηνευσόμεθα
999 3752 1094 3804 καὶ
1111 3752 1181 3803 τὰ
1206 3751 1385 3821 μήνεα
1404 3751 1512 3804 τῶν
1530 3749 1835 3821 κληρικῶν.

282 3838 557 3912 Ἦπρώτη
591 3842 790 3903 πεντὰς
838 3842 905 3894 τὰ
935 3842 1184 3912 διπ).ᾶ,ή
1243 3842 1474 3911 δευτέρα
1520 3842 1723 3903 πεντὰς
1778 3842 1837 3895 ἒν

271 3938 359 3989 καὶ
390 3938 586 4005 ἥμισυ.
626 3937 660 4005 ἡ
690 3935 849 4005 τρίτη
876 3935 1076 3998 πεντὰς
1103 3934 1160 3987 ἓν
1187 3934 1281 3988 καὶ
1310 3935 1591 4005 τέταρτον.
1635 3936 1839 4006 ’Δρχε-

273 4045 357 4081 ται
384 4028 478 4081 οὖν
502 4028 596 4081 καὶ
614 4031 641 4082 δ
660 4030 1040 4098 πρωτοπαπᾰς
1070 4031 1151 4091 εἰς
1193 4028 1261 4082 τὰ
1292 4029 1456 4082 διπλᾶ
1483 4029 1600 4084 τοῦ.

338 4119 488 4189 Αὕτη
514 4123 664 4172 ἐστὶν
691 4121 722 4189 ὴ
747 4121 991 4185 διάταξις
1022 4121 1122 4192 τῆς
1162 4123 1323 4187 ἁγίας
1348 4122 1442 4174 τοῦ
1469 4122 1607 4175 Θεοῦ
1642 4122 1840 4195 ἐκκλη-

278 4211 413 4274 σίας,
473 4212 650 4281 ἥνπερ
683 4212 1079 4279 ἐνομοθέτησαν
1139 4213 1189 4265 οἱ
1224 4213 1520 4280 ἁγιώτατοι
1566 4215 1841 4285 πατριάρ-

278 4319 363 4370 χαι
396 4304 492 4355 καὶ
516 4303 568 4354 οἱ
598 4303 965 4371 οἱκουμενικοὶ
1007 4303 1249 4374 Πατέρες
1306 4306 1459 4377 παρὰ
1510 4306 1620 4359 τῶν
1669 4308 1842 4376 ἁγίων

281 4395 528 4457 συνῦδων,
554 4396 650 4448 καὶ
681 4394 943 4465 ἐνέθησαν
974 4397 1113 4467 αὐτῇ
1148 4400 1214 4468 τῇ
1249 4398 1515 4473 ἐκκλησίᾳ
1536 4400 1632 4453 τοῦ
1664 4403 1842 4453 ποιεῖν

278 4489 441 4551 οὕτως
466 4488 541 4551 ὡς
570 4488 799 4559 ἔφημεν.
831 4487 932 4560 Μ.]

345 4579 739 4634 Po'rrosicutin
757 4581 933 4649 primo
950 4581 1202 4650 quinario
1243 4580 1491 4636 Codinns
1518 4584 1666 4652 ponit
1714 4599 1832 4648 sex,

280 4673 349 4727 ita
376 4674 428 4728 in
443 4675 543 4727 hoc
561 4674 753 4727 ultimo
770 4673 996 4728 collocat
1012 4674 1279 4729 duntaxat
1296 4687 1549 4743 quatuor.
1569 4676 1755 4731 Ταῦτα
1772 4678 1843 4730 τὰ

279 4766 505 4832 derelicta
527 4766 597 4818 τὰ
622 4766 1066 4834 ὲκκλησιαστικὰ,
1090 4766 1265 4834 inquit
1290 4766 1555 4833 Cozlinus,
1585 4771 1697 4821 [tam
1721 4776 1845 4821 sunt

280 4861 455 4928 ofﬁcia
484 4859 857 4914 ecclesiastica.
888 4859 1019 4925 Quae
1034 4860 1196 4914 etiam
1235 4861 1285 4913 in
1320 4862 1485 4928 epist.
1526 4860 1842 4915 Graecorum

281 4956 345 5007 ad
374 4953 695 5022 Gregorium
727 4951 772 5005 X
806 4967 995 5020 papam
1030 4969 1094 5007 ex
1137 4963 1291 5022 parte
1315 4963 1844 5008 commemorantur.

278 5046 496 5116 Magnus
514 5046 1197 5113 (ecanomusmrotecdicus,
1232 5045 1516 5113 logotlreta',
1544 5046 1840 5109 castrisius,

282 5137 703 5203 referendarius;
736 5137 825 5205 qui
870 5152 1026 5205 super
1051 5136 1285 5205 judicia,
1316 5137 1407 5206 qui
1441 5152 1596 5203 super
1625 5147 1843 5199 secreta,

278 5233 366 5298 qui
388 5247 543 5300 super
574 5247 782 5284 sacrum
813 5241 862 5284 et
885 5231 1021 5282 dona
1041 5230 1352 5297 apostolica,
1394 5231 1483 5298 qui
1514 5229 1845 5297 primicerius

278 5323 715 5385 patriarchalium
749 5324 1116 5384 notariorum;
1149 5324 1239 5391 qui
1294 5323 1538 5391 princeps
1595 5320 1849 5375 ecclesia-

282 5431 417 5477 rum,
464 5416 727 5484 quisuper
790 5413 1096 5480 petitiones,
1129 5414 1217 5483 qui
1260 5414 1705 5471 rememoratorii,
1756 5416 1848 5481 qui

282 5508 501 5569 ostiarii,
553 5508 645 5578 qui
701 5505 1092 5577 patriarchales
1135 5507 1354 5567 notarii,
1406 5506 1497 5574 qui
1541 5514 1847 5574 protopapre

274 5606 388 5649 cum
421 5608 525 5655 toto
564 5597 903 5668 presbyterio
958 5597 1429 5650 archidiaconatus
1472 5596 1845 5659 ecclesiastici,

281 5703 323 5740 et
345 5694 428 5760 qui
453 5692 727 5747 domestici
748 5704 872 5742 cum
906 5686 1144 5740 omnibus
1165 5687 1453 5755 psalmistis
1480 5697 1527 5741 et
1547 5674 1847 5741 lectoribus.

280 5780 552 5856 Gregorius
617 5799 769 5856 papa
832 5780 889 5834 in
929 5778 1085 5849 epist.
1141 5779 1205 5833 ad
1258 5777 1479 5833 Gratcos
1509 5779 1849 5833 saceltarium

266 5880 414 5939 addit.
448 5881 564 5941 One
574 5896 662 5937 rs.
696 5904 712 5921 α

1937 3297 2155 3354 tempus
2208 3283 2503 3338 infundere
2558 3297 2757 3353 aquam
2819 3282 3251 3348 calidissimum,
3296 3298 3457 3350 quam
3488 3301 3519 3336 a

1939 3377 2159 3432 fervore
2212 3385 2410 3432 vocant
2465 3375 2639 3443 ζέσιν,
2682 3390 2734 3431 et
2760 3377 2939 3447 ipsum
2993 3377 3276 3431 vasculum
3313 3378 3365 3430 in
3400 3360 3521 3445 quo

1937 3469 2181 3525 adfertur
2218 3469 2364 3535 ζέον,
2418 3480 2481 3522 ut
2534 3469 3004 3538 quemadmodum
3039 3484 3103 3524 ex
3147 3470 3312 3523 latere
3352 3469 3520 3523 Chri-

1937 3564 2006 3620 sti
2047 3567 2099 3616 ln
2142 3578 2307 3617 cruce
2358 3562 2649 3632 pendentis
2702 3571 2938 3632 utraque
2965 3562 3218 3634 (sanguis
3252 3571 3307 3637 et
3339 3565 3521 3632 aqua)

1939 3656 2277 3725 θερμότητος
2310 3657 2727 3725 πεπληρωμένα
2750 3656 3155 3724 profluxerunt,
3189 3657 3273 3709 ita.
3300 3667 3520 3725 tempo-

1939 3765 1998 3805 re
2037 3749 2451 3804 communionis
2504 3748 2978 3805 communicantes
3035 3760 3089 3803 et
3120 3736 3443 3817 satiguinem
3469 3758 3528 3802 et.

1939 3858 2164 3913 aquam,
2210 3851 2265 3895 et
2315 3843 2536 3911 quidem
2596 3851 2826 3910 utraque
2880 3840 3132 3903 calentia,
3195 3841 3519 3910 percipiant,

1940 3936 2017 3999 ὡς
2048 3937 2187 4007 αὐτῇ
2218 3938 2282 4006 τῇ
2315 3935 2659 4007 ζωοπαρόχῳ
2711 3934 2927 4005 πλευρᾷ
2959 3935 3270 4005 ψαυόντων.
3312 3935 3382 3988 De
3412 3951 3521 4004 qua

1941 4028 2365 4089 consuetudine,
2409 4042 2575 4096 quam
2612 4026 2815 4079 rationi
2846 4036 3223 4081 consentanea
3258 4028 3347 4086 sit,
3389 4027 3522 4078 nihil

1940 4133 2081 4186 opus
2116 4116 2367 4185 pluribus
2399 4116 2845 4187 hic’disqnirere.
2879 4116 3015 4169 llnic
3049 4131 3178 4185 ergo
3210 4131 3365 4184 aqme
3426 4133 3522 4168 ca-

1942 4203 2264 4261 lefacienda:
2314 4207 2583 4260 vncabant
2634 4207 2905 4271 camisati,
2966 4215 3026 4259 ut
3077 4214 3133 4260 et
3192 4205 3524 4260 carbonibus

1946 4313 2043 4369 pro
2066 4298 2247 4353 sntlitu
2274 4296 2511 4354 ferendis
2528 4307 2582 4353 et
2617 4297 2898 4365 fovendis;
2924 4300 3006 4353 sic
3036 4299 3167 4354 dieti
3207 4314 3234 4353 a
3261 4301 3523 4352 camisiis.

1942 4391 2143 4447 Junius
2174 4391 2331 4444 vertit
2366 4390 2580 4445 indu-sia
2610 4388 2705 4444 fol.
2741 4389 2831 4445 86.
2853 4390 2959 4446 Nec
2990 4398 3076 4447 est
3105 4391 3256 4461 quod
3280 4393 3402 4459 quis
3424 4392 3527 4446 dn-

1947 4482 2083 4537 bitet
2106 4483 2329 4535 camisia
2359 4482 2510 4538 italis
2537 4498 2660 4538 esse
2687 4483 2924 4537 iullusia.
2964 4481 3069 4538 Sed
3106 4485 3152 4538 si
3185 4484 3529 4539 ecclesiasti-

1946 4590 2008 4629 ca
2065 4574 2333 4629 vocabula
2382 4576 2761 4631 ecclesiasdco
2804 4592 2957 4631 more
3008 4576 3313 4644 intelligere
3348 4585 3402 4631 et
3446 4577 3529 4629 in-

1947 4667 2236 4735 terpretari
2269 4666 2521 4733 velimus,
2562 4671 2880 4723 necessario
2926 4670 3218 4723 dicendum
3251 4678 3355 4732 est,
3383 4671 3537 4736 apud

1944 4756 2219 4812 Codinutn
2255 4774 2352 4826 per
2411 4761 2636 4813 camisia
2670 4759 2900 4830 intelligi
2929 4762 2979 4814 id
3015 4761 3160 4830 quod
3200 4759 3527 4815 Germanice

1944 4864 2209 4904 vocamus
2244 4849 2343 4904 den
2374 4850 2641 4931 Citorroclt'
2665 4869 2763 4907 seu
2791 4852 3090 4908 Chor/remi
3117 4871 3131 4905 :
3164 4868 3288 4906 nam
3325 4851 3393 4905 de
3446 4853 3525 4903 lu-

1945 4942 2191 4996 ctoribus
2217 4958 2383 5013 agens
2410 4943 2667 4999 Codinus.
2699 4945 2775 4998 ait
2817 4960 2915 5000 eos
2961 4954 3105 4998 stare
3128 4944 3181 4997 in
3224 4944 3404 4997 medio
3429 4945 3528 4997 tri-

1945 5036 2113 5089 clinio
2142 5051 2265 5089 cum
2304 5038 2548 5091 vestibus
2583 5036 3032 5105 et'cpirriptariis
3076 5036 3214 5100 suis,
3260 5037 3528 5091 habentes

1946 5126 2169 5179 camisia
2193 5125 2378 5179 ἐπάνω
2400 5125 2788 5195 τῶψίματίων.
2818 5126 2911 5180 Sic
2938 5141 2989 5180 c.
3018 5124 3051 5179 7
3086 5124 3154 5179 de
3182 5141 3375 5181 mensa
3422 5128 3529 5181 im-

1950 5218 2219 5287 peratoris
2242 5218 2524 5273 Codinns:
2558 5219 3147 5288 ingrediunturpsaltw
3167 5235 3264 5275 seu
3284 5232 3533 5276 cantores

1949 5326 2067 5363 cum
2123 5310 2235 5363 suis
2269 5310 2627 5380 epirriptariis
2658 5319 2706 5363 et
2758 5313 3021 5377 camisiis,
3052 5313 3155 5368 hoc
3190 5323 3275 5370 est
3306 5318 3411 5369 mit“
3430 5318 3530 5368 den

1948 5402 2345 5467 Chorhemdeu;
2375 5420 2497 5472 quae
2532 5402 2720 5457 nullus
2772 5405 3297 5461 ecclesiasticarum
3342 5423 3525 5461 rerum

1952 5495 2161 5564 peritus
2189 5506 2347 5549 vocat
2379 5496 2616 5550 iudusia.
2671 5495 2853 5567 Vulgo
2912 5508 3076 5553 vestes
3122 5500 3529 5567 superpellicmc

1952 5591 2231 5641 dicuntur.
2254 5590 2336 5643 Ab
2354 5590 2439 5642 his
2456 5604 2586 5659 ergo
2602 5593 2839 5645 camisiis
2860 5593 3105 5645 camisati
3125 5607 3321 5644 nomen
3344 5591 3526 5644 venit:

1953 5696 2092 5750 quos
2126 5679 2310 5734 forsan
2358 5697 2465 5735 non
2494 5682 2678 5752 inepte
2710 5685 2993 5738 vocaveris
3043 5686 3315 5738 linteatus.

2025 5772 2227 5825 Praeter
2297 5772 2397 5827 hos
2455 5783 2584 5827 sunt
2649 5775 2790 5845 apud
2842 5775 3077 5830 Citrium
3137 5772 3528 5842 patriarchalos

1958 5864 2269 5925 domestici:
2296 5864 2392 5921 καὶ
2427 5865 2586 5922 τοῦτο
2641 5866 2699 5920 δὲ
2729 5866 2788 5919 τὸ
2828 5865 3085 5936 ὀφφίκιον
3135 5864 3243 5920 τῶν
3279 5864 3530 5934 ιίιναγνω⁴
