4064 6442
561 363 666 429 179

561 575 656 628 τοῦ
709 575 1058 646 πατριάρχου
1127 576 1312 643 λέγειν
1376 578 1456 640 εἰς
1515 578 1688 631 πολλὰ
1728 578 1822 646 ἔτη
1879 579 2137 630 δέσποτα.

561 665 676 730 Qua
751 666 1148 721 acclamatione
1208 669 1410 721 mirum
1444 685 1610 736 quam
1650 667 1821 722 Grreci
1889 667 2140 722 delectati

562 761 789 814 fuerint.
830 758 968 813 Hinc
993 758 1129 813 nihil
1162 761 1415 815 crebrius
1442 761 1582 827 apud
1639 762 1764 816 illos
1819 777 1985 829 quam
2052 760 2141 812 illa

561 851 728 920 πολυχ
739 852 1031 921 ρονιάζειν,
1060 852 1493 922 τυολυχρῦνισμα,
1519 853 1894 926 πολυχρόνιον.

631 944 787 1007 Quod
842 944 1034 996 attinet
1092 944 1159 996 ad
1240 942 1461 996 Ct'u’cos
1529 946 1890 1008 recentiores,
1947 953 2144 1011 praeter

490 1108 494 1109 ν
560 1037 728 1088 multa
766 1035 1269 1089 ecclesiasticorum
1305 1037 1609 1091 ciliciorum
1671 1048 1855 1092 vetera
1892 1037 2143 1098 nmnina,

561 1123 765 1178 habent
797 1140 896 1178 sua
929 1135 985 1179 et
1044 1127 1294 1196 propria,
1346 1145 1468 1194 quin
1498 1145 1596 1182 nec
1629 1131 1680 1181 in
1729 1129 1903 1183 Citrio
1963 1143 2060 1182 nec
2091 1129 2144 1181 in

561 1217 773 1271 (Todino
796 1229 1094 1287 appatent;
1129 1234 1248 1286 qua:
1271 1236 1334 1273 ex
1372 1219 1788 1275 Turco-Graccia
1809 1220 1990 1290 colligi
2019 1198 2158 1290 pus:

563 1321 711 1372 sunt,
749 1320 808 1365 ut
849 1321 933 1365 est
961 1314 988 1363 ὁ
1028 1311 1339 1382 νομοφύλαξ
1390 1313 1489 1380 τῆς
1538 1313 1782 1382 μεγάλης
1824 1313 2144 1381 ἐκκλησίας,

561 1404 1020 1470 πρωτοσύγγελος
1053 1407 1150 1474 τῆς
1188 1405 1434 1474 μεγάλης
1475 1405 1795 1472 ἐκκλησίας,
1848 1405 2149 1472 ἐφημέριος

562 1498 660 1565 τῆς
697 1497 946 1564 μεγάλης
963 1498 1282 1567 ἐκκλησίας,
1309 1497 1678 1564 lampadarius
1702 1513 1906 1566 magna:
1919 1497 2150 1550 ecclesia:

565 1585 714 1652 (nam
740 1588 767 1637 ὁ
798 1585 982 1654 ἄρχων
1012 1585 1122 1638 τῶν
1151 1585 1349 1652 φώτων
1377 1585 1595 1639 νων-ιω
1621 1585 1796 1640 fuisse
1824 1586 1967 1638 alius
2006 1586 2146 1658 apud

563 1676 885 1745 Codinutn),
951 1693 1173 1744 magnus
1236 1676 1505 1744 logotheta
1565 1693 1769 1745 magna:
1821 1675 2074 1741 ccclesite,
2123 1676 2151 1729 ὁ

568 1770 743 1838 μέγας
789 1771 996 1838 ῥήτωρ.
1027 1769 1275 1823 Meminit
1318 1769 1540 1837 quidem
1603 1769 1847 1824 Codinus
1881 1767 2148 1828 rhetoris.

564 1863 657 1913 scd
689 1859 896 1929 absque
924 1859 1018 1914 τοῦ
1048 1859 1286 1931 μεγάλου
1321 1860 1620 1912 additione.

1199 1971 1426 2026 CAPUT
1452 1971 1566 2028 XV.

567 2066 640 2118 De
665 2066 854 2136 ofﬁciis
887 2066 1256 2120 ecclesiasticis
1312 2065 1452 2118 atth
1476 2063 1790 2129 Cpolitanw,
1816 2061 2146 2128 potissimum

1099 2140 1160 2191 tle
1216 2137 1608 2189 archidiacono.

637 2229 712 2284 Ex
769 2230 987 2285 clericis
1037 2231 1175 2283 aul.e
1221 2227 1541 2281 ttutttitntittt
1589 2224 1849 2291 exprimit
1897 2239 2018 2293 cap.
2054 2223 2145 2282 17.

566 2323 810 2378 Codinus
845 2341 858 2376 :
897 2323 948 2389 ξι)
986 2313 1373 2391 protopsaltcn.
1407 2334 1568 2385 quem
1591 2315 1755 2370 simul
1782 2315 1860 2368 ait
1891 2330 2013 2368 esse
2046 2315 2151 2365 im-

571 2415 832 2484 peratorii
865 2415 996 2468 (ξιοιὶ
1029 2397 1353 2469 exercitum.
1375 2413 1434 2481 9.)
1475 2411 1844 2472 domesticum,
1876 2422 2039 2474 quem
2076 2407 2154 2458 ait

569 2523 692 2562 esse
749 2507 1047 2562 exarchum
1107 2506 1240 2559 cieri
1291 2507 1576 2572 AttglISiill,
1629 2505 1996 2568 eamdemque
2053 2499 2155 2550 ali-

570 2598 792 2667 quando
833 2599 993 2652 simul
1017 2613 1137 2652 esse
1159 2596 1520 2650 domesticum
1547 2594 1794 2648 ecclesiae
1815 2609 1829 2654 ;
1854 2591 2152 2658 aliquando

571 2707 703 2745 vero
725 2692 1012 2744 ecclesiam
1046 2687 1206 2759 165.
1228 2690 1507 2756 pr0prium
1533 2685 1903 2740 domesticum
1928 2681 2151 2734 habere.

573 2782 705 2837 Erat
736 2791 916 2836 autem
936 2780 1278 2835 domesticus
1305 2794 1448 2832 unus
1476 2793 1539 2831 ex
1577 2777 1770 2845 psaltis
1808 2791 1902 2830 seu
1961 2783 2150 2826 canto-

574 2875 750 2937 ribus,
779 2881 832 2926 et
864 2887 893 2924 a
945 2871 1286 2940 protopsalta
1337 2869 1640 2936 proximus,
1695 2866 1797 2920 sub
1845 2880 1904 2918 se
1941 2864 2150 2917 habens

573 2967 714 3021 alios
741 2965 949 3035 psaltas
966 2981 1061 3018 seu
1087 2975 1361 3028 cantores,
1399 2977 1528 3031 quas
1559 2961 1720 3014 veteri
1751 2958 2152 3022 consuetudine,

575 3058 753 3126 inquit
785 3055 980 3109 Codin.
1013 3069 1062 3108 c.
1096 3053 1182 3118 17,
1223 3054 1494 3106 nominant
1521 3062 1756 3115 cractas,
1794 3050 1895 3102 hoc
1952 3058 2062 3112 est,
2096 3058 2154 3100 ut

576 3147 838 3204 Germani
865 3146 1048 3202 dicere
1070 3146 1269 3207 solent,
1312 3145 1622 3214 scln'ailing.
1653 3143 1707 3211 5)
1770 3140 2151 3210 Protopapain,
2183 3171 2225 3229 (ἶ

577 3241 669 3308 qui
693 3251 743 3294 et
773 3241 888 3309 ipse
923 3237 1220 3308 aliquando
1249 3252 1390 3290 unus
1424 3247 1477 3289 et
1507 3237 1648 3290 idem
1675 3236 1868 3288 eratin
1923 3233 2156 3286 ecclesia

577 3342 635 3386 et
702 3332 854 3396 aula,
918 3329 1218 3398 aliquando
1288 3328 1568 3391 diversus,
1606 3335 1665 3380 ut
1716 3325 1850 3379 dicit
1919 3325 2162 3379 Codinus

581 3423 714 3477 ibid.
746 3423 800 3492 4)
832 3421 1120 3491 ματστωρα
1143 3421 1482 3488 magistrum,
1513 3419 1606 3487 qui
1637 3428 1690 3470 ct
1720 3417 1836 3486 ipse
1880 3425 2157 3478 cantor,c.

581 3515 634 3569 6.
673 3514 728 3581 5)
777 3514 1186 3566 Canonarchas.‘
1215 3511 1270 3578 6)
1324 3509 1776 3576 Lampadarium,
1827 3507 1985 3575 cujus
2044 3515 2163 3558 erat

581 3606 899 3676 imperatori
924 3605 1232 3676 lampadem
1265 3602 1545 3672 przel'erre.
1575 3601 1630 3668 7)
1664 3599 2122 3654 Archidiaconum
2153 3615 2166 3650 :

585 3702 734 3755 hunc
765 3702 909 3754 enim
946 3716 1052 3753 non
1084 3697 1315 3751 habebat
1350 3695 1606 3758 ecclesia,
1634 3692 1726 3747 sed
1756 3692 1900 3755 aula,
1934 3699 1991 3743 ut
2039 3690 2171 3744 dicit

581 3791 828 3848 Codinus
881 3791 1014 3845 ibid.
1055 3789 1128 3842 De
1175 3789 1366 3842 eodem
1403 3785 1571 3838 tnulta
1607 3800 1726 3852 cap.
1763 3781 1814 3845 8,
1845 3781 1898 3844 9,
1948 3794 1999 3834 ct
2040 3779 2166 3832 alibi

584 3884 790 3953 passim
825 3898 840 3948 ;
875 3892 931 3935 ut
968 3881 1110 3934 etde
1135 3889 1454 3948 protopapa,
1485 3874 1824 3944 lampadario
1876 3881 1930 3925 et
1957 3871 2170 3925 cauet-is

582 3976 908 4032 ministeriis
936 3973 1325 4029 ecclesiasticis
1369 3971 1424 4024 in
1448 3971 1595 4024 aula.

655 4074 814 4145 Apud
850 4073 1084 4127 Citrium
1107 4079 1492 4141 proponuntur
1527 4069 1710 4123 multa:
1744 4066 2074 4136 quaestioaes
2108 4064 2173 4117 de

584 4167 978 4223 archidiacono
1015 4183 1028 4219 :
1067 4164 1144 4218 Τὸ
1190 4161 1634 4232 ἁρ-χιδιακονικὸν
1689 4159 1946 4226 ὀφφίκιον
2008 4157 2166 4218 ποίας

583 4261 925 4325 ἐστὶτάξεως
947 4259 1040 4312 καὶ
1068 4260 1224 4310 ποίθυ
1252 4256 1488 4326 βαθμοῦ,
1519 4255 1613 4308 καὶ
1637 4256 1684 4306 εἰ
1713 4254 2041 4322 πρεῖσταττιι
2068 4252 2169 4299 τᾷῑλν

587 4354 728 4407 ὅλων
749 4351 1015 4404 διακόνων
1053 4351 1128 4411 ὡς
1167 4349 1570 4418 ἁρχιδιάκονος.
1603 4343 1921 4414 Respondet
1965 4334 2172 4395 (litt-ius

587 4443 1076 4497 archidiaconicum
1110 4441 1346 4508 ofﬁcium
1387 4455 1490 4492 non
1525 4454 1636 4491 esse
1669 4433 2016 4506 ἁρχοντικὸν,
2052 4430 2173 4482 οὐδὲ

1658 364 1738 422 ΙΝ
1771 365 2067 426 LIBRUM
2114 365 2212 428 DE
2247 366 2575 426 OFFICHS
2604 368 2714 427 ΟΡ.

562 481 708 536 στῶν
745 483 885 536 ἐστι.
927 482 1160 537 Functio
1193 483 1359 551 huius
1405 495 1488 539 est
1520 486 1581 537 τὸ
1612 488 1667 538 ὲν
1697 488 1815 547 ταῖς
1856 483 2141 549 «pastioni;

2267 485 2500 539 intestine
2524 487 2681 553 quasi
2715 491 3210 546 remunerationem

3747 371 3840 440 i30

3248 509 3264 545 :
3317 493 3409 545 Διὸ
3447 492 3549 546 καὶ
3600 494 3679 556 ὡς
3721 495 3845 562 χρέ-

2245 591 2338 626 νου
2374 576 2468 628 καὶ
2502 576 2632 628 ἰδίου
2667 578 2831 632 τόπου
2857 581 3089 651 δώρημα
3120 585 3148 636 ὁ
3177 583 3576 652 ἀρχιδιάκηνος
3610 585 3722 653 ἔχει
3752 588 3842 638 καὶ

2244 667 2342 734 τὴν
2371 668 2645 738 ὑπεροχὴν
2671 671 2761 722 ἐπὶ
2791 672 3009 726 πάντων
3035 673 3144 725 τῶν
3172 673 3467 734 διακόνων,
3497 675 3618 727 εἴτε
3656 677 3844 745 ἀρχον-

2244 761 2439 823 animi;
2471 763 2779 814 ὁποιοισοῦν
2813 765 3141 835 τετίμηνται
3169 765 3282 817 εἶτε
3315 767 3411 818 καὶ
3452 767 3556 835 μὴ.
3593 766 3652 818 ἓν
3680 785 3738 820 τε
3769 768 3842 836 τῷ

2250 853 2378 919 ναῷ,
2413 853 2471 904 ὲν
2506 854 2584 923 τῷ
2612 856 2752 925 ἁγίῳ
2784 855 3012 925 βήματι,
3044 858 3224 914 καὶέν
3253 860 3321 927 τῇ
3365 859 3692 929 μεταλήψει
3742 860 3845 911 τῶν

2251 944 2413 996 Οεέων
2447 948 2786 1016 μυστηρίων.
3799 995 3818 1006 ..

2321 1036 2618 1100 Ωυιιιείιιιηι
2654 1055 2876 1104 quoque
2915 1039 3097 1094 fuerat
3130 1056 3262 1094 num
3309 1042 3638 1110 patriarcha
3669 1052 3846 1109 posset

2249 1140 2344 1192 per
2365 1126 2477 1178 sola
2501 1129 2742 1194 pittacia,
2773 1137 2827 1181 et
2847 1129 3043 1194 brevia,
3062 1139 3117 1183 et
3139 1132 3398 1183 mandato
3425 1146 3560 1192 suo,
3590 1131 3844 1200 prater-re

2249 1217 2464 1285 aliquos
2497 1218 2646 1270 nullo
2670 1217 2853 1272 ol'ticio
2889 1220 3182 1289 insignitos
3215 1223 3322 1275 illis
3343 1223 3442 1287 qui
3471 1225 3695 1290 priores
3729 1224 3843 1278 fuc-

2251 1319 2394 1373 rant,
2429 1310 2578 1363 nullo
2644 1319 2822 1364 tamen
2880 1313 2981 1380 ipsi
3029 1313 3193 1366 etiam
3220 1313 3403 1368 ofﬁcio
3431 1314 3714 1371 decorati.
3745 1318 3840 1371 Re-

2251 1403 2477 1468 spondet
2523 1401 2730 1458 Citrius
2783 1405 2885 1459 hoc
2920 1405 3082 1474 plane
3127 1422 3251 1461 esse
3308 1393 3754 1470 intolerandum,
3789 1419 3842 1463 ιιι

2253 1493 2616 1562 ριωίιτιίιιιιιιι-
2648 1495 2818 1563 aliqui
2852 1496 3129 1564 prioribus
3176 1513 3271 1564 per
3306 1499 3568 1564 pittacia,
3604 1499 3836 1561 etiamsi,

2253 1586 2346 1653 qui
2389 1584 2776 1654 prmierantur,
2815 1587 3055 1642 habeant
3081 1587 3303 1654 ofﬁcia;
3331 1589 3427 1642 sed
3458 1591 3766 1664 quemlibet
3789 1592 3839 1642 in

2258 1681 2379 1732 loco
2435 1688 2490 1732 et
2525 1681 2765 1734 statione
2817 1696 2939 1742 sua,
2982 1697 3146 1749 quam
3209 1690 3462 1748 tempore
3521 1683 3836 1746 acquisivit,

2262 1771 2678 1838 relinquentium
2721 1787 2880 1826 csse:
2917 1772 2982 1824 Ἦ
3025 1773 3134 1840 γὰρ
3178 1771 3330 1833 τάξις
3357 1774 3458 1824 καὶ
3515 1774 3709 1836 στάσις
3737 1773 3839 1825 τῶν

2257 1861 2520 1914 διανόκων
2545 1863 2623 1930 τῷ
2660 1862 2840 1932 χρόνῳ
2880 1863 3214 1930 ῥυθμίζεται
3236 1865 3327 1915 καὶ
3372 1864 3719 1934 στηρίζεται,
3752 1865 3837 1916 καὶ

2261 1951 2409 2002 ἐστιν
2442 1949 2856 2020 ἁμετακίνητος.
2887 1952 3059 2020 inquit
3091 1952 3298 2006 Citrius
3325 1970 3339 2017 ;
3362 1953 3464 2018 qui
3488 1965 3547 2008 et
3595 1955 3744 2007 addit
3791 1953 3837 2007 ei

2258 2044 2350 2112 qui
2379 2043 2720 2097 archanticiis
2748 2058 2844 2098 seu
2874 2043 3116 2098 brevibus
3157 2045 3378 2112 hujusm
3391 2047 3486 2100 odi
3544 2050 3836 2101 honoratus

2219 2151 2222 2154 ‘
2259 2145 2366 2195 est.
2392 2136 2528 2188 satis
2555 2150 2676 2190 esse
2711 2145 2770 2189 ut
2813 2137 3036 2203 quando
3093 2137 3408 2203 patriarcha
3467 2155 3566 2192 seu
3602 2136 3835 2206 rmntifrs

2259 2244 2372 2281 rem
2400 2228 2640 2281 divinam
2672 2226 2823 2290 facit,
2863 2227 2933 2280 sit
2960 2229 3075 2295 ipse
3099 2229 3309 2296 primus
3343 2230 3402 2280 ὲν
3427 2231 3498 2299 τῇ
3540 2230 3754 2296 εἰσόδῳ,
3787 2230 3838 2279 in

2257 2325 2498 2388 ingressu
2558 2319 2626 2373 ad
2687 2320 2878 2380 altare,
2945 2336 3040 2374 seu
3079 2321 3130 2373 in
3190 2321 3267 2374 itu
3297 2332 3350 2374 et
3404 2322 3462 2375 in
3493 2320 3839 2390 perceptione

2259 2413 2569 2468 divinorum
2602 2413 3006 2482 mysteriorum.
3042 2412 3096 2466 lu
3131 2413 3346 2467 caeteris
3377 2414 3642 2482 quemvis
3685 2427 3832 2466 suum

2259 2506 2440 2558 locum
2475 2513 2662 2558 tenere
2689 2504 2887 2557 debere
2921 2520 2936 2568 ;
2969 2510 3023 2557 et
3053 2505 3305 2572 iniquum
3335 2519 3466 2559 esse
3501 2513 3559 2557 ut
3585 2505 3837 2573 ὁπροεισ-

2261 2597 2511 2658 οδεύσας,
2544 2597 2634 2660 qui
2666 2595 2864 2662 prima:
2896 2595 3084 2658 tenuit,
3117 2609 3211 2656 seu
3247 2603 3304 2647 ιιι
3342 2594 3515 2662 vulgo
3552 2594 3836 2662 loquimur.

2261 2691 2346 2758 qui
2376 2686 2776 2749 prwcedentiam
2820 2685 3030 2749 habuit,
3076 2686 3143 2739 de
3172 2688 3292 2738 Iuro
3342 2700 3453 2738 suo
3517 2685 3830 2740 deturbatus

2268 2781 2422 2834 ιιιιυιί
2453 2779 2644 2832 cedere
2672 2789 2919 2846 cogatur.
2950 2777 3023 2832 Ex
3059 2777 3260 2845 quibus
3287 2777 3452 2847 165
3473 2786 3620 2830 recte
3643 2775 3835 2831 intelle-

2264 2873 2368 2924 ctis
2395 2870 2661 2938 judicium
2703 2869 2884 2924 facere
2921 2869 3107 2923 licebit
3137 2869 3204 2923 de
3255 2869 3717 2937 interpretatione
3742 2864 3833 2918 Bos

2267 2965 2446 3017 nctidii
2505 2975 2560 3016 ct
2615 2973 2995 3017 correctorum
3054 2963 3195 3032 «jus.
3275 2961 3695 3016 Promotionum
3746 2971 3833 3027 per

2268 3057 2488 3122 pittacia
2529 3053 2782 3109 meminit
2812 3054 2979 3109 etiam
3017 3053 3309 3107 Balsamon
3344 3052 3412 3105 ad
3459 3052 3528 3106 17
3581 3048 3831 3106 canonem

2259 3148 2652 3213 apostolorum.

2338 3238 2474 3302 Quia
2541 3252 2670 3288 vero
2714 3235 2765 3288 in
2815 3236 2902 3290 his
2958 3235 3161 3292 ciliciis
3211 3237 3616 3292 ecclesiasticis
3675 3230 3828 3286 multa

2269 3338 2566 3382 occurrunt
2593 3332 2891 3394 composita
2928 3343 2990 3380 ex
3023 3328 3308 3383 vocabulis
3341 3329 3490 3398 ἀρχή
3525 3337 3580 3382 et
3636 3327 3826 3394 ἄρχων,

2270 3420 2472 3487 aliquid
2500 3435 2665 3486 super
2696 3419 2780 3472 his
2815 3430 3006 3471 notare
3050 3419 3223 3479 lubet,
3283 3429 3416 3473 ante
3473 3419 3659 3472 onnia
3710 3411 3827 3467 illud

2268 3511 2410 3580 quod
2447 3509 2737 3578 dupliciter
2785 3523 2908 3562 cum
2947 3510 3070 3564 aliis
3107 3510 3452 3575 coalescant,
3486 3509 3664 3578 primo
3712 3504 3825 3571 qui-

2269 3606 2388 3657 dem
2451 3603 2608 3655 iuitio
2660 3603 2830 3666 vocis,
2866 3610 2923 3652 ιιι
2951 3602 3408 3670 ἀρίιεπέσκοπος,
3472 3597 3818 3670 ἀρχιπθίμην,

2274 3693 2704 3756 archidiaconus,
2757 3694 3196 3762 archistrategus,
3255 3692 3544 3753 archiduat,
3598 3683 3829 3741 architri-

2272 3787 2462 3845 clinus,
2545 3785 2869 3848 nrcltiulrus,
2973 3782 3316 3845 architectus,
3370 3780 3827 3846 archipresbyter;

2273 3877 2512 3934 secundo
2541 3877 2594 3930 in
2634 3875 2739 3928 line
2755 3875 2926 3939 vocis,
2960 3884 3019 3927 ut
3081 3875 3416 3943 patriarcha,
3470 3866 3826 3926 ecclesiarchm

2273 3968 2630 4033 canonarcha,
2666 3966 2976 4026 monarcha,
3009 3968 3288 4034 toparcha,
3311 3967 3601 4025 tetrarcha,
3634 3961 3827 4015 ethnar-

2275 4063 2391 4125 cha,
2434 4060 2751 4125 trierarcho.
2783 4059 2910 4112 Inde
2940 4059 3105 4126 etiam
3138 4067 3221 4113 est
3253 4058 3509 4128 ἔξαρχος,
3541 4056 3768 4121 ἔπαρχος
3786 4053 3826 4097 οι

2277 4157 2326 4208 id
2347 4169 2514 4224 genus
2535 4155 2666 4216 alia,
2692 4150 2874 4207 tamin
2903 4151 3129 4205 ecclesia
3151 4168 3314 4221 qnam
3338 4161 3497 4208 extra
3519 4155 3765 4215 usurpata
3785 4146 3824 4188 cl

2278 4249 2497 4300 usitata.
3055 4309 3058 4312 τ

2351 4339 2598 4394 limi-elici
2637 4337 2807 4394 nostri
2846 4337 3133 4406 temporis,
3190 4346 3250 4390 ut
3321 4337 3449 4401 alia,
3510 4336 3582 4388 ita
3632 4340 3683 4383 et
3729 4328 3830 4394 ινεθ

2281 4431 2456 4498 prisca
2487 4427 2748 4484 vocabula
2772 4429 3135 4491 sustulerunt,
3190 4427 3538 4495 potiSsintum
3568 4423 3672 4485 illa,
3725 4427 3828 4485 qua!

588 4537 649 4588 ἐκ
676 4534 988 4603 φιλοτιμίας
1022 4503 1436 4600 ἀρχίέρατικῆς,
1489 4529 1682 4596 ὥσπερ
1824 4522 2162 4593 ἀρχοντίκια.

2275 4539 2339 4576 ex
2401 4523 2542 4591 ἀρχή
2590 4531 2645 4574 et
2701 4521 2884 4592 ἄρχων
2945 4529 3247 4587 compacta.
3300 4517 3438 4572 limo
3486 4503 3830 4578 archiepiscot’i

590 4627 908 4681 B-meiidius
969 4626 1181 4678 vertit:
1239 4622 1358 4675 Non
1412 4634 1485 4674 est
1527 4619 1857 4688 ntagistrale.
1895 4630 2056 4684 neque
2111 4631 2174 4666 ra:

591 4703 916 4771 liberalitate
943 4711 1262 4783 pontiﬁcali,
1289 4719 1344 4762 ut
1377 4706 1786 4778 ittagisterialia.
1817 4704 2176 4758 Corrcctorcs

593 4819 957 4864 correxerunt
987 4820 1002 4859 :
1044 4803 1548 4859 Arrhidiaconicum
1575 4798 1812 4866 ofﬁcium
1849 4812 1947 4848 non
1982 4809 2058 4852 est
2113 4807 2176 4845 ex

591 4898 899 4969 oﬂiciuliunt
949 4895 1322 4963 dignitatibus,
1350 4907 1442 4944 nec
1469 4873 1724 4942 tribuitur
1755 4902 1818 4939 ex
1863 4883 2177 4938 liberalitate

591 4992 989 5060 pontiﬁcialimt
1034 4989 1349 5058 officiatium
1395 4985 1708 5055 dignitates.
1758 4981 1935 5034 Prima
1998 4978 2176 5032 vetsio

595 5083 728 5137 satis
772 5093 860 5148 est
912 5083 1287 5153 magisteria”:
1343 5095 1438 5133 seu
1518 5074 1876 5144 mugistralis,
1933 5069 2177 5124 secunda

601 5177 768 5242 paulo
803 5177 1030 5242 propius
1085 5189 1314 5242 scopum
1357 5171 1552 5241 tangit.
1604 5163 1959 5220 Archonticia
1990 5161 2169 5215 ol‘tiria

598 5279 654 5321 εί
685 5268 979 5338 ἀξιώματα
1010 5270 1152 5336 apud
1186 5268 1416 5321 Citrium
1446 5273 1579 5320 sunt
1616 5261 1706 5314 illa
1741 5275 1860 5330 qua?
1878 5257 2001 5326 quis
2035 5255 2178 5308 obti-

603 5372 692 5416 net
719 5363 808 5414 διὰ
839 5360 948 5413 τῶν
983 5362 1363 5430 ἁρχοντικίων,
1401 5360 1505 5412 hoc
1547 5367 1629 5411 cst
1697 5370 1788 5421 per
1851 5354 2062 5404 litteras
2086 5354 2176 5421 ~et

597 5452 873 5508 codicillos
898 5451 1007 5504 τῶν
1033 5451 1329 5519 ἀρχόντων,
1386 5449 1704 5517 principum,
1755 5445 1868 5498 sive
1908 5443 1944 5496 ii
1997 5448 2182 5494 essent

601 5550 966 5615 imperatores
996 5543 1110 5596 sive
1141 5541 1487 5610 patriarchae.
1530 5536 1849 5606 Respondet
1900 5546 2031 5602 ergo
2089 5531 2179 5583 Li-

602 5639 743 5692 trius
770 5635 1140 5691 archidiaconi
1177 5633 1420 5686 olliciutn
1452 5636 1558 5684 non
1593 5645 1715 5684 esse
1736 5625 2008 5696 ejusmodi
2034 5623 2181 5694 quod

605 5746 706 5800 per
735 5729 1062 5782 archonticia
1091 5723 1428 5788 conferatur,
1464 5738 1561 5778 seu
1597 5723 1665 5775 ab
1695 5723 2025 5789 imperatore
2085 5731 2178 5769 seu

610 5822 995 5890 apatriarcha,
1032 5825 1130 5880 scd
1164 5833 1288 5877 esse
1311 5816 1460 5882 longi
1490 5814 1750 5881 temporis
1775 5822 1835 5872 et
1874 5824 2052 5878 opm-ac
2085 5808 2178 5862 diu

2279 4631 2475 4667 nomen
2506 4613 2891 4674 exterminant,
2933 4623 2985 4663 ttt
3021 4611 3440 4680 etpatriarclue,
3474 4593 3825 4660 archidiaconi

2281 4718 2334 4762 et
2371 4707 2419 4759 id
2459 4721 2628 4775 genus
2665 4704 2799 4767 alia,
2823 4715 3082 4771 tanquam
3107 4705 3349 4772 superba,
3383 4704 3623 4772 fastuosa
3649 4690 3828 4746 etaim-

2279 4800 2511 4870 plicitati
2548 4798 2852 4866 apostolicm
2881 4796 3249 4856 adversantia,
3285 4797 3469 4863 quippe
3520 4803 3634 4859 quae
3689 4785 3827 4844 int?“

2282 4895 2416 4946 rimn
2451 4899 2816 4959 ctpotestatcin
2835 4889 2887 4941 in
2918 4887 3158 4940 subditos
3184 4888 3452 4952 denotant,
3506 4897 3604 4935 non
3621 4876 3826 4947 primum

2280 4987 2331 5036 in
2375 4983 2557 5047 aliqua
2626 4980 2893 5046 {unctione
2945 4993 3033 5029 seu
3099 4975 3414 5039 ministerio,
3481 4987 3569 5024 seu
3624 4962 3823 5032 primum

2283 5075 2464 5128 ordine
2488 5076 2538 5124 in
2573 5072 2750 5139 aliquo
2775 5080 2931 5132 coetu,
2966 5071 3158 5136 absque
3189 5074 3363 5118 tamen
3397 5063 3613 5139 imperia
3667 5061 3712 5106 ιι
3745 5061 3825 5139 P‘_"'

2282 5173 2468 5218 testate
2501 5163 2558 5214 in
2623 5172 2862 5213 cancros.
2924 5157 3058 5209 llinc
3108 5156 3207 5224 ipsi
3249 5137 3488 5223 gaudent
3535 5134 3821 5216 apostolicis

2283 5255 2389 5308 illis
2421 5267 2492 5319 et,
2523 5261 2584 5304 ut
2615 5251 2932 5319 loquuntur,
2957 5246 3374 5300 ttto'estissintis
3393 5229 3814 5319 appellationibus

2284 5343 2692 5415 πρεσϐυτέρων,
2740 5341 3038 5408 ποιμένων,
3095 5335 3432 5395 ὲττιςκόπων,
3496 5327 3818 5415 λειτουργωὶίν

2284 5434 2562 5488 διακόνων,
2598 5431 2817 5484 δούλων.
2841 5429 3036 5481 Verum
3059 5425 3275 5480 ttOmina
3299 5425 3413 5479 haec
3439 5433 3557 5475 esse
3573 5400 3821 5469 retinentia

2289 5526 2378 5580 ubi
2414 5527 2682 5578 hactenus
2715 5523 3035 5590 viguerunt,
3068 5526 3120 5570 et
3164 5516 3467 5569 revocanda
3499 5509 3582 5564 ubi
3603 5499 3823 5557 exoleve—

2285 5629 2433 5681 runt,
2475 5618 2592 5671 fuse
2620 5617 2958 5669 demonstrat
2988 5613 3259 5669 Adrianus
3285 5608 3507 5664 Saravia
3529 5590 3816 5656 Calvinista.

2287 5716 2340 5768 in
2374 5713 2512 5765 libro
2537 5725 2698 5777 quem
2735 5709 2802 5763 de
2858 5703 3095 5760 diversis
3169 5704 3428 5772 gradibus
3479 5689 3814 5777 ministrorutll

2289 5801 2726 5873 evangelicorum
2762 5794 3057 5866 evulgavito,
3091 5810 3141 5850 c.
3178 5795 3267 5861 9.5,
3312 5798 3388 5850 sic
3437 5802 3607 5866 tamen
3654 5784 3705 5832 ut
3745 5773 3814 5822 ¹ι¹⁵
