4064 6420
203 390 290 453 illi

1328 389 1713 448 GRETSERI
1745 390 1840 449 ET
1880 389 2123 449 GOARI
2156 390 2397 449 NOT.E.

3337 349 3440 451 tsi

192 503 645 572 appellationibus
668 503 883 556 nullum
907 502 956 554 in
980 500 1414 569 aliosimpcrium
1434 500 1768 568 designetur,
1801 508 1844 561 Α
1875 506 2303 552 consentaneum
2326 507 2395 550 Sll
2420 499 2473 550 in
2517 495 2801 565 purpureis
2852 494 3250 563 pontiﬁcalibus
3285 499 3445 552 vcsti-

190 597 275 649 sed
306 596 419 648 sola
451 595 668 649 ordinis
702 594 941 661 dignitas
966 602 1017 647 ct
1058 602 1115 646 ut
1151 593 1233 646 sic
1265 591 1463 656 dicam,
1507 592 1752 659 primitus

190 703 275 741 seu
302 688 371 739 τὰ
402 691 674 754 πρωτεῖα.
706 686 845 739 Ηιιίο
866 684 1181 739 .Calvinistae
1209 684 1461 753 Opposuit
1490 699 1549 737 se
1574 683 1755 737 Calvi-

190 782 449 833 nistarum
488 781 890 847 antesignanus
919 777 1051 830 Beza
1112 776 1333 844 proprio
1382 776 1521 829 libro
1566 775 1759 828 adver-

190 884 277 924 sus
330 869 628 923 Saraviam
694 871 993 938 publicato,
1052 869 1142 923 ubi
1197 867 1477 921 contendit
1531 865 1754 920 nomina

196 963 295 1015 haec
336 977 572 1030 prorsus
612 978 715 1014 non
746 977 857 1014 esse
884 961 1179 1022 toleranda,
1233 961 1325 1013 sed
1388 973 1451 1012 ex
1512 958 1761 1013 ecclesiis

197 1052 532 1117 exple-tendo
568 1062 831 1117 tanquam
867 1048 1209 1117 simplicitati
1241 1047 1556 1116 apostolicae
1613 1060 1762 1114 pror-

199 1159 288 1197 sus
346 1142 740 1211 repugnantia.
800 1140 925 1193 Mihi
975 1138 1259 1194 conﬂictus
1300 1138 1403 1191 istc
1465 1138 1607 1190 inter
1664 1137 1763 1190 hos

200 1237 330 1288 duos
358 1235 626 1303 Lapithas
660 1236 797 1287 mire
821 1233 994 1302 placet
1023 1248 1037 1284 :
1066 1248 1189 1285 nam
1213 1232 1262 1284 in
1283 1230 1508 1285 Saravia
1530 1228 1765 1285 observo

200 1327 500 1378 limi-dicam
526 1324 918 1390 arrogantiam,
955 1338 1075 1389 qua:
1113 1337 1236 1375 cum
1271 1320 1453 1373 omnia
1501 1319 1762 1373 confude-

200 1422 266 1471 rit
286 1429 340 1472 et
372 1418 779 1485 periiiiscuerit,
807 1430 949 1469 mmc
972 1416 1130 1483 quasi
1154 1414 1469 1483 pmnitentia
1529 1410 1759 1466 ducere-

167 1561 177 1571 ,
200 1518 302 1571 tur,
328 1508 633 1562 honoriﬁca
658 1509 747 1561 illa
770 1508 1112 1575 patriai-clue,
1136 1505 1563 1574 archiepiscopi,
1584 1504 1768 1557 archi-

204 1602 411 1654 diaconi
435 1610 492 1655 ct
521 1601 724 1655 similia
758 1609 1115 1670 cognomenta
1140 1598 1311 1652 ambit
1371 1599 1548 1666 iisque
1607 1599 1770 1652 deco-

202 1693 305 1747 rari
324 1693 507 1761 gestit,
538 1694 610 1745 ita
635 1700 813 1745 tamen
838 1704 894 1745 ut
936 1694 1159 1760 antiqua
1187 1692 1409 1745 notione
1428 1690 1582 1759 quasi
1605 1700 1768 1744 exuta

208 1797 393 1835 noram
426 1784 677 1844 induant,
720 1782 1030 1849 nullamque
1076 1788 1401 1849 potestatein
1431 1790 1485 1831 et
1555 1778 1767 1832 nullum

208 1875 485 1942 imperium
520 1872 925 1941 signiiicciit..ln
957 1872 1093 1924 Bcza
1124 1881 1305 1925 autem
1331 1871 1381 1925 id
1430 1885 1539 1938 prae
1558 1870 1770 1924 caeteris

207 1966 735 2019 animadvertendum
767 1974 917 2030 puto,
972 1968 1113 2031 quod
1176 1979 1283 2015 non
1340 1963 1578 2017 obscure
1633 1976 1767 2015 suos

207 2058 528 2112 Calvinistas
559 2058 783 2126 Anglos,
813 2065 867 2109 et
901 2056 1241 2109 Lutheranos
1294 2056 1344 2106 in
1394 2054 1683 2109 Germania
1715 2061 1770 2106 et

209 2151 412 2215 Succia,
432 2148 769 2219 perstringit,
791 2148 918 2215 quia
941 2146 1107 2215 aliqui
1158 2147 1375 2199 illorum
1414 2160 1537 2199 sese
1562 2143 1770 2197 archie-

209 2246 429 2309 piscopo:
458 2252 511 2293 et
540 2240 792 2307 primates
827 2246 882 2293 et
912 2238 1313 2291 archidiacouos
1345 2237 1652 2299 nominant,
1715 2244 1768 2288 et

210 2337 273 2387 ita
300 2338 461 2388 etiam
495 2333 767 2405 nominari
810 2342 863 2385 et
882 2330 1106 2385 salutari
1150 2330 1354 2391 volunt,
1412 2327 1765 2397 pulchrisque

208 2430 303 2483 sub
329 2428 653 2483 nominibus
677 2434 885 2493 turpem
915 2424 1144 2476 hreresin
1178 2422 1379 2475 celant.
1410 2420 1621 2475 Gners.

657 2516 815 2587 136
858 2512 1080 2569 CAPUT
1134 2513 1275 2567 xw.

336 2612 413 2669 De
470 2610 646 2666 sacris
709 2607 933 2662 vestibus
966 2608 1327 2660 ministrorum
1374 2605 1618 2658 ecclesiw.

270 2705 438 2759 Variis
472 2703 530 2756 iu
583 2700 720 2755 locis
770 2713 1051 2753 sacrarum
1095 2696 1326 2750 vestium
1384 2695 1761 2749 ministrorum

219 2796 436 2851 ecclesiae
488 2793 826 2847 mentionem
893 2788 1026 2843 facit
1080 2787 1368 2853 Codinus;
1437 2801 1504 2839 ex
1559 2785 1763 2853 quibus

228 2892 469 2945 Munullae
502 2888 638 2942 solis
665 2884 954 2953 episcopis,
985 2882 1104 2936 alia:
1162 2881 1328 2935 etiam
1384 2878 1761 2935 sacerdotibus

223 2980 525 3034 ctdiaconis
557 2983 898 3044 competunt.
934 2971 1147 3025 Primas
1212 2975 1395 3023 teneat
1454 2968 1758 3037 στιχάριον,

222 3073 362 3124 lucidi
388 3073 604 3124 restitas
635 3065 937 3134 angelorum
961 3061 1258 3121 inritamen,
1320 3057 1497 3126 inquit
1537 3056 1759 3110 Simeon

218 3160 714 3219 Thessaloniccncis
753 3159 844 3211 lib.
873 3154 945 3209 De
977 3153 1197 3222 templo.
1259 3150 1463 3219 Swpius
1512 3149 1648 3202 enim
1706 3148 1763 3201 in
1794 3180 1840 3242 ε

216 3271 334 3311 mtc
382 3254 611 3326 fulgenti
681 3250 889 3317 angelos
928 3245 1230 3316 apparuisse
1289 3243 1549 3305 novimus,
1611 3249 1666 3293 ut
1716 3250 1764 3294 et

214 3350 349 3402 illum
369 3350 420 3401 in
462 3354 794 3400 monumento
817 3340 1112 3395 Saluatoris
1147 3348 1441 3403 coopertum
1472 3334 1607 3387 stola
1638 3351 1767 3387 can-

216 3446 347 3497 dida.
382 3444 649 3497 Prteierea
678 3452 861 3503 purum
892 3444 941 3485 et
963 3432 1026 3484 ab
1054 3430 1196 3482 omni
1225 3429 1621 3497 inquinamento
1646 3427 1771 3479 libe-

219 3530 718 3588 rmuccrdotalem
739 3536 933 3580 statum
955 3538 1062 3577 esse
1091 3529 1326 3589 oportere
1351 3519 1534 3582 docet;
1558 3529 1773 3587 prapter

214 3645 360 3698 quam
389 3626 671 3695 puritatem
709 3621 861 3673 etiam
889 3616 1132 3670 sacerdos
1188 3617 1285 3666 h..c
1353 3612 1529 3681 gratia
1578 3615 1769 3680 dfgnus

207 3719 509 3788 judicatur;
543 3712 679 3783 quod
703 3712 872 3779 ipsum
887 3699 1138 3768 testatur,
1171 3718 1289 3757 cum
1321 3719 1372 3756 se
1413 3703 1638 3757 induenr
1660 3708 1769 3755 luet:

211 3810 349 3861 rerba
376 3804 706 3875 pronuntiat.
733 3820 749 3849 ι
767 3797 1064 3851 Exsuitubit
1096 3794 1275 3846 animo
1297 3807 1423 3856 mea,
1442 3793 1494 3844 in
1522 3791 1771 3853 Domino,

207 3902 325 3971 quia
356 3897 531 3952 induit
565 3911 646 3947 me
676 3894 976 3947 vestimento
1009 3888 1224 3946 salutis,
1260 3904 1278 3934 ι
1314 3894 1362 3937 et
1394 3900 1512 3951 qua:
1543 3899 1775 3952 sequun-

211 4002 308 4043 tur.
330 3988 577 4056 Episcopi
624 3994 799 4038 autem
847 3983 1121 4051 στιχάριον
1151 3982 1374 4045 desuper
1395 3977 1769 4031 descendentia

212 4085 353 4137 habet
406 4081 667 4149 ﬂumina;
716 4086 789 4131 est
845 4076 979 4129 enim
1038 4072 1378 4129 uudulatum,
1440 4082 1486 4122 et
1544 4069 1775 4138 gratiam

208 4175 422 4229 docendi
458 4176 513 4225 in
537 4173 650 4239 ipso
679 4175 1071 4241 reprazseutant.
1121 4163 1259 4215 Nam
1313 4172 1362 4214 et
1405 4161 1538 4213 inter
1564 4161 1776 4229 angelus

210 4286 307 4321 non
336 4267 577 4319 omnibus
608 4262 742 4315 idem
762 4269 838 4314 est
869 4258 994 4312 ordo
1026 4268 1074 4310 et
1108 4254 1326 4324 gradus,
1356 4252 1442 4305 sed
1490 4254 1559 4305 ibi
1580 4267 1778 4319 quoque

214 4364 300 4413 α’ἕὶ
333 4360 646 4428 inferiorum
677 4354 915 4422 magistri
950 4360 1093 4403 sunt.
1142 4348 1411 4403 Vocantur
1440 4358 1615 4400 autem
1674 4346 1780 4414 ﬂu—

215 4455 347 4506 mina
370 4462 587 4521 propter
618 4463 789 4501 vocem
819 4444 1114 4499 Saluatoris
1170 4444 1223 4495 in
1256 4440 1539 4507 Evangelia
1599 4439 1778 4491 dicen-

1859 590 2075 655 mentis,
2094 592 2547 659 quemadmodum
2567 598 2619 643 et
2639 592 2689 643 in
2707 588 2862 654 albis,
2882 590 2934 642 in
2954 588 3214 642 stichario
3230 589 3446 658 quidem

1859 684 2101 751 ﬂumina,
2126 684 2176 733 in
2194 683 2461 751 phacnolio
2477 691 2655 735 autem
2673 698 2864 736 cruces
2884 690 3111 751 gestare.
3133 680 3447 750 Respondet

1864 775 2165 827 Demetrius
2196 792 2209 827 :
2244 774 2575 828 Consuetudo
2600 774 2844 828 Ecclesia:
2879 791 3141 843 purpurea
3159 775 3449 842 ponti/icu-

1864 859 1935 911 lia
1964 859 2272 912 indumenta
2296 862 2559 929 simplicia
2592 863 2702 914 rult
2729 880 2840 916 esse
2900 872 2947 915 et
2994 863 3106 915 sine
3160 863 3449 928 pru'dicto-

1864 966 1981 1003 rum
2048 952 2325 1019 ﬂuminum
2380 954 2717 1022 cruciumque
2785 954 3098 1022 adjectioue.
3179 952 3449 1007 Meursius

1866 1040 2182 1095 stichariutn
2218 1042 2611 1110 interpretatur
2632 1044 2818 1095 sticam
2848 1060 2866 1097 :
2930 1057 3054 1096 nam
3102 1028 3318 1099 Glossis
3353 1042 3449 1097 lsi-

1867 1132 2141 1187 donistica
2180 1143 2264 1188 cst
2297 1133 2500 1188 tunica.
2543 1132 2647 1187 Sed
2707 1133 2839 1186 nihil
2897 1134 3087 1187 melius
3144 1144 3229 1187 est
3277 1148 3443 1203 quam

1869 1220 1920 1277 i'n
1950 1224 2037 1277 his
2067 1233 2120 1277 et
2156 1224 2206 1277 id
2232 1239 2403 1292 genus
2435 1224 2559 1277 aliis
2617 1224 2851 1277 retinere
2914 1222 3105 1279 Grzeta
3155 1225 3444 1289 vocabula,

1869 1316 1995 1383 quia
2038 1316 2181 1368 nulla
2206 1330 2342 1384 supp
2364 1325 2499 1367 stunt
2526 1314 2715 1368 Latina
2753 1330 2881 1384 qua:
2912 1313 3021 1367 vim
3054 1324 3107 1367 et
3156 1317 3438 1384 cnergiam

1869 1406 2179 1460 Griecorum
2224 1407 2464 1475 perfecte
2489 1407 2817 1475 exprimant.
2845 1404 3015 1459 Erant
3039 1416 3223 1458 autem
3250 1406 3451 1458 sticha-

1871 1503 1953 1553 ria
1988 1500 2247 1566 duplicia,
2309 1515 2503 1568 nempe
2546 1500 2937 1569 patriarchalia
2993 1508 3046 1552 ct
3093 1498 3450 1567 cpiscopalla,

1870 1592 2127 1660 insignita
2164 1591 2353 1659 ﬁguris
2393 1592 2565 1644 instar
2598 1605 2827 1661 gauinue
2855 1590 3048 1643 litterae
3099 1589 3162 1654 Γ,
3197 1598 3254 1642 ιιι
3308 1592 3447 1657 apud

1873 1684 2248 1738 Balsamoncm
2276 1682 2551 1751 legimus;
2615 1682 2927 1747 cujusmodi
2979 1691 3161 1734 vestes
3210 1680 3453 1748 appelli.-

1874 1776 2073 1829 bantur
2120 1773 2435 1844 gammadia
2485 1788 2583 1828 seu
2632 1774 2948 1842 gamntatia.
3002 1771 3334 1825 Anastasius
3397 1772 3449 1823 in

1803 1848 1844 1903 Β
1875 1865 2056 1920 Leone
2091 1865 2156 1919 ΙΙΙ
2189 1882 2204 1919 :
2241 1865 2531 1920 Columnas
2553 1876 2831 1935 argenteas
2877 1874 2998 1917 octo
3065 1874 3113 1916 et
3146 1862 3452 1929 gammudia

1875 1960 2003 2009 duo.
2044 1956 2209 2010 Paulo
2246 1967 2369 2027 post
2414 1959 2554 2025 apud
2586 1956 2835 2009 eumdem
2904 1956 3227 2024 scriptorem
3287 1954 3453 2006 habes

1872 2052 2213 2118 gantmudias
2277 2048 2669 2119 chrysoclubas.
2718 2047 2871 2113 Quod
2934 2059 3114 2099 autent
3165 2046 3446 2099 Meursius

1870 2144 2432 2211 cxistimattrigouia,
2483 2158 2605 2211 qua:
2650 2150 2777 2196 sunt
2832 2141 2886 2192 in
2939 2138 3252 2208 phautoliis,
3327 2151 3451 2190 esse

1871 2235 2043 2304 ipsam
2091 2236 2328 2289 litteram
2396 2235 2458 2298 Γ,
2520 2233 2571 2286 id
2639 2230 3039 2286 mathematicis
3094 2229 3450 2282 LilithllSlbllS

1868 2329 2216 2396 persuadeat,
2249 2327 2297 2381 si
2335 2335 2514 2397 potest
2544 2343 2559 2391 ;
2594 2342 2696 2381 nos
2720 2335 2871 2379 certe
2924 2334 3038 2378 trcs
3081 2324 3312 2392 angulos
3376 2338 3450 2376 ex

1870 2422 2044 2475 littera
2085 2421 2448 2477 l‘extunderc
2484 2436 2590 2474 non
2647 2434 2956 2489 possumus.

1935 2553 1989 2621 2)
2020 2552 2234 2624 Φελώνη
2264 2568 2356 2608 seu
2389 2551 2605 2621 φελὸνη,
2632 2551 2740 2604 imo
2759 2552 2921 2604 etiam
2946 2548 3240 2617 φαινόλιον,
3268 2548 3451 2617 φαινό-

1864 2642 2272 2710 >.ης,φελόνιον.
2346 2643 2503 2713 167
2557 2641 2819 2697 Pcuulam
2905 2640 2994 2694 hic
3059 2639 3154 2708 qui
3207 2646 3453 2700 vertunt,

1866 2735 1900 2787 ii
1957 2734 2159 2789 frustra
2186 2745 2337 2789 sunt.
2380 2735 2523 2787 Nulli
2562 2733 2771 2802 penula:
2833 2732 2977 2785 inter
3026 2740 3212 2785 vestes
3265 2744 3456 2784 sacras

1864 2814 2019 2883 locus
2049 2836 2155 2893 est,
2223 2827 2439 2881 tametsi
2489 2840 2594 2877 non
2654 2826 2848 2893 ignoro
2914 2822 3046 2893 quid
3110 2822 3179 2877 de
3249 2822 3459 2891 penula.

1863 2919 2007 2990 apud
2044 2920 2101 2975 S.
2143 2919 2371 2974 Paulum
2427 2919 2590 2988 epist.
2623 2917 2663 2971 ll
2695 2916 2760 2970 ad
2819 2914 3062 2969 Timoth.
3099 2930 3149 2968 IV
3200 2913 3451 2968 nonnulli

1864 3013 2335 3082 phi1050phcntur.
2368 3010 2497 3076 Quae
2532 3025 2660 3063 vero
2686 3009 2806 3073 ejus
2823 3007 3189 3075 significatio?
3222 3005 3449 3058 Sacrum

1864 3104 2143 3172 φελώνιον,
2165 3105 2341 3173 inquit
2372 3104 2589 3157 Simeon
2612 3099 3142 3160 Thessalonicensis,
3170 3095 3446 3149 sublimio-

1870 3214 1976 3250 rem
2011 3207 2059 3250 et
2100 3212 2314 3264 superne
2344 3194 2592 3248 collatum
2650 3195 2867 3263 spiritus
2904 3194 3145 3244 virtutem
3169 3189 3261 3243 sub
3314 3205 3448 3258 quit-

1871 3288 1992 3340 dam
2038 3288 2211 3356 efﬁgie
2272 3296 2557 3348 monstrat,
2601 3285 2656 3337 iu
2694 3282 2882 3352 primis
2941 3296 3148 3335 saccum
3205 3291 3305 3347 quo
3355 3293 3437 3345 per

1870 3379 2157 3435 ludibrium
2189 3378 2437 3433 Salvator
2459 3378 2674 3431 indutus
2705 3385 2780 3430 est
2804 3392 2824 3441 ;
2846 3374 3042 3428 idcirco
3081 3383 3127 3427 et
3170 3374 3307 3424 sacci
3338 3370 3450 3439 for-

1870 3489 2010 3525 mum
2036 3471 2191 3525 habet
2221 3488 2239 3525 :
2265 3488 2355 3525 nec
2380 3472 2516 3525 enim
2546 3472 2600 3523 in
2646 3485 2704 3522 eo
2760 3476 2882 3521 sunt
2943 3483 3058 3537 qua:
3108 3464 3449 3534 appellantur
3484 3468 3485 3471 ‘

1876 3564 2100 3635 μανίκια
2135 3581 2221 3618 seu
2252 3562 2772 3617 ittaiiicw.¢1t-iélta
2807 3560 3171 3630 patriarchica
3236 3566 3289 3610 et
3327 3555 3445 3625 epi~

1873 3657 2113 3729 Stropalia
2136 3656 2291 3728 plena
2314 3663 2469 3709 erant
2493 3655 2745 3708 crucibus
2766 3655 2931 3713 (unde
2958 3651 3085 3717 ipsis
3112 3648 3463 3717 polystuurif,

1873 3752 2028 3821 quasi
2062 3751 2214 3805 dicas
2251 3748 2598 3810 multicrucii,
2640 3746 2979 3815 appellatio),
3037 3752 3090 3797 cl
3145 3754 3447 3811 repracsen-

1874 3853 1989 3897 tant
2021 3860 2116 3915 per
2140 3851 2311 3897 totum
2355 3841 2541 3896 orbem
2588 3840 2840 3894 diffusam
2894 3837 3219 3891 veneranda:
3268 3834 3449 3889 crucis

1875 3939 2124 4007 gloriam,
2200 3946 2259 3990 ut
2284 3935 2461 4003 inquit
2514 3933 2806 3988 llalsamon
2859 3932 2911 3983 in
2954 3929 3336 3984 dissertatione
3384 3925 3450 3977 de
3534 3920 3543 3927 ”

1877 4026 2315 4094 patriarcharum
2344 4022 2663 4092 privilegiis.
2693 4020 2901 4074 Forma:
2929 4029 3107 4072 autem
3141 4016 3447 4086 triangulm,

1877 4134 1999 4186 qua:
2024 4118 2075 4169 in
2114 4116 2303 4169 iisdem
2336 4115 2622 4185 pluenoliis
2661 4114 2935 4175 visuntur,
2969 4108 3248 4165 declarant
3281 4122 3456 4175 angu-

1879 4209 2045 4261 larem
2078 4205 2309 4274 lapidem
2336 4204 2619 4258 Christum
2655 4201 2821 4256 Deum
2861 4210 3133 4259 nostrum,
3195 4196 3291 4263 qui
3320 4196 3452 4251 .dis-

1875 4301 2063 4369 juncta
2092 4298 2397 4369 conjunxit,
2434 4305 2492 4349 ut
2520 4294 2699 4362 inquit
2750 4294 2892 4347 idem
2920 4291 3230 4345 Balsamon.

1952 4436 2482 4508 5)Epitracbclium.
2554 4431 2887 4487 llcterodoxi
2946 4430 3274 4498 interpretes
3335 4442 3460 4481 ver-

217 4548 298 4600 tis;
329 4565 346 4597 ι
372 4519 489 4610 »ριιὶ
514 4542 679 4595 credit
716 4540 770 4592 in
801 4555 898 4596 mc.
931 4535 1156 4605 [Iuntina
1181 4535 1244 4586 de
1272 4545 1446 4586 ventre
1477 4533 1590 4599 ejus
1612 4532 1778 4598 ﬂuent
1814 4538 1855 4590 ι)
1887 4537 2007 4584 ιυιιι
2036 4527 2231 4581 collarc
2253 4541 2349 4581 seu
2377 4524 2691 4578 collarium:
2727 4522 2822 4578 sed
2864 4522 2914 4575 id
2946 4520 3111 4574 nimis
3163 4519 3463 4587 profanum

216 4656 357 4704 aqute
386 4640 532 4693 victe.
571 4653 589 4685 ι
626 4632 742 4686 Hoc
784 4631 932 4689 ,itlent
976 4627 1137 4695 pallio
1197 4625 1487 4693 episcopali
1542 4633 1776 4675 notatur.

222 4731 461 4784 Flumina
493 4726 705 4797 quidem
756 4724 903 4775 habet
964 4728 1179 4788 propter
1230 4734 1291 4771 ea
1348 4732 1462 4787 qua:
1520 4716 1777 4776 diximus,

220 4824 400 4890 pocula
428 4837 546 4876 vero
575 4835 668 4884 pro
697 4827 816 4886 typo
857 4812 1037 4867 veteris
1068 4821 1118 4865 et
1180 4827 1325 4864 nocte
1374 4810 1585 4878 gratia}.
1648 4808 1779 4870 Qua:

219 4919 368 4969 etiam
395 4911 701 4982 ﬂuminibus
749 4907 897 4976 quasi
930 4906 1222 4968 innatant;
1288 4902 1423 4970 quod
1474 4916 1576 4953 non
1632 4900 1780 4950 aliud

219 5008 313 5060 sibi
350 5008 457 5060 vult
482 5020 641 5073 quam
676 5002 925 5069 magistro
959 4998 1062 5053 sive
1086 4996 1287 5049 doctori
1314 5010 1378 5048 ea:
1430 4992 1633 5046 duobus
1686 4993 1783 5047 Te-

222 5101 487 5153 stamentis
557 5096 625 5148 ad
685 5094 969 5146 docendum
1018 5089 1365 5143 hauriendum
1410 5103 1543 5143 esse.
1617 5087 1783 5140 Erant

224 5201 399 5246 autem
426 5189 688 5244 sticharia
726 5202 831 5239 non
864 5184 1037 5237 solum
1097 5181 1354 5242 candida,
1384 5183 1476 5233 sed
1518 5177 1780 5232 nonnulla

227 5287 383 5338 etiam
421 5296 717 5353 purpurea.
759 5294 880 5348 qurc
912 5294 940 5329 a
996 5275 1375 5329 sacerdotibus
1434 5282 1487 5339 et
1536 5268 1785 5325 diaconis

232 5384 334 5430 tota
367 5374 783 5445 quadragesima
825 5368 1028 5439 gestari
1077 5376 1306 5422 testatur
1351 5365 1588 5419 Codiuus
1631 5380 1681 5417 c.
1726 5363 1780 5425 9,

230 5483 438 5537 estepto
469 5469 610 5522 festo
648 5461 1123 5525 Aununtiatiouis,
1158 5459 1467 5513 [’almarum
1499 5469 1550 5512 ct
1584 5473 1780 5527 magno

233 5557 460 5616 Sabbato
501 5561 747 5615 Pasclue.

288 5656 423 5711 Inter
454 5668 687 5710 caeteras
718 5652 1054 5722 qumstioues
1087 5664 1222 5717 quas
1267 5646 1533 5713 Bulgaria:
1578 5643 1790 5697 archie-

233 5747 437 5817 piscopo
478 5746 756 5801 Demetrio
782 5739 1151 5797 Chomatiano
1175 5737 1355 5805 posuit
1390 5734 1788 5790 Constantinus

227 5836 495 5897 Cabasilas
530 5838 989 5900 archiepiscopus
1043 5830 1355 5894 Dyrrachii,
1394 5828 1495 5881 fuit
1524 5828 1647 5891 ista,
1721 5842 1787 5881 au

1889 4622 2124 4674 videtur.
2167 4619 2489 4673 Rctincmus
2516 4630 2646 4685 ergo
2688 4629 2887 4668 nomen
2924 4612 3196 4667 GI'IBCULH.
3235 4609 3457 4679 Epitra-

1889 4713 2136 4775 cltcliunt,
2172 4710 2350 4778 inquit
2386 4706 2628 4769 Simeon,
2666 4722 2692 4758 e
2717 4704 2844 4758 ccelo
2901 4703 3298 4756 descendentem
3347 4701 3459 4768 spi-

1890 4808 2024 4859 ritus
2061 4805 2291 4873 gratiam
2338 4800 2500 4855 menti
2528 4800 2765 4867 subjicit.
2826 4796 2901 4851 0b
2937 4798 3032 4849 hoc
3080 4794 3220 4847 enim
3245 4803 3294 4846 et
3350 4792 3466 4861 epi-

1888 4913 2074 4965 scopus
2105 4906 2153 4949 et
2206 4893 2450 4947 sacerdos
2498 4908 2529 4943 a
2578 4890 2747 4957 capite
2798 4886 2930 4939 illud
2977 4887 3237 4938 inducas:
3293 4901 3311 4934 t
3359 4881 3465 4935 Bc-

1891 4992 2130 5045 nedictus
2169 4988 2329 5048 Deus,
2387 4984 2577 5053 inquit,
2614 4982 2702 5051 qui
2752 4979 2974 5048 e/fundit
3014 4977 3254 5046 gratiam
3304 4989 3463 5042 super

1891 5083 2189 5139 sacerdotes
2224 5097 2369 5134 suos.
2431 5100 2448 5130 ι
2490 5076 2635 5129 Unde
2659 5091 2716 5128 eo
2740 5072 2953 5147 quilibet
2990 5068 3237 5123 sacerdos
3269 5068 3459 5130 utitur,

1890 5176 2297 5246 quotiescunque
2354 5169 2644 5238 sacriﬁcat.
2699 5165 3093 5223 Germauuiin
3150 5176 3252 5217 sua
3311 5164 3465 5216 then--

1894 5272 1972 5321 ria
1997 5281 2174 5319 rerum
2194 5262 2688 5316 ecclesiasticarum
2715 5274 2729 5310 :
2760 5256 3011 5310 Dextram
3038 5264 3239 5324 partem
3263 5254 3461 5321 ερὶινίιο

1893 5360 2046 5413 chelii
2070 5357 2333 5425 signiﬁcat
2364 5354 2567 5407 arundo
2596 5351 2816 5403 ludibrii
2845 5350 3017 5417 gratia
3044 5348 3272 5399 dexterae
3306 5343 3460 5397 Chri-
3544 5387 3551 5395 .

1893 5453 1963 5507 sti
1993 5450 2153 5513 data;
2179 5448 2453 5501 sinistram
2480 5454 2683 5512 partem
2709 5444 2911 5497 indicat
2940 5440 3112 5494 crucis
3149 5439 3199 5491 in
3234 5435 3463 5507 propriis
3547 5455 3561 5483 ἐ

1898 5544 2127 5598 humeris
2158 5541 2404 5612 gestatio.
2455 5536 2906 5608 Epitrachelium,
2944 5533 3121 5603 inquit
3150 5530 3462 5586 Balsamon,

1898 5638 2163 5707 signiﬁcat
2194 5636 2365 5688 lorum
2397 5633 2526 5686 illati
2559 5648 2661 5702 quo
2688 5632 2795 5685 vita
2821 5633 2887 5683 ad
2918 5640 3135 5681 mortem
3161 5630 3333 5675 tracta
3362 5628 3463 5673 est.

1900 5731 2054 5795 Quod
2089 5736 2270 5781 autem
2304 5725 2575 5778 Meursius
2609 5724 2871 5792 opinatur
2905 5720 2964 5771 τὸ
2996 5712 3309 5783 ἐπωμὰδιον
3338 5724 3465 5763 esse

1900 5825 1959 5875 τὸ
2014 5818 2423 5885 ἐπιτραχήὶων,
2488 5816 2540 5871 iJ
2578 5813 2796 5870 diﬂicilc
2832 5808 3041 5866 credilu
3090 5802 3196 5859 erit
3231 5798 3340 5856 illis
3371 5796 3471 5880 qui
