4064 6458
589 370 694 434 183
725 441 728 444 ,

1681 413 1690 422 -
1739 371 1822 433 ΙΝ
1868 371 2178 435 LIBRUM
2210 373 2306 434 DE
2332 369 2662 432 OFFICIIS
2703 372 2814 432 CP.

3772 378 3867 442 184

579 485 640 536 τ’)
669 482 985 552 ὲπωμάδιον
1014 482 1268 553 proprius
1295 482 1360 536 ad
1389 481 1705 554 ὼμοφόριον
1731 497 1896 553 quam
1925 481 1991 536 ad
2041 483 2164 535 ἐπι-

2281 491 2508 538 utuutur
2574 486 2720 537 inter
2771 483 3217 547 sacriﬁcandum,
3283 495 3430 541 utet
3482 484 3760 543 diaconus
3818 498 3867 541 et

580 574 880 642 τραχήλων
913 575 1177 628 accedere
1219 584 1439 628 norunt.

653 661 706 730 4)
743 660 1015 721 Orarjum.
1045 660 1310 714 Diaconus
1333 663 1633 732 angelicum
1659 665 1880 719 sortitus
1903 666 2164 733 ordinem,

581 752 761 820 inquit
809 749 1054 816 Simeon,
1088 754 1195 823 fert
1247 756 1301 808 in
1337 756 1570 810 humeris
1606 757 1746 826 quod
1787 758 2029 830 ὠράριον
2071 776 2167 814 no-

582 844 814 908 minant,
847 846 989 912 quod
1014 847 1166 912 quasi
1191 846 1308 900 alas
1333 847 1508 914 habet,
1538 859 1595 900 ut
1623 849 1837 915 illorum
1860 852 2166 920 spirituum,

581 954 686 1003 qua
732 947 1011 1005 prwstaut,
1042 940 1412 1011 intelligemus
1445 942 1769 996 celeritatem
1819 944 2165 997 demonstret.

586 1030 765 1096 Quare
793 1042 839 1084 et
877 1029 1162 1085 Cherubim
1197 1032 1360 1100 [acies
1415 1033 1713 1087 obvelautia
1769 1036 2011 1099 imitans,
2058 1036 2171 1104 ipse

583 1139 808 1192 quoque,
841 1123 968 1176 dum
1006 1124 1259 1193 cingitur.
1293 1125 1684 1191 quodammodo
1742 1135 1800 1179 ut
1855 1127 1932 1180 rei
1977 1127 2171 1180 dit-ina:

585 1214 854 1280 particeps
895 1223 943 1266 et
1006 1214 1323 1268 administer
1381 1215 1617 1283 futurus,
1662 1218 1912 1285 operitur-
1957 1217 2020 1271 In
2057 1219 2169 1286 ipso

589 1307 709 1359 item
736 1307 914 1359 orario
936 1293 1198 1370 Sanctus,
1220 1305 1479 1373 Sanctus,
1506 1309 1764 1374 Sanctus,
1788 1310 2042 1377 scriptum
2071 1318 2166 1370 est,

587 1414 691 1467 quo
730 1399 1149 1464 ministratorius
1198 1409 1508 1453 sanctorum
1561 1399 1870 1466 angelorum
1906 1401 2035 1455 ordo
2075 1417 2170 1454 ex-

587 1493 860 1559 primitur.
891 1492 1219 1546 Gestabatur
1248 1492 1481 1547 orarium
1543 1492 1593 1544 in
1651 1493 1876 1546 sinistro
1913 1493 2168 1546 humero.

590 1583 649 1637 S.
686 1585 1118 1654 Cbrysostomus
1151 1584 1202 1637 in
1243 1584 1485 1654 Liturgia
1513 1603 1526 1639 :
1567 1583 1640 1637 Τὺ
1669 1584 1766 1652 μὲν
1810 1583 2050 1654 ὼράριον
2079 1584 2174 1636 ἀσ-

590 1675 912 1740 πασάμενος
943 1677 1228 1746 ἐπιτίθησι
1259 1676 1338 1746 τῷ
1368 1677 1645 1747 ἀριστερῷ
1696 1675 1854 1746 ὤμῳ.
1915 1676 2169 1746 Figuratn

588 1767 808 1821 diaconi
849 1770 1087 1820 orarium
1122 1767 1394 1836 portantis
1453 1768 1622 1821 babes
1659 1766 1813 1819 initio
1849 1764 2108 1833 Gregorze
2143 1780 2170 1818 a

2273 576 2646 633 subdiaconus
2679 577 2822 630 inter
2869 577 3318 634 ministrandum.
3378 580 3595 634 Sudori
3659 581 3864 636 abster-

2270 671 2448 739 gendo
2484 668 2752 725 serviebat
2791 671 3095 734 sudarium,
3128 671 3267 735 quod
3301 675 3374 725 ad
3433 673 3752 742 tergendum
3784 691 3868 728 su-

2269 765 2461 830 dorem,
2497 763 2550 816 in
2583 777 2746 815 ntanu
2802 763 2998 833 gestari
3026 780 3140 817 mos
3196 773 3314 830 est;
3343 765 3496 834 quod
3534 765 3740 820 usitato
3775 783 3863 819 no-

2271 855 2408 908 mine
2465 853 2718 908 lenonem
2780 871 3072 919 vocamus,
3134 855 3313 924 inquit
3386 856 3690 912 Alcuinus.
3740 856 3867 912 Vide

2271 946 2609 1002 Glossarium
2643 946 2707 999 ad
2743 946 2991 1001 codicem
3026 944 3232 1016 Legum
3259 947 3654 1017 antiquarum.

2343 1038 2420 1102 5).
2474 1037 2796 1105 Ὠμοφᾶριον
2830 1037 3104 1093 humerale
3145 1037 3295 1092 dicas
3326 1037 3546 1101 licebit,
3587 1038 3808 1092 tametsi
3838 1055 3864 1091 a

2274 1135 2464 1179 nostro
2495 1127 2762 1181 bumerali
2811 1128 2892 1179 vel
2953 1126 3396 1195 superilumerali
3426 1142 3664 1198 prorsus
3687 1128 3862 1182 diver-

2273 1217 2416 1273 sum.
2454 1217 2738 1287 PrOpriutn
2795 1220 3179 1289 episconorum
3231 1228 3548 1288 gestamen,
3611 1222 3760 1291 quod
3805 1237 3865 1275 ea:

2273 1310 2398 1364 lana
2438 1312 2758 1380 confectum,
2791 1311 2970 1380 inquit
2994 1311 3240 1375 Simeon,
3277 1313 3330 1366 in
3383 1313 3572 1366 orbem
3629 1317 3864 1368 humeros

2275 1414 2400 1458 ante
2426 1413 2474 1457 et
2534 1413 2674 1457 retro
2729 1405 3009 1459 convestit.
3039 1407 3154 1458 Hoc
3186 1420 3351 1472 genus
3415 1405 3723 1458 indumenti
3763 1407 3865 1458 sine

2273 1496 2606 1550 dubitatione
2663 1513 2696 1549 a
2725 1495 2882 1550 uerbo
2921 1512 3131 1550 carnem
3163 1511 3228 1550 ea:
3272 1495 3502 1566 Virgine
3532 1506 3751 1564 propter
3779 1512 3864 1548 nos

2273 1599 2574 1656 susceptam
2602 1588 2952 1658 humanaeque
2988 1597 3198 1642 natura!
3230 1589 3666 1656 assumptionem
3695 1588 3861 1640 decla-

2275 1690 2383 1733 rat.
2418 1678 2544 1734 Ideo
2578 1681 2715 1733 enim
2749 1696 2812 1734 ex
2838 1681 2964 1734 lana
3000 1696 3204 1750 quoque
3233 1681 3461 1739 texitur,
3490 1680 3748 1748 quoniam
3782 1694 3864 1732 er-

2275 1770 2502 1822 raticam
2535 1785 2698 1832 ovem,
2740 1771 2836 1824 hoc
2875 1781 2950 1823 est
2989 1780 3240 1822 naturam
3278 1779 3557 1834 nostram,
3593 1771 3786 1839 signat,
3819 1781 3861 1820 et

591 1857 793 1911 Wolfio
833 1860 986 1912 etliti.
1029 1860 1209 1928 Apage
1249 1859 1372 1914 illos
1404 1860 1496 1927 qui
1542 1859 1646 1916 hoc
1698 1872 1939 1913 orarium
1983 1857 2173 1910 volunt
2207 1873 2246 1931 Β
2277 1864 2532 1927 quamam
2557 1864 2668 1935 ipse
2700 1879 2904 1932 quoque
2932 1879 3099 1931 agnus
3128 1879 3224 1930 pro
3245 1862 3400 1916 nobis
3424 1863 3634 1916 occisus
3667 1874 3865 1916 uocatus

587 1967 714 2006 esse
762 1952 1059 2020 ἐκμαγεῖον
1109 1951 1202 2002 τοῦ
1266 1951 1584 2018 προσώπου,
1641 1951 1917 2004 sudarium
1980 1947 2168 2002 sudori

589 2043 976 2112 abstergendo,
1009 2044 1100 2095 καὶ
1120 2043 1549 2112 χειρόμακτρον,
1578 2044 1836 2097 manibus
1863 2040 2169 2111 purgandis

589 2147 642 2189 et
669 2136 1067 2206 abstergeudis.
1105 2135 1226 2190 Sint
1251 2135 1398 2190 enim
1436 2137 1622 2189 oraria
1653 2135 1902 2204 profanis
1933 2134 2170 2201 scripto-

589 2229 744 2283 ribus
772 2245 835 2283 ea
893 2244 1014 2297 quas
1069 2229 1348 2284 Arnobius
1387 2239 1547 2282 vocat
1599 2227 1887 2290 muccinia,
1947 2226 2052 2280 hoc
2085 2235 2172 2280 est

586 2323 754 2376 lintea
782 2322 1011 2384 minuta,
1044 2321 1249 2389 quibus
1300 2330 1354 2374 et
1395 2335 1592 2374 mucus
1649 2319 1864 2373 narium
1917 2326 1971 2371 et
2003 2319 2172 2372 sudor

588 2429 658 2466 ex
695 2412 845 2465 vultu
878 2425 1107 2464 manans
1145 2411 1500 2479 abstergitur,
1540 2422 1702 2478 prout
1742 2409 1962 2476 copiose
1987 2417 2173 2462 osten-

589 2504 672 2556 tlit
699 2501 1057 2555 Casaubonus
1113 2501 1166 2554 iu
1229 2502 1374 2553 notis
1408 2500 1472 2554 ad
1527 2499 1786 2566 Flavium
1831 2497 2167 2566 Vopiscum:

591 2594 648 2647 in
690 2594 924 2648 ecclesia
965 2601 1144 2647 tamen
1200 2594 1444 2646 orarium
1507 2607 1662 2648 sacra
1705 2593 1845 2646 stola
1909 2601 2050 2657 erat,
2115 2597 2171 2644 et

594 2686 749 2739 nullo
811 2686 972 2739 modo
1028 2700 1057 2738 a
1098 2686 1329 2739 diacono
1389 2685 1662 2739 induenda
1718 2685 1800 2738 vel
1839 2683 2056 2738 ferenda
2114 2693 2174 2738 ut

595 2779 803 2832 Slldat’ii
877 2779 1050 2833 vicem
1127 2779 1357 2833 subiret.
1419 2777 1554 2844 Quis
1625 2794 1755 2850 ergo
1824 2778 1942 2846 ejus
1999 2777 2174 2832 usus?

593 2868 718 2924 Non
791 2872 1037 2927 omnium
1111 2874 1347 2927 vestium
1423 2887 1707 2927 sacrarum
1778 2887 1912 2927 usus
1981 2871 2175 2940 exqui-

596 2963 803 3020 rendus
857 2973 987 3020 est:
1072 2963 1270 3020 suliicit
1323 2979 1516 3020 omnes
1580 2964 1836 3020 inventas
1895 2974 1950 3017 et
2004 2964 2178 3017 intro-

595 3058 791 3112 ductas
831 3071 952 3112 esse
999 3055 1065 3110 ad
1099 3065 1355 3112 ornatum
1397 3057 1560 3128 168
1611 3055 1882 3111 incruenti
1917 3055 2172 3110 saerilicii

595 3164 691 3204 seu
728 3148 984 3219 liturgiae,
1009 3164 1102 3204 seu
1141 3161 1199 3203 ut
1239 3165 1340 3205 nos
1391 3164 1677 3213 vocamus,
1737 3150 1939 3202 missze.
1971 3136 1974 3138 ⁷
2001 3147 2172 3202 Usum

2273 1967 2373 2009 est.
2420 1954 2545 2022 Ipsa
2602 1955 2728 2008 item
2763 1955 2914 2008 verba
2948 1971 3067 2021 qua:
3092 1954 3329 2007 humeris
3363 1969 3428 2007 eo
3465 1955 3711 2023 tegendis
3747 1969 3863 2019 pro-

2274 2045 2398 2113 fert,
2420 2045 2689 2098 sententite
2707 2045 2826 2097 huic
2843 2044 3253 2112 suffragantur;
3280 2045 3366 2096 ait
3382 2043 3528 2097 enim
3555 2058 3576 2098 :
3605 2061 3625 2094 ι
3655 2041 3864 2097 Sublata

2271 2141 2325 2190 in
2346 2137 2613 2201 humeros,
2633 2135 2864 2198 Christe,
2885 2146 3086 2189 natura
3103 2151 3222 2202 qute
3238 2144 3548 2198 erraverat,
3573 2145 3860 2205 assumptus

2274 2228 2378 2282 Deo
2416 2237 2464 2282 et
2505 2229 2659 2282 Patri
2695 2227 2845 2281 illam
2882 2225 3146 2280 obtulisti.
3191 2243 3212 2276 ι

2343 2319 2398 2386 6)
2417 2318 2674 2388 Matulyas
2721 2317 3002 2387 proprium
3049 2317 3442 2386 episcoporum
3469 2318 3862 2381 vestimentum;

2273 2411 2340 2466 de
2389 2410 2622 2480 quojam
2673 2424 2816 2478 sape
2838 2424 3002 2477 supra
3028 2424 3080 2464 c.
3107 2411 3172 2464 15
3195 2427 3210 2474 ;
3237 2421 3290 2464 et
3316 2407 3352 2465 f.
3377 2426 3464 2475 tu,
3482 2425 3630 2466 com.
3651 2427 3696 2465 c.
3727 2408 3785 2464 ιι
3803 2408 3861 2463 ad

2274 2519 2397 2575 pag.
2422 2503 2543 2557 105.
2573 2501 2842 2558 Scribitur
2861 2502 3024 2556 etiam
3052 2501 3286 2572 pavbu’ov
3319 2511 3377 2558 et
3408 2502 3647 2574 μανδύη.

2347 2596 2400 2662 7)
2453 2593 2858 2664 Epigonalium,
2897 2595 3305 2664 supergenuale,
3393 2597 3546 2666 quod
3602 2594 3860 2650 victoriam

2275 2688 2528 2741 adversus
2568 2696 2789 2738 mortem
2824 2685 3014 2752 (verba
3048 2695 3177 2741 sunt
3219 2684 3534 2758 Simeonis)
3584 2699 3860 2754 nostraeque

2277 2793 2482 2834 natura:
2503 2778 2959 2831 im'uortalitatem
2982 2787 3032 2830 et
3060 2778 3192 2831 vires
3218 2775 3528 2832 Saluatoris
3550 2789 3731 2832 contra
3754 2793 3858 2828 ma-

2277 2874 2409 2943 ligni
2468 2872 2724 2926 dwmonis
2778 2871 3112 2941 tyrannidem
3167 2871 3580 2925 robustissimos
3631 2868 3856 2923 ostendit.

2279 2965 2631 3032 Quamobrem
2659 2973 2709 3017 et
2742 2962 3060 3030 rhumpha'a:
3105 2962 3278 3015 simile
3317 2973 3419 3027 est,
3450 2973 3502 3016 et
3540 2962 3725 3016 lumbis
3751 2959 3858 3012 alli-

2277 3066 2454 3126 gatur,
2483 3056 2570 3109 ubi
2625 3054 2853 3107 hominis
2906 3051 3068 3122 169
3126 3052 3291 3105 robur
3352 3055 3517 3108 situm
3565 3052 3883 3121 pradicant“

2286 3147 2397 3200 Hoc
2420 3133 2589 3212 ipsum
2617 3147 2772 3200 verba
2821 3161 2937 3215 qua:
2977 3146 3029 3197 in
3069 3145 3245 3197 cinctu
3312 3145 3636 3199 adhibentur
3687 3142 3858 3208 con/ir-

599 3241 766 3294 alinm
799 3242 844 3296 si
881 3243 1084 3296 habere
1135 3243 1310 3310 cupis,
1361 3256 1427 3295 en
1485 3241 1582 3294 tibi
1641 3241 1788 3294 hunc
1821 3257 1885 3293 ex
1921 3240 2174 3295 Mattbaao
2203 3213 2246 3270 ο
2285 3249 2453 3304 mant,
2485 3258 2502 3290 ι
2527 3239 2823 3307 Acriugere
2849 3236 3161 3305 rbompbaea
3190 3244 3284 3289 tua
3313 3251 3483 3305 super
3505 3235 3679 3290 feritur
3703 3244 3855 3293 tuum.

600 3331 844 3387 lilastare
877 3333 930 3386 in
961 3333 1193 3403 Synopsi
1215 3332 1601 3388 conciliet-um.
1643 3332 1766 3393 Τοῖς
1799 3331 2067 3394 διακόνοις
2093 3333 2180 3385 δέ·

597 3422 746 3473 δοται
777 3421 871 3473 καὶ
900 3421 1080 3488 μόνοις
1114 3421 1190 3490 τῷ
1217 3420 1354 3490 λαῖῴ
1384 3420 1492 3472 τῶν
1520 3420 1686 3488 (burim
1712 3419 1870 3473 τοῦτο
1907 3420 2179 3489 περιτιθέ-

605 3519 692 3564 ναι
712 3527 727 3541 ·
760 3511 964 3580 ἐκλήθη
991 3510 1045 3561 δὲ
1077 3512 1314 3579 ὠρὰριον
1341 3511 1405 3564 ἐκ
1433 3510 1525 3562 τοῦ
1560 3510 1688 3579 ώρῶ
1709 3510 1768 3562 τὸ
1802 3509 2058 3578 φυλάσσω
2089 3513 2182 3563 καὶ

602 3602 852 3671 ὲπιτηρῶ
879 3617 895 3631 ·
929 3602 978 3653 οἱ
1016 3605 1125 3671 γὰρ
1177 3602 1510 3671 ὲξαρτῶντες
1555 3604 1709 3656 τοῦτο
1755 3603 2012 3665 διάκονοι,
2071 3605 2184 3666 τοῖς

605 3691 947 3762 ἱερουργοῦσι
987 3695 1380 3764 παριστάμενοι
1412 3695 1624 3759 καὶτὰς
1647 3697 1741 3763 τῆς
1776 3696 1924 3765 ἱερᾶ;
1959 3697 2188 3769 τελετῆς,

606 3785 992 3855 ἐπιτηροῦντες
1024 3787 1208 3858 εὐχὰς,
1251 3786 1326 3856 τῷ
1352 3788 1576 3860 ὠραρίῳ
1619 3792 1726 3851 τοῖς
1758 3790 1816 3841 ὲν
1846 3788 1922 3858 τῷ
1968 3787 2181 3858 ditiith

608 3881 936 3945 σημαίνουσι
959 3878 1226 3942 διακόνοις
1256 3879 1345 3932 τὸν
1375 3882 1565 3952 καιρὸν
1591 3883 1689 3952 τῆς
1721 3881 2046 3951 ὀφειλούσης
2100 3882 2183 3949 γε-

606 3969 1176 4042 νεσθαιὲκ’,ςιι›νήσεως
1201 3973 1312 4025 τῶν
1355 3989 1412 4025 τε
1456 3967 1881 4043 κᾶτηχουμένων
1936 3975 2030 4026 καὶ
2075 3975 2182 4026 τῶν

605 4062 831 4116 πιστῶν.
875 4061 1066 4117 Orario
1116 4065 1443 4134 signiﬁcant,
1492 4066 1830 4136 quandonam
1881 4077 2083 4135 tempus
2117 4067 2184 4119 sit

605 4155 892 4222 separandi
951 4173 1068 4211 voce
1123 4157 1336 4221 publica
1377 4159 1773 4212 cateclmmenos
1823 4173 1855 4210 a
1913 4158 2180 4226 ﬁdelibus.

524 4311 536 4324 ⁸
606 4247 771 4303 Lecto
791 4249 932 4302 enim
954 4250 1244 4317 Evangelia
1265 4251 1528 4305 diaconus
1546 4251 1888 4306 exclamabat
1911 4239 2184 4315 :‘Exeant,

605 4341 695 4407 qui
726 4355 827 4392 non
854 4340 1264 4392 communicant.
1293 4339 1414 4404 Quo
1448 4341 1830 4394 catechumeni
1860 4342 2009 4395 exire
2031 4341 2186 4410 jube-

610 4434 847 4495 bantur,
909 4430 1162 4484 ﬂdvlibus
1221 4431 1658 4484 remanentibus.
1718 4429 1871 4484 Hunc
1926 4433 2184 4487 Blastara:

607 4524 789 4578 locum
836 4525 1200 4578 Casaubonus
1262 4522 1510 4590 profecto
1553 4538 1811 4590 perquam
1866 4523 2184 4578 Calsiniauc

607 4617 852 4686 explicat
883 4617 968 4672 bis
1004 4615 1230 4670 verbis:
1270 4616 1558 4679 Diaconus,
1608 4617 1698 4681 qui
1747 4617 1982 4668 orarium
2013 4625 2185 4685 gesta-

609 4709 719 4773 bat,
758 4725 878 4762 eum
909 4711 997 4776 qui
1027 4710 1078 4762 in
1107 4709 1325 4764 amboue
1354 4725 1560 4762 sacram
1595 4707 1928 4775 Scripturam
1961 4707 2180 4774 legebat,

611 4803 949 4866 admonebat,
982 4801 1194 4873 quando
1225 4802 1301 4856 vel
1326 4803 1396 4855 ad
1416 4802 1596 4870 ﬁdeles
1626 4800 1702 4854 uel
1734 4802 1802 4852 ad
1832 4800 2067 4866 inﬁdeles
2099 4800 2185 4852 de-

610 4897 748 4951 beret
784 4899 1075 4950 orationem
1101 4896 1330 4964 ﬂectere.
1361 4894 1552 4949 Glossa
1583 4895 1695 4946 brec
1724 4891 2028 4946 Calviuiani
2075 4891 2186 4959 spi-

609 4993 749 5046 ritus
781 5001 883 5055 est,
909 4993 1144 5060 liturgite
1175 5006 1344 5044 sacrre
1384 4989 1515 5042 ritus
1550 4997 1605 5042 et
1637 4986 2000 5042 ca3remonias
2029 4985 2183 5055 igno-

615 5085 807 5139 rantis.
841 5085 1046 5150 Quodsi
1092 5087 1216 5153 quis
1245 5083 1572 5145 vocabulum
1602 5083 1772 5135 orarii
1822 5081 2050 5135 nimium
2091 5095 2186 5133 ur-

613 5193 748 5246 gens
806 5180 1032 5232 linteum
1072 5178 1355 5248 det-gentle
1386 5178 1466 5231 ori
1503 5177 1814 5242 signiﬁcare
1862 5173 2184 5237 contendat.

613 5284 680 5323 ro
705 5269 844 5335 quod
871 5269 940 5324 ab
971 5284 1065 5323 ore
1089 5268 1312 5323 formari
1349 5268 1618 5332 videatur,
1653 5269 1696 5318 is
1746 5266 1935 5320 eadem
1966 5267 2187 5320 solertia

615 5363 798 5416 dicere
831 5361 1032 5431 poterit
1065 5361 1290 5414 verbum
1323 5377 1414 5414 oro
1446 5361 1586 5414 idem
1622 5375 1764 5424 esse,
1798 5357 1941 5428 quod
1969 5359 2088 5423 edo,
2123 5372 2188 5409 eo

615 5453 758 5523 quod
797 5454 864 5506 ab
897 5467 990 5506 ore
1019 5453 1340 5514 deducatur,
1383 5452 1525 5508 sicut
1565 5461 1615 5506 et
1657 5455 1844 5505 adoro.
1900 5450 2186 5514 Alcuinus,

615 5545 691 5600 De
725 5546 927 5600 divinis
959 5545 1168 5608 amciis,
1205 5564 1252 5599 c.
1281 5547 1369 5611 39,
1397 5561 1728 5599 enumerans
1760 5560 1912 5598 sacra
1941 5543 2190 5596 ecclesiae

615 5640 961 5698 vestimenta.
1021 5639 1280 5705 orarium,
1314 5639 1366 5691 id
1401 5649 1484 5691 est
1524 5637 1684 5699 stola,
1717 5638 1921 5689 dicitur
1951 5652 2009 5689 eo
2041 5637 2181 5705 quod

617 5731 936 5797 oratoribus,
966 5734 1061 5783 hoc
1091 5743 1164 5784 est
1202 5730 1664 5799 prwdicatoribus,
1698 5730 2037 5782 concedatur.
2070 5726 2190 5780 Etsi

620 5837 726 5876 non
768 5823 852 5878 bis
897 5834 1126 5892 tantum,
1183 5823 1278 5880 sed
1341 5831 1393 5877 et
1449 5822 1845 5886 sacerdotibus,
1910 5821 2001 5889 qui
2054 5820 2188 5873 stola

2286 3331 2684 3402 potentissime.
2727 3349 2746 3382 ι
2941 3361 2956 3374 ν
3229 3397 3232 3400 ἢ

2354 3423 2409 3492 8)
2443 3423 2847 3491 Ἐπιμανικιον.
2899 3423 3045 3477 Idem
3095 3422 3366 3478 Simeon:
3429 3424 3512 3476 Τὰ
3553 3415 3853 3488 ὲπιμανίκια

2284 3519 2731 3572 actionis‘diuinaz
2769 3519 2947 3571 omnia
2969 3517 3249 3585 efﬁcientis
3302 3516 3669 3588 signi/icun'ia
3721 3518 3851 3568 sunt,

2282 3623 2332 3664 et
2352 3609 2532 3664 Iesum
2554 3612 2666 3665 suis
2691 3613 2930 3664 manibus
2958 3610 3289 3675 sacriﬁcium
3313 3611 3554 3678 corporis
3583 3617 3632 3659 et
3653 3601 3851 3670 sangui-

2283 3704 2364 3756 nis
2395 3703 2477 3756 sui
2507 3714 2600 3773 per
2628 3720 2683 3758 se
2709 3703 2993 3766 obtulisse;
3043 3703 3131 3756 cui
3158 3703 3476 3756 conveniunt
3522 3714 3637 3769 quas
3680 3697 3740 3748 iis
3784 3692 3856 3743 iu-

2282 3797 2502 3850 duendis
2530 3800 2862 3850 recitantur:
2887 3814 2906 3847 ι
2922 3795 3148 3850 Dextera
3171 3804 3285 3857 tua,
3309 3794 3560 3858 Domine,
3581 3786 3853 3860 gloriﬁcm

2281 3897 2367 3943 est
2397 3889 2450 3942 in
2478 3889 2680 3942 virtute
2707 3907 2720 3952 ;
2751 3907 2768 3938 ι
2800 3897 2847 3942 et
2878 3888 3101 3943 «Manus
3127 3898 3232 3941 tua:
3263 3886 3514 3941 fecerunt
3540 3899 3624 3936 nte
3652 3870 3704 3934 et
3731 3876 3855 3945 plas-

2285 3991 2568 4034 mavtsrunt
2593 3995 2730 4034 mea
2758 3981 2897 4044 Quin
2919 3981 3082 4033 etiam
3109 3979 3323 4034 vincula
3349 3993 3600 4032 manuum
3629 3970 3856 4026 Salvato-

2285 4073 2380 4138 ris,
2415 4072 2466 4124 in
2499 4070 2686 4139 quibus
2716 4071 2784 4123 ad
2812 4069 3051 4123 Pilatum
3085 4070 3350 4124 deductus
3375 4077 3480 4134 est,
3510 4065 3719 4136 quidam
3766 4067 3848 4124 P"

2285 4163 2609 4231 ὲπιμανίκια
2647 4177 2896 4231 expressa
2926 4164 3127 4216 volant.

2354 4257 2409 4326 9)
2457 4256 2698 4321 Saccus;
2748 4255 2817 4308 de
2864 4270 2972 4325 quo
3010 4254 3123 4324 ja-n
3177 4255 3305 4310 alibi
3366 4255 3572 4324 (supra
3630 4266 3683 4303 n.
3735 4243 3764 4298 '5
3807 4245 3852 4290 et

2284 4347 2477 4402 Codin.
2507 4362 2560 4416 p.
2585 4346 2696 4416 15).
2729 4345 3019 4412 Quaerebat
3049 4345 3333 4402 Cabasilas
3369 4335 3774 4416 Dyrracbiensis
3794 4341 3850 4382 ex

2288 4441 2560 4494 Demetrio
2603 4438 2990 4501 Cbomatiano,
3049 4453 3116 4490 an
3184 4437 3266 4491 fas
3330 4446 3475 4491 essvt
3540 4434 3848 4503 purpureum

2219 4555 2261 4607 ι)
2291 4547 2510 4585 saccum
2556 4529 2734 4584 facere
2772 4539 2828 4583 et
2886 4538 3121 4600 gestare.
3184 4527 3489 4599 Respmnlit
3528 4519 3850 4579 Demetrius:

2299 4623 2525 4677 Saccum
2552 4638 2875 4690 purpureum
2905 4637 3233 4688 nequaquam
3259 4622 3402 4674 novit
3435 4616 3683 4672 Ecclesia,
3700 4619 3848 4678 quau-

2294 4716 2572 4784 doquidem
2604 4731 2787 4767 saccus
2815 4715 2870 4766 in
2892 4715 3058 4766 tribus
3115 4717 3376 4766 duntaxat
3424 4710 3551 4764 anni
3596 4697 3850 4757 celebribus

2304 4807 2594 4860 Dominicis
2635 4806 2780 4875 festis
2810 4821 2965 4858 suum
2993 4821 3146 4857 usum
3177 4805 3397 4871 pra'bet,
3456 4800 3699 4854 nimirurn
3751 4802 3853 4840 nta-

2297 4919 2398 4970 gno
2429 4900 2702 4954 Paschalis
2724 4899 3018 4959 Dominico,
3043 4896 3346 4950 Pentecoste
3369 4904 3417 4948 et
3453 4888 3639 4945 Natali
3655 4877 3848 4977 Christi.

2304 4993 2417 5046 lloc
2444 4994 2604 5062 igitur
2637 4994 2771 5046 satis
2799 4991 3007 5058 plenam
3056 4990 3214 5059 ﬁdem
3262 4989 3413 5058 facit,
3468 4997 3647 5038 saccus
3671 4985 3723 5028 ut
3782 4973 3850 5062 fil

2297 5102 2589 5154 purpureus
2608 5101 2810 5137 neresse
2839 5098 2940 5135 non
2965 5099 3097 5143 esse,
3131 5098 3250 5134 cum
3273 5081 3433 5134 etiam
3466 5076 3570 5130 sint
3599 5070 3848 5162 luctati"-

2277 5177 2443 5243 .signe
2465 5185 2731 5242 purpurea
2762 5172 3068 5240 hujusmodi
3097 5173 3437 5224 vestimenta:
3489 5166 3541 5216 in
3569 5159 3690 5213 solis
3718 5159 3843 5205 enim

2292 5265 2488 5334 jejnnii
2516 5264 2698 5316 diebus
2733 5272 2782 5316 et
2846 5271 3176 5315 mortuorum
3241 5259 3504 5313 memoriis
3565 5251 3843 5338 usuri’m'":

2377 5357 2459 5424 t0)
2501 5357 2653 5409 Mitra
2702 5370 2795 5409 seu
2821 5356 2993 5408 infula
3027 5371 3130 5408 non
3166 5364 3386 5407 utuntur
3418 5342 3647 5416 episcopi
3689 5336 3842 5424 Grtesi

2300 5449 2352 5501 in
2381 5449 2669 5513 sacriﬁcio,
2689 5448 2782 5502 sed
2812 5458 2999 5516 aperto
3025 5447 3199 5516 capite
3232 5456 3393 5500 totam
3422 5435 3682 5502 liturgiaut
3709 5422 3844 5496 perﬁ-

2299 5540 2472 5593 ciunt.
2513 5539 2713 5609 Aperte
2747 5541 2944 5608 capite,
2983 5541 3164 5608 inquit
3221 5538 3464 5594 Simeon,
3530 5517 3746 5593 episcopi
3798 5517 3841 5562 ⁸⁸

2305 5632 2606 5686 sacerdotes
2637 5633 2866 5688 Orientis
2894 5649 3093 5696 omnes,
3138 5637 3350 5700 excepto
3381 5614 3725 5678 Alexandrino
3756 5619 3840 5700 Pl"
3895 5647 3898 5649 λ

2301 5725 2558 5790 trim'cha,
2599 5727 2767 5778 sacris
2798 5727 3111 5794 (tinguntur,
3145 5739 3244 5774 non
3279 5720 3341 5774 ob
3397 5711 3729 5802 humilitatem
3754 5693 3836 5744 ιιΙισ

2297 5833 2473 5886 quam,
2515 5818 2602 5868 sed
2627 5816 2684 5870 ob
2721 5832 2932 5869 causam
2997 5815 3232 5868 altiorem
3287 5821 3335 5863 et
3373 5808 3512 5867 longe
3565 5796 3835 5850 “mmora,”
