  <div class='ocr_page' id='page_1' title='image "/cluster/home/n/w/nwhite01/storage/ocr_20150623/157/coo.31924054870625/101.png"; bbox 0 0 4064 6496; ppageno 0'>
   <div class='ocr_carea' id='block_1_1' title="bbox 506 377 601 441">
    <p class='ocr_par' dir='ltr' id='par_1_1' title="bbox 506 377 601 441">
     <span class='ocr_line' id='line_1_1' title="bbox 506 377 601 441; baseline -0.011 0"><span class='ocrx_word' id='word_1_1' title='bbox 506 377 601 441; x_wconf 82' lang='grc'><strong>191</strong></span> 
     </span>
    </p>
   </div>
   <div class='ocr_carea' id='block_1_2' title="bbox 1595 345 2703 446">
    <p class='ocr_par' dir='ltr' id='par_1_2' title="bbox 1595 345 2703 446">
     <span class='ocr_line' id='line_1_2' title="bbox 1595 345 2703 446; baseline 0.005 -6"><span class='ocrx_word' id='word_1_2' title='bbox 1595 345 1684 440; x_wconf 75' lang='grc' dir='ltr'>ἰΝ</span> <span class='ocrx_word' id='word_1_3' title='bbox 1727 380 2027 441; x_wconf 75' lang='lat' dir='ltr'><strong>uanum</strong></span> <span class='ocrx_word' id='word_1_4' title='bbox 2069 383 2166 443; x_wconf 73' lang='lat' dir='ltr'><strong>or.</strong></span> <span class='ocrx_word' id='word_1_5' title='bbox 2210 381 2550 445; x_wconf 78' lang='lat' dir='ltr'><strong>OFFICIIS</strong></span> <span class='ocrx_word' id='word_1_6' title='bbox 2594 385 2703 446; x_wconf 75' lang='lat' dir='ltr'><strong>cr.</strong></span> 
     </span>
    </p>
   </div>
   <div class='ocr_carea' id='block_1_3' title="bbox 3719 375 3883 439">
    <p class='ocr_par' dir='ltr' id='par_1_3' title="bbox 3719 375 3883 439">
     <span class='ocr_line' id='line_1_3' title="bbox 3719 375 3883 439; baseline -0.006 0"><span class='ocrx_word' id='word_1_7' title='bbox 3719 375 3820 439; x_wconf 76' lang='lat'><strong>192</strong></span> <span class='ocrx_word' id='word_1_8' title='bbox 3876 418 3883 423; x_wconf 89' lang='lat'><strong><em>-</em></strong></span> 
     </span>
    </p>
   </div>
   <div class='ocr_carea' id='block_1_4' title="bbox 507 487 3822 564">
    <p class='ocr_par' dir='ltr' id='par_1_4' title="bbox 507 487 3822 564">
     <span class='ocr_line' id='line_1_4' title="bbox 507 487 3822 564; baseline 0 -21"><span class='ocrx_word' id='word_1_9' title='bbox 507 492 1103 561; x_wconf 71' lang='grc' dir='ltr'>σεδαστοκρατορικαῖς</span> <span class='ocrx_word' id='word_1_10' title='bbox 1143 491 1642 561; x_wconf 78' lang='grc' dir='ltr'>ύπεξῆρεντιμαϊς.</span> <span class='ocrx_word' id='word_1_11' title='bbox 1671 493 1903 549; x_wconf 83' lang='lat' dir='ltr'><strong>Joannis</strong></span> <span class='ocrx_word' id='word_1_12' title='bbox 1934 492 2079 547; x_wconf 87' lang='lat' dir='ltr'><strong>tilius</strong></span> <span class='ocrx_word' id='word_1_13' title='bbox 2111 496 2154 553; x_wconf 79' lang='grc' dir='ltr'>Α</span> <span class='ocrx_word' id='word_1_14' title='bbox 2185 496 2415 560; x_wconf 81' lang='grc' dir='ltr'>πόλεως,</span> <span class='ocrx_word' id='word_1_15' title='bbox 2451 495 2512 549; x_wconf 85' lang='grc' dir='ltr'><strong>ού</strong></span> <span class='ocrx_word' id='word_1_16' title='bbox 2572 496 2735 564; x_wconf 86' lang='grc' dir='ltr'>μόνον</span> <span class='ocrx_word' id='word_1_17' title='bbox 2767 496 2881 558; x_wconf 61' lang='grc' dir='ltr'>τοῖς</span> <span class='ocrx_word' id='word_1_18' title='bbox 2944 493 3039 548; x_wconf 82' lang='grc' dir='ltr'><strong>τοῦ</strong></span> <span class='ocrx_word' id='word_1_19' title='bbox 3082 493 3394 561; x_wconf 75' lang='grc' dir='ltr'>Καίσαρος</span> <span class='ocrx_word' id='word_1_20' title='bbox 3442 487 3822 559; x_wconf 80' lang='grc' dir='ltr'><strong>παρασήμοις</strong></span> 
     </span>
    </p>
   </div>
   <div class='ocr_carea' id='block_1_5' title="bbox 509 581 2077 653">
    <p class='ocr_par' dir='ltr' id='par_1_5' title="bbox 509 581 2077 653">
     <span class='ocr_line' id='line_1_5' title="bbox 509 581 2077 653; baseline 0.001 -18"><span class='ocrx_word' id='word_1_21' title='bbox 509 581 717 635; x_wconf 75' lang='lat' dir='ltr'><strong>Manuel</strong></span> <span class='ocrx_word' id='word_1_22' title='bbox 746 592 898 650; x_wconf 85' lang='lat' dir='ltr'><strong>patre</strong></span> <span class='ocrx_word' id='word_1_23' title='bbox 922 593 1138 635; x_wconf 88' lang='lat' dir='ltr'><strong>mortuo</strong></span> <span class='ocrx_word' id='word_1_24' title='bbox 1163 582 1471 637; x_wconf 86' lang='lat' dir='ltr'><strong>voeatusad</strong></span> <span class='ocrx_word' id='word_1_25' title='bbox 1499 593 1778 653; x_wconf 79' lang='lat' dir='ltr'><strong>sceptrum</strong></span> <span class='ocrx_word' id='word_1_26' title='bbox 1806 582 2077 637; x_wconf 87' lang='lat' dir='ltr'><strong>lsaacium</strong></span> 
     </span>
    </p>
   </div>
   <div class='ocr_carea' id='block_1_6' title="bbox 509 675 2083 741">
    <p class='ocr_par' dir='ltr' id='par_1_6' title="bbox 509 675 2083 741">
     <span class='ocr_line' id='line_1_6' title="bbox 509 675 2083 741; baseline 0.002 -13"><span class='ocrx_word' id='word_1_27' title='bbox 509 686 764 741; x_wconf 86' lang='lat' dir='ltr'><strong>patruum</strong></span> <span class='ocrx_word' id='word_1_28' title='bbox 813 675 976 728; x_wconf 90' lang='lat' dir='ltr'><strong>etiam</strong></span> <span class='ocrx_word' id='word_1_29' title='bbox 1026 676 1531 732; x_wconf 88' lang='lat' dir='ltr'><strong>sebastocratorem</strong></span> <span class='ocrx_word' id='word_1_30' title='bbox 1588 685 1867 740; x_wconf 81' lang='lat' dir='ltr'><strong>vocatum,</strong></span> <span class='ocrx_word' id='word_1_31' title='bbox 1900 676 2083 732; x_wconf 86' lang='lat' dir='ltr'><strong>missis</strong></span> 
     </span>
    </p>
   </div>
   <div class='ocr_carea' id='block_1_7' title="bbox 507 764 2084 841">
    <p class='ocr_par' dir='ltr' id='par_1_7' title="bbox 507 764 2084 841">
     <span class='ocr_line' id='line_1_7' title="bbox 507 764 2084 841; baseline 0.001 -24"><span class='ocrx_word' id='word_1_32' title='bbox 507 781 559 819; x_wconf 90' lang='lat' dir='ltr'><strong>tn</strong></span> <span class='ocrx_word' id='word_1_33' title='bbox 612 764 803 817; x_wconf 85' lang='lat' dir='ltr'>urbem</span> <span class='ocrx_word' id='word_1_34' title='bbox 856 765 1069 829; x_wconf 83' lang='lat' dir='ltr'><strong>amicis,</strong></span> <span class='ocrx_word' id='word_1_35' title='bbox 1126 780 1195 819; x_wconf 91' lang='lat' dir='ltr'><strong>ne</strong></span> <span class='ocrx_word' id='word_1_36' title='bbox 1254 774 1368 819; x_wconf 91' lang='lat' dir='ltr'><strong>tum</strong></span> <span class='ocrx_word' id='word_1_37' title='bbox 1403 766 1690 835; x_wconf 86' lang='lat' dir='ltr'><strong>sanguinis</strong></span> <span class='ocrx_word' id='word_1_38' title='bbox 1711 766 1838 841; x_wconf 76' lang='lat' dir='ltr'><strong>jure</strong></span> <span class='ocrx_word' id='word_1_39' title='bbox 1867 776 1982 819; x_wconf 76' lang='lat' dir='ltr'><strong>tum</strong></span> <span class='ocrx_word' id='word_1_40' title='bbox 2010 765 2084 819; x_wconf 93' lang='lat' dir='ltr'><strong>ob</strong></span> 
     </span>
    </p>
   </div>
   <div class='ocr_carea' id='block_1_8' title="bbox 508 858 2085 927">
    <p class='ocr_par' dir='ltr' id='par_1_8' title="bbox 508 858 2085 927">
     <span class='ocr_line' id='line_1_8' title="bbox 508 858 2085 927; baseline 0.001 -16"><span class='ocrx_word' id='word_1_41' title='bbox 508 859 832 926; x_wconf 83' lang='lat' dir='ltr'><strong>dignitatem</strong></span> <span class='ocrx_word' id='word_1_42' title='bbox 883 859 1255 927; x_wconf 65' lang='lat' dir='ltr'><strong>imperatoria:</strong></span> <span class='ocrx_word' id='word_1_43' title='bbox 1312 859 1617 927; x_wconf 76' lang='lat' dir='ltr'><strong>proximam</strong></span> <span class='ocrx_word' id='word_1_44' title='bbox 1672 858 1959 912; x_wconf 89' lang='lat' dir='ltr'><strong>moliretur</strong></span> <span class='ocrx_word' id='word_1_45' title='bbox 1998 873 2085 913; x_wconf 92' lang='lat' dir='ltr'><strong>res</strong></span> 
     </span>
    </p>
   </div>
   <div class='ocr_carea' id='block_1_9' title="bbox 509 949 2083 1019">
    <p class='ocr_par' dir='ltr' id='par_1_9' title="bbox 509 949 2083 1019">
     <span class='ocr_line' id='line_1_9' title="bbox 509 949 2083 1019; baseline 0.002 -19"><span class='ocrx_word' id='word_1_46' title='bbox 509 964 701 1007; x_wconf 81' lang='lat' dir='ltr'><strong>novas.</strong></span> <span class='ocrx_word' id='word_1_47' title='bbox 731 950 1092 1019; x_wconf 90' lang='lat' dir='ltr'><strong>compescuit.</strong></span> <span class='ocrx_word' id='word_1_48' title='bbox 1134 949 1517 1004; x_wconf 81' lang='lat' dir='ltr'><strong>Nieetasidem</strong></span> <span class='ocrx_word' id='word_1_49' title='bbox 1561 950 1615 1004; x_wconf 91' lang='lat' dir='ltr'><strong>in</strong></span> <span class='ocrx_word' id='word_1_50' title='bbox 1652 949 1925 1013; x_wconf 67' lang='lat' dir='ltr'><strong>Manuele,</strong></span> <span class='ocrx_word' id='word_1_51' title='bbox 1961 952 1996 1004; x_wconf 86' lang='grc' dir='ltr'>ι.</span> <span class='ocrx_word' id='word_1_52' title='bbox 2031 966 2083 1003; x_wconf 87' lang='lat' dir='ltr'><strong>t:</strong></span> 
     </span>
    </p>
   </div>
   <div class='ocr_carea' id='block_1_10' title="bbox 509 1037 2088 1111">
    <p class='ocr_par' dir='ltr' id='par_1_10' title="bbox 509 1037 2088 1111">
     <span class='ocr_line' id='line_1_10' title="bbox 509 1037 2088 1111; baseline 0.002 -21"><span class='ocrx_word' id='word_1_53' title='bbox 509 1038 601 1106; x_wconf 84' lang='grc' dir='ltr'><strong>Μή</strong></span> <span class='ocrx_word' id='word_1_54' title='bbox 632 1055 750 1100; x_wconf 86' lang='grc' dir='ltr'>πως</span> <span class='ocrx_word' id='word_1_55' title='bbox 782 1038 1025 1108; x_wconf 72' lang='grc' dir='ltr'>περὶτοῦ</span> <span class='ocrx_word' id='word_1_56' title='bbox 1052 1038 1161 1092; x_wconf 83' lang='grc' dir='ltr'>τῶν</span> <span class='ocrx_word' id='word_1_57' title='bbox 1200 1040 1337 1094; x_wconf 83' lang='grc' dir='ltr'>ὅλων</span> <span class='ocrx_word' id='word_1_58' title='bbox 1376 1042 1539 1104; x_wconf 71' lang='grc' dir='ltr'>αὐτὸς</span> <span class='ocrx_word' id='word_1_59' title='bbox 1572 1037 1714 1094; x_wconf 73' lang='grc' dir='ltr'>εἶναι</span> <span class='ocrx_word' id='word_1_60' title='bbox 1746 1042 1941 1111; x_wconf 83' lang='grc' dir='ltr'>κύριος</span> <span class='ocrx_word' id='word_1_61' title='bbox 1972 1041 2088 1093; x_wconf 84' lang='grc' dir='ltr'>δια-</span> 
     </span>
    </p>
   </div>
   <div class='ocr_carea' id='block_1_11' title="bbox 513 1129 2091 1205">
    <p class='ocr_par' dir='ltr' id='par_1_11' title="bbox 513 1129 2091 1205">
     <span class='ocr_line' id='line_1_11' title="bbox 513 1129 2091 1205; baseline 0.005 -24"><span class='ocrx_word' id='word_1_62' title='bbox 513 1129 747 1200; x_wconf 78' lang='grc' dir='ltr'>μιλληθῇ</span> <span class='ocrx_word' id='word_1_63' title='bbox 780 1130 873 1182; x_wconf 83' lang='grc' dir='ltr'>ἆτε</span> <span class='ocrx_word' id='word_1_64' title='bbox 899 1132 1003 1183; x_wconf 59' lang='grc' dir='ltr'>ἀπο</span> <span class='ocrx_word' id='word_1_65' title='bbox 1031 1132 1298 1199; x_wconf 87' lang='grc' dir='ltr'>γενέσεως</span> <span class='ocrx_word' id='word_1_66' title='bbox 1326 1135 1407 1195; x_wconf 82' lang='grc' dir='ltr'><strong>εἰς</strong></span> <span class='ocrx_word' id='word_1_67' title='bbox 1443 1134 1543 1203; x_wconf 80' lang='grc' dir='ltr'>τὴν</span> <span class='ocrx_word' id='word_1_68' title='bbox 1566 1134 1823 1203; x_wconf 84' lang='grc' dir='ltr'>διαδοχὴν</span> <span class='ocrx_word' id='word_1_69' title='bbox 1853 1136 1953 1202; x_wconf 79' lang='grc' dir='ltr'>τῆς</span> <span class='ocrx_word' id='word_1_70' title='bbox 1995 1135 2091 1205; x_wconf 86' lang='grc' dir='ltr'>βα-</span> 
     </span>
    </p>
   </div>
   <div class='ocr_carea' id='block_1_12' title="bbox 511 1221 2089 1293">
    <p class='ocr_par' dir='ltr' id='par_1_12' title="bbox 511 1221 2089 1293">
     <span class='ocr_line' id='line_1_12' title="bbox 511 1221 2089 1293; baseline 0.005 -22"><span class='ocrx_word' id='word_1_71' title='bbox 511 1222 720 1285; x_wconf 72' lang='grc' dir='ltr'>σιλείας</span> <span class='ocrx_word' id='word_1_72' title='bbox 756 1221 1116 1291; x_wconf 79' lang='grc' dir='ltr'>καλούμενος.</span> <span class='ocrx_word' id='word_1_73' title='bbox 1158 1223 1229 1277; x_wconf 90' lang='lat' dir='ltr'><strong>Ut</strong></span> <span class='ocrx_word' id='word_1_74' title='bbox 1259 1232 1531 1292; x_wconf 88' lang='lat' dir='ltr'><strong>potestate</strong></span> <span class='ocrx_word' id='word_1_75' title='bbox 1561 1232 1615 1278; x_wconf 87' lang='lat' dir='ltr'><strong>et</strong></span> <span class='ocrx_word' id='word_1_76' title='bbox 1643 1225 1980 1293; x_wconf 78' lang='lat' dir='ltr'><strong>insignibus,</strong></span> <span class='ocrx_word' id='word_1_77' title='bbox 2017 1226 2089 1279; x_wconf 88' lang='lat' dir='ltr'><strong>ita</strong></span> 
     </span>
    </p>
   </div>
   <div class='ocr_carea' id='block_1_13' title="bbox 512 1305 2091 1385">
    <p class='ocr_par' dir='ltr' id='par_1_13' title="bbox 512 1305 2091 1385">
     <span class='ocr_line' id='line_1_13' title="bbox 512 1305 2091 1385; baseline 0.004 -24"><span class='ocrx_word' id='word_1_78' title='bbox 512 1314 710 1381; x_wconf 86' lang='lat' dir='ltr'><strong>(usque</strong></span> <span class='ocrx_word' id='word_1_79' title='bbox 732 1316 799 1365; x_wconf 87' lang='lat' dir='ltr'><strong>ad</strong></span> <span class='ocrx_word' id='word_1_80' title='bbox 820 1315 1106 1383; x_wconf 84' lang='lat' dir='ltr'><strong>despolam</strong></span> <span class='ocrx_word' id='word_1_81' title='bbox 1138 1305 1411 1385; x_wconf 73' lang='lat' dir='ltr'><strong>creatum)</strong></span> <span class='ocrx_word' id='word_1_82' title='bbox 1442 1317 1711 1383; x_wconf 83' lang='lat' dir='ltr'><strong>sanguine</strong></span> <span class='ocrx_word' id='word_1_83' title='bbox 1761 1320 2091 1382; x_wconf 86' lang='lat' dir='ltr'><strong>conjunctus</strong></span> 
     </span>
    </p>
   </div>
   <div class='ocr_carea' id='block_1_14' title="bbox 512 1405 2090 1479">
    <p class='ocr_par' dir='ltr' id='par_1_14' title="bbox 512 1405 2090 1479">
     <span class='ocr_line' id='line_1_14' title="bbox 512 1405 2090 1479; baseline 0.003 -22"><span class='ocrx_word' id='word_1_84' title='bbox 512 1405 615 1458; x_wconf 72' lang='lat' dir='ltr'><strong>fuit</strong></span> <span class='ocrx_word' id='word_1_85' title='bbox 679 1406 999 1473; x_wconf 74' lang='lat' dir='ltr'><strong>imperatori</strong></span> <span class='ocrx_word' id='word_1_86' title='bbox 1050 1406 1471 1460; x_wconf 86' lang='lat' dir='ltr'><strong>sebastocrator.</strong></span> <span class='ocrx_word' id='word_1_87' title='bbox 1524 1406 1766 1463; x_wconf 85' lang='lat' dir='ltr'><strong>lsaacius</strong></span> <span class='ocrx_word' id='word_1_88' title='bbox 1825 1409 2090 1479; x_wconf 83' lang='lat' dir='ltr'><strong>Angelus,</strong></span> 
     </span>
    </p>
   </div>
   <div class='ocr_carea' id='block_1_15' title="bbox 516 1494 2091 1567">
    <p class='ocr_par' dir='ltr' id='par_1_15' title="bbox 516 1494 2091 1567">
     <span class='ocr_line' id='line_1_15' title="bbox 516 1494 2091 1567; baseline 0.003 -20"><span class='ocrx_word' id='word_1_89' title='bbox 516 1510 662 1548; x_wconf 91' lang='lat' dir='ltr'><strong>anno</strong></span> <span class='ocrx_word' id='word_1_90' title='bbox 684 1494 822 1548; x_wconf 78' lang='grc'><strong>1184</strong></span> <span class='ocrx_word' id='word_1_91' title='bbox 841 1495 1129 1564; x_wconf 87' lang='lat' dir='ltr'><strong>imperium</strong></span> <span class='ocrx_word' id='word_1_92' title='bbox 1152 1495 1404 1557; x_wconf 81' lang='lat' dir='ltr'><strong>sortitus.</strong></span> <span class='ocrx_word' id='word_1_93' title='bbox 1430 1496 1652 1552; x_wconf 78' lang='lat' dir='ltr'><strong>fratrem</strong></span> <span class='ocrx_word' id='word_1_94' title='bbox 1670 1499 1918 1552; x_wconf 82' lang='lat' dir='ltr'><strong>Alexium</strong></span> <span class='ocrx_word' id='word_1_95' title='bbox 1941 1498 2091 1567; x_wconf 80' lang='lat' dir='ltr'><strong>regni</strong></span> 
     </span>
    </p>
   </div>
   <div class='ocr_carea' id='block_1_16' title="bbox 519 1587 2092 1657">
    <p class='ocr_par' dir='ltr' id='par_1_16' title="bbox 519 1587 2092 1657">
     <span class='ocr_line' id='line_1_16' title="bbox 519 1587 2092 1657; baseline 0.003 -18"><span class='ocrx_word' id='word_1_96' title='bbox 519 1600 922 1653; x_wconf 80' lang='lat' dir='ltr'><strong>successorem,</strong></span> <span class='ocrx_word' id='word_1_97' title='bbox 950 1602 1013 1639; x_wconf 92' lang='lat' dir='ltr'><strong>ac</strong></span> <span class='ocrx_word' id='word_1_98' title='bbox 1043 1596 1298 1657; x_wconf 78' lang='lat' dir='ltr'><strong>patruum</strong></span> <span class='ocrx_word' id='word_1_99' title='bbox 1336 1603 1559 1657; x_wconf 86' lang='lat' dir='ltr'><strong>quoque</strong></span> <span class='ocrx_word' id='word_1_100' title='bbox 1581 1587 1852 1646; x_wconf 83' lang='lat' dir='ltr'><strong>Joannem</strong></span> <span class='ocrx_word' id='word_1_101' title='bbox 1873 1590 2092 1656; x_wconf 90' lang='lat' dir='ltr'><strong>ducem,</strong></span> 
     </span>
    </p>
   </div>
   <div class='ocr_carea' id='block_1_17' title="bbox 516 1678 2095 1749">
    <p class='ocr_par' dir='ltr' id='par_1_17' title="bbox 516 1678 2095 1749">
     <span class='ocr_line' id='line_1_17' title="bbox 516 1678 2095 1749; baseline 0.004 -20"><span class='ocrx_word' id='word_1_102' title='bbox 516 1678 987 1749; x_wconf 83' lang='lat' dir='ltr'><strong>sebastocratores</strong></span> <span class='ocrx_word' id='word_1_103' title='bbox 1016 1679 1315 1733; x_wconf 86' lang='lat' dir='ltr'><strong>declaravit</strong></span> <span class='ocrx_word' id='word_1_104' title='bbox 1354 1696 1369 1744; x_wconf 89' lang='lat'><strong>;</strong></span> <span class='ocrx_word' id='word_1_105' title='bbox 1412 1680 1640 1735; x_wconf 77' lang='lat' dir='ltr'><strong>Alexius</strong></span> <span class='ocrx_word' id='word_1_106' title='bbox 1695 1682 1783 1736; x_wconf 89' lang='lat' dir='ltr'><strong>hic</strong></span> <span class='ocrx_word' id='word_1_107' title='bbox 1828 1682 2095 1736; x_wconf 89' lang='lat' dir='ltr'><strong>lsaacium</strong></span> 
     </span>
    </p>
   </div>
   <div class='ocr_carea' id='block_1_18' title="bbox 522 1768 2097 1844">
    <p class='ocr_par' dir='ltr' id='par_1_18' title="bbox 522 1768 2097 1844">
     <span class='ocr_line' id='line_1_18' title="bbox 522 1768 2097 1844; baseline 0.006 -24"><span class='ocrx_word' id='word_1_108' title='bbox 522 1768 645 1820; x_wconf 69' lang='lat' dir='ltr'><strong>ﬁliae</strong></span> <span class='ocrx_word' id='word_1_109' title='bbox 677 1770 934 1822; x_wconf 90' lang='lat' dir='ltr'><strong>maritum</strong></span> <span class='ocrx_word' id='word_1_110' title='bbox 966 1771 1204 1839; x_wconf 90' lang='lat' dir='ltr'><strong>priorem</strong></span> <span class='ocrx_word' id='word_1_111' title='bbox 1224 1772 1341 1841; x_wconf 86' lang='lat' dir='ltr'><strong>pari</strong></span> <span class='ocrx_word' id='word_1_112' title='bbox 1378 1773 1536 1826; x_wconf 85' lang='lat' dir='ltr'><strong>titulo</strong></span> <span class='ocrx_word' id='word_1_113' title='bbox 1567 1772 1873 1844; x_wconf 83' lang='lat' dir='ltr'><strong>insignivit.</strong></span> <span class='ocrx_word' id='word_1_114' title='bbox 1905 1773 2097 1830; x_wconf 85' lang='lat' dir='ltr'><strong>Plures</strong></span> 
     </span>
    </p>
   </div>
   <div class='ocr_carea' id='block_1_19' title="bbox 2185 581 3820 657">
    <p class='ocr_par' dir='ltr' id='par_1_19' title="bbox 2185 581 3820 657">
     <span class='ocr_line' id='line_1_19' title="bbox 2185 581 3820 657; baseline -0.005 -16"><span class='ocrx_word' id='word_1_115' title='bbox 2185 588 2591 656; x_wconf 78' lang='grc' dir='ltr'><strong>κοσμούμενον,</strong></span> <span class='ocrx_word' id='word_1_116' title='bbox 2618 587 2756 641; x_wconf 73' lang='grc' dir='ltr'>ἀλλὰ</span> <span class='ocrx_word' id='word_1_117' title='bbox 2785 587 2924 657; x_wconf 79' lang='grc' dir='ltr'>πρὸς</span> <span class='ocrx_word' id='word_1_118' title='bbox 2958 586 3171 647; x_wconf 81' lang='grc' dir='ltr'><strong>τούτοις</strong></span> <span class='ocrx_word' id='word_1_119' title='bbox 3200 586 3311 639; x_wconf 74' lang='grc' dir='ltr'><strong>καὶ</strong></span> <span class='ocrx_word' id='word_1_120' title='bbox 3348 581 3631 651; x_wconf 74' lang='grc' dir='ltr'>στεφάνῳ</span> <span class='ocrx_word' id='word_1_121' title='bbox 3656 581 3820 635; x_wconf 86' lang='grc' dir='ltr'>πολυ-</span> 
     </span>
    </p>
   </div>
   <div class='ocr_carea' id='block_1_20' title="bbox 2184 672 3821 749">
    <p class='ocr_par' dir='ltr' id='par_1_20' title="bbox 2184 672 3821 749">
     <span class='ocr_line' id='line_1_20' title="bbox 2184 672 3821 749; baseline -0.004 -18"><span class='ocrx_word' id='word_1_122' title='bbox 2184 679 2331 731; x_wconf 80' lang='grc' dir='ltr'>τελεῖ</span> <span class='ocrx_word' id='word_1_123' title='bbox 2359 680 2451 733; x_wconf 69' lang='lat' dir='ltr'><strong>xui</strong></span> <span class='ocrx_word' id='word_1_124' title='bbox 2485 678 2683 749; x_wconf 79' lang='grc' dir='ltr'><strong>μικροῦ</strong></span> <span class='ocrx_word' id='word_1_125' title='bbox 2707 678 2810 731; x_wconf 76' lang='grc' dir='ltr'><strong>δέω</strong></span> <span class='ocrx_word' id='word_1_126' title='bbox 2832 679 3012 745; x_wconf 73' lang='grc' dir='ltr'>λέγειν</span> <span class='ocrx_word' id='word_1_127' title='bbox 3048 674 3354 747; x_wconf 81' lang='grc' dir='ltr'>βασιλικῷ.</span> <span class='ocrx_word' id='word_1_128' title='bbox 3402 675 3478 726; x_wconf 89' lang='grc' dir='ltr'><strong>Ὃ</strong></span> <span class='ocrx_word' id='word_1_129' title='bbox 3507 672 3579 740; x_wconf 83' lang='grc' dir='ltr'>δὴ</span> <span class='ocrx_word' id='word_1_130' title='bbox 3610 672 3709 725; x_wconf 74' lang='grc' dir='ltr'><strong>καὶ</strong></span> <span class='ocrx_word' id='word_1_131' title='bbox 3731 673 3821 739; x_wconf 83' lang='grc' dir='ltr'><strong>γέ-</strong></span> 
     </span>
    </p>
   </div>
   <div class='ocr_carea' id='block_1_21' title="bbox 2186 765 3820 841">
    <p class='ocr_par' dir='ltr' id='par_1_21' title="bbox 2186 765 3820 841">
     <span class='ocr_line' id='line_1_21' title="bbox 2186 765 3820 841; baseline -0.004 -17"><span class='ocrx_word' id='word_1_132' title='bbox 2186 789 2330 840; x_wconf 89' lang='grc' dir='ltr'>γονε.</span> <span class='ocrx_word' id='word_1_133' title='bbox 2368 772 2766 841; x_wconf 77' lang='grc' dir='ltr'>Προσετετάχει</span> <span class='ocrx_word' id='word_1_134' title='bbox 2795 773 2841 824; x_wconf 82' lang='grc' dir='ltr'>δ’</span> <span class='ocrx_word' id='word_1_135' title='bbox 2894 771 2989 824; x_wconf 73' lang='grc' dir='ltr'><strong>ἐπὶ</strong></span> <span class='ocrx_word' id='word_1_136' title='bbox 3022 769 3241 832; x_wconf 78' lang='grc' dir='ltr'><strong>τούτοις</strong></span> <span class='ocrx_word' id='word_1_137' title='bbox 3307 768 3342 821; x_wconf 78' lang='grc' dir='ltr'><strong>ὁ</strong></span> <span class='ocrx_word' id='word_1_138' title='bbox 3400 765 3680 837; x_wconf 80' lang='grc' dir='ltr'>βασιλεὺς</span> <span class='ocrx_word' id='word_1_139' title='bbox 3734 765 3820 819; x_wconf 64' lang='grc' dir='ltr'>διὰ</span> 
     </span>
    </p>
   </div>
   <div class='ocr_carea' id='block_1_22' title="bbox 2192 855 3821 932">
    <p class='ocr_par' dir='ltr' id='par_1_22' title="bbox 2192 855 3821 932">
     <span class='ocr_line' id='line_1_22' title="bbox 2192 855 3821 932; baseline -0.004 -20"><span class='ocrx_word' id='word_1_140' title='bbox 2192 864 2415 932; x_wconf 82' lang='grc' dir='ltr'><strong>μνήμης</strong></span> <span class='ocrx_word' id='word_1_141' title='bbox 2443 863 2502 915; x_wconf 74' lang='grc' dir='ltr'>τὸ</span> <span class='ocrx_word' id='word_1_142' title='bbox 2529 863 2625 915; x_wconf 81' lang='grc' dir='ltr'>τοῦ</span> <span class='ocrx_word' id='word_1_143' title='bbox 2682 861 2965 930; x_wconf 74' lang='grc' dir='ltr'>Καίσαρος</span> <span class='ocrx_word' id='word_1_144' title='bbox 3006 861 3183 926; x_wconf 70' lang='grc' dir='ltr'>ὄνομα</span> <span class='ocrx_word' id='word_1_145' title='bbox 3220 857 3492 925; x_wconf 74' lang='grc' dir='ltr'>ἄγεσθαι</span> <span class='ocrx_word' id='word_1_146' title='bbox 3530 855 3681 923; x_wconf 78' lang='grc' dir='ltr'><strong>ὁμοῦ</strong></span> <span class='ocrx_word' id='word_1_147' title='bbox 3712 856 3821 916; x_wconf 87' lang='grc' dir='ltr'>τοῖς</span> 
     </span>
    </p>
   </div>
   <div class='ocr_carea' id='block_1_23' title="bbox 2188 945 3821 1021">
    <p class='ocr_par' dir='ltr' id='par_1_23' title="bbox 2188 945 3821 1021">
     <span class='ocr_line' id='line_1_23' title="bbox 2188 945 3821 1021; baseline -0.004 -17"><span class='ocrx_word' id='word_1_148' title='bbox 2188 952 2299 1004; x_wconf 82' lang='grc' dir='ltr'><strong>τῶν</strong></span> <span class='ocrx_word' id='word_1_149' title='bbox 2361 952 2632 1021; x_wconf 78' lang='grc' dir='ltr'><strong>βασιλέων</strong></span> <span class='ocrx_word' id='word_1_150' title='bbox 2687 954 2748 1006; x_wconf 79' lang='grc' dir='ltr'><strong>ὲν</strong></span> <span class='ocrx_word' id='word_1_151' title='bbox 2792 953 2908 1015; x_wconf 87' lang='grc' dir='ltr'>τοῖς</span> <span class='ocrx_word' id='word_1_152' title='bbox 2956 949 3334 1021; x_wconf 80' lang='grc' dir='ltr'>ὑμνητηρῑοις</span> <span class='ocrx_word' id='word_1_153' title='bbox 3373 948 3483 1002; x_wconf 55' lang='grc' dir='ltr'><strong>καὶ.</strong></span> <span class='ocrx_word' id='word_1_154' title='bbox 3541 945 3821 1016; x_wconf 80' lang='grc' dir='ltr'><strong>εὐφήμοις</strong></span> 
     </span>
    </p>
   </div>
   <div class='ocr_carea' id='block_1_24' title="bbox 2191 1036 3822 1114">
    <p class='ocr_par' dir='ltr' id='par_1_24' title="bbox 2191 1036 3822 1114">
     <span class='ocr_line' id='line_1_24' title="bbox 2191 1036 3822 1114; baseline -0.006 -16"><span class='ocrx_word' id='word_1_155' title='bbox 2191 1045 2386 1108; x_wconf 72' lang='grc' dir='ltr'>ἅπασι,</span> <span class='ocrx_word' id='word_1_156' title='bbox 2411 1044 2665 1114; x_wconf 87' lang='grc' dir='ltr'>πανταχῆ</span> <span class='ocrx_word' id='word_1_157' title='bbox 2699 1046 2801 1111; x_wconf 80' lang='grc' dir='ltr'>τῆς</span> <span class='ocrx_word' id='word_1_158' title='bbox 2826 1044 2938 1098; x_wconf 84' lang='grc' dir='ltr'><strong>τῶν</strong></span> <span class='ocrx_word' id='word_1_159' title='bbox 2967 1041 3270 1112; x_wconf 75' lang='grc' dir='ltr'><strong>Ῥωμαίων</strong></span> <span class='ocrx_word' id='word_1_160' title='bbox 3304 1038 3702 1110; x_wconf 65' lang='grc' dir='ltr'><strong>ἐπικρατείας</strong></span> <span class='ocrx_word' id='word_1_161' title='bbox 3730 1036 3822 1105; x_wconf 71' lang='grc' dir='ltr'><strong>ἄχ-</strong></span> 
     </span>
    </p>
   </div>
   <div class='ocr_carea' id='block_1_25' title="bbox 2194 1129 3821 1206">
    <p class='ocr_par' dir='ltr' id='par_1_25' title="bbox 2194 1129 3821 1206">
     <span class='ocr_line' id='line_1_25' title="bbox 2194 1129 3821 1206; baseline -0.003 -19"><span class='ocrx_word' id='word_1_162' title='bbox 2194 1153 2277 1205; x_wconf 87' lang='grc' dir='ltr'><strong>ρις</strong></span> <span class='ocrx_word' id='word_1_163' title='bbox 2333 1136 2612 1192; x_wconf 72' lang='grc' dir='ltr'>ἐνιαυτοῦ.</span> <span class='ocrx_word' id='word_1_164' title='bbox 2674 1138 2785 1189; x_wconf 75' lang='grc' dir='ltr'><strong>Καὶ</strong></span> <span class='ocrx_word' id='word_1_165' title='bbox 2822 1136 2893 1189; x_wconf 84' lang='grc' dir='ltr'><strong>τὰ</strong></span> <span class='ocrx_word' id='word_1_166' title='bbox 2933 1136 3036 1206; x_wconf 69' lang='grc' dir='ltr'><strong>μὲν</strong></span> <span class='ocrx_word' id='word_1_167' title='bbox 3066 1134 3161 1188; x_wconf 80' lang='grc' dir='ltr'><strong>τοῦ</strong></span> <span class='ocrx_word' id='word_1_168' title='bbox 3224 1133 3545 1193; x_wconf 75' lang='grc' dir='ltr'>Καίσαρος</span> <span class='ocrx_word' id='word_1_169' title='bbox 3588 1129 3821 1198; x_wconf 76' lang='grc' dir='ltr'>εὐτυχή-</span> 
     </span>
    </p>
   </div>
   <div class='ocr_carea' id='block_1_26' title="bbox 2196 1224 2848 1296">
    <p class='ocr_par' dir='ltr' id='par_1_26' title="bbox 2196 1224 2848 1296">
     <span class='ocr_line' id='line_1_26' title="bbox 2196 1224 2848 1296; baseline 0.008 -20"><span class='ocrx_word' id='word_1_170' title='bbox 2196 1242 2342 1294; x_wconf 82' lang='grc' dir='ltr'>ματα</span> <span class='ocrx_word' id='word_1_171' title='bbox 2367 1225 2617 1279; x_wconf 85' lang='grc' dir='ltr'>τοιαῦτα.</span> <span class='ocrx_word' id='word_1_172' title='bbox 2650 1224 2848 1296; x_wconf 52' lang='lat' dir='ltr'><strong>Gustu]</strong></span> 
     </span>
    </p>
   </div>
   <div class='ocr_carea' id='block_1_27' title="bbox 2268 1311 3820 1386">
    <p class='ocr_par' dir='ltr' id='par_1_27' title="bbox 2268 1311 3820 1386">
     <span class='ocr_line' id='line_1_27' title="bbox 2268 1311 3820 1386; baseline -0.005 -15"><span class='ocrx_word' id='word_1_173' title='bbox 2268 1314 2351 1371; x_wconf 90' lang='lat' dir='ltr'><strong>Ib.</strong></span> <span class='ocrx_word' id='word_1_174' title='bbox 2385 1315 2607 1386; x_wconf 80' lang='lat' dir='ltr'><strong>Magnus</strong></span> <span class='ocrx_word' id='word_1_175' title='bbox 2672 1316 3013 1371; x_wconf 85' lang='lat' dir='ltr'><strong>domesticus</strong></span> <span class='ocrx_word' id='word_1_176' title='bbox 3064 1314 3153 1368; x_wconf 90' lang='lat' dir='ltr'><strong>hic</strong></span> <span class='ocrx_word' id='word_1_177' title='bbox 3198 1312 3414 1367; x_wconf 82' lang='lat' dir='ltr'><strong>ordine</strong></span> <span class='ocrx_word' id='word_1_178' title='bbox 3451 1311 3664 1367; x_wconf 83' lang='lat' dir='ltr'><strong>tertius</strong></span> <span class='ocrx_word' id='word_1_179' title='bbox 3718 1318 3820 1364; x_wconf 85' lang='lat' dir='ltr'><strong>est.</strong></span> 
     </span>
    </p>
   </div>
   <div class='ocr_carea' id='block_1_28' title="bbox 2195 1404 3823 1474">
    <p class='ocr_par' dir='ltr' id='par_1_28' title="bbox 2195 1404 3823 1474">
     <span class='ocr_line' id='line_1_28' title="bbox 2195 1404 3823 1474; baseline -0.006 -11"><span class='ocrx_word' id='word_1_180' title='bbox 2195 1407 2401 1471; x_wconf 61' lang='lat' dir='ltr'><strong>Graecis</strong></span> <span class='ocrx_word' id='word_1_181' title='bbox 2438 1409 2776 1463; x_wconf 87' lang='lat' dir='ltr'><strong>domesticus</strong></span> <span class='ocrx_word' id='word_1_182' title='bbox 2833 1408 2969 1462; x_wconf 85' lang='lat' dir='ltr'><strong>nihil</strong></span> <span class='ocrx_word' id='word_1_183' title='bbox 2998 1407 3142 1462; x_wconf 87' lang='lat' dir='ltr'><strong>aliud</strong></span> <span class='ocrx_word' id='word_1_184' title='bbox 3174 1415 3263 1462; x_wconf 85' lang='lat' dir='ltr'><strong>est</strong></span> <span class='ocrx_word' id='word_1_185' title='bbox 3299 1420 3484 1474; x_wconf 81' lang='lat' dir='ltr'><strong>quam</strong></span> <span class='ocrx_word' id='word_1_186' title='bbox 3540 1404 3823 1473; x_wconf 83' lang='grc' dir='ltr'>προηγού-</span> 
     </span>
    </p>
   </div>
   <div class='ocr_carea' id='block_1_29' title="bbox 2200 1497 3819 1571">
    <p class='ocr_par' dir='ltr' id='par_1_29' title="bbox 2200 1497 3819 1571">
     <span class='ocr_line' id='line_1_29' title="bbox 2200 1497 3819 1571; baseline -0.003 -18"><span class='ocrx_word' id='word_1_187' title='bbox 2200 1518 2361 1571; x_wconf 85' lang='grc' dir='ltr'>μενος</span> <span class='ocrx_word' id='word_1_188' title='bbox 2386 1502 2482 1554; x_wconf 74' lang='grc' dir='ltr'><strong>καὶ</strong></span> <span class='ocrx_word' id='word_1_189' title='bbox 2508 1502 2847 1571; x_wconf 74' lang='grc' dir='ltr'>ἐπιστάτης,</span> <span class='ocrx_word' id='word_1_190' title='bbox 2876 1512 2933 1556; x_wconf 92' lang='lat' dir='ltr'><strong>et</strong></span> <span class='ocrx_word' id='word_1_191' title='bbox 2962 1502 3013 1555; x_wconf 92' lang='lat' dir='ltr'><strong>in</strong></span> <span class='ocrx_word' id='word_1_192' title='bbox 3045 1499 3471 1555; x_wconf 78' lang='lat' dir='ltr'><strong>ecclesiasticis</strong></span> <span class='ocrx_word' id='word_1_193' title='bbox 3495 1497 3819 1552; x_wconf 75' lang='lat' dir='ltr'><strong>domesticus</strong></span> 
     </span>
    </p>
   </div>
   <div class='ocr_carea' id='block_1_30' title="bbox 2199 1589 3821 1665">
    <p class='ocr_par' dir='ltr' id='par_1_30' title="bbox 2199 1589 3821 1665">
     <span class='ocr_line' id='line_1_30' title="bbox 2199 1589 3821 1665; baseline -0.006 -17"><span class='ocrx_word' id='word_1_194' title='bbox 2199 1595 2499 1665; x_wconf 88' lang='lat' dir='ltr'><strong>appellatur</strong></span> <span class='ocrx_word' id='word_1_195' title='bbox 2541 1595 2789 1665; x_wconf 73' lang='grc' dir='ltr'>ἀρχῳδὸς</span> <span class='ocrx_word' id='word_1_196' title='bbox 2819 1596 2913 1647; x_wconf 73' lang='grc' dir='ltr'><strong>καὶ</strong></span> <span class='ocrx_word' id='word_1_197' title='bbox 2945 1594 3248 1662; x_wconf 76' lang='grc' dir='ltr'><strong>ἐπιστάτης</strong></span> <span class='ocrx_word' id='word_1_198' title='bbox 3298 1591 3601 1660; x_wconf 81' lang='grc' dir='ltr'><strong>μελῳδιῶν</strong></span> <span class='ocrx_word' id='word_1_199' title='bbox 3644 1606 3701 1641; x_wconf 83' lang='grc' dir='ltr'><strong>τε</strong></span> <span class='ocrx_word' id='word_1_200' title='bbox 3732 1589 3821 1639; x_wconf 73' lang='grc' dir='ltr'><strong>καὶ</strong></span> 
     </span>
    </p>
   </div>
   <div class='ocr_carea' id='block_1_31' title="bbox 2204 1680 3820 1758">
    <p class='ocr_par' dir='ltr' id='par_1_31' title="bbox 2204 1680 3820 1758">
     <span class='ocr_line' id='line_1_31' title="bbox 2204 1680 3820 1758; baseline -0.005 -17"><span class='ocrx_word' id='word_1_201' title='bbox 2204 1688 2482 1758; x_wconf 80' lang='grc' dir='ltr'><strong>μελῳδῶν,</strong></span> <span class='ocrx_word' id='word_1_202' title='bbox 2518 1696 2576 1741; x_wconf 90' lang='lat' dir='ltr'><strong>ut</strong></span> <span class='ocrx_word' id='word_1_203' title='bbox 2615 1696 2700 1742; x_wconf 84' lang='lat' dir='ltr'><strong>est</strong></span> <span class='ocrx_word' id='word_1_204' title='bbox 2745 1687 2884 1756; x_wconf 86' lang='lat' dir='ltr'><strong>apud</strong></span> <span class='ocrx_word' id='word_1_205' title='bbox 2936 1686 3169 1739; x_wconf 87' lang='lat' dir='ltr'><strong>Citrium</strong></span> <span class='ocrx_word' id='word_1_206' title='bbox 3205 1685 3266 1737; x_wconf 84' lang='lat' dir='ltr'><strong>in</strong></span> <span class='ocrx_word' id='word_1_207' title='bbox 3341 1682 3709 1751; x_wconf 79' lang='lat' dir='ltr'><strong>Responsis;</strong></span> <span class='ocrx_word' id='word_1_208' title='bbox 3758 1680 3820 1733; x_wconf 86' lang='lat' dir='ltr'><strong>de</strong></span> 
     </span>
    </p>
   </div>
   <div class='ocr_carea' id='block_1_32' title="bbox 2203 1771 3817 1847">
    <p class='ocr_par' dir='ltr' id='par_1_32' title="bbox 2203 1771 3817 1847">
     <span class='ocr_line' id='line_1_32' title="bbox 2203 1771 3817 1847; baseline -0.006 -18"><span class='ocrx_word' id='word_1_209' title='bbox 2203 1793 2313 1847; x_wconf 85' lang='lat' dir='ltr'><strong>quo</strong></span> <span class='ocrx_word' id='word_1_210' title='bbox 2348 1777 2459 1845; x_wconf 83' lang='lat' dir='ltr'><strong>jam</strong></span> <span class='ocrx_word' id='word_1_211' title='bbox 2519 1777 2614 1830; x_wconf 90' lang='lat' dir='ltr'><strong>lib.</strong></span> <span class='ocrx_word' id='word_1_212' title='bbox 2641 1792 2682 1841; x_wconf 86' lang='grc' dir='ltr'>ι,</span> <span class='ocrx_word' id='word_1_213' title='bbox 2727 1789 2776 1831; x_wconf 92' lang='lat' dir='ltr'><strong>c.</strong></span> <span class='ocrx_word' id='word_1_214' title='bbox 2818 1776 2869 1829; x_wconf 71' lang='lat'><strong>2.</strong></span> <span class='ocrx_word' id='word_1_215' title='bbox 2910 1776 2978 1830; x_wconf 88' lang='lat' dir='ltr'><strong>Ut</strong></span> <span class='ocrx_word' id='word_1_216' title='bbox 3028 1789 3212 1829; x_wconf 87' lang='lat' dir='ltr'><strong>autem</strong></span> <span class='ocrx_word' id='word_1_217' title='bbox 3278 1771 3595 1825; x_wconf 82' lang='lat' dir='ltr'><strong>domestici</strong></span> <span class='ocrx_word' id='word_1_218' title='bbox 3623 1783 3817 1822; x_wconf 85' lang='lat' dir='ltr'><strong>nomen</strong></span> 
     </span>
    </p>
   </div>
   <div class='ocr_carea' id='block_1_33' title="bbox 522 1838 3817 1943">
    <p class='ocr_par' dir='ltr' id='par_1_33' title="bbox 522 1838 3817 1943">
     <span class='ocr_line' id='line_1_33' title="bbox 522 1838 3817 1943; baseline 0 -32"><span class='ocrx_word' id='word_1_219' title='bbox 522 1860 749 1937; x_wconf 71' lang='lat' dir='ltr'><strong>insuper</strong></span> <span class='ocrx_word' id='word_1_220' title='bbox 784 1880 848 1916; x_wconf 82' lang='lat' dir='ltr'><strong>eo</strong></span> <span class='ocrx_word' id='word_1_221' title='bbox 880 1866 1101 1919; x_wconf 84' lang='lat' dir='ltr'><strong>nomine</strong></span> <span class='ocrx_word' id='word_1_222' title='bbox 1132 1868 1539 1943; x_wconf 74' lang='lat' dir='ltr'><strong>simulet-natos</strong></span> <span class='ocrx_word' id='word_1_223' title='bbox 1568 1868 1733 1922; x_wconf 78' lang='lat' dir='ltr'><strong>refert</strong></span> <span class='ocrx_word' id='word_1_224' title='bbox 1761 1878 2099 1924; x_wconf 90' lang='lat' dir='ltr'><strong>memoratus</strong></span> <span class='ocrx_word' id='word_1_225' title='bbox 2128 1838 2175 1898; x_wconf 78' lang='grc' dir='ltr'><strong>Β</strong></span> <span class='ocrx_word' id='word_1_226' title='bbox 2206 1852 2498 1923; x_wconf 71' lang='lat' dir='ltr'><strong>sonantius</strong></span> <span class='ocrx_word' id='word_1_227' title='bbox 2546 1874 2714 1933; x_wconf 88' lang='lat' dir='ltr'><strong>esset,</strong></span> <span class='ocrx_word' id='word_1_228' title='bbox 2769 1868 2962 1922; x_wconf 83' lang='lat' dir='ltr'><strong>vocula</strong></span> <span class='ocrx_word' id='word_1_229' title='bbox 3015 1868 3191 1935; x_wconf 84' lang='grc' dir='ltr'>μέγας</span> <span class='ocrx_word' id='word_1_230' title='bbox 3260 1862 3632 1934; x_wconf 81' lang='lat' dir='ltr'><strong>appingenda</strong></span> <span class='ocrx_word' id='word_1_231' title='bbox 3701 1860 3817 1913; x_wconf 88' lang='lat' dir='ltr'><strong>fuit.</strong></span> 
     </span>
    </p>
   </div>
   <div class='ocr_carea' id='block_1_34' title="bbox 522 1952 2105 2031">
    <p class='ocr_par' dir='ltr' id='par_1_34' title="bbox 522 1952 2105 2031">
     <span class='ocr_line' id='line_1_34' title="bbox 522 1952 2105 2031; baseline 0.006 -25"><span class='ocrx_word' id='word_1_232' title='bbox 522 1952 765 2020; x_wconf 77' lang='lat' dir='ltr'><strong>Nicetas,</strong></span> <span class='ocrx_word' id='word_1_233' title='bbox 820 1974 884 2010; x_wconf 83' lang='lat' dir='ltr'><strong>ex</strong></span> <span class='ocrx_word' id='word_1_234' title='bbox 937 1975 1046 2028; x_wconf 88' lang='lat' dir='ltr'><strong>qtto</strong></span> <span class='ocrx_word' id='word_1_235' title='bbox 1077 1960 1193 2012; x_wconf 64' lang='lat' dir='ltr'><strong>haec</strong></span> <span class='ocrx_word' id='word_1_236' title='bbox 1235 1960 1583 2030; x_wconf 88' lang='lat' dir='ltr'><strong>deprompta,</strong></span> <span class='ocrx_word' id='word_1_237' title='bbox 1638 1962 1810 2031; x_wconf 89' lang='lat' dir='ltr'><strong>quiet</strong></span> <span class='ocrx_word' id='word_1_238' title='bbox 1864 1963 2105 2031; x_wconf 63' lang='lat' dir='ltr'><strong>praefatis</strong></span> 
     </span>
    </p>
   </div>
   <div class='ocr_carea' id='block_1_35' title="bbox 521 2048 2105 2122">
    <p class='ocr_par' dir='ltr' id='par_1_35' title="bbox 521 2048 2105 2122">
     <span class='ocr_line' id='line_1_35' title="bbox 521 2048 2105 2122; baseline 0.008 -25"><span class='ocrx_word' id='word_1_239' title='bbox 521 2049 740 2100; x_wconf 84' lang='lat' dir='ltr'><strong>tertium</strong></span> <span class='ocrx_word' id='word_1_240' title='bbox 776 2050 946 2112; x_wconf 87' lang='lat' dir='ltr'><strong>addit,</strong></span> <span class='ocrx_word' id='word_1_241' title='bbox 1000 2048 1255 2105; x_wconf 79' lang='lat' dir='ltr'><strong>Alexium</strong></span> <span class='ocrx_word' id='word_1_242' title='bbox 1307 2068 1500 2122; x_wconf 88' lang='lat' dir='ltr'><strong>nempe</strong></span> <span class='ocrx_word' id='word_1_243' title='bbox 1556 2053 1787 2107; x_wconf 85' lang='lat' dir='ltr'><strong>alterum</strong></span> <span class='ocrx_word' id='word_1_244' title='bbox 1834 2053 2105 2109; x_wconf 82' lang='lat' dir='ltr'><strong>Illauuclis</strong></span> 
     </span>
    </p>
   </div>
   <div class='ocr_carea' id='block_1_36' title="bbox 521 2140 1784 2213">
    <p class='ocr_par' dir='ltr' id='par_1_36' title="bbox 521 2140 1784 2213">
     <span class='ocr_line' id='line_1_36' title="bbox 521 2140 1784 2213; baseline 0.006 -22"><span class='ocrx_word' id='word_1_245' title='bbox 521 2140 770 2205; x_wconf 87' lang='lat' dir='ltr'><strong>nothum,</strong></span> <span class='ocrx_word' id='word_1_246' title='bbox 808 2142 1099 2196; x_wconf 84' lang='lat' dir='ltr'><strong>Annalium</strong></span> <span class='ocrx_word' id='word_1_247' title='bbox 1128 2144 1345 2205; x_wconf 85' lang='lat' dir='ltr'><strong>lsaacii,</strong></span> <span class='ocrx_word' id='word_1_248' title='bbox 1381 2144 1416 2197; x_wconf 93' lang='grc' dir='ltr'><strong>Ι.</strong></span> <span class='ocrx_word' id='word_1_249' title='bbox 1460 2160 1546 2198; x_wconf 91' lang='grc' dir='ltr'>ιιι.</span> <span class='ocrx_word' id='word_1_250' title='bbox 1584 2143 1784 2213; x_wconf 64' lang='lat' dir='ltr'><strong>Gesn]</strong></span> 
     </span>
    </p>
   </div>
   <div class='ocr_carea' id='block_1_37' title="bbox 593 2229 2108 2305">
    <p class='ocr_par' dir='ltr' id='par_1_37' title="bbox 593 2229 2108 2305">
     <span class='ocr_line' id='line_1_37' title="bbox 593 2229 2108 2305; baseline 0.003 -20"><span class='ocrx_word' id='word_1_251' title='bbox 593 2229 833 2289; x_wconf 79' lang='lat' dir='ltr'><strong>Observa</strong></span> <span class='ocrx_word' id='word_1_252' title='bbox 882 2233 1107 2289; x_wconf 81' lang='lat' dir='ltr'><strong>Junium</strong></span> <span class='ocrx_word' id='word_1_253' title='bbox 1173 2238 1335 2291; x_wconf 88' lang='lat' dir='ltr'><strong>verba</strong></span> <span class='ocrx_word' id='word_1_254' title='bbox 1389 2236 1477 2290; x_wconf 87' lang='lat' dir='ltr'><strong>illa</strong></span> <span class='ocrx_word' id='word_1_255' title='bbox 1504 2252 1554 2303; x_wconf 92' lang='lat' dir='ltr'><strong>p.</strong></span> <span class='ocrx_word' id='word_1_256' title='bbox 1590 2238 1662 2293; x_wconf 85' lang='lat'><strong>7:</strong></span> <span class='ocrx_word' id='word_1_257' title='bbox 1701 2236 1925 2305; x_wconf 85' lang='grc' dir='ltr'>Πρῶτος</span> <span class='ocrx_word' id='word_1_258' title='bbox 1968 2236 2108 2290; x_wconf 83' lang='grc' dir='ltr'>κατὰ</span> 
     </span>
    </p>
   </div>
   <div class='ocr_carea' id='block_1_38' title="bbox 523 2322 2105 2397">
    <p class='ocr_par' dir='ltr' id='par_1_38' title="bbox 523 2322 2105 2397">
     <span class='ocr_line' id='line_1_38' title="bbox 523 2322 2105 2397; baseline 0.006 -23"><span class='ocrx_word' id='word_1_259' title='bbox 523 2322 614 2374; x_wconf 74' lang='grc' dir='ltr'>τὸν</span> <span class='ocrx_word' id='word_1_260' title='bbox 641 2325 833 2393; x_wconf 82' lang='grc' dir='ltr'>χρόνον</span> <span class='ocrx_word' id='word_1_261' title='bbox 862 2335 1077 2380; x_wconf 84' lang='lat' dir='ltr'><strong>vertere</strong></span> <span class='ocrx_word' id='word_1_262' title='bbox 1102 2335 1152 2379; x_wconf 85' lang='lat' dir='ltr'><strong>el</strong></span> <span class='ocrx_word' id='word_1_263' title='bbox 1192 2328 1350 2396; x_wconf 77' lang='lat' dir='ltr'><strong>facile</strong></span> <span class='ocrx_word' id='word_1_264' title='bbox 1367 2329 1571 2396; x_wconf 84' lang='lat' dir='ltr'><strong>primus</strong></span> <span class='ocrx_word' id='word_1_265' title='bbox 1604 2343 1697 2396; x_wconf 88' lang='lat' dir='ltr'><strong>per</strong></span> <span class='ocrx_word' id='word_1_266' title='bbox 1729 2328 1864 2381; x_wconf 83' lang='lat' dir='ltr'><strong>illud</strong></span> <span class='ocrx_word' id='word_1_267' title='bbox 1880 2337 2105 2397; x_wconf 79' lang='lat' dir='ltr'><strong>tempus.</strong></span> 
     </span>
    </p>
   </div>
   <div class='ocr_carea' id='block_1_39' title="bbox 526 2414 2106 2487">
    <p class='ocr_par' dir='ltr' id='par_1_39' title="bbox 526 2414 2106 2487">
     <span class='ocr_line' id='line_1_39' title="bbox 526 2414 2106 2487; baseline 0.003 -19"><span class='ocrx_word' id='word_1_268' title='bbox 526 2414 730 2482; x_wconf 76' lang='lat' dir='ltr'><strong>Inepte.</strong></span> <span class='ocrx_word' id='word_1_269' title='bbox 776 2416 923 2471; x_wconf 82' lang='lat' dir='ltr'><strong>Nutu</strong></span> <span class='ocrx_word' id='word_1_270' title='bbox 958 2419 1210 2487; x_wconf 83' lang='lat' dir='ltr'><strong>majorem</strong></span> <span class='ocrx_word' id='word_1_271' title='bbox 1256 2430 1425 2481; x_wconf 88' lang='lat' dir='ltr'><strong>verte,</strong></span> <span class='ocrx_word' id='word_1_272' title='bbox 1480 2421 1565 2475; x_wconf 90' lang='lat' dir='ltr'><strong>vel</strong></span> <span class='ocrx_word' id='word_1_273' title='bbox 1617 2422 1774 2475; x_wconf 80' lang='lat' dir='ltr'><strong>Anna</strong></span> <span class='ocrx_word' id='word_1_274' title='bbox 1829 2422 2106 2475; x_wconf 87' lang='lat' dir='ltr'><strong>Comnena</strong></span> 
     </span>
    </p>
   </div>
   <div class='ocr_carea' id='block_1_40' title="bbox 526 2508 2107 2580">
    <p class='ocr_par' dir='ltr' id='par_1_40' title="bbox 526 2508 2107 2580">
     <span class='ocr_line' id='line_1_40' title="bbox 526 2508 2107 2580; baseline 0.003 -19"><span class='ocrx_word' id='word_1_275' title='bbox 526 2508 565 2561; x_wconf 90' lang='lat' dir='ltr'><strong>I.</strong></span> <span class='ocrx_word' id='word_1_276' title='bbox 608 2524 665 2562; x_wconf 89' lang='grc' dir='ltr'><strong>ιιι</strong></span> <span class='ocrx_word' id='word_1_277' title='bbox 689 2509 894 2578; x_wconf 86' lang='lat' dir='ltr'><strong>judice,</strong></span> <span class='ocrx_word' id='word_1_278' title='bbox 934 2527 1055 2580; x_wconf 73' lang='lat' dir='ltr'><strong>qnte</strong></span> <span class='ocrx_word' id='word_1_279' title='bbox 1085 2512 1366 2566; x_wconf 87' lang='lat' dir='ltr'><strong>de&#39;lsaaco</strong></span> <span class='ocrx_word' id='word_1_280' title='bbox 1401 2512 1569 2568; x_wconf 80' lang='lat' dir='ltr'><strong>fratre</strong></span> <span class='ocrx_word' id='word_1_281' title='bbox 1600 2514 1776 2567; x_wconf 81' lang='lat' dir='ltr'><strong>Alexii</strong></span> <span class='ocrx_word' id='word_1_282' title='bbox 1816 2513 2107 2579; x_wconf 85' lang='lat' dir='ltr'><strong>Comueni,</strong></span> 
     </span>
    </p>
   </div>
   <div class='ocr_carea' id='block_1_41' title="bbox 523 2603 2110 2680">
    <p class='ocr_par' dir='ltr' id='par_1_41' title="bbox 523 2603 2110 2680">
     <span class='ocr_line' id='line_1_41' title="bbox 523 2603 2110 2680; baseline 0.004 -25"><span class='ocrx_word' id='word_1_283' title='bbox 523 2603 743 2672; x_wconf 85' lang='grc' dir='ltr'>πρῶτον</span> <span class='ocrx_word' id='word_1_284' title='bbox 776 2604 886 2657; x_wconf 83' lang='grc' dir='ltr'>τῶν</span> <span class='ocrx_word' id='word_1_285' title='bbox 910 2605 1157 2677; x_wconf 84' lang='grc' dir='ltr'>ἀδελφῶν</span> <span class='ocrx_word' id='word_1_286' title='bbox 1187 2608 1330 2662; x_wconf 84' lang='grc' dir='ltr'><strong>κατὰ</strong></span> <span class='ocrx_word' id='word_1_287' title='bbox 1360 2607 1553 2678; x_wconf 85' lang='grc' dir='ltr'>χρόνον</span> <span class='ocrx_word' id='word_1_288' title='bbox 1583 2607 1718 2662; x_wconf 78' lang='grc' dir='ltr'>ὄντα</span> <span class='ocrx_word' id='word_1_289' title='bbox 1745 2608 1916 2680; x_wconf 73' lang='grc' dir='ltr'>ἐχρῆν</span> <span class='ocrx_word' id='word_1_290' title='bbox 1942 2624 2110 2678; x_wconf 78' lang='grc' dir='ltr'>τιμηο</span> 
     </span>
    </p>
   </div>
   <div class='ocr_carea' id='block_1_42' title="bbox 525 2696 1015 2768">
    <p class='ocr_par' dir='ltr' id='par_1_42' title="bbox 525 2696 1015 2768">
     <span class='ocr_line' id='line_1_42' title="bbox 525 2696 1015 2768; baseline 0.008 -19"><span class='ocrx_word' id='word_1_291' title='bbox 525 2696 688 2767; x_wconf 78' lang='grc' dir='ltr'>θῆναι</span> <span class='ocrx_word' id='word_1_292' title='bbox 716 2696 1015 2768; x_wconf 79' lang='grc' dir='ltr'>ἀξιώματι.</span> 
     </span>
    </p>
   </div>
   <div class='ocr_carea' id='block_1_43' title="bbox 1079 2791 1591 2865">
    <p class='ocr_par' dir='ltr' id='par_1_43' title="bbox 1079 2791 1591 2865">
     <span class='ocr_line' id='line_1_43' title="bbox 1079 2791 1591 2865; baseline -0.008 -15"><span class='ocrx_word' id='word_1_293' title='bbox 1079 2794 1244 2865; x_wconf 75' lang='lat' dir='ltr'><strong>17s</strong></span> <span class='ocrx_word' id='word_1_294' title='bbox 1269 2791 1502 2849; x_wconf 79' lang='lat' dir='ltr'><strong>CAPUT</strong></span> <span class='ocrx_word' id='word_1_295' title='bbox 1528 2791 1591 2847; x_wconf 91' lang='grc' dir='ltr'>ιι.</span> 
     </span>
    </p>
   </div>
   <div class='ocr_carea' id='block_1_44' title="bbox 526 2904 2110 2981">
    <p class='ocr_par' dir='ltr' id='par_1_44' title="bbox 526 2904 2110 2981">
     <span class='ocr_line' id='line_1_44' title="bbox 526 2904 2110 2981; baseline 0.002 -22"><span class='ocrx_word' id='word_1_296' title='bbox 526 2904 733 2971; x_wconf 63' lang='lat' dir='ltr'><strong>Caesar,</strong></span> <span class='ocrx_word' id='word_1_297' title='bbox 763 2905 1353 2981; x_wconf 66' lang='lat' dir='ltr'><strong>magnusdomesticus,</strong></span> <span class='ocrx_word' id='word_1_298' title='bbox 1389 2906 1927 2981; x_wconf 61' lang='lat' dir='ltr'><strong>Parthypersebastus,</strong></span> <span class='ocrx_word' id='word_1_299' title='bbox 1988 2924 2110 2976; x_wconf 91' lang='lat' dir='ltr'><strong>pro-</strong></span> 
     </span>
    </p>
   </div>
   <div class='ocr_carea' id='block_1_45' title="bbox 816 2978 1895 3047">
    <p class='ocr_par' dir='ltr' id='par_1_45' title="bbox 816 2978 1895 3047">
     <span class='ocr_line' id='line_1_45' title="bbox 816 2978 1895 3047; baseline 0.003 -17"><span class='ocrx_word' id='word_1_300' title='bbox 816 2979 1152 3031; x_wconf 80' lang='lat' dir='ltr'><strong>tovestiarius</strong></span> <span class='ocrx_word' id='word_1_301' title='bbox 1176 2978 1224 3031; x_wconf 85' lang='lat' dir='ltr'><strong>et</strong></span> <span class='ocrx_word' id='word_1_302' title='bbox 1246 2978 1424 3047; x_wconf 81' lang='lat' dir='ltr'><strong>plures</strong></span> <span class='ocrx_word' id='word_1_303' title='bbox 1455 2978 1613 3044; x_wconf 87' lang='lat' dir='ltr'><strong>Imjus</strong></span> <span class='ocrx_word' id='word_1_304' title='bbox 1669 2979 1895 3047; x_wconf 77' lang='lat' dir='ltr'><strong>generis.</strong></span> 
     </span>
    </p>
   </div>
   <div class='ocr_carea' id='block_1_46' title="bbox 602 3068 2107 3140">
    <p class='ocr_par' dir='ltr' id='par_1_46' title="bbox 602 3068 2107 3140">
     <span class='ocr_line' id='line_1_46' title="bbox 602 3068 2107 3140; baseline 0 -17"><span class='ocrx_word' id='word_1_305' title='bbox 602 3068 663 3124; x_wconf 90' lang='lat' dir='ltr'><strong>P.</strong></span> <span class='ocrx_word' id='word_1_306' title='bbox 688 3071 742 3125; x_wconf 89' lang='lat'><strong>7.</strong></span> <span class='ocrx_word' id='word_1_307' title='bbox 762 3068 946 3125; x_wconf 70' lang='lat' dir='ltr'><strong>Caesar</strong></span> <span class='ocrx_word' id='word_1_308' title='bbox 964 3071 1093 3125; x_wconf 91' lang='lat' dir='ltr'><strong>olim</strong></span> <span class='ocrx_word' id='word_1_309' title='bbox 1114 3069 1402 3140; x_wconf 76' lang='lat' dir='ltr'><strong>proximus</strong></span> <span class='ocrx_word' id='word_1_310' title='bbox 1424 3071 1490 3123; x_wconf 87' lang='lat' dir='ltr'><strong>ab</strong></span> <span class='ocrx_word' id='word_1_311' title='bbox 1513 3071 1863 3138; x_wconf 87' lang='lat' dir='ltr'><strong>imperatore,</strong></span> <span class='ocrx_word' id='word_1_312' title='bbox 1883 3087 2029 3125; x_wconf 91' lang='lat' dir='ltr'><strong>nunc</strong></span> <span class='ocrx_word' id='word_1_313' title='bbox 2054 3070 2107 3133; x_wconf 86' lang='lat' dir='ltr'><strong>in</strong></span> 
     </span>
    </p>
   </div>
   <div class='ocr_carea' id='block_1_47' title="bbox 2206 1954 3815 2029">
    <p class='ocr_par' dir='ltr' id='par_1_47' title="bbox 2206 1954 3815 2029">
     <span class='ocr_line' id='line_1_47' title="bbox 2206 1954 3815 2029; baseline -0.002 -15"><span class='ocrx_word' id='word_1_314' title='bbox 2206 1960 2340 2026; x_wconf 63' lang='lat' dir='ltr'><strong>Quae</strong></span> <span class='ocrx_word' id='word_1_315' title='bbox 2370 1962 2479 2015; x_wconf 90' lang='lat' dir='ltr'><strong>duo</strong></span> <span class='ocrx_word' id='word_1_316' title='bbox 2521 1960 2701 2014; x_wconf 88' lang='lat' dir='ltr'><strong>Latini</strong></span> <span class='ocrx_word' id='word_1_317' title='bbox 2737 1963 3011 2015; x_wconf 82' lang='lat' dir='ltr'><strong>interdum</strong></span> <span class='ocrx_word' id='word_1_318' title='bbox 3050 1961 3445 2029; x_wconf 81' lang='lat' dir='ltr'><strong>conjungunt,</strong></span> <span class='ocrx_word' id='word_1_319' title='bbox 3502 1968 3564 2011; x_wconf 91' lang='lat' dir='ltr'><strong>ut</strong></span> <span class='ocrx_word' id='word_1_320' title='bbox 3601 1954 3815 2025; x_wconf 83' lang='lat' dir='ltr'><strong>TyriIIS,</strong></span> 
     </span>
    </p>
   </div>
   <div class='ocr_carea' id='block_1_48' title="bbox 2212 2042 3818 2119">
    <p class='ocr_par' dir='ltr' id='par_1_48' title="bbox 2212 2042 3818 2119">
     <span class='ocr_line' id='line_1_48' title="bbox 2212 2042 3818 2119; baseline -0.006 -14"><span class='ocrx_word' id='word_1_321' title='bbox 2212 2052 2284 2105; x_wconf 87' lang='lat' dir='ltr'><strong>De</strong></span> <span class='ocrx_word' id='word_1_322' title='bbox 2319 2053 2453 2105; x_wconf 75' lang='lat' dir='ltr'><strong>bello</strong></span> <span class='ocrx_word' id='word_1_323' title='bbox 2488 2070 2640 2107; x_wconf 86' lang='lat' dir='ltr'><strong>sacro</strong></span> <span class='ocrx_word' id='word_1_324' title='bbox 2706 2068 2769 2117; x_wconf 89' lang='lat' dir='ltr'><strong>tt,</strong></span> <span class='ocrx_word' id='word_1_325' title='bbox 2806 2053 2838 2106; x_wconf 88' lang='grc'><strong>5</strong></span> <span class='ocrx_word' id='word_1_326' title='bbox 2872 2070 2886 2107; x_wconf 89' lang='lat'><strong>:</strong></span> <span class='ocrx_word' id='word_1_327' title='bbox 2925 2051 3058 2108; x_wconf 83' lang='lat' dir='ltr'><strong>Cum</strong></span> <span class='ocrx_word' id='word_1_328' title='bbox 3082 2061 3217 2105; x_wconf 82' lang='lat' dir='ltr'><strong>esset</strong></span> <span class='ocrx_word' id='word_1_329' title='bbox 3256 2054 3317 2103; x_wconf 83' lang='lat' dir='ltr'><strong>in</strong></span> <span class='ocrx_word' id='word_1_330' title='bbox 3352 2042 3639 2119; x_wconf 76' lang='lat' dir='ltr'><strong>imperiali</strong></span> <span class='ocrx_word' id='word_1_331' title='bbox 3670 2046 3818 2114; x_wconf 80' lang='lat' dir='ltr'><strong>pala-</strong></span> 
     </span>
    </p>
   </div>
   <div class='ocr_carea' id='block_1_49' title="bbox 2209 2141 3813 2213">
    <p class='ocr_par' dir='ltr' id='par_1_49' title="bbox 2209 2141 3813 2213">
     <span class='ocr_line' id='line_1_49' title="bbox 2209 2141 3813 2213; baseline -0.006 -16"><span class='ocrx_word' id='word_1_332' title='bbox 2209 2146 2282 2197; x_wconf 85' lang='lat' dir='ltr'><strong>tio</strong></span> <span class='ocrx_word' id='word_1_333' title='bbox 2320 2145 2607 2213; x_wconf 80' lang='lat' dir='ltr'><strong>plurimum</strong></span> <span class='ocrx_word' id='word_1_334' title='bbox 2630 2145 2939 2209; x_wconf 78' lang='lat' dir='ltr'><strong>honoratus,</strong></span> <span class='ocrx_word' id='word_1_335' title='bbox 2970 2152 3018 2197; x_wconf 85' lang='lat' dir='ltr'><strong>et</strong></span> <span class='ocrx_word' id='word_1_336' title='bbox 3053 2143 3511 2211; x_wconf 78' lang='lat' dir='ltr'><strong>megarlomestici</strong></span> <span class='ocrx_word' id='word_1_337' title='bbox 3535 2141 3813 2209; x_wconf 73' lang='lat' dir='ltr'><strong>dignitate.</strong></span> 
     </span>
    </p>
   </div>
   <div class='ocr_carea' id='block_1_50' title="bbox 2208 2229 3817 2306">
    <p class='ocr_par' dir='ltr' id='par_1_50' title="bbox 2208 2229 3817 2306">
     <span class='ocr_line' id='line_1_50' title="bbox 2208 2229 3817 2306; baseline -0.006 -17"><span class='ocrx_word' id='word_1_338' title='bbox 2208 2252 2360 2306; x_wconf 82' lang='lat' dir='ltr'><strong>quem</strong></span> <span class='ocrx_word' id='word_1_339' title='bbox 2392 2253 2485 2289; x_wconf 88' lang='lat' dir='ltr'><strong>nos</strong></span> <span class='ocrx_word' id='word_1_340' title='bbox 2513 2236 3176 2301; x_wconf 75' lang='lat' dir='ltr'><strong>majorem,senescltallum</strong></span> <span class='ocrx_word' id='word_1_341' title='bbox 3214 2235 3523 2286; x_wconf 84' lang='lat' dir='ltr'><strong>nominare</strong></span> <span class='ocrx_word' id='word_1_342' title='bbox 3548 2229 3817 2285; x_wconf 77' lang='lat' dir='ltr'><strong>consueri-</strong></span> 
     </span>
    </p>
   </div>
   <div class='ocr_carea' id='block_1_51' title="bbox 2211 2321 3814 2398">
    <p class='ocr_par' dir='ltr' id='par_1_51' title="bbox 2211 2321 3814 2398">
     <span class='ocr_line' id='line_1_51' title="bbox 2211 2321 3814 2398; baseline -0.006 -16"><span class='ocrx_word' id='word_1_343' title='bbox 2211 2345 2347 2391; x_wconf 85' lang='lat' dir='ltr'><strong>mus,</strong></span> <span class='ocrx_word' id='word_1_344' title='bbox 2402 2329 2736 2398; x_wconf 79' lang='lat' dir='ltr'><strong>fungeretur,</strong></span> <span class='ocrx_word' id='word_1_345' title='bbox 2793 2330 2855 2381; x_wconf 89' lang='lat' dir='ltr'><strong>ab</strong></span> <span class='ocrx_word' id='word_1_346' title='bbox 2907 2328 3226 2396; x_wconf 80' lang='lat' dir='ltr'><strong>imperatore</strong></span> <span class='ocrx_word' id='word_1_347' title='bbox 3306 2326 3622 2379; x_wconf 86' lang='lat' dir='ltr'><strong>secundus.</strong></span> <span class='ocrx_word' id='word_1_348' title='bbox 3682 2321 3814 2373; x_wconf 88' lang='lat' dir='ltr'><strong>llinc</strong></span> 
     </span>
    </p>
   </div>
   <div class='ocr_carea' id='block_1_52' title="bbox 2210 2413 3811 2491">
    <p class='ocr_par' dir='ltr' id='par_1_52' title="bbox 2210 2413 3811 2491">
     <span class='ocr_line' id='line_1_52' title="bbox 2210 2413 3811 2491; baseline -0.006 -18"><span class='ocrx_word' id='word_1_349' title='bbox 2210 2421 2607 2490; x_wconf 77' lang='grc' dir='ltr'>δομεστικάτον</span> <span class='ocrx_word' id='word_1_350' title='bbox 2664 2420 2903 2491; x_wconf 83' lang='lat' dir='ltr'><strong>dignitas</strong></span> <span class='ocrx_word' id='word_1_351' title='bbox 2974 2434 3069 2473; x_wconf 78' lang='lat' dir='ltr'><strong>seu</strong></span> <span class='ocrx_word' id='word_1_352' title='bbox 3153 2416 3417 2471; x_wconf 82' lang='lat' dir='ltr'><strong>officium</strong></span> <span class='ocrx_word' id='word_1_353' title='bbox 3503 2413 3811 2469; x_wconf 84' lang='lat' dir='ltr'><strong>domestici.</strong></span> 
     </span>
    </p>
   </div>
   <div class='ocr_carea' id='block_1_53' title="bbox 2210 2505 3813 2579">
    <p class='ocr_par' dir='ltr' id='par_1_53' title="bbox 2210 2505 3813 2579">
     <span class='ocr_line' id='line_1_53' title="bbox 2210 2505 3813 2579; baseline -0.005 -12"><span class='ocrx_word' id='word_1_354' title='bbox 2210 2516 2365 2567; x_wconf 87' lang='lat' dir='ltr'><strong>Anna</strong></span> <span class='ocrx_word' id='word_1_355' title='bbox 2390 2514 2691 2579; x_wconf 89' lang='lat' dir='ltr'><strong>Comnena,</strong></span> <span class='ocrx_word' id='word_1_356' title='bbox 2718 2514 2757 2567; x_wconf 89' lang='grc' dir='ltr'><strong>Ι.</strong></span> <span class='ocrx_word' id='word_1_357' title='bbox 2791 2529 2885 2567; x_wconf 75' lang='grc' dir='ltr'>νιιι</span> <span class='ocrx_word' id='word_1_358' title='bbox 2917 2529 2932 2566; x_wconf 89' lang='lat'><strong>:</strong></span> <span class='ocrx_word' id='word_1_359' title='bbox 2964 2511 3075 2565; x_wconf 74' lang='grc' dir='ltr'><strong>Καὶ</strong></span> <span class='ocrx_word' id='word_1_360' title='bbox 3099 2511 3160 2563; x_wconf 82' lang='grc' dir='ltr'><strong>τὸ</strong></span> <span class='ocrx_word' id='word_1_361' title='bbox 3185 2510 3611 2579; x_wconf 79' lang='grc' dir='ltr'>δομεστικάτον</span> <span class='ocrx_word' id='word_1_362' title='bbox 3635 2505 3813 2559; x_wconf 85' lang='grc' dir='ltr'>αἰτού-</span> 
     </span>
    </p>
   </div>
   <div class='ocr_carea' id='block_1_54' title="bbox 2213 2598 3812 2679">
    <p class='ocr_par' dir='ltr' id='par_1_54' title="bbox 2213 2598 3812 2679">
     <span class='ocr_line' id='line_1_54' title="bbox 2213 2598 3812 2679; baseline -0.008 -19"><span class='ocrx_word' id='word_1_363' title='bbox 2213 2625 2377 2679; x_wconf 84' lang='grc' dir='ltr'>μενος</span> <span class='ocrx_word' id='word_1_364' title='bbox 2403 2610 2503 2677; x_wconf 83' lang='grc' dir='ltr'>τῆς</span> <span class='ocrx_word' id='word_1_365' title='bbox 2534 2607 2834 2676; x_wconf 79' lang='grc' dir='ltr'>’Δνατολῆς</span> <span class='ocrx_word' id='word_1_366' title='bbox 2856 2608 2959 2659; x_wconf 80' lang='grc' dir='ltr'>οὐκ</span> <span class='ocrx_word' id='word_1_367' title='bbox 2982 2606 3141 2675; x_wconf 70' lang='grc' dir='ltr'>ἔτυχε</span> <span class='ocrx_word' id='word_1_368' title='bbox 3164 2604 3265 2672; x_wconf 81' lang='grc' dir='ltr'>τῆς</span> <span class='ocrx_word' id='word_1_369' title='bbox 3285 2604 3603 2671; x_wconf 72' lang='grc' dir='ltr'>αιτήσεως.</span> <span class='ocrx_word' id='word_1_370' title='bbox 3641 2598 3812 2654; x_wconf 87' lang='lat' dir='ltr'><strong>Utitur</strong></span> 
     </span>
    </p>
   </div>
   <div class='ocr_carea' id='block_1_55' title="bbox 2211 2692 3809 2759">
    <p class='ocr_par' dir='ltr' id='par_1_55' title="bbox 2211 2692 3809 2759">
     <span class='ocr_line' id='line_1_55' title="bbox 2211 2692 3809 2759; baseline -0.009 -5"><span class='ocrx_word' id='word_1_371' title='bbox 2211 2700 2399 2754; x_wconf 87' lang='lat' dir='ltr'><strong>eadem</strong></span> <span class='ocrx_word' id='word_1_372' title='bbox 2457 2700 2650 2753; x_wconf 83' lang='lat' dir='ltr'><strong>vocula</strong></span> <span class='ocrx_word' id='word_1_373' title='bbox 2685 2697 3045 2759; x_wconf 81' lang='lat' dir='ltr'><strong>Turonensis.</strong></span> <span class='ocrx_word' id='word_1_374' title='bbox 3100 2712 3161 2756; x_wconf 91' lang='grc' dir='ltr'>ιι.</span> <span class='ocrx_word' id='word_1_375' title='bbox 3193 2695 3269 2749; x_wconf 89' lang='lat'><strong>8:</strong></span> <span class='ocrx_word' id='word_1_376' title='bbox 3318 2692 3669 2748; x_wconf 78' lang='lat' dir='ltr'><strong>Gaudentius</strong></span> <span class='ocrx_word' id='word_1_377' title='bbox 3723 2703 3809 2753; x_wconf 79' lang='lat' dir='ltr'><strong>pa-</strong></span> 
     </span>
    </p>
   </div>
   <div class='ocr_carea' id='block_1_56' title="bbox 2212 2780 3811 2863">
    <p class='ocr_par' dir='ltr' id='par_1_56' title="bbox 2212 2780 3811 2863">
     <span class='ocr_line' id='line_1_56' title="bbox 2212 2780 3811 2863; baseline -0.01 -17"><span class='ocrx_word' id='word_1_378' title='bbox 2212 2803 2290 2846; x_wconf 82' lang='lat' dir='ltr'><strong>ter</strong></span> <span class='ocrx_word' id='word_1_379' title='bbox 2339 2792 2570 2863; x_wconf 69' lang='lat' dir='ltr'><strong>Scythiae</strong></span> <span class='ocrx_word' id='word_1_380' title='bbox 2640 2791 2922 2860; x_wconf 75' lang='lat' dir='ltr'><strong>provincia:</strong></span> <span class='ocrx_word' id='word_1_381' title='bbox 2994 2787 3248 2856; x_wconf 74' lang='lat' dir='ltr'><strong>primoris</strong></span> <span class='ocrx_word' id='word_1_382' title='bbox 3310 2786 3446 2847; x_wconf 84' lang='lat' dir='ltr'><strong>loci,</strong></span> <span class='ocrx_word' id='word_1_383' title='bbox 3505 2801 3539 2836; x_wconf 90' lang='lat' dir='ltr'><strong>a</strong></span> <span class='ocrx_word' id='word_1_384' title='bbox 3606 2780 3811 2835; x_wconf 67' lang='lat' dir='ltr'><strong>domes-</strong></span> 
     </span>
    </p>
   </div>
   <div class='ocr_carea' id='block_1_57' title="bbox 2215 2874 3806 2949">
    <p class='ocr_par' dir='ltr' id='par_1_57' title="bbox 2215 2874 3806 2949">
     <span class='ocr_line' id='line_1_57' title="bbox 2215 2874 3806 2949; baseline -0.009 -11"><span class='ocrx_word' id='word_1_385' title='bbox 2215 2886 2382 2938; x_wconf 86' lang='lat' dir='ltr'><strong>ticatu</strong></span> <span class='ocrx_word' id='word_1_386' title='bbox 2448 2899 2671 2938; x_wconf 74' lang='lat' dir='ltr'><strong>exorsus</strong></span> <span class='ocrx_word' id='word_1_387' title='bbox 2753 2882 3028 2945; x_wconf 79' lang='lat' dir='ltr'><strong>militiam,</strong></span> <span class='ocrx_word' id='word_1_388' title='bbox 3074 2882 3143 2933; x_wconf 81' lang='lat' dir='ltr'><strong>ad</strong></span> <span class='ocrx_word' id='word_1_389' title='bbox 3196 2876 3516 2949; x_wconf 75' lang='lat' dir='ltr'><strong>magisterii</strong></span> <span class='ocrx_word' id='word_1_390' title='bbox 3583 2874 3806 2943; x_wconf 78' lang='lat' dir='ltr'><strong>equitum</strong></span> 
     </span>
    </p>
   </div>
   <div class='ocr_carea' id='block_1_58' title="bbox 2215 2962 3808 3044">
    <p class='ocr_par' dir='ltr' id='par_1_58' title="bbox 2215 2962 3808 3044">
     <span class='ocr_line' id='line_1_58' title="bbox 2215 2962 3808 3044; baseline -0.013 -12"><span class='ocrx_word' id='word_1_391' title='bbox 2215 2978 2418 3032; x_wconf 82' lang='lat' dir='ltr'><strong>culmen</strong></span> <span class='ocrx_word' id='word_1_392' title='bbox 2465 2984 2735 3044; x_wconf 80' lang='lat' dir='ltr'><strong>provectus</strong></span> <span class='ocrx_word' id='word_1_393' title='bbox 2765 2982 2866 3027; x_wconf 85' lang='lat' dir='ltr'><strong>est.</strong></span> <span class='ocrx_word' id='word_1_394' title='bbox 2903 2971 3105 3025; x_wconf 76' lang='lat' dir='ltr'><strong>Verum</strong></span> <span class='ocrx_word' id='word_1_395' title='bbox 3160 2980 3273 3024; x_wconf 87' lang='lat' dir='ltr'><strong>tam</strong></span> <span class='ocrx_word' id='word_1_396' title='bbox 3313 2969 3497 3037; x_wconf 83' lang='grc' dir='ltr'>μέγας</span> <span class='ocrx_word' id='word_1_397' title='bbox 3553 2962 3808 3019; x_wconf 83' lang='lat' dir='ltr'><strong>domesti-</strong></span> 
     </span>
    </p>
   </div>
   <div class='ocr_carea' id='block_1_59' title="bbox 2214 3052 3806 3137">
    <p class='ocr_par' dir='ltr' id='par_1_59' title="bbox 2214 3052 3806 3137">
     <span class='ocr_line' id='line_1_59' title="bbox 2214 3052 3806 3137; baseline -0.01 -13"><span class='ocrx_word' id='word_1_398' title='bbox 2214 3052 2311 3124; x_wconf 81' lang='lat' dir='ltr'><strong>cus</strong></span> <span class='ocrx_word' id='word_1_399' title='bbox 2341 3084 2505 3137; x_wconf 88' lang='lat' dir='ltr'><strong>quam</strong></span> <span class='ocrx_word' id='word_1_400' title='bbox 2536 3067 2624 3121; x_wconf 86' lang='lat' dir='ltr'><strong>alii</strong></span> <span class='ocrx_word' id='word_1_401' title='bbox 2655 3065 2944 3119; x_wconf 82' lang='lat' dir='ltr'><strong>domestici</strong></span> <span class='ocrx_word' id='word_1_402' title='bbox 3000 3064 3199 3127; x_wconf 66' lang='lat' dir='ltr'><strong>saepius</strong></span> <span class='ocrx_word' id='word_1_403' title='bbox 3250 3063 3447 3116; x_wconf 88' lang='lat' dir='ltr'><strong>adhuc</strong></span> <span class='ocrx_word' id='word_1_404' title='bbox 3478 3058 3643 3114; x_wconf 77' lang='lat' dir='ltr'><strong>nobis</strong></span> <span class='ocrx_word' id='word_1_405' title='bbox 3692 3065 3806 3109; x_wconf 64' lang='lat' dir='ltr'><strong>sese</strong></span> 
     </span>
    </p>
   </div>
   <div class='ocr_carea' id='block_1_60' title="bbox 530 3156 3155 3235">
    <p class='ocr_par' dir='ltr' id='par_1_60' title="bbox 530 3156 3155 3235">
     <span class='ocr_line' id='line_1_60' title="bbox 530 3156 3155 3235; baseline -0.003 -18"><span class='ocrx_word' id='word_1_406' title='bbox 530 3167 634 3218; x_wconf 88' lang='lat' dir='ltr'><strong>hoc</strong></span> <span class='ocrx_word' id='word_1_407' title='bbox 677 3180 847 3220; x_wconf 88' lang='lat' dir='ltr'><strong>censu</strong></span> <span class='ocrx_word' id='word_1_408' title='bbox 903 3166 1044 3234; x_wconf 87' lang='lat' dir='ltr'><strong>apud</strong></span> <span class='ocrx_word' id='word_1_409' title='bbox 1109 3164 1497 3227; x_wconf 85' lang='lat' dir='ltr'><strong>Curopalatam</strong></span> <span class='ocrx_word' id='word_1_410' title='bbox 1535 3163 1750 3227; x_wconf 87' lang='lat' dir='ltr'><strong>tertius,</strong></span> <span class='ocrx_word' id='word_1_411' title='bbox 1787 3166 1879 3233; x_wconf 88' lang='lat' dir='ltr'><strong>qui</strong></span> <span class='ocrx_word' id='word_1_412' title='bbox 1921 3164 2107 3219; x_wconf 85' lang='lat' dir='ltr'><strong>forsan</strong></span> <span class='ocrx_word' id='word_1_413' title='bbox 2134 3172 2179 3235; x_wconf 75' lang='grc' dir='ltr'>ο</span> <span class='ocrx_word' id='word_1_414' title='bbox 2214 3161 2537 3230; x_wconf 82' lang='lat' dir='ltr'><strong>spectandos</strong></span> <span class='ocrx_word' id='word_1_415' title='bbox 2567 3158 2923 3213; x_wconf 83' lang='lat' dir='ltr'><strong>exhibebunt.</strong></span> <span class='ocrx_word' id='word_1_416' title='bbox 2948 3156 3155 3209; x_wconf 60' lang='grc' dir='ltr'>(ἔθετε.</span> 
     </span>
    </p>
   </div>
   <div class='ocr_carea' id='block_1_61' title="bbox 531 3257 2110 3329">
    <p class='ocr_par' dir='ltr' id='par_1_61' title="bbox 531 3257 2110 3329">
     <span class='ocr_line' id='line_1_61' title="bbox 531 3257 2110 3329; baseline -0.002 -15"><span class='ocrx_word' id='word_1_417' title='bbox 531 3261 693 3327; x_wconf 77' lang='lat' dir='ltr'><strong>paulo</strong></span> <span class='ocrx_word' id='word_1_418' title='bbox 712 3270 835 3329; x_wconf 82' lang='lat' dir='ltr'><strong>post</strong></span> <span class='ocrx_word' id='word_1_419' title='bbox 863 3259 1039 3328; x_wconf 84' lang='lat' dir='ltr'><strong>major</strong></span> <span class='ocrx_word' id='word_1_420' title='bbox 1068 3260 1152 3313; x_wconf 85' lang='lat' dir='ltr'><strong>vel</strong></span> <span class='ocrx_word' id='word_1_421' title='bbox 1184 3260 1365 3325; x_wconf 89' lang='lat' dir='ltr'><strong>minor</strong></span> <span class='ocrx_word' id='word_1_422' title='bbox 1395 3267 1522 3320; x_wconf 80' lang='lat' dir='ltr'><strong>erit,</strong></span> <span class='ocrx_word' id='word_1_423' title='bbox 1557 3268 1717 3327; x_wconf 90' lang='lat' dir='ltr'><strong>prout</strong></span> <span class='ocrx_word' id='word_1_424' title='bbox 1747 3257 2026 3312; x_wconf 82' lang='lat' dir='ltr'><strong>Favonius</strong></span> <span class='ocrx_word' id='word_1_425' title='bbox 2045 3275 2110 3311; x_wconf 80' lang='lat' dir='ltr'><strong>cx</strong></span> 
     </span>
    </p>
   </div>
   <div class='ocr_carea' id='block_1_62' title="bbox 533 3349 2116 3421">
    <p class='ocr_par' dir='ltr' id='par_1_62' title="bbox 533 3349 2116 3421">
     <span class='ocr_line' id='line_1_62' title="bbox 533 3349 2116 3421; baseline -0.001 -15"><span class='ocrx_word' id='word_1_426' title='bbox 533 3354 731 3421; x_wconf 84' lang='lat' dir='ltr'><strong>palatio</strong></span> <span class='ocrx_word' id='word_1_427' title='bbox 770 3352 1064 3421; x_wconf 86' lang='lat' dir='ltr'><strong>Cpolitano</strong></span> <span class='ocrx_word' id='word_1_428' title='bbox 1091 3350 1463 3420; x_wconf 76' lang='lat' dir='ltr'><strong>aspiraverit;</strong></span> <span class='ocrx_word' id='word_1_429' title='bbox 1512 3349 1671 3419; x_wconf 87' lang='lat' dir='ltr'><strong>cujus</strong></span> <span class='ocrx_word' id='word_1_430' title='bbox 1737 3351 2116 3419; x_wconf 80' lang='lat' dir='ltr'><strong>inauguratio-</strong></span> 
     </span>
    </p>
   </div>
   <div class='ocr_carea' id='block_1_63' title="bbox 537 3440 1476 3497">
    <p class='ocr_par' dir='ltr' id='par_1_63' title="bbox 537 3440 1476 3497">
     <span class='ocr_line' id='line_1_63' title="bbox 537 3440 1476 3497; baseline 0.002 -3"><span class='ocrx_word' id='word_1_431' title='bbox 537 3458 661 3495; x_wconf 87' lang='lat' dir='ltr'><strong>nem</strong></span> <span class='ocrx_word' id='word_1_432' title='bbox 692 3442 862 3495; x_wconf 85' lang='lat' dir='ltr'><strong>habes</strong></span> <span class='ocrx_word' id='word_1_433' title='bbox 897 3440 1036 3494; x_wconf 88' lang='lat' dir='ltr'><strong>infra</strong></span> <span class='ocrx_word' id='word_1_434' title='bbox 1072 3456 1121 3497; x_wconf 93' lang='lat' dir='ltr'><strong>c.</strong></span> <span class='ocrx_word' id='word_1_435' title='bbox 1156 3442 1242 3495; x_wconf 84' lang='lat' dir='ltr'><strong>l9.</strong></span> <span class='ocrx_word' id='word_1_436' title='bbox 1266 3442 1476 3496; x_wconf 67' lang='lat' dir='ltr'><strong>(iners.</strong></span> 
     </span>
    </p>
   </div>
   <div class='ocr_carea' id='block_1_64' title="bbox 613 3532 2115 3605">
    <p class='ocr_par' dir='ltr' id='par_1_64' title="bbox 613 3532 2115 3605">
     <span class='ocr_line' id='line_1_64' title="bbox 613 3532 2115 3605; baseline 0.002 -20"><span class='ocrx_word' id='word_1_437' title='bbox 613 3532 719 3605; x_wconf 77' lang='lat' dir='ltr'><strong>[Ab</strong></span> <span class='ocrx_word' id='word_1_438' title='bbox 752 3534 980 3602; x_wconf 87' lang='lat' dir='ltr'><strong>imperio</strong></span> <span class='ocrx_word' id='word_1_439' title='bbox 1003 3535 1288 3603; x_wconf 88' lang='lat' dir='ltr'><strong>potiundo,</strong></span> <span class='ocrx_word' id='word_1_440' title='bbox 1317 3535 1477 3605; x_wconf 87' lang='lat' dir='ltr'><strong>cujus</strong></span> <span class='ocrx_word' id='word_1_441' title='bbox 1496 3549 1591 3603; x_wconf 90' lang='lat' dir='ltr'><strong>spe</strong></span> <span class='ocrx_word' id='word_1_442' title='bbox 1623 3535 1870 3602; x_wconf 89' lang='lat' dir='ltr'><strong>pristinis</strong></span> <span class='ocrx_word' id='word_1_443' title='bbox 1901 3535 2115 3589; x_wconf 68' lang='lat' dir='ltr'><strong>suculis</strong></span> 
     </span>
    </p>
   </div>
   <div class='ocr_carea' id='block_1_65' title="bbox 540 3627 2117 3699">
    <p class='ocr_par' dir='ltr' id='par_1_65' title="bbox 540 3627 2117 3699">
     <span class='ocr_line' id='line_1_65' title="bbox 540 3627 2117 3699; baseline 0.002 -18"><span class='ocrx_word' id='word_1_444' title='bbox 540 3627 855 3690; x_wconf 78' lang='lat' dir='ltr'><strong>fovebatur,</strong></span> <span class='ocrx_word' id='word_1_445' title='bbox 920 3628 1189 3683; x_wconf 62' lang='lat' dir='ltr'><strong>Cesarem</strong></span> <span class='ocrx_word' id='word_1_446' title='bbox 1246 3628 1407 3699; x_wconf 87' lang='lat' dir='ltr'><strong>longe</strong></span> <span class='ocrx_word' id='word_1_447' title='bbox 1461 3628 1732 3696; x_wconf 70' lang='lat' dir='ltr'><strong>ablegavit</strong></span> <span class='ocrx_word' id='word_1_448' title='bbox 1780 3628 2117 3692; x_wconf 67' lang='lat' dir='ltr'><strong>Alexius,‘ct</strong></span> 
     </span>
    </p>
   </div>
   <div class='ocr_carea' id='block_1_66' title="bbox 538 3720 2119 3791">
    <p class='ocr_par' dir='ltr' id='par_1_66' title="bbox 538 3720 2119 3791">
     <span class='ocr_line' id='line_1_66' title="bbox 538 3720 2119 3791; baseline -0.001 -14"><span class='ocrx_word' id='word_1_449' title='bbox 538 3721 965 3777; x_wconf 85' lang='lat' dir='ltr'><strong>sebastocratori</strong></span> <span class='ocrx_word' id='word_1_450' title='bbox 1022 3721 1339 3789; x_wconf 87' lang='lat' dir='ltr'><strong>supposuit.</strong></span> <span class='ocrx_word' id='word_1_451' title='bbox 1393 3720 1635 3791; x_wconf 86' lang='lat' dir='ltr'><strong>Longius</strong></span> <span class='ocrx_word' id='word_1_452' title='bbox 1705 3722 1912 3776; x_wconf 89' lang='lat' dir='ltr'><strong>amovit</strong></span> <span class='ocrx_word' id='word_1_453' title='bbox 1982 3723 2119 3777; x_wconf 81' lang='lat' dir='ltr'><strong>alter</strong></span> 
     </span>
    </p>
   </div>
   <div class='ocr_carea' id='block_1_67' title="bbox 538 3812 2119 3883">
    <p class='ocr_par' dir='ltr' id='par_1_67' title="bbox 538 3812 2119 3883">
     <span class='ocr_line' id='line_1_67' title="bbox 538 3812 2119 3883; baseline 0.003 -18"><span class='ocrx_word' id='word_1_454' title='bbox 538 3813 1030 3881; x_wconf 78' lang='lat' dir='ltr'><strong>Alexius,despot:e</strong></span> <span class='ocrx_word' id='word_1_455' title='bbox 1058 3812 1321 3883; x_wconf 77' lang='lat' dir='ltr'><strong>dignitate</strong></span> <span class='ocrx_word' id='word_1_456' title='bbox 1349 3813 1867 3883; x_wconf 87' lang='lat' dir='ltr'><strong>eidetnauteposita.</strong></span> <span class='ocrx_word' id='word_1_457' title='bbox 1900 3815 2119 3869; x_wconf 85' lang='lat' dir='ltr'><strong>Tertius</strong></span> 
     </span>
    </p>
   </div>
   <div class='ocr_carea' id='block_1_68' title="bbox 539 3906 2121 3975">
    <p class='ocr_par' dir='ltr' id='par_1_68' title="bbox 539 3906 2121 3975">
     <span class='ocr_line' id='line_1_68' title="bbox 539 3906 2121 3975; baseline 0.003 -18"><span class='ocrx_word' id='word_1_458' title='bbox 539 3907 729 3973; x_wconf 82' lang='lat' dir='ltr'><strong>itaque</strong></span> <span class='ocrx_word' id='word_1_459' title='bbox 760 3906 829 3959; x_wconf 82' lang='lat' dir='ltr'><strong>ab</strong></span> <span class='ocrx_word' id='word_1_460' title='bbox 862 3906 1194 3975; x_wconf 83' lang='lat' dir='ltr'><strong>imperatore</strong></span> <span class='ocrx_word' id='word_1_461' title='bbox 1224 3906 1561 3975; x_wconf 88' lang='lat' dir='ltr'><strong>temporibus</strong></span> <span class='ocrx_word' id='word_1_462' title='bbox 1597 3908 1808 3961; x_wconf 86' lang='lat' dir='ltr'><strong>ultimis</strong></span> <span class='ocrx_word' id='word_1_463' title='bbox 1870 3924 2121 3961; x_wconf 79' lang='lat' dir='ltr'><strong>numera-</strong></span> 
     </span>
    </p>
   </div>
   <div class='ocr_carea' id='block_1_69' title="bbox 545 3996 2121 4067">
    <p class='ocr_par' dir='ltr' id='par_1_69' title="bbox 545 3996 2121 4067">
     <span class='ocr_line' id='line_1_69' title="bbox 545 3996 2121 4067; baseline 0.003 -21"><span class='ocrx_word' id='word_1_464' title='bbox 545 3996 706 4050; x_wconf 83' lang='lat' dir='ltr'><strong>batur</strong></span> <span class='ocrx_word' id='word_1_465' title='bbox 730 3997 938 4062; x_wconf 69' lang='lat' dir='ltr'><strong>Caesar,</strong></span> <span class='ocrx_word' id='word_1_466' title='bbox 977 4006 1037 4050; x_wconf 90' lang='lat' dir='ltr'><strong>ut</strong></span> <span class='ocrx_word' id='word_1_467' title='bbox 1064 3996 1337 4067; x_wconf 88' lang='lat' dir='ltr'><strong>Gregoras</strong></span> <span class='ocrx_word' id='word_1_468' title='bbox 1387 3997 1577 4061; x_wconf 82' lang='lat' dir='ltr'><strong>bis.tv_</strong></span> <span class='ocrx_word' id='word_1_469' title='bbox 1619 3998 1670 4063; x_wconf 79' lang='grc' dir='ltr'><strong>ί,</strong></span> <span class='ocrx_word' id='word_1_470' title='bbox 1712 3997 1891 4054; x_wconf 88' lang='lat' dir='ltr'><strong>verbis</strong></span> <span class='ocrx_word' id='word_1_471' title='bbox 1945 4000 2121 4052; x_wconf 83' lang='lat' dir='ltr'><strong>mani-</strong></span> 
     </span>
    </p>
   </div>
   <div class='ocr_carea' id='block_1_70' title="bbox 542 4086 2123 4159">
    <p class='ocr_par' dir='ltr' id='par_1_70' title="bbox 542 4086 2123 4159">
     <span class='ocr_line' id='line_1_70' title="bbox 542 4086 2123 4159; baseline 0.003 -20"><span class='ocrx_word' id='word_1_472' title='bbox 542 4086 707 4141; x_wconf 84' lang='lat' dir='ltr'><strong>fcstat</strong></span> <span class='ocrx_word' id='word_1_473' title='bbox 738 4104 752 4141; x_wconf 89' lang='lat'><strong>:</strong></span> <span class='ocrx_word' id='word_1_474' title='bbox 801 4088 859 4141; x_wconf 84' lang='lat'><strong>&#39;0</strong></span> <span class='ocrx_word' id='word_1_475' title='bbox 880 4087 982 4157; x_wconf 85' lang='grc' dir='ltr'><strong>μὲν</strong></span> <span class='ocrx_word' id='word_1_476' title='bbox 1007 4088 1115 4158; x_wconf 86' lang='grc' dir='ltr'>γὰρ</span> <span class='ocrx_word' id='word_1_477' title='bbox 1150 4088 1610 4159; x_wconf 77' lang='grc' dir='ltr'>σεϐαστοκράτωρ</span> <span class='ocrx_word' id='word_1_478' title='bbox 1642 4090 1699 4153; x_wconf 76' lang='grc' dir='ltr'>ἐς</span> <span class='ocrx_word' id='word_1_479' title='bbox 1719 4089 1781 4142; x_wconf 80' lang='grc' dir='ltr'><strong>τὸ</strong></span> <span class='ocrx_word' id='word_1_480' title='bbox 1802 4091 2123 4144; x_wconf 75' lang='grc' dir='ltr'>δεσποτικὸν</span> 
     </span>
    </p>
   </div>
   <div class='ocr_carea' id='block_1_71' title="bbox 542 4178 2126 4253">
    <p class='ocr_par' dir='ltr' id='par_1_71' title="bbox 542 4178 2126 4253">
     <span class='ocr_line' id='line_1_71' title="bbox 542 4178 2126 4253; baseline 0.004 -22"><span class='ocrx_word' id='word_1_481' title='bbox 542 4180 802 4246; x_wconf 81' lang='grc' dir='ltr'><strong>ἀνάγεται</strong></span> <span class='ocrx_word' id='word_1_482' title='bbox 837 4179 991 4248; x_wconf 77' lang='grc' dir='ltr'>παρὰ</span> <span class='ocrx_word' id='word_1_483' title='bbox 1031 4178 1127 4232; x_wconf 79' lang='grc' dir='ltr'><strong>τοῦ</strong></span> <span class='ocrx_word' id='word_1_484' title='bbox 1162 4179 1431 4249; x_wconf 85' lang='grc' dir='ltr'><strong>βασιλέως</strong></span> <span class='ocrx_word' id='word_1_485' title='bbox 1487 4182 1730 4252; x_wconf 78' lang='grc' dir='ltr'><strong>ἀξίωμα,</strong></span> <span class='ocrx_word' id='word_1_486' title='bbox 1761 4184 1790 4237; x_wconf 86' lang='grc' dir='ltr'>ὁ</span> <span class='ocrx_word' id='word_1_487' title='bbox 1835 4183 1893 4237; x_wconf 83' lang='grc' dir='ltr'>δὲ</span> <span class='ocrx_word' id='word_1_488' title='bbox 1950 4185 2126 4253; x_wconf 80' lang='grc' dir='ltr'>μέγας</span> 
     </span>
    </p>
   </div>
   <div class='ocr_carea' id='block_1_72' title="bbox 540 4271 2125 4347">
    <p class='ocr_par' dir='ltr' id='par_1_72' title="bbox 540 4271 2125 4347">
     <span class='ocr_line' id='line_1_72' title="bbox 540 4271 2125 4347; baseline 0.003 -24"><span class='ocrx_word' id='word_1_489' title='bbox 540 4272 862 4341; x_wconf 82' lang='grc' dir='ltr'>δομέστικος</span> <span class='ocrx_word' id='word_1_490' title='bbox 887 4272 941 4333; x_wconf 70' lang='grc' dir='ltr'>ἐς</span> <span class='ocrx_word' id='word_1_491' title='bbox 976 4271 1147 4326; x_wconf 75' lang='grc' dir='ltr'>τὸτοῦ</span> <span class='ocrx_word' id='word_1_492' title='bbox 1173 4274 1473 4341; x_wconf 72' lang='grc' dir='ltr'>Καίσαρος,</span> <span class='ocrx_word' id='word_1_493' title='bbox 1508 4276 1536 4327; x_wconf 85' lang='grc' dir='ltr'>ὁ</span> <span class='ocrx_word' id='word_1_494' title='bbox 1566 4276 1622 4328; x_wconf 85' lang='grc' dir='ltr'>δὲ</span> <span class='ocrx_word' id='word_1_495' title='bbox 1656 4275 1874 4344; x_wconf 85' lang='grc' dir='ltr'>Καῖσαρ</span> <span class='ocrx_word' id='word_1_496' title='bbox 1902 4277 2020 4345; x_wconf 78' lang='grc' dir='ltr'>ἅμα</span> <span class='ocrx_word' id='word_1_497' title='bbox 2047 4276 2125 4347; x_wconf 82' lang='grc' dir='ltr'><strong>τῷ</strong></span> 
     </span>
    </p>
   </div>
   <div class='ocr_carea' id='block_1_73' title="bbox 544 4361 2122 4438">
    <p class='ocr_par' dir='ltr' id='par_1_73' title="bbox 544 4361 2122 4438">
     <span class='ocr_line' id='line_1_73' title="bbox 544 4361 2122 4438; baseline 0.008 -25"><span class='ocrx_word' id='word_1_498' title='bbox 544 4361 794 4434; x_wconf 76' lang='grc' dir='ltr'>πενθερῷ</span> <span class='ocrx_word' id='word_1_499' title='bbox 822 4362 917 4415; x_wconf 79' lang='grc' dir='ltr'><strong>τοῦ</strong></span> <span class='ocrx_word' id='word_1_500' title='bbox 946 4363 1212 4416; x_wconf 85' lang='grc' dir='ltr'>δεσπότου</span> <span class='ocrx_word' id='word_1_501' title='bbox 1251 4366 1308 4429; x_wconf 80' lang='grc' dir='ltr'>ἐς</span> <span class='ocrx_word' id='word_1_502' title='bbox 1360 4365 1419 4418; x_wconf 83' lang='grc' dir='ltr'><strong>τὸ</strong></span> <span class='ocrx_word' id='word_1_503' title='bbox 1454 4365 1550 4418; x_wconf 82' lang='grc' dir='ltr'><strong>τοῦ</strong></span> <span class='ocrx_word' id='word_1_504' title='bbox 1598 4365 2122 4438; x_wconf 78' lang='grc' dir='ltr'>σεϐαστοκράτορος.</span> 
     </span>
    </p>
   </div>
   <div class='ocr_carea' id='block_1_74' title="bbox 557 4453 2122 4531">
    <p class='ocr_par' dir='ltr' id='par_1_74' title="bbox 557 4453 2122 4531">
     <span class='ocr_line' id='line_1_74' title="bbox 557 4453 2122 4531; baseline 0.004 -23"><span class='ocrx_word' id='word_1_505' title='bbox 557 4453 765 4509; x_wconf 76' lang='grc' dir='ltr'>Ἑποίει</span> <span class='ocrx_word' id='word_1_506' title='bbox 792 4456 837 4509; x_wconf 81' lang='grc' dir='ltr'>δ’</span> <span class='ocrx_word' id='word_1_507' title='bbox 870 4456 1143 4527; x_wconf 79' lang='grc' dir='ltr'>ἐπίσημον</span> <span class='ocrx_word' id='word_1_508' title='bbox 1171 4458 1270 4527; x_wconf 84' lang='grc' dir='ltr'>τὴν</span> <span class='ocrx_word' id='word_1_509' title='bbox 1301 4459 1366 4512; x_wconf 80' lang='grc' dir='ltr'>ὲκ</span> <span class='ocrx_word' id='word_1_510' title='bbox 1384 4458 1477 4512; x_wconf 83' lang='grc' dir='ltr'><strong>τοῦ</strong></span> <span class='ocrx_word' id='word_1_511' title='bbox 1502 4458 1773 4531; x_wconf 82' lang='grc' dir='ltr'><strong>πενθεροῦ</strong></span> <span class='ocrx_word' id='word_1_512' title='bbox 1833 4460 2122 4529; x_wconf 78' lang='grc' dir='ltr'>διαφορὰν,</span> 
     </span>
    </p>
   </div>
   <div class='ocr_carea' id='block_1_75' title="bbox 2286 3236 3803 3323">
    <p class='ocr_par' dir='ltr' id='par_1_75' title="bbox 2286 3236 3803 3323">
     <span class='ocr_line' id='line_1_75' title="bbox 2286 3236 3803 3323; baseline -0.011 -18"><span class='ocrx_word' id='word_1_513' title='bbox 2286 3250 2428 3323; x_wconf 80' lang='lat' dir='ltr'><strong>[Non</strong></span> <span class='ocrx_word' id='word_1_514' title='bbox 2483 3265 2646 3315; x_wconf 90' lang='lat' dir='ltr'><strong>unus,</strong></span> <span class='ocrx_word' id='word_1_515' title='bbox 2681 3249 2775 3303; x_wconf 89' lang='lat' dir='ltr'><strong>sed</strong></span> <span class='ocrx_word' id='word_1_516' title='bbox 2810 3249 2990 3316; x_wconf 90' lang='lat' dir='ltr'><strong>plures</strong></span> <span class='ocrx_word' id='word_1_517' title='bbox 3049 3245 3370 3307; x_wconf 89' lang='lat' dir='ltr'><strong>domestici,</strong></span> <span class='ocrx_word' id='word_1_518' title='bbox 3426 3236 3803 3296; x_wconf 78' lang='lat' dir='ltr'><strong>ecclesiastici,</strong></span> 
     </span>
    </p>
   </div>
   <div class='ocr_carea' id='block_1_76' title="bbox 2216 3326 3804 3404">
    <p class='ocr_par' dir='ltr' id='par_1_76' title="bbox 2216 3326 3804 3404">
     <span class='ocr_line' id='line_1_76' title="bbox 2216 3326 3804 3404; baseline -0.009 -9"><span class='ocrx_word' id='word_1_519' title='bbox 2216 3342 2502 3404; x_wconf 84' lang='lat' dir='ltr'><strong>militares,</strong></span> <span class='ocrx_word' id='word_1_520' title='bbox 2560 3339 2770 3393; x_wconf 87' lang='lat' dir='ltr'><strong>civiles.</strong></span> <span class='ocrx_word' id='word_1_521' title='bbox 2835 3336 2933 3391; x_wconf 87' lang='lat' dir='ltr'><strong>Hic</strong></span> <span class='ocrx_word' id='word_1_522' title='bbox 2967 3352 3103 3389; x_wconf 90' lang='lat' dir='ltr'><strong>unus</strong></span> <span class='ocrx_word' id='word_1_523' title='bbox 3135 3336 3227 3403; x_wconf 87' lang='lat' dir='ltr'><strong>qui</strong></span> <span class='ocrx_word' id='word_1_524' title='bbox 3283 3334 3493 3401; x_wconf 85' lang='grc' dir='ltr'>μέγας,</span> <span class='ocrx_word' id='word_1_525' title='bbox 3534 3331 3605 3385; x_wconf 87' lang='lat' dir='ltr'><strong>de</strong></span> <span class='ocrx_word' id='word_1_526' title='bbox 3657 3326 3804 3394; x_wconf 80' lang='lat' dir='ltr'><strong>cujus</strong></span> 
     </span>
    </p>
   </div>
   <div class='ocr_carea' id='block_1_77' title="bbox 2216 3420 3804 3500">
    <p class='ocr_par' dir='ltr' id='par_1_77' title="bbox 2216 3420 3804 3500">
     <span class='ocr_line' id='line_1_77' title="bbox 2216 3420 3804 3500; baseline -0.012 -12"><span class='ocrx_word' id='word_1_527' title='bbox 2216 3434 2439 3489; x_wconf 86' lang='lat' dir='ltr'><strong>nomine</strong></span> <span class='ocrx_word' id='word_1_528' title='bbox 2467 3444 2521 3487; x_wconf 92' lang='lat' dir='ltr'><strong>et</strong></span> <span class='ocrx_word' id='word_1_529' title='bbox 2561 3431 2737 3487; x_wconf 77' lang='lat' dir='ltr'><strong>ofﬁcio</strong></span> <span class='ocrx_word' id='word_1_530' title='bbox 2760 3446 2934 3500; x_wconf 84' lang='lat' dir='ltr'><strong>pauca</strong></span> <span class='ocrx_word' id='word_1_531' title='bbox 2962 3439 3017 3483; x_wconf 90' lang='lat' dir='ltr'><strong>et</strong></span> <span class='ocrx_word' id='word_1_532' title='bbox 3052 3428 3180 3481; x_wconf 88' lang='lat' dir='ltr'><strong>huic</strong></span> <span class='ocrx_word' id='word_1_533' title='bbox 3210 3426 3377 3495; x_wconf 80' lang='lat'><strong>177</strong></span> <span class='ocrx_word' id='word_1_534' title='bbox 3421 3435 3635 3479; x_wconf 88' lang='lat' dir='ltr'><strong>tantum</strong></span> <span class='ocrx_word' id='word_1_535' title='bbox 3692 3420 3804 3471; x_wconf 78' lang='lat' dir='ltr'><strong>loco</strong></span> 
     </span>
    </p>
   </div>
   <div class='ocr_carea' id='block_1_78' title="bbox 2216 3514 3803 3597">
    <p class='ocr_par' dir='ltr' id='par_1_78' title="bbox 2216 3514 3803 3597">
     <span class='ocr_line' id='line_1_78' title="bbox 2216 3514 3803 3597; baseline -0.011 -16"><span class='ocrx_word' id='word_1_536' title='bbox 2216 3542 2458 3597; x_wconf 81' lang='lat' dir='ltr'><strong>congrua</strong></span> <span class='ocrx_word' id='word_1_537' title='bbox 2493 3524 2746 3579; x_wconf 89' lang='lat' dir='ltr'><strong>dicenda.</strong></span> <span class='ocrx_word' id='word_1_538' title='bbox 2780 3522 3128 3577; x_wconf 78' lang='lat' dir='ltr'><strong>Domesticos</strong></span> <span class='ocrx_word' id='word_1_539' title='bbox 3182 3518 3328 3573; x_wconf 87' lang='lat' dir='ltr'><strong>idem</strong></span> <span class='ocrx_word' id='word_1_540' title='bbox 3383 3518 3521 3571; x_wconf 89' lang='lat' dir='ltr'><strong>olim</strong></span> <span class='ocrx_word' id='word_1_541' title='bbox 3551 3514 3642 3582; x_wconf 92' lang='lat' dir='ltr'><strong>qui</strong></span> <span class='ocrx_word' id='word_1_542' title='bbox 3689 3523 3803 3579; x_wconf 82' lang='lat' dir='ltr'><strong>pro—</strong></span> 
     </span>
    </p>
   </div>
   <div class='ocr_carea' id='block_1_79' title="bbox 2216 3605 3799 3686">
    <p class='ocr_par' dir='ltr' id='par_1_79' title="bbox 2216 3605 3799 3686">
     <span class='ocr_line' id='line_1_79' title="bbox 2216 3605 3799 3686; baseline -0.016 -9"><span class='ocrx_word' id='word_1_543' title='bbox 2216 3629 2462 3686; x_wconf 88' lang='lat' dir='ltr'><strong>curator,</strong></span> <span class='ocrx_word' id='word_1_544' title='bbox 2515 3634 2579 3673; x_wconf 89' lang='lat' dir='ltr'><strong>ac</strong></span> <span class='ocrx_word' id='word_1_545' title='bbox 2617 3630 2931 3672; x_wconf 67' lang='lat' dir='ltr'><strong>numerosae</strong></span> <span class='ocrx_word' id='word_1_546' title='bbox 2988 3612 3211 3668; x_wconf 70' lang='lat' dir='ltr'><strong>familiae</strong></span> <span class='ocrx_word' id='word_1_547' title='bbox 3273 3612 3571 3674; x_wconf 81' lang='lat' dir='ltr'><strong>totiusque</strong></span> <span class='ocrx_word' id='word_1_548' title='bbox 3610 3605 3799 3659; x_wconf 88' lang='lat' dir='ltr'><strong>domus</strong></span> 
     </span>
    </p>
   </div>
   <div class='ocr_carea' id='block_1_80' title="bbox 2217 3690 3803 3783">
    <p class='ocr_par' dir='ltr' id='par_1_80' title="bbox 2217 3690 3803 3783">
     <span class='ocr_line' id='line_1_80' title="bbox 2217 3690 3803 3783; baseline -0.018 -13"><span class='ocrx_word' id='word_1_549' title='bbox 2217 3730 2405 3771; x_wconf 88' lang='lat' dir='ltr'><strong>curam</strong></span> <span class='ocrx_word' id='word_1_550' title='bbox 2450 3727 2668 3783; x_wconf 89' lang='lat' dir='ltr'><strong>gerens.</strong></span> <span class='ocrx_word' id='word_1_551' title='bbox 2715 3710 3046 3768; x_wconf 85' lang='lat' dir='ltr'><strong>Simocatta,</strong></span> <span class='ocrx_word' id='word_1_552' title='bbox 3088 3720 3205 3767; x_wconf 87' lang='lat' dir='ltr'><strong>vtu,</strong></span> <span class='ocrx_word' id='word_1_553' title='bbox 3245 3705 3317 3759; x_wconf 76' lang='lat' dir='ltr'><strong>l3</strong></span> <span class='ocrx_word' id='word_1_554' title='bbox 3356 3720 3373 3758; x_wconf 89' lang='lat'><strong>:</strong></span> <span class='ocrx_word' id='word_1_555' title='bbox 3417 3699 3746 3769; x_wconf 80' lang='grc' dir='ltr'>Ἀναιρεῖται</span> <span class='ocrx_word' id='word_1_556' title='bbox 3777 3690 3803 3742; x_wconf 80' lang='grc' dir='ltr'>ὀ</span> 
     </span>
    </p>
   </div>
   <div class='ocr_carea' id='block_1_81' title="bbox 2222 3794 3800 3877">
    <p class='ocr_par' dir='ltr' id='par_1_81' title="bbox 2222 3794 3800 3877">
     <span class='ocr_line' id='line_1_81' title="bbox 2222 3794 3800 3877; baseline -0.016 -17"><span class='ocrx_word' id='word_1_557' title='bbox 2222 3807 2596 3877; x_wconf 81' lang='grc' dir='ltr'>πραισεντῖνος</span> <span class='ocrx_word' id='word_1_558' title='bbox 2612 3804 2640 3853; x_wconf 83' lang='grc' dir='ltr'>ὁ</span> <span class='ocrx_word' id='word_1_559' title='bbox 2658 3801 2753 3865; x_wconf 81' lang='grc' dir='ltr'>τὰς</span> <span class='ocrx_word' id='word_1_560' title='bbox 2775 3800 2870 3853; x_wconf 82' lang='grc' dir='ltr'><strong>τοῦ</strong></span> <span class='ocrx_word' id='word_1_561' title='bbox 2889 3800 3094 3867; x_wconf 74' lang='grc' dir='ltr'>Πέτρου</span> <span class='ocrx_word' id='word_1_562' title='bbox 3117 3794 3485 3865; x_wconf 76' lang='grc' dir='ltr'><strong>(στρατηγοῦ)</strong></span> <span class='ocrx_word' id='word_1_563' title='bbox 3519 3801 3800 3841; x_wconf 72' lang='grc' dir='ltr'>πεπτστευ-</span> 
     </span>
    </p>
   </div>
   <div class='ocr_carea' id='block_1_82' title="bbox 2225 3878 3799 3972">
    <p class='ocr_par' dir='ltr' id='par_1_82' title="bbox 2225 3878 3799 3972">
     <span class='ocr_line' id='line_1_82' title="bbox 2225 3878 3799 3972; baseline -0.011 -23"><span class='ocrx_word' id='word_1_564' title='bbox 2225 3901 2384 3972; x_wconf 82' lang='grc' dir='ltr'>μένος</span> <span class='ocrx_word' id='word_1_565' title='bbox 2428 3897 2738 3968; x_wconf 75' lang='grc' dir='ltr'><strong>φροντίδας,</strong></span> <span class='ocrx_word' id='word_1_566' title='bbox 2788 3894 2847 3947; x_wconf 79' lang='grc' dir='ltr'>ὃν</span> <span class='ocrx_word' id='word_1_567' title='bbox 2890 3893 3212 3960; x_wconf 80' lang='grc' dir='ltr'>ὃομέστικον</span> <span class='ocrx_word' id='word_1_568' title='bbox 3264 3887 3505 3941; x_wconf 71' lang='grc' dir='ltr'>εἰώθασι</span> <span class='ocrx_word' id='word_1_569' title='bbox 3551 3878 3799 3947; x_wconf 79' lang='grc' dir='ltr'><strong>Ῥωμᾱῖοι</strong></span> 
     </span>
    </p>
   </div>
   <div class='ocr_carea' id='block_1_83' title="bbox 2223 3969 3801 4047">
    <p class='ocr_par' dir='ltr' id='par_1_83' title="bbox 2223 3969 3801 4047">
     <span class='ocr_line' id='line_1_83' title="bbox 2223 3969 3801 4047; baseline -0.02 0"><span class='ocrx_word' id='word_1_570' title='bbox 2223 3969 2538 4047; x_wconf 59' lang='grc' dir='ltr'>ἀποκαλεῖν.</span> <span class='ocrx_word' id='word_1_571' title='bbox 2578 3987 2676 4042; x_wconf 81' lang='lat' dir='ltr'><strong>llic</strong></span> <span class='ocrx_word' id='word_1_572' title='bbox 2723 3988 2775 4040; x_wconf 89' lang='lat' dir='ltr'><strong>in</strong></span> <span class='ocrx_word' id='word_1_573' title='bbox 2812 3984 2970 4038; x_wconf 85' lang='lat' dir='ltr'><strong>fidem</strong></span> <span class='ocrx_word' id='word_1_574' title='bbox 3012 3997 3169 4037; x_wconf 86' lang='lat' dir='ltr'><strong>suam</strong></span> <span class='ocrx_word' id='word_1_575' title='bbox 3214 3978 3545 4034; x_wconf 81' lang='lat' dir='ltr'><strong>cetutnunia</strong></span> <span class='ocrx_word' id='word_1_576' title='bbox 3594 3969 3801 4027; x_wconf 73' lang='lat' dir='ltr'><strong>familia:</strong></span> 
     </span>
    </p>
   </div>
   <div class='ocr_carea' id='block_1_84' title="bbox 2226 4058 3803 4151">
    <p class='ocr_par' dir='ltr' id='par_1_84' title="bbox 2226 4058 3803 4151">
     <span class='ocr_line' id='line_1_84' title="bbox 2226 4058 3803 4151; baseline -0.019 -11"><span class='ocrx_word' id='word_1_577' title='bbox 2226 4087 2365 4140; x_wconf 89' lang='lat' dir='ltr'><strong>bona</strong></span> <span class='ocrx_word' id='word_1_578' title='bbox 2392 4082 2611 4151; x_wconf 90' lang='lat' dir='ltr'><strong>recipit,</strong></span> <span class='ocrx_word' id='word_1_579' title='bbox 2646 4095 2711 4134; x_wconf 92' lang='lat' dir='ltr'><strong>ac</strong></span> <span class='ocrx_word' id='word_1_580' title='bbox 2763 4080 3069 4132; x_wconf 88' lang='lat' dir='ltr'><strong>etiamnum</strong></span> <span class='ocrx_word' id='word_1_581' title='bbox 3123 4073 3288 4126; x_wconf 86' lang='lat' dir='ltr'><strong>hodie</strong></span> <span class='ocrx_word' id='word_1_582' title='bbox 3359 4071 3415 4124; x_wconf 91' lang='lat' dir='ltr'><strong>in</strong></span> <span class='ocrx_word' id='word_1_583' title='bbox 3465 4058 3803 4151; x_wconf 70' lang='lat' dir='ltr'><strong>monasteriis</strong></span> 
     </span>
    </p>
   </div>
   <div class='ocr_carea' id='block_1_85' title="bbox 2225 4149 3803 4237">
    <p class='ocr_par' dir='ltr' id='par_1_85' title="bbox 2225 4149 3803 4237">
     <span class='ocr_line' id='line_1_85' title="bbox 2225 4149 3803 4237; baseline -0.015 -8"><span class='ocrx_word' id='word_1_584' title='bbox 2225 4176 2480 4237; x_wconf 73' lang='grc' dir='ltr'>πιστικός</span> <span class='ocrx_word' id='word_1_585' title='bbox 2508 4149 2680 4229; x_wconf 80' lang='lat' dir='ltr'><strong>audit.</strong></span> <span class='ocrx_word' id='word_1_586' title='bbox 2713 4168 3084 4225; x_wconf 82' lang='lat' dir='ltr'><strong>Artabasdum</strong></span> <span class='ocrx_word' id='word_1_587' title='bbox 3122 4164 3473 4220; x_wconf 79' lang='lat' dir='ltr'><strong>Artabasdus</strong></span> <span class='ocrx_word' id='word_1_588' title='bbox 3508 4159 3653 4213; x_wconf 79' lang='lat' dir='ltr'><strong>alius</strong></span> <span class='ocrx_word' id='word_1_589' title='bbox 3706 4149 3803 4203; x_wconf 86' lang='lat' dir='ltr'><strong>C0-</strong></span> 
     </span>
    </p>
   </div>
   <div class='ocr_carea' id='block_1_86' title="bbox 2226 4240 3801 4341">
    <p class='ocr_par' dir='ltr' id='par_1_86' title="bbox 2226 4240 3801 4341">
     <span class='ocr_line' id='line_1_86' title="bbox 2226 4240 3801 4341; baseline -0.02 -17"><span class='ocrx_word' id='word_1_590' title='bbox 2226 4268 2476 4341; x_wconf 86' lang='lat' dir='ltr'><strong>pronymi</strong></span> <span class='ocrx_word' id='word_1_591' title='bbox 2501 4281 2669 4336; x_wconf 90' lang='lat' dir='ltr'><strong>gener</strong></span> <span class='ocrx_word' id='word_1_592' title='bbox 2690 4243 3055 4319; x_wconf 77' lang='lat' dir='ltr'><strong>domesticum</strong></span> <span class='ocrx_word' id='word_1_593' title='bbox 3081 4259 3525 4328; x_wconf 80' lang='lat' dir='ltr'><strong>(procuratorem</strong></span> <span class='ocrx_word' id='word_1_594' title='bbox 3555 4240 3801 4341; x_wconf 68' lang='lat' dir='ltr'><strong>intelligel</strong></span> 
     </span>
    </p>
   </div>
   <div class='ocr_carea' id='block_1_87' title="bbox 2227 4331 3801 4438">
    <p class='ocr_par' dir='ltr' id='par_1_87' title="bbox 2227 4331 3801 4438">
     <span class='ocr_line' id='line_1_87' title="bbox 2227 4331 3801 4438; baseline -0.02 -18"><span class='ocrx_word' id='word_1_595' title='bbox 2227 4331 2386 4434; x_wconf 66' lang='lat' dir='ltr'><strong>apud</strong></span> <span class='ocrx_word' id='word_1_596' title='bbox 2418 4331 2806 4428; x_wconf 74' lang='lat' dir='ltr'><strong>TheOphauem</strong></span> <span class='ocrx_word' id='word_1_597' title='bbox 2860 4353 3046 4409; x_wconf 72' lang='lat' dir='ltr'><strong>efﬁcit.</strong></span> <span class='ocrx_word' id='word_1_598' title='bbox 3101 4350 3240 4405; x_wconf 87' lang='lat' dir='ltr'><strong>Hinc</strong></span> <span class='ocrx_word' id='word_1_599' title='bbox 3282 4348 3589 4438; x_wconf 83' lang='lat' dir='ltr'><strong>cujuslibet</strong></span> <span class='ocrx_word' id='word_1_600' title='bbox 3617 4341 3689 4394; x_wconf 91' lang='lat' dir='ltr'><strong>rei</strong></span> <span class='ocrx_word' id='word_1_601' title='bbox 3726 4331 3801 4438; x_wconf 64' lang='lat' dir='ltr'><strong>vel</strong></span> 
     </span>
    </p>
   </div>
   <div class='ocr_carea' id='block_1_88' title="bbox 2229 4437 3802 4523">
    <p class='ocr_par' dir='ltr' id='par_1_88' title="bbox 2229 4437 3802 4523">
     <span class='ocr_line' id='line_1_88' title="bbox 2229 4437 3802 4523; baseline -0.017 -13"><span class='ocrx_word' id='word_1_602' title='bbox 2229 4455 2440 4511; x_wconf 82' lang='lat' dir='ltr'><strong>ordinis</strong></span> <span class='ocrx_word' id='word_1_603' title='bbox 2470 4450 2767 4523; x_wconf 69' lang='lat' dir='ltr'><strong>praefectus</strong></span> <span class='ocrx_word' id='word_1_604' title='bbox 2805 4462 2873 4503; x_wconf 83' lang='lat' dir='ltr'><strong>ac</strong></span> <span class='ocrx_word' id='word_1_605' title='bbox 2904 4445 3238 4516; x_wconf 77' lang='lat' dir='ltr'><strong>prtepositus</strong></span> <span class='ocrx_word' id='word_1_606' title='bbox 3268 4452 3503 4497; x_wconf 82' lang='lat' dir='ltr'><strong>vocatur</strong></span> <span class='ocrx_word' id='word_1_607' title='bbox 3559 4437 3802 4492; x_wconf 64' lang='lat' dir='ltr'><strong>domes“-</strong></span> 
     </span>
    </p>
   </div>
   <div class='ocr_carea' id='block_1_89' title="bbox 545 4531 2113 4625">
    <p class='ocr_par' dir='ltr' id='par_1_89' title="bbox 545 4551 2113 4625">
     <span class='ocr_line' id='line_1_89' title="bbox 545 4551 2113 4625; baseline 0.003 -23"><span class='ocrx_word' id='word_1_608' title='bbox 545 4551 627 4603; x_wconf 71' lang='grc' dir='ltr'><strong>ὅτι</strong></span> <span class='ocrx_word' id='word_1_609' title='bbox 664 4551 723 4603; x_wconf 82' lang='grc' dir='ltr'><strong>ὲν</strong></span> <span class='ocrx_word' id='word_1_610' title='bbox 760 4553 873 4615; x_wconf 87' lang='grc' dir='ltr'>τοῖς</span> <span class='ocrx_word' id='word_1_611' title='bbox 908 4553 1127 4616; x_wconf 83' lang='grc' dir='ltr'>κυανοῖς</span> <span class='ocrx_word' id='word_1_612' title='bbox 1179 4552 1418 4615; x_wconf 82' lang='grc' dir='ltr'>πεδίλοις</span> <span class='ocrx_word' id='word_1_613' title='bbox 1461 4553 1553 4605; x_wconf 79' lang='grc' dir='ltr'><strong>καὶ</strong></span> <span class='ocrx_word' id='word_1_614' title='bbox 1594 4556 1931 4623; x_wconf 81' lang='grc' dir='ltr'>χρυσοϋφεῖς</span> <span class='ocrx_word' id='word_1_615' title='bbox 1977 4555 2113 4625; x_wconf 70' lang='grc' dir='ltr'>αὐτᾷ</span> 
     </span>
    </p>
   </div>
   <div class='ocr_carea' id='block_1_90' title="bbox 2218 4531 3802 4625">
    <p class='ocr_par' dir='ltr' id='par_1_90' title="bbox 2232 4531 3802 4625">
     <span class='ocr_line' id='line_1_90' title="bbox 2232 4531 3802 4625; baseline -0.021 -21"><span class='ocrx_word' id='word_1_616' title='bbox 2232 4566 2333 4605; x_wconf 88' lang='lat' dir='ltr'><strong>cus</strong></span> <span class='ocrx_word' id='word_1_617' title='bbox 2359 4564 2390 4603; x_wconf 87' lang='lat' dir='ltr'><strong>a</strong></span> <span class='ocrx_word' id='word_1_618' title='bbox 2447 4545 2657 4602; x_wconf 69' lang='lat' dir='ltr'><strong>Grazcis</strong></span> <span class='ocrx_word' id='word_1_619' title='bbox 2688 4561 2703 4610; x_wconf 90' lang='lat'><strong>;</strong></span> <span class='ocrx_word' id='word_1_620' title='bbox 2737 4544 2805 4598; x_wconf 86' lang='lat' dir='ltr'><strong>de</strong></span> <span class='ocrx_word' id='word_1_621' title='bbox 2850 4556 2962 4611; x_wconf 90' lang='lat' dir='ltr'><strong>quo</strong></span> <span class='ocrx_word' id='word_1_622' title='bbox 3014 4537 3253 4593; x_wconf 79' lang='lat' dir='ltr'><strong>Joannes</strong></span> <span class='ocrx_word' id='word_1_623' title='bbox 3299 4534 3439 4589; x_wconf 88' lang='lat' dir='ltr'><strong>Citri</strong></span> <span class='ocrx_word' id='word_1_624' title='bbox 3480 4531 3802 4625; x_wconf 64' lang='lat' dir='ltr'><strong>episCOjitis:</strong></span> 
     </span>
    </p>
   </div>
   <div class='ocr_carea' id='block_1_91' title="bbox 546 4644 2128 4715">
    <p class='ocr_par' dir='ltr' id='par_1_91' title="bbox 546 4644 2128 4715">
     <span class='ocr_line' id='line_1_91' title="bbox 546 4644 2128 4715; baseline 0.004 -20"><span class='ocrx_word' id='word_1_625' title='bbox 546 4644 917 4714; x_wconf 72' lang='grc' dir='ltr'><strong>ὲνηρμόζοντο</strong></span> <span class='ocrx_word' id='word_1_626' title='bbox 945 4645 1114 4701; x_wconf 80' lang='grc' dir='ltr'>ἀετοί.</span> <span class='ocrx_word' id='word_1_627' title='bbox 1156 4646 1914 4715; x_wconf 49' lang='grc' dir='ltr'>δεῦοειοοιιοιοιὶὶρτεειεινεο</span> <span class='ocrx_word' id='word_1_628' title='bbox 1946 4648 2128 4715; x_wconf 86' lang='lat' dir='ltr'><strong>publi-</strong></span> 
     </span>
    </p>
   </div>
   <div class='ocr_carea' id='block_1_92' title="bbox 550 4737 2129 4809">
    <p class='ocr_par' dir='ltr' id='par_1_92' title="bbox 550 4737 2129 4809">
     <span class='ocr_line' id='line_1_92' title="bbox 550 4737 2129 4809; baseline 0.002 -19"><span class='ocrx_word' id='word_1_629' title='bbox 550 4737 707 4792; x_wconf 85' lang='lat' dir='ltr'><strong>eisin</strong></span> <span class='ocrx_word' id='word_1_630' title='bbox 745 4738 1239 4793; x_wconf 88' lang='lat' dir='ltr'><strong>acclamationibus</strong></span> <span class='ocrx_word' id='word_1_631' title='bbox 1272 4737 1437 4791; x_wconf 91' lang='lat' dir='ltr'><strong>simul</strong></span> <span class='ocrx_word' id='word_1_632' title='bbox 1460 4752 1586 4792; x_wconf 92' lang='lat' dir='ltr'><strong>cum</strong></span> <span class='ocrx_word' id='word_1_633' title='bbox 1618 4738 1969 4807; x_wconf 89' lang='lat' dir='ltr'><strong>imperatoris</strong></span> <span class='ocrx_word' id='word_1_634' title='bbox 1995 4755 2129 4809; x_wconf 87' lang='lat' dir='ltr'><strong>pro-</strong></span> 
     </span>
    </p>
   </div>
   <div class='ocr_carea' id='block_1_93' title="bbox 554 4829 2131 4899">
    <p class='ocr_par' dir='ltr' id='par_1_93' title="bbox 554 4829 2131 4899">
     <span class='ocr_line' id='line_1_93' title="bbox 554 4829 2131 4899; baseline 0.001 -15"><span class='ocrx_word' id='word_1_635' title='bbox 554 4834 869 4886; x_wconf 82' lang='lat' dir='ltr'><strong>nuntiatum</strong></span> <span class='ocrx_word' id='word_1_636' title='bbox 942 4847 1144 4886; x_wconf 90' lang='lat' dir='ltr'><strong>nomen</strong></span> <span class='ocrx_word' id='word_1_637' title='bbox 1224 4829 1571 4897; x_wconf 82' lang='lat' dir='ltr'><strong>audiebatur,</strong></span> <span class='ocrx_word' id='word_1_638' title='bbox 1660 4831 1806 4898; x_wconf 88' lang='lat' dir='ltr'><strong>quod</strong></span> <span class='ocrx_word' id='word_1_639' title='bbox 1872 4832 2131 4899; x_wconf 87' lang='lat' dir='ltr'><strong>superior</strong></span> 
     </span>
    </p>
   </div>
   <div class='ocr_carea' id='block_1_94' title="bbox 553 4923 2132 4989">
    <p class='ocr_par' dir='ltr' id='par_1_94' title="bbox 553 4923 2132 4989">
     <span class='ocr_line' id='line_1_94' title="bbox 553 4923 2132 4989; baseline 0 -11"><span class='ocrx_word' id='word_1_640' title='bbox 553 4928 865 4989; x_wconf 84' lang='lat' dir='ltr'><strong>observatio</strong></span> <span class='ocrx_word' id='word_1_641' title='bbox 918 4943 986 4980; x_wconf 79' lang='lat' dir='ltr'><strong>ex</strong></span> <span class='ocrx_word' id='word_1_642' title='bbox 1022 4928 1178 4979; x_wconf 85' lang='lat' dir='ltr'><strong>Anna</strong></span> <span class='ocrx_word' id='word_1_643' title='bbox 1240 4923 1523 4979; x_wconf 88' lang='lat' dir='ltr'><strong>Comnena</strong></span> <span class='ocrx_word' id='word_1_644' title='bbox 1583 4924 1845 4989; x_wconf 89' lang='lat' dir='ltr'><strong>declarat,</strong></span> <span class='ocrx_word' id='word_1_645' title='bbox 1894 4925 2132 4978; x_wconf 66' lang='lat' dir='ltr'><strong>Caesaris</strong></span> 
     </span>
    </p>
   </div>
   <div class='ocr_carea' id='block_1_95' title="bbox 559 5016 2131 5090">
    <p class='ocr_par' dir='ltr' id='par_1_95' title="bbox 559 5016 2131 5090">
     <span class='ocr_line' id='line_1_95' title="bbox 559 5016 2131 5090; baseline -0.007 -14"><span class='ocrx_word' id='word_1_646' title='bbox 559 5037 834 5090; x_wconf 78' lang='lat' dir='ltr'><strong>nusquam</strong></span> <span class='ocrx_word' id='word_1_647' title='bbox 861 5040 873 5074; x_wconf 89' lang='lat'><strong>:</strong></span> <span class='ocrx_word' id='word_1_648' title='bbox 920 5019 971 5075; x_wconf 90' lang='lat' dir='ltr'><strong>id</strong></span> <span class='ocrx_word' id='word_1_649' title='bbox 1008 5019 1155 5075; x_wconf 87' lang='lat' dir='ltr'><strong>enim</strong></span> <span class='ocrx_word' id='word_1_650' title='bbox 1185 5035 1279 5088; x_wconf 67' lang='lat' dir='ltr'><strong>per</strong></span> <span class='ocrx_word' id='word_1_651' title='bbox 1313 5018 1474 5071; x_wconf 89' lang='lat' dir='ltr'><strong>unius</strong></span> <span class='ocrx_word' id='word_1_652' title='bbox 1497 5024 1708 5070; x_wconf 87' lang='lat' dir='ltr'><strong>tantum</strong></span> <span class='ocrx_word' id='word_1_653' title='bbox 1729 5016 1861 5069; x_wconf 90' lang='lat' dir='ltr'><strong>anni</strong></span> <span class='ocrx_word' id='word_1_654' title='bbox 1894 5016 2131 5085; x_wconf 77' lang='lat' dir='ltr'><strong>Spatium</strong></span> 
     </span>
    </p>
   </div>
   <div class='ocr_carea' id='block_1_96' title="bbox 554 5109 2137 5177">
    <p class='ocr_par' dir='ltr' id='par_1_96' title="bbox 554 5109 2137 5177">
     <span class='ocr_line' id='line_1_96' title="bbox 554 5109 2137 5177; baseline -0.005 -8"><span class='ocrx_word' id='word_1_655' title='bbox 554 5116 749 5169; x_wconf 75' lang='lat' dir='ltr'><strong>Alexio</strong></span> <span class='ocrx_word' id='word_1_656' title='bbox 787 5114 939 5168; x_wconf 87' lang='lat' dir='ltr'><strong>fratri</strong></span> <span class='ocrx_word' id='word_1_657' title='bbox 978 5113 1256 5168; x_wconf 81' lang='lat' dir='ltr'><strong>concessit</strong></span> <span class='ocrx_word' id='word_1_658' title='bbox 1307 5110 1539 5165; x_wconf 83' lang='lat' dir='ltr'><strong>Michael</strong></span> <span class='ocrx_word' id='word_1_659' title='bbox 1574 5109 1938 5177; x_wconf 83' lang='lat' dir='ltr'><strong>Palaeologus,</strong></span> <span class='ocrx_word' id='word_1_660' title='bbox 1977 5123 2040 5164; x_wconf 91' lang='lat' dir='ltr'><strong>ac</strong></span> <span class='ocrx_word' id='word_1_661' title='bbox 2076 5117 2137 5162; x_wconf 90' lang='lat' dir='ltr'><strong>ut</strong></span> 
     </span>
    </p>
   </div>
   <div class='ocr_carea' id='block_1_97' title="bbox 557 5201 2131 5274">
    <p class='ocr_par' dir='ltr' id='par_1_97' title="bbox 557 5201 2131 5274">
     <span class='ocr_line' id='line_1_97' title="bbox 557 5201 2131 5274; baseline -0.003 -16"><span class='ocrx_word' id='word_1_662' title='bbox 557 5209 761 5273; x_wconf 62' lang='lat' dir='ltr'><strong>pariter</strong></span> <span class='ocrx_word' id='word_1_663' title='bbox 797 5206 1145 5274; x_wconf 86' lang='lat' dir='ltr'><strong>imperatoris</strong></span> <span class='ocrx_word' id='word_1_664' title='bbox 1205 5220 1344 5273; x_wconf 83' lang='lat' dir='ltr'><strong>pene</strong></span> <span class='ocrx_word' id='word_1_665' title='bbox 1396 5217 1547 5269; x_wconf 81' lang='lat' dir='ltr'><strong>more</strong></span> <span class='ocrx_word' id='word_1_666' title='bbox 1603 5210 1924 5271; x_wconf 85' lang='lat' dir='ltr'><strong>recuperata</strong></span> <span class='ocrx_word' id='word_1_667' title='bbox 1980 5201 2131 5270; x_wconf 60' lang='lat' dir='ltr'><strong>Cphli</strong></span> 
     </span>
    </p>
   </div>
   <div class='ocr_carea' id='block_1_98' title="bbox 559 5292 2136 5366">
    <p class='ocr_par' dir='ltr' id='par_1_98' title="bbox 559 5292 2136 5366">
     <span class='ocr_line' id='line_1_98' title="bbox 559 5292 2136 5366; baseline -0.004 -15"><span class='ocrx_word' id='word_1_668' title='bbox 559 5298 901 5366; x_wconf 87' lang='lat' dir='ltr'><strong>triumphans</strong></span> <span class='ocrx_word' id='word_1_669' title='bbox 928 5297 1208 5352; x_wconf 87' lang='lat' dir='ltr'><strong>incederet</strong></span> <span class='ocrx_word' id='word_1_670' title='bbox 1250 5304 1569 5359; x_wconf 87' lang='lat' dir='ltr'><strong>coronatus,</strong></span> <span class='ocrx_word' id='word_1_671' title='bbox 1598 5295 1666 5349; x_wconf 91' lang='lat' dir='ltr'><strong>de</strong></span> <span class='ocrx_word' id='word_1_672' title='bbox 1693 5309 1803 5364; x_wconf 86' lang='lat' dir='ltr'><strong>quo</strong></span> <span class='ocrx_word' id='word_1_673' title='bbox 1864 5292 2136 5363; x_wconf 87' lang='lat' dir='ltr'><strong>Gregoras</strong></span> 
     </span>
    </p>
   </div>
   <div class='ocr_carea' id='block_1_99' title="bbox 559 5386 2140 5456">
    <p class='ocr_par' dir='ltr' id='par_1_99' title="bbox 559 5386 2140 5456">
     <span class='ocr_line' id='line_1_99' title="bbox 559 5386 2140 5456; baseline -0.006 -10"><span class='ocrx_word' id='word_1_674' title='bbox 559 5391 761 5446; x_wconf 74' lang='lat' dir='ltr'><strong>laniati</strong></span> <span class='ocrx_word' id='word_1_675' title='bbox 795 5389 917 5443; x_wconf 87' lang='lat' dir='ltr'><strong>libri</strong></span> <span class='ocrx_word' id='word_1_676' title='bbox 969 5398 1124 5444; x_wconf 87' lang='lat' dir='ltr'><strong>sect.</strong></span> <span class='ocrx_word' id='word_1_677' title='bbox 1159 5388 1229 5443; x_wconf 86' lang='lat'><strong>5:</strong></span> <span class='ocrx_word' id='word_1_678' title='bbox 1284 5388 1564 5453; x_wconf 80' lang='grc' dir='ltr'><strong>Ἀντάξιον</strong></span> <span class='ocrx_word' id='word_1_679' title='bbox 1618 5386 1907 5439; x_wconf 82' lang='grc' dir='ltr'><strong>ἀπέδωκεν</strong></span> <span class='ocrx_word' id='word_1_680' title='bbox 1964 5387 2140 5456; x_wconf 83' lang='grc' dir='ltr'>γέρας</span> 
     </span>
    </p>
   </div>
   <div class='ocr_carea' id='block_1_100' title="bbox 506 5475 2143 5551">
    <p class='ocr_par' dir='ltr' id='par_1_100' title="bbox 506 5475 2143 5551">
     <span class='ocr_line' id='line_1_100' title="bbox 506 5475 2143 5551; baseline -0.004 -16"><span class='ocrx_word' id='word_1_681' title='bbox 506 5532 507 5535; x_wconf 45' lang='grc' dir='ltr'><strong>η</strong></span> <span class='ocrx_word' id='word_1_682' title='bbox 572 5481 797 5550; x_wconf 72' lang='grc' dir='ltr'>Ἀλεξίῳ</span> <span class='ocrx_word' id='word_1_683' title='bbox 833 5480 911 5551; x_wconf 80' lang='grc' dir='ltr'><strong>τῷ</strong></span> <span class='ocrx_word' id='word_1_684' title='bbox 944 5482 1209 5549; x_wconf 71' lang='grc' dir='ltr'>Καίσαρι,</span> <span class='ocrx_word' id='word_1_685' title='bbox 1260 5478 1341 5532; x_wconf 80' lang='grc' dir='ltr'><strong>ὅτι</strong></span> <span class='ocrx_word' id='word_1_686' title='bbox 1376 5478 1443 5532; x_wconf 78' lang='grc' dir='ltr'>δι’</span> <span class='ocrx_word' id='word_1_687' title='bbox 1491 5476 1656 5530; x_wconf 79' lang='grc' dir='ltr'>αὑτοῦ</span> <span class='ocrx_word' id='word_1_688' title='bbox 1687 5480 1802 5538; x_wconf 82' lang='grc' dir='ltr'>τοῖς</span> <span class='ocrx_word' id='word_1_689' title='bbox 1847 5475 2143 5545; x_wconf 80' lang='grc' dir='ltr'><strong>Ῥωμαίοις</strong></span> 
     </span>
    </p>
   </div>
   <div class='ocr_carea' id='block_1_101' title="bbox 560 5567 2143 5642">
    <p class='ocr_par' dir='ltr' id='par_1_101' title="bbox 560 5567 2143 5642">
     <span class='ocr_line' id='line_1_101' title="bbox 560 5567 2143 5642; baseline -0.006 -16"><span class='ocrx_word' id='word_1_690' title='bbox 560 5578 664 5642; x_wconf 79' lang='grc' dir='ltr'><strong>τὴν</strong></span> <span class='ocrx_word' id='word_1_691' title='bbox 688 5575 799 5627; x_wconf 84' lang='grc' dir='ltr'>τῶν</span> <span class='ocrx_word' id='word_1_692' title='bbox 835 5574 1045 5627; x_wconf 63' lang='grc' dir='ltr'>πόλεων</span> <span class='ocrx_word' id='word_1_693' title='bbox 1080 5570 1473 5642; x_wconf 81' lang='grc' dir='ltr'>βασιλεύουσαν</span> <span class='ocrx_word' id='word_1_694' title='bbox 1514 5572 1540 5621; x_wconf 89' lang='grc' dir='ltr'>ὁ</span> <span class='ocrx_word' id='word_1_695' title='bbox 1566 5570 1696 5632; x_wconf 72' lang='grc' dir='ltr'>Θεὸς</span> <span class='ocrx_word' id='word_1_696' title='bbox 1734 5568 2048 5637; x_wconf 75' lang='grc' dir='ltr'>ἑχαρισατο.</span> <span class='ocrx_word' id='word_1_697' title='bbox 2072 5567 2143 5618; x_wconf 80' lang='grc' dir='ltr'>Τὸ</span> 
     </span>
    </p>
   </div>
   <div class='ocr_carea' id='block_1_102' title="bbox 566 5657 2145 5743">
    <p class='ocr_par' dir='ltr' id='par_1_102' title="bbox 566 5657 2145 5743">
     <span class='ocr_line' id='line_1_102' title="bbox 566 5657 2145 5743; baseline -0.011 -16"><span class='ocrx_word' id='word_1_698' title='bbox 566 5673 626 5727; x_wconf 80' lang='grc' dir='ltr'>δὲ</span> <span class='ocrx_word' id='word_1_699' title='bbox 677 5667 743 5743; x_wconf 75' lang='grc' dir='ltr'><strong>ἦν</strong></span> <span class='ocrx_word' id='word_1_700' title='bbox 777 5670 1045 5741; x_wconf 77' lang='grc' dir='ltr'><strong>θρίαμϐον</strong></span> <span class='ocrx_word' id='word_1_701' title='bbox 1088 5665 1531 5736; x_wconf 81' lang='grc' dir='ltr'>συγκροτηθῆναι</span> <span class='ocrx_word' id='word_1_702' title='bbox 1565 5657 2145 5729; x_wconf 77' lang='grc' dir='ltr'>πολυανθρωπότατον</span> 
     </span>
    </p>
   </div>
   <div class='ocr_carea' id='block_1_103' title="bbox 568 5749 2147 5832">
    <p class='ocr_par' dir='ltr' id='par_1_103' title="bbox 568 5749 2147 5832">
     <span class='ocr_line' id='line_1_103' title="bbox 568 5749 2147 5832; baseline -0.013 -13"><span class='ocrx_word' id='word_1_703' title='bbox 568 5766 666 5819; x_wconf 71' lang='grc' dir='ltr'><strong>καὶ</strong></span> <span class='ocrx_word' id='word_1_704' title='bbox 697 5766 1163 5832; x_wconf 78' lang='grc' dir='ltr'>περιφανέστατον</span> <span class='ocrx_word' id='word_1_705' title='bbox 1188 5758 1436 5814; x_wconf 84' lang='grc' dir='ltr'>κελεύσει</span> <span class='ocrx_word' id='word_1_706' title='bbox 1461 5753 1556 5809; x_wconf 79' lang='grc' dir='ltr'>τοῦ</span> <span class='ocrx_word' id='word_1_707' title='bbox 1587 5749 2147 5827; x_wconf 43' lang='grc' dir='ltr'><strong>αὐτοκράτοροςηκαὶ</strong></span> 
     </span>
    </p>
   </div>
   <div class='ocr_carea' id='block_1_104' title="bbox 572 5840 2147 5925">
    <p class='ocr_par' dir='ltr' id='par_1_104' title="bbox 572 5840 2147 5925">
     <span class='ocr_line' id='line_1_104' title="bbox 572 5840 2147 5925; baseline -0.011 -15"><span class='ocrx_word' id='word_1_708' title='bbox 572 5857 664 5910; x_wconf 67' lang='grc' dir='ltr'><strong>ἐπὶ</strong></span> <span class='ocrx_word' id='word_1_709' title='bbox 696 5854 869 5925; x_wconf 81' lang='grc' dir='ltr'>τούτῳ</span> <span class='ocrx_word' id='word_1_710' title='bbox 907 5856 997 5911; x_wconf 65' lang='grc' dir='ltr'><strong>τὶν</strong></span> <span class='ocrx_word' id='word_1_711' title='bbox 1057 5854 1313 5921; x_wconf 71' lang='grc' dir='ltr'>Καίσαρα</span> <span class='ocrx_word' id='word_1_712' title='bbox 1353 5846 1673 5917; x_wconf 81' lang='grc' dir='ltr'>πομπεῦσαι</span> <span class='ocrx_word' id='word_1_713' title='bbox 1704 5845 1797 5899; x_wconf 68' lang='grc' dir='ltr'><strong>ἐπὶ</strong></span> <span class='ocrx_word' id='word_1_714' title='bbox 1828 5842 2007 5909; x_wconf 78' lang='grc' dir='ltr'>πάσης</span> <span class='ocrx_word' id='word_1_715' title='bbox 2050 5840 2147 5907; x_wconf 74' lang='grc' dir='ltr'>τῆς</span> 
     </span>
    </p>
   </div>
   <div class='ocr_carea' id='block_1_105' title="bbox 2243 4611 3803 4707">
    <p class='ocr_par' dir='ltr' id='par_1_105' title="bbox 2243 4611 3803 4707">
     <span class='ocr_line' id='line_1_105' title="bbox 2243 4611 3803 4707; baseline -0.016 -13"><span class='ocrx_word' id='word_1_716' title='bbox 2243 4641 2424 4694; x_wconf 86' lang='grc' dir='ltr'><strong>Ἦτοῦ</strong></span> <span class='ocrx_word' id='word_1_717' title='bbox 2457 4636 2782 4707; x_wconf 77' lang='grc' dir='ltr'>δομεστεκου</span> <span class='ocrx_word' id='word_1_718' title='bbox 2818 4630 3164 4702; x_wconf 78' lang='grc' dir='ltr'>προσηγορία</span> <span class='ocrx_word' id='word_1_719' title='bbox 3224 4628 3366 4679; x_wconf 85' lang='grc' dir='ltr'>κατὰ</span> <span class='ocrx_word' id='word_1_720' title='bbox 3405 4622 3668 4679; x_wconf 79' lang='grc' dir='ltr'>Λατίνους</span> <span class='ocrx_word' id='word_1_721' title='bbox 3723 4611 3803 4707; x_wconf 48' lang='lat' dir='ltr'><strong>fit?</strong></span> 
     </span>
    </p>
   </div>
   <div class='ocr_carea' id='block_1_106' title="bbox 2232 4705 3801 4802">
    <p class='ocr_par' dir='ltr' id='par_1_106' title="bbox 2232 4705 3801 4802">
     <span class='ocr_line' id='line_1_106' title="bbox 2232 4705 3801 4802; baseline -0.027 -3"><span class='ocrx_word' id='word_1_722' title='bbox 2232 4705 2560 4802; x_wconf 68' lang='grc' dir='ltr'><strong>ἐξάρχοντα,</strong></span> <span class='ocrx_word' id='word_1_723' title='bbox 2593 4728 2688 4781; x_wconf 72' lang='grc' dir='ltr'><strong>τὸν</strong></span> <span class='ocrx_word' id='word_1_724' title='bbox 2720 4724 3162 4797; x_wconf 81' lang='grc' dir='ltr'>προηγούμενον,</span> <span class='ocrx_word' id='word_1_725' title='bbox 3187 4721 3279 4775; x_wconf 89' lang='grc' dir='ltr'>τὸν</span> <span class='ocrx_word' id='word_1_726' title='bbox 3314 4718 3624 4782; x_wconf 78' lang='grc' dir='ltr'><strong>ἐπιστάτην</strong></span> <span class='ocrx_word' id='word_1_727' title='bbox 3644 4705 3801 4775; x_wconf 78' lang='grc' dir='ltr'>δηλοῖ.</span> 
     </span>
    </p>
   </div>
   <div class='ocr_carea' id='block_1_107' title="bbox 2230 4808 3798 4892">
    <p class='ocr_par' dir='ltr' id='par_1_107' title="bbox 2230 4808 3798 4892">
     <span class='ocr_line' id='line_1_107' title="bbox 2230 4808 3798 4892; baseline -0.022 -10"><span class='ocrx_word' id='word_1_728' title='bbox 2230 4828 2278 4879; x_wconf 83' lang='grc' dir='ltr'><strong>Α</strong></span> <span class='ocrx_word' id='word_1_729' title='bbox 2311 4841 2367 4879; x_wconf 83' lang='lat' dir='ltr'><strong>re.</strong></span> <span class='ocrx_word' id='word_1_730' title='bbox 2419 4825 2602 4892; x_wconf 86' lang='lat' dir='ltr'><strong>itaque</strong></span> <span class='ocrx_word' id='word_1_731' title='bbox 2657 4819 2914 4876; x_wconf 86' lang='lat' dir='ltr'><strong>familiari</strong></span> <span class='ocrx_word' id='word_1_732' title='bbox 2974 4817 3041 4872; x_wconf 87' lang='lat' dir='ltr'><strong>ad</strong></span> <span class='ocrx_word' id='word_1_733' title='bbox 3087 4814 3341 4869; x_wconf 83' lang='lat' dir='ltr'><strong>militiam</strong></span> <span class='ocrx_word' id='word_1_734' title='bbox 3405 4808 3662 4892; x_wconf 69' lang='lat' dir='ltr'><strong>translata</strong></span> <span class='ocrx_word' id='word_1_735' title='bbox 3706 4810 3798 4850; x_wconf 82' lang='lat' dir='ltr'><strong>vox</strong></span> 
     </span>
    </p>
   </div>
   <div class='ocr_carea' id='block_1_108' title="bbox 2234 4890 3803 4990">
    <p class='ocr_par' dir='ltr' id='par_1_108' title="bbox 2234 4890 3803 4990">
     <span class='ocr_line' id='line_1_108' title="bbox 2234 4890 3803 4990; baseline -0.019 -18"><span class='ocrx_word' id='word_1_736' title='bbox 2234 4919 2429 4973; x_wconf 89' lang='lat' dir='ltr'><strong>ducem</strong></span> <span class='ocrx_word' id='word_1_737' title='bbox 2468 4890 2747 4970; x_wconf 55' lang='lat' dir='ltr'><strong>enercitus</strong></span> <span class='ocrx_word' id='word_1_738' title='bbox 2769 4923 3111 4982; x_wconf 85' lang='lat' dir='ltr'><strong>supremum,</strong></span> <span class='ocrx_word' id='word_1_739' title='bbox 3167 4918 3222 4961; x_wconf 88' lang='lat' dir='ltr'><strong>et</strong></span> <span class='ocrx_word' id='word_1_740' title='bbox 3257 4914 3315 4959; x_wconf 85' lang='grc' dir='ltr'><strong>ιιι</strong></span> <span class='ocrx_word' id='word_1_741' title='bbox 3346 4902 3596 4971; x_wconf 92' lang='lat' dir='ltr'><strong>loquitur</strong></span> <span class='ocrx_word' id='word_1_742' title='bbox 3648 4890 3803 4990; x_wconf 50' lang='lat' dir='ltr'><strong>(lout:</strong></span> 
     </span>
    </p>
   </div>
   <div class='ocr_carea' id='block_1_109' title="bbox 2237 4981 3797 5073">
    <p class='ocr_par' dir='ltr' id='par_1_109' title="bbox 2237 4981 3797 5073">
     <span class='ocr_line' id='line_1_109' title="bbox 2237 4981 3797 5073; baseline -0.02 -9"><span class='ocrx_word' id='word_1_743' title='bbox 2237 5026 2375 5065; x_wconf 88' lang='lat' dir='ltr'><strong>uena</strong></span> <span class='ocrx_word' id='word_1_744' title='bbox 2396 5007 2689 5065; x_wconf 76' lang='lat' dir='ltr'><strong>Alexiados</strong></span> <span class='ocrx_word' id='word_1_745' title='bbox 2710 5022 2749 5071; x_wconf 84' lang='grc' dir='ltr'>ι,</span> <span class='ocrx_word' id='word_1_746' title='bbox 2778 5005 3084 5073; x_wconf 75' lang='grc' dir='ltr'>στρατηγὸν</span> <span class='ocrx_word' id='word_1_747' title='bbox 3102 4998 3505 5068; x_wconf 81' lang='grc' dir='ltr'>αὐτοκράτορα,</span> <span class='ocrx_word' id='word_1_748' title='bbox 3527 4992 3607 5046; x_wconf 88' lang='lat' dir='ltr'><strong>vel</strong></span> <span class='ocrx_word' id='word_1_749' title='bbox 3639 4996 3695 5042; x_wconf 91' lang='lat' dir='ltr'><strong>ut</strong></span> <span class='ocrx_word' id='word_1_750' title='bbox 3715 4981 3797 5073; x_wconf 76' lang='lat' dir='ltr'><strong>alii</strong></span> 
     </span>
    </p>
   </div>
   <div class='ocr_carea' id='block_1_110' title="bbox 2238 5072 3801 5175">
    <p class='ocr_par' dir='ltr' id='par_1_110' title="bbox 2238 5072 3801 5175">
     <span class='ocr_line' id='line_1_110' title="bbox 2238 5072 3801 5175; baseline -0.018 -16"><span class='ocrx_word' id='word_1_751' title='bbox 2238 5104 2552 5175; x_wconf 74' lang='lat' dir='ltr'><strong>praefectum</strong></span> <span class='ocrx_word' id='word_1_752' title='bbox 2591 5099 2873 5170; x_wconf 81' lang='lat' dir='ltr'><strong>praetorio,</strong></span> <span class='ocrx_word' id='word_1_753' title='bbox 2924 5095 3072 5165; x_wconf 90' lang='lat' dir='ltr'><strong>quod</strong></span> <span class='ocrx_word' id='word_1_754' title='bbox 3138 5094 3409 5147; x_wconf 89' lang='lat' dir='ltr'><strong>militares</strong></span> <span class='ocrx_word' id='word_1_755' title='bbox 3462 5084 3650 5154; x_wconf 83' lang='lat' dir='ltr'><strong>capias</strong></span> <span class='ocrx_word' id='word_1_756' title='bbox 3691 5072 3801 5175; x_wconf 59' lang='lat' dir='ltr'><strong>sub</strong></span> 
     </span>
    </p>
   </div>
   <div class='ocr_carea' id='block_1_111' title="bbox 2242 5169 3799 5268">
    <p class='ocr_par' dir='ltr' id='par_1_111' title="bbox 2242 5169 3799 5268">
     <span class='ocr_line' id='line_1_111' title="bbox 2242 5169 3799 5268; baseline -0.019 -16"><span class='ocrx_word' id='word_1_757' title='bbox 2242 5169 2573 5268; x_wconf 84' lang='lat' dir='ltr'><strong>imperatore</strong></span> <span class='ocrx_word' id='word_1_758' title='bbox 2595 5169 2837 5248; x_wconf 82' lang='lat' dir='ltr'><strong>duceret</strong></span> <span class='ocrx_word' id='word_1_759' title='bbox 2865 5185 3361 5252; x_wconf 88' lang='lat' dir='ltr'><strong>communiumque</strong></span> <span class='ocrx_word' id='word_1_760' title='bbox 3410 5191 3591 5235; x_wconf 91' lang='lat' dir='ltr'><strong>rerum</strong></span> <span class='ocrx_word' id='word_1_761' title='bbox 3641 5169 3799 5268; x_wconf 61' lang='lat' dir='ltr'><strong>advnt-</strong></span> 
     </span>
    </p>
   </div>
   <div class='ocr_carea' id='block_1_112' title="bbox 2242 5264 3797 5344">
    <p class='ocr_par' dir='ltr' id='par_1_112' title="bbox 2242 5264 3797 5344">
     <span class='ocr_line' id='line_1_112' title="bbox 2242 5264 3797 5344; baseline -0.022 0"><span class='ocrx_word' id='word_1_762' title='bbox 2242 5264 2626 5344; x_wconf 27' lang='lat' dir='ltr'><strong>nis’tralionem</strong></span> <span class='ocrx_word' id='word_1_763' title='bbox 2673 5285 2741 5337; x_wconf 87' lang='lat' dir='ltr'><strong>ab</strong></span> <span class='ocrx_word' id='word_1_764' title='bbox 2796 5297 2863 5335; x_wconf 91' lang='lat' dir='ltr'><strong>eo</strong></span> <span class='ocrx_word' id='word_1_765' title='bbox 2905 5280 3012 5335; x_wconf 77' lang='lat' dir='ltr'><strong>sibi</strong></span> <span class='ocrx_word' id='word_1_766' title='bbox 3090 5274 3532 5332; x_wconf 78' lang='lat' dir='ltr'><strong>commendatam</strong></span> <span class='ocrx_word' id='word_1_767' title='bbox 3580 5264 3797 5319; x_wconf 83' lang='lat' dir='ltr'><strong>teneret.</strong></span> 
     </span>
    </p>
   </div>
   <div class='ocr_carea' id='block_1_113' title="bbox 2243 5355 3794 5456">
    <p class='ocr_par' dir='ltr' id='par_1_113' title="bbox 2243 5355 3794 5456">
     <span class='ocr_line' id='line_1_113' title="bbox 2243 5355 3794 5456; baseline -0.012 -23"><span class='ocrx_word' id='word_1_768' title='bbox 2243 5378 2535 5451; x_wconf 73' lang='lat' dir='ltr'><strong>signilirat.</strong></span> <span class='ocrx_word' id='word_1_769' title='bbox 2563 5374 2760 5429; x_wconf 85' lang='lat' dir='ltr'><strong>Eadem</strong></span> <span class='ocrx_word' id='word_1_770' title='bbox 2789 5371 3035 5427; x_wconf 91' lang='lat' dir='ltr'><strong>occurrit</strong></span> <span class='ocrx_word' id='word_1_771' title='bbox 3056 5369 3294 5438; x_wconf 91' lang='lat' dir='ltr'><strong>primum</strong></span> <span class='ocrx_word' id='word_1_772' title='bbox 3327 5362 3467 5433; x_wconf 89' lang='lat' dir='ltr'><strong>apud</strong></span> <span class='ocrx_word' id='word_1_773' title='bbox 3510 5355 3794 5456; x_wconf 45' lang='grc' dir='ltr'><strong>(ὶιξάΐςηιξιξξ</strong></span> 
     </span>
    </p>
   </div>
   <div class='ocr_carea' id='block_1_114' title="bbox 2246 5448 3798 5542">
    <p class='ocr_par' dir='ltr' id='par_1_114' title="bbox 2246 5448 3798 5542">
     <span class='ocr_line' id='line_1_114' title="bbox 2246 5448 3798 5542; baseline -0.022 -17"><span class='ocrx_word' id='word_1_774' title='bbox 2246 5448 2662 5537; x_wconf 56' lang='lat' dir='ltr'><strong>itrTlieopltilo,</strong></span> <span class='ocrx_word' id='word_1_775' title='bbox 2719 5466 2822 5521; x_wconf 88' lang='lat' dir='ltr'><strong>sub</strong></span> <span class='ocrx_word' id='word_1_776' title='bbox 2870 5478 2980 5533; x_wconf 89' lang='lat' dir='ltr'><strong>quo</strong></span> <span class='ocrx_word' id='word_1_777' title='bbox 3036 5448 3798 5542; x_wconf 49' lang='lat' dir='ltr'><strong>MauuelRomanaslegionca</strong></span> 
     </span>
    </p>
   </div>
   <div class='ocr_carea' id='block_1_115' title="bbox 2245 5538 3797 5628">
    <p class='ocr_par' dir='ltr' id='par_1_115' title="bbox 2245 5538 3797 5628">
     <span class='ocr_line' id='line_1_115' title="bbox 2245 5538 3797 5628; baseline -0.023 -9"><span class='ocrx_word' id='word_1_778' title='bbox 2245 5564 2415 5624; x_wconf 86' lang='lat' dir='ltr'><strong>ducit,</strong></span> <span class='ocrx_word' id='word_1_779' title='bbox 2443 5559 2808 5628; x_wconf 79' lang='lat' dir='ltr'><strong>TltcOpholms</strong></span> <span class='ocrx_word' id='word_1_780' title='bbox 2843 5556 3121 5611; x_wconf 84' lang='lat' dir='ltr'><strong>Persicam</strong></span> <span class='ocrx_word' id='word_1_781' title='bbox 3149 5573 3163 5607; x_wconf 87' lang='lat'><strong>:</strong></span> <span class='ocrx_word' id='word_1_782' title='bbox 3192 5553 3304 5606; x_wconf 86' lang='lat' dir='ltr'><strong>ille</strong></span> <span class='ocrx_word' id='word_1_783' title='bbox 3327 5561 3454 5601; x_wconf 89' lang='lat' dir='ltr'><strong>vero</strong></span> <span class='ocrx_word' id='word_1_784' title='bbox 3488 5538 3797 5628; x_wconf 49' lang='lat' dir='ltr'><strong>domestic&quot;?</strong></span> 
     </span>
    </p>
   </div>
   <div class='ocr_carea' id='block_1_116' title="bbox 2249 5616 3798 5717">
    <p class='ocr_par' dir='ltr' id='par_1_116' title="bbox 2249 5616 3798 5717">
     <span class='ocr_line' id='line_1_116' title="bbox 2249 5616 3798 5717; baseline -0.021 -7"><span class='ocrx_word' id='word_1_785' title='bbox 2249 5674 2372 5712; x_wconf 78' lang='lat' dir='ltr'><strong>mox</strong></span> <span class='ocrx_word' id='word_1_786' title='bbox 2425 5639 2759 5709; x_wconf 75' lang='lat' dir='ltr'><strong>declaratur.</strong></span> <span class='ocrx_word' id='word_1_787' title='bbox 2796 5650 3023 5717; x_wconf 75' lang='lat' dir='ltr'><strong>Legitur</strong></span> <span class='ocrx_word' id='word_1_788' title='bbox 3082 5660 3304 5717; x_wconf 87' lang='lat' dir='ltr'><strong>quoque</strong></span> <span class='ocrx_word' id='word_1_789' title='bbox 3381 5638 3610 5709; x_wconf 88' lang='lat' dir='ltr'><strong>primum</strong></span> <span class='ocrx_word' id='word_1_790' title='bbox 3668 5616 3798 5717; x_wconf 72' lang='lat' dir='ltr'><strong>apud</strong></span> 
     </span>
    </p>
   </div>
   <div class='ocr_carea' id='block_1_117' title="bbox 2250 5710 3795 5813">
    <p class='ocr_par' dir='ltr' id='par_1_117' title="bbox 2250 5710 3795 5813">
     <span class='ocr_line' id='line_1_117' title="bbox 2250 5710 3795 5813; baseline -0.006 -14"><span class='ocrx_word' id='word_1_791' title='bbox 2250 5710 2639 5813; x_wconf 76' lang='lat' dir='ltr'><strong>TlteOpbancm</strong></span> <span class='ocrx_word' id='word_1_792' title='bbox 2682 5741 2735 5793; x_wconf 91' lang='lat' dir='ltr'><strong>in</strong></span> <span class='ocrx_word' id='word_1_793' title='bbox 2768 5710 3028 5793; x_wconf 36' lang='lat' dir='ltr'><strong>Mic&#39;bacle</strong></span> <span class='ocrx_word' id='word_1_794' title='bbox 3060 5710 3319 5788; x_wconf 44' lang='lat' dir='ltr'><strong>lianc-alie</strong></span> <span class='ocrx_word' id='word_1_795' title='bbox 3353 5728 3522 5799; x_wconf 78' lang='grc' dir='ltr'>μέγας</span> <span class='ocrx_word' id='word_1_796' title='bbox 3567 5710 3795 5813; x_wconf 24' lang='lat' dir='ltr'><strong>ﬁ???&quot;</strong></span> 
     </span>
    </p>
   </div>
   <div class='ocr_carea' id='block_1_118' title="bbox 2252 5809 3796 5902">
    <p class='ocr_par' dir='ltr' id='par_1_118' title="bbox 2252 5809 3796 5902">
     <span class='ocr_line' id='line_1_118' title="bbox 2252 5809 3796 5902; baseline -0.028 -8"><span class='ocrx_word' id='word_1_797' title='bbox 2252 5856 2352 5902; x_wconf 83' lang='grc' dir='ltr'><strong>κος</strong></span> <span class='ocrx_word' id='word_1_798' title='bbox 2395 5809 2709 5899; x_wconf 75' lang='lat' dir='ltr'><strong>&#39;i&#39;hcopltilo</strong></span> <span class='ocrx_word' id='word_1_799' title='bbox 2790 5830 3094 5894; x_wconf 87' lang='lat' dir='ltr'><strong>antiquior.</strong></span> <span class='ocrx_word' id='word_1_800' title='bbox 3137 5826 3194 5882; x_wconf 80' lang='lat' dir='ltr'><strong>lu</strong></span> <span class='ocrx_word' id='word_1_801' title='bbox 3254 5825 3409 5879; x_wconf 90' lang='lat' dir='ltr'><strong>lrenc</strong></span> <span class='ocrx_word' id='word_1_802' title='bbox 3439 5824 3491 5872; x_wconf 87' lang='lat' dir='ltr'><strong>ct</strong></span> <span class='ocrx_word' id='word_1_803' title='bbox 3552 5809 3796 5866; x_wconf 76' lang='lat' dir='ltr'><strong>Constan-</strong></span> 
     </span>
    </p>
   </div>
  </div>
