4064 6420
265 318 387 411 ιιι

1348 296 1739 398 Gnersen'i
1780 338 1875 397 ET
1918 338 2162 400 coam
2193 341 2441 402 NO't‘tE.

3443 338 3538 402 198

251 469 567 519 auctoritate
593 457 840 530 prmfecti
890 457 1151 512 erercitus
1189 471 1221 507 a
1276 452 1485 506 tribuno
1552 451 1838 529 deputatur
1868 479 1912 526 λ
1940 454 2195 521 peratorii
2221 456 2507 507 comitatus
2529 470 2619 508 seu
2651 454 2936 507 ministerii
2983 453 3265 523 princeps;
3300 450 3392 520 qui
3423 452 3543 506 vul-

252 561 321 613 ad
348 571 576 626 poenam.
613 553 779 606 Arma
818 552 1071 612 militum,
1105 557 1289 612 restes,
1322 547 1460 616 equi,
1522 561 1734 598 annona
1773 544 1842 596 ad

251 667 432 705 curam
467 649 583 714 ejus
630 645 916 707 pertinent.
981 641 1284 708 Disciplina:
1338 640 1432 707 jus
1481 647 1528 691 et
1587 639 1840 690 severitas

252 743 532 801 exercitus,
591 755 693 791 non
758 737 927 791 solum
986 734 1242 801 peditum,
1279 732 1370 783 sed
1405 732 1563 782 etiam
1608 730 1841 796 equitnm

258 836 686 905 legionariorum,
720 837 979 897 prwcepto
1033 826 1146 893 ejus
1204 822 1437 892 quotidie
1462 830 1701 874 curatur:
1734 820 1844 885 ipse

261 938 428 980 autem
462 933 637 978 custos
712 932 760 973 ct
802 919 1022 987 diligens
1068 930 1112 969 et
1140 915 1350 969 sobrius
1415 913 1669 983 legionem
1743 913 1843 964 sibi

258 1022 508 1077 creditam
547 1016 782 1071 assiduis
834 1012 1076 1079 oneribus
1138 1011 1207 1062 ad
1255 1024 1457 1061 onmem
1518 1008 1840 1059 devotionem

257 1115 509 1180 reformat
565 1118 610 1160 et
644 1104 982 1165 industriam,
1037 1102 1202 1155 sciens
1244 1100 1313 1151 ad
1343 1096 1584 1166 prtefecti
1629 1095 1840 1147 laudem

258 1206 610 1272 sul’jectorum
663 1196 962 1251 redundare
1024 1195 1286 1247 rirtutem.
1347 1188 1841 1258 Στρατοπεδάρχην

255 1311 389 1348 vero
420 1293 699 1346 tribunum
754 1302 878 1343 esse
908 1286 1151 1340 declarat
1186 1281 1552 1353 Theophanes
1576 1283 1629 1333 in
1662 1281 1846 1335 Jovia-

256 1406 354 1453 no,
396 1401 559 1457 quem
592 1383 842 1437 eumdem
875 1377 1178 1450 τριεοῦνον,
1210 1375 1405 1429 deinde
1438 1373 1843 1442 στρατοπεδάρ-

252 1500 385 1552 χην,
424 1495 543 1533 mox
578 1474 863 1547 χιλίαρχον
921 1471 1155 1541 appellat
1197 1468 1423 1524 .Ultinia
1460 1482 1677 1536 quoque
1710 1483 1842 1522 voce

255 1577 364 1629 hoc
392 1570 627 1625 oliieinm
651 1568 773 1634 ejus
796 1566 1030 1635 explicat
1058 1562 1358 1623 Cedrenus;
1391 1577 1553 1630 quem
1584 1561 1844 1615 domestic

251 1681 448 1720 corum
484 1662 795 1733 prmicctum
832 1655 1200 1717 Marcellinus,
1237 1654 1556 1707 eorumdem
1580 1652 1840 1721 primice-

250 1762 403 1813 rium
421 1755 610 1811 scribit
626 1753 991 1820 Hieronymus
1011 1749 1064 1801 in
1083 1747 1375 1801 Chronico.
1428 1747 1495 1798 Στ
1507 1748 1840 1816 ρατοπεδάρ-

1946 562 2012 616 go
2042 546 2204 601 aulici
2239 547 2527 601 ministerii
2561 562 2685 601 cum
2725 556 2986 616 potestate
3016 559 3257 609 curator,
3293 546 3339 599 te
3368 546 3545 613 grant!

1947 640 2186 693 maistre.
2205 639 2374 694 Favet
2393 641 2508 695 voci
2544 642 2667 695 data
2692 657 2719 695 ιι
2746 641 2988 711 Gregora
3016 640 3417 710 interpretatio,
3444 656 3542 702 vn,

1946 732 2013 785 8:
2043 734 2405 799 primicerium
2446 734 2590 786 enim
2647 735 2803 803 quasi
2846 735 3081 804 primum
3118 735 3331 803 κύριον.
3362 743 3415 787 et
3447 749 3545 800 ap—

1951 823 2060 877 tius
2091 826 2266 893 μέγαν
2300 825 2493 895 κύριον
2521 827 2705 881 vertit.
2757 829 2863 880 Καὶ
2913 828 3013 896 μὲν
3058 827 3120 896 δὴ
3161 826 3310 879 ἐστιν
3358 826 3394 880 ἆ
3436 826 3547 880 τῶν

1946 914 2207 968 τοιούτων
2230 918 2599 989 παραφθοράν
2621 914 2742 970 τινα
2764 917 2841 986 τῷ
2863 918 3065 987 μακρῷ
3087 917 3267 986 χρόνῳ
3299 916 3543 969 παθόντα

1946 1008 2204 1076 ἀμυδρῶς
2246 1027 2362 1071 πως
2400 1008 2931 1079 ὑπεμφαινουσιτὴν
2966 1009 3251 1078 ἀλήθειαν.
3282 1008 3388 1061 Τὸν
3436 1007 3547 1079 γάρ

1944 1117 2027 1151 τοι
2044 1102 2141 1167 τῆς
2161 1101 2428 1163 Βοιωτίας
2461 1104 2551 1155 καὶ
2577 1102 2685 1155 τῶν
2712 1101 2908 1170 Θηϐῶν
2932 1102 3200 1172 ἀρχηγὸν,
3226 1102 3346 1153 ἀντὶ
3368 1102 3548 1168 μεγὰ-

1945 1192 2038 1245 λου
2099 1193 2539 1272 πριμμικηρέου.
2586 1194 2822 1261 μεγάλον
2854 1192 3044 1261 κύριον
3069 1188 3542 1257 ὁνοξιάζουσινῦν,

1946 1288 2027 1346 εἰς
2057 1286 2213 1338 τοῦτο
2248 1285 2684 1355 παρενεχθέντες
2715 1286 2778 1337 ὲκ
2836 1285 2931 1338 τοῦ
2970 1285 3377 1354 παρενεχθῆναι
3441 1283 3547 1354 τὴν

1946 1381 2173 1449 πρώτην
2226 1378 2520 1447 συλλαϐήν.
2581 1378 2733 1444 Quod
2784 1393 2914 1431 vero
2991 1392 3088 1445 pra
3108 1377 3272 1430 mittit
3326 1375 3549 1431 Bmotize

1948 1475 2255 1545 principem
2287 1473 2398 1541 jam
2427 1488 2455 1524 a
2479 1472 2844 1526 Constantino
2871 1470 3167 1537 primicerii
3195 1484 3395 1522 nomen
3421 1469 3548 1522 ade~

1946 1565 2359 1637 ptum,'nullam
2396 1564 2539 1634 apud
2584 1580 2668 1618 me
2701 1564 2858 1617 [idem
2895 1571 3159 1637 meretur.
3197 1558 3397 1631 Gem]

2017 1659 2080 1713 P.
2113 1660 2146 1713 9
2191 1656 2417 1727 Magnus
2456 1658 2853 1718 contostaulus,
2880 1636 3065 1711 comes
3111 1653 3334 1719 stabuli,
3380 1652 3547 1706 Gallis

1945 1752 2305 1807 connestable.
2322 1749 2532 1805 Nomen
2556 1750 2850 1805 conﬂatum
2873 1765 2936 1802 ex
2973 1755 3153 1800 contos
3177 1762 3269 1800 seu
3288 1756 3441 1799 conto
3460 1760 3552 1797 co-

250 1868 363 1922 χην
384 1861 684 1903 castrorum
704 1858 887 1897 curam
905 1840 1137 1911 gessisse
1150 1840 1451 1922 ex‘nomine
1467 1840 1708 1892 scribqu
1732 1840 1845 1907 alii,

1963 1854 2162 1907 mes,cl
2188 1844 2389 1898 stoulos
2422 1841 3178 1902 stabulum.Cantacuzcnus,
3210 1837 3362 1900 Lit):
3390 1839 3551 1890 Com-

255 1943 465 2012 quibus
496 1937 784 2001 assentior;
846 1934 898 1987 id
926 1932 1072 1987 enim
1130 1910 1350 2000 quoque
1408 1930 1650 1984 muneris
1706 1945 1849 1999 prce-

250 2037 421 2091 stitil.
457 2032 849 2087 Auctoritatem
884 2036 936 2081 et
965 2026 1067 2079 alia
1092 2060 1106 2067 -
1132 2026 1196 2079 ad
1229 2032 1394 2091 caput
1426 2024 1683 2093 quintum
1721 2038 1849 2092 pro-

256 2136 461 2185 teram.
497 2124 867 2185 Enmathinm,
898 2119 1213 2190 utCyprum
1250 2128 1624 2186 recuperatam
1664 2129 1845 2171 tuere-

258 2216 891 2287 lur,stratopcdarcham
918 2213 986 2267 ab
1010 2213 1199 2265 Alexio
1230 2223 1471 2265 creatum
1503 2210 1672 2264 refert
1694 2212 1847 2261 Anna

259 2314 396 2376 tilia,
431 2311 465 2362 l.
499 2322 596 2362 vtit
628 2307 771 2361 εδεῖν
802 2302 1193 2372 ἔγνωἈλεξιος
1220 2303 1285 2353 τὰ
1314 2302 1455 2353 κατὰ
1489 2301 1590 2369 τὴν
1622 2298 1849 2370 Κύπρον

260 2399 685 2471 ἀσφαλίσασθαι,
748 2396 844 2448 καὶ
908 2394 1001 2446 τὸν
1066 2392 1371 2460 Φιλοκάλην
1430 2391 1709 2460 Εὐμάοιον
1751 2391 1849 2460 τὴν

262 2492 471 2555 ταύτης
502 2487 832 2555 ἀναθέμενος
869 2481 1113 2553 φρουρὰν
1145 2469 1629 2548 στρατοπεδάρχην
1677 2496 1846 2549 προε-

268 2583 564 2655 χειρίσατο,
622 2579 747 2640 ναῦς
778 2577 1080 2645 πολεμικὰς
1102 2574 1351 2635 δεδωκὼς
1383 2573 1534 2643 αὐτῷ
1563 2573 1658 2625 καὶ
1691 2573 1851 2625 ἱππὸ-

270 2679 461 2744 ςεις,ἐφ
491 2667 537 2740 ᾧ
564 2673 632 2724 τὰ
660 2670 801 2723 κατὰ
826 2670 924 2738 τὴν
978 2669 1200 2739 Κύπρον
1231 2667 1319 2719 δά
1349 2684 1409 2718 τε
1442 2667 1722 2735 Θαλάσσης
1756 2667 1851 2719 καὶ

281 2771 501 2838 insigne
533 2766 951 2836 ἀσφαλίζεςοαι.
1000 2762 1247 2832 Explicat
1279 2760 1579 2829 Logotheta
1619 2774 1851 2826 στρατο-

291 2859 547 2928 πεδάρχην
603 2872 731 2911 voce.
756 2856 986 2909 Turcica
1038 2852 1388 2921 jamGrzet-is
1426 2852 1559 2907 satis
1593 2850 1849 2903 lainiliari

287 2951 621 3021 πεὶάρπακιν
652 2967 666 3004 :
702 2949 1067 3003 Leunelavius
1132 2945 1426 3012 Peclarpax
1469 2945 1544 2996 ait
1595 2957 1718 2997 esse
1753 2942 1852 2994 Be-

278 3042 543 3112 gler—Beg,
585 3057 743 3110 quem
806 3039 1029 3109 exponit
1089 3048 1387 3107 pra'torem,
1446 3035 1748 3104 praesidem,
1798 3042 1851 3087 ct

275 3136 491 3190 tandem
536 3151 831 3205 supremum
876 3140 1175 3186 castrorum
1227 3129 1554 3198 principem;
1590 3127 1850 3193 additque

273 3245 460 3285 vocem
515 3229 754 3283 Grazcam
818 3223 1324 3296 στρατοπεδάρχην.
1413 3220 1667 3291 Magnum
1702 3221 1851 3277 hunc

270 3320 772 3390 stratopedarcham
882 3325 1120 3383 quatuor
1192 3313 1501 3368 minoribus
1567 3314 1853 3382 prteruisse

268 3413 462 3469 scribit
513 3408 799 3463 Meursius:
833 3415 888 3461 at
918 3421 1027 3459 non
1061 3420 1292 3470 magnus
1328 3418 1542 3470 semper
1574 3403 1664 3472 qui
1734 3403 1855 3457 aliis

270 3512 490 3576 praeest,
522 3503 614 3558 sed
641 3501 731 3570 qui
764 3500 944 3555 olﬁcio
993 3506 1216 3568 praestat
1242 3536 1255 3551 .
1296 3495 1499 3567 ϐοΑιι.]

336 3602 402 3657 Ρ.
465 3599 517 3653 9.
568 3596 792 3665 Magnus
841 3594 1191 3661 primicerius.
1235 3590 1310 3645 De
1364 3592 1690 3661 primiceriis
1744 3592 1854 3662 jam

268 3695 373 3764 egi,
398 3691 503 3755 1.ι,
541 3705 589 3743 c.
622 3688 678 3742 9.
717 3688 871 3756 181
906 3687 1041 3740 lllud
1078 3685 1165 3738 hic
1194 3685 1449 3742 observa.
1475 3684 1606 3737 olim
1637 3683 1861 3739 Bos-oriae

266 3786 665 3842 etThcbarum
723 3780 1020 3849 principem
1072 3778 1258 3844 magni
1310 3777 1601 3845 primicerii
1661 3793 1857 3830 nomen

267 3882 488 3943 tulisse,
526 3885 662 3931 teste
692 3874 927 3943 Gregora
953 3871 989 3925 l.
1019 3887 1118 3933 vn,
1163 3870 1257 3939 qui
1286 3871 1437 3923 addit
1490 3871 1639 3924 hunc
1685 3872 1858 3937 ipsum

264 3973 579 4043 principem
632 3967 865 4037 posteris
908 3964 1243 4031 [corporibus
1277 3980 1376 4030 pro
1424 3978 1614 4032 magno
1674 3963 1864 4030 primi-

263 4068 410 4120 cerio
446 4064 623 4133 μέγαν
671 4060 861 4127 κύριον
893 4055 1221 4125 appellatum
1256 4069 1398 4119 esse,
1467 4070 1498 4105 a
1549 4055 1721 4120 prima
1755 4054 1864 4121 syl-

269 4161 389 4211 laba
426 4154 703 4209 occasione
736 4161 967 4218 sumpta,
999 4164 1026 4199 a
1078 4148 1251 4215 prima
1329 4146 1590 4199 nimirum
1657 4145 1863 4220 syllaba

266 4249 528 4304 vocabuli
581 4245 777 4313 κηρίον
830 4240 1124 4309 amputatis
1182 4237 1493 4306 compendii
1553 4239 1750 4306 gratia,
1812 4250 1869 4294 ιιι

266 4343 470 4410 vulgus
499 4339 658 4403 solet,
695 4350 759 4389 ex
782 4334 1047 4387 vocabqu
1078 4332 1371 4400 printioet'ii
1404 4330 1618 4384 duabus
1670 4331 1871 4400 priori-

270 4439 377 4489 bus
408 4432 656 4503 syllabis.
687 4428 761 4481 Ex
792 4443 901 4497 quo
930 4428 1154 4495 colligas
1175 4425 1284 4493 jam
1317 4437 1427 4478 tum
1448 4443 1490 4501 jq
1521 4435 1575 4479 et
1601 4444 1630 4477 υ
1678 4428 1867 4479 eodem

1879 3185 1922 3240 C

1950 1940 2168 2009 periunt
2196 1937 2489 2007 principem
2523 1933 2832 1998 Saliaudite,
2854 1949 3006 2003 quem
3025 1930 3340 1984 Latinorum
3366 1931 3549 2000 lingua

1950 2040 2140 2085 conton
2167 2041 2355 2095 vocat;
2383 2029 2511 2097 quia
2549 2042 2611 2081 ea
2646 2034 2810 2080 tctate
2865 2025 3123 2091 princeps
3158 2023 3259 2077 iste
3300 2025 3549 2076 necdum

1950 2126 2199 2179 eratdux
2237 2122 2332 2177 sed
2369 2137 2578 2176 comes.
2630 2117 2888 2191 Synodus
2924 2115 3279 2171 Florentina:
3324 2115 3551 2169 Ἐκαθέ-

1952 2219 2109 2281 ζοντο
2138 2218 2196 2270 δὲ
2248 2214 2692 2284 καϐαλλάριοίτε
2742 2212 2837 2263 καὶ
2876 2212 3189 2280 μαρκέσιοι,
3242 2210 3425 2263 κόντοι
3456 2212 3553 2262 καὶ

1950 2310 2230 2373 δουκὰδες.
2264 2309 2361 2362 Est
2415 2308 2583 2381 etiam
2650 2304 3056 2360 recentioribus
3103 2303 3310 2357 Graecis
3363 2302 3554 2355 κοντόν

1953 2406 2118 2464 breve,
2156 2410 2389 2464 curtum,
2422 2398 2573 2463 knrz,
2603 2413 2863 2466 paruum;
2896 2394 3040 2450 unde
3065 2397 3369 2448 contacium
3408 2395 3551 2449 sacri

1952 2495 2125 2551 odarii
2156 2510 2349 2564 genus.
2400 2492 2687 2546 Cedrenus
2738 2490 2932 2544 scribit
2981 2489 3278 2557 quemdam
3316 2489 3557 2557 appella-

1952 2594 2068 2639 tum
2115 2600 2236 2639 esse
2275 2583 2650 2637 Κονταλὲοντα
2685 2593 2737 2635 et
2789 2580 2956 2633 alium
2998 2581 3452 2645 Κοντοστέφανον
3486 2578 3559 2631 ob

1952 2678 2306 2747 parvitatem,
2333 2674 2489 2744 quasi
2516 2689 2739 2742 parvum
2764 2671 2967 2725 leonem
3001 2680 3055 2725 et
3089 2688 3309 2738 parvum
3338 2670 3560 2740 Stepha-

1955 2788 2101 2826 num.
2138 2769 2230 2824 Est
2261 2769 2424 2822 etiam
2471 2767 2661 2827 κοντὰ,
2687 2766 2940 2834 πλησίον,
2971 2781 3149 2834 prope.
3181 2765 3428 2835 Emam
3463 2779 3559 2817 seu

1957 2862 2187 2923 σταῦὶος
2245 2877 2308 2912 ex
2340 2859 2537 2911 Latino
2563 2857 2829 2910 stabulum
2866 2857 3139 2909 detortum
3178 2872 3191 2908 :
3242 2870 3366 2908 nam
3394 2855 3564 2907 extri-

1956 2962 2009 3007 ta
2046 2955 2205 3007 unica
2247 2952 2488 3005 litterula
2518 2951 2544 3001 Ι)
2583 2950 2751 3003 habes
2775 2949 3035 3003 staulum.
3067 2946 3205 3000 Hinc
3231 2947 3397 3000 etiam
3429 2946 3564 2999 Ger-

1957 3044 2133 3098 manis
2161 3030 2237 3097 est
2262 3041 2425 3105 Slall,
2462 3041 2741 3109 Stallung,
2771 3040 3154 3103 einstallieren,
3191 3040 3338 3108 quod
3365 3024 3564 3093 barba-

1957 3138 2032 3190 ris
2069 3134 2375 3197 installure,
2410 3133 2631 3188 stallum
2662 3149 2756 3187 seu
2785 3134 3079 3188 stationem
3117 3134 3421 3202 assignare.
3449 3131 3562 3186 Nec

1961 3228 2177 3283 mireris
2210 3228 2254 3282 si
2289 3228 2481 3281 talium
2510 3226 2683 3296 origio
2714 3240 2743 3278 a
2794 3225 3064 3280 vocabulo
3108 3223 3379 3278 stabulum
3411 3240 3567 3293 repe-

1961 3332 2125 3387 tatur,
2162 3338 2288 3375 cum
2328 3321 2518 3375 eadem
2557 3336 2658 3373 vox
2704 3318 3051 3374 contostaulo
3080 3333 3277 3372 nomen
3339 3319 3561 3380 tribuat.

1957 3424 2011 3470 et
2041 3416 2261 3484 quidem
2317 3414 2713 3477 honoriﬁcum;
2751 3411 3023 3480 hodieque
3061 3410 3144 3464 die
3200 3408 3563 3473 stallmeister,

1961 3507 2206 3576 magistri
2242 3503 2463 3566 stabuli,
2515 3518 2710 3571 magno
2753 3501 2872 3555 loco
2914 3509 3041 3554 sunt
3078 3501 3131 3552 in
3177 3499 3322 3553 aulis
3355 3498 3566 3565 princi-

1960 3617 2112 3672 pum.
2148 3597 2421 3653 Scribitur
2470 3598 2635 3650 etiam
2687 3592 3043 3657 κονσταῦ).ος,
3092 3592 3184 3645 sed
3243 3591 3445 3646 reclius
3483 3603 3567 3647 est

1962 3694 2114 3764 prius
2145 3691 2296 3745 illud.
2350 3690 2637 3744 llabobant
2670 3703 2887 3757 quoque
2928 3696 3138 3740 veteres
3172 3684 3367 3739 Franci
3400 3686 3568 3738 comi-

1965 3795 2073 3840 tem
2109 3783 2309 3839 stabuli
2336 3794 2394 3836 ιιι
2419 3783 2587 3835 videri
2625 3792 2705 3835 est
2730 3784 2781 3833 in
2809 3781 2969 3848 epist.
2994 3780 3027 3833 5
3056 3778 3357 3843 llincmari,
3392 3794 3439 3829 c.
3471 3778 3565 3842 16;

1967 3892 2129 3947 quem
2151 3878 2345 3945 vulgus
2375 3884 2630 3940 corrupte
2650 3874 2956 3943 appellabat
2977 3873 3382 3934 constabulum,
3409 3880 3466 3924 ιιι
3487 3881 3573 3925 cst

1970 3970 2112 4039 apud
2144 3968 2480 4038 Reginonem
2515 3966 2556 4020 Ι.
2590 3981 2649 4029 ιι,
2674 3974 2727 4019 ct
2749 3965 2891 4035 apud
2918 3964 3141 4034 Tyrium
3169 3964 3365 4032 passim
3394 3963 3581 4029 legere.

1969 4074 2051 4117 est
2097 4062 2553 4116 constabularius.
2614 4058 2791 4112 Habes
2840 4068 2897 4111 et
2944 4056 3174 4125 simplex
3230 4056 3566 4107 stabularius

1971 4155 2113 4222 apud
2158 4167 2492 4221 anonymum
2530 4166 2648 4213 vui,
2681 4150 2735 4212 6,
2772 4148 2845 4202 De
2881 4148 3020 4201 bello
3054 4162 3212 4200 sacro
3246 4165 3259 4200 :
3296 4146 3572 4199 Conradus

1974 4245 2194 4300 Henrici
2229 4242 2327 4297 III
2360 4243 2712 4297 stabulm'ius.
2756 4240 2973 4294 GRETS.

2050 4340 2209 4410 132
2236 4338 2572 4410 [Habuerunt
2598 4336 2829 4390 Romani
2862 4336 3079 4387 comites
3116 4334 3311 4385 stabuli
3338 4334 3570 4401 impera-

1980 4438 2128 4500 torii,
2154 4442 2221 4489 de
2266 4433 2466 4503 quibus
2516 4432 2720 4485 Paulus
2782 4430 3050 4483 Diaconos
3084 4428 3119 4481 Ι.
3148 4444 3278 4492 xvn,
3304 4439 3351 4481 et
3383 4427 3419 4480 l.
3445 4442 3574 4480 nix

270 4545 432 4590 πιιιιο,
465 4527 644 4580 instar
693 4523 822 4585 iota,
861 4521 1069 4590 prolata
1122 4520 1308 4573 fuisse:
1340 4520 1544 4590 alioqui
1578 4520 1715 4579 duas
1745 4521 1857 4573 illas

1976 4545 2026 4583 c.
2066 4526 2341 4582 Theodos.
2375 4526 2450 4579 De
2512 4539 2730 4579 annona
2765 4533 2816 4577 et
2852 4523 3074 4577 tributis
3104 4520 3143 4574 1.
3174 4536 3249 4574 ιιι.
3279 4518 3450 4573 ϐιωεῐ
3486 4534 3579 4586 pa-

273 4623 504 4677 roculas
568 4620 761 4689 κήριος
792 4628 847 4669 et
903 4616 1092 4685 κύριος
1163 4615 1310 4683 vulgi
1360 4616 1700 4670 consuetudo
1758 4631 1865 4668 non

222 4698 225 4701 Δ
270 4712 641 4768 canittdissct.
672 4710 881 4763 CRETS.

343 4807 427 4880 [Si
469 4804 814 4876 primicerius
846 4818 909 4855 ex
942 4797 1108 4854 Suida
1142 4799 1359 4870 πρῶτος
1391 4799 1594 4863 τάξεως
1624 4799 1723 4869 τῆς
1773 4817 1869 4850 τυ-

272 4900 508 4968 χοὺςης,
538 4912 601 4948 ex
633 4893 879 4948 Heraclio
905 4894 957 4946 in
1000 4892 1210 4946 Novell.
1247 4908 1305 4944 ιι.
1339 4890 1484 4945 .luris
1509 4890 1629 4946 Gil.
1656 4893 1712 4943 ἒν
1738 4892 1868 4942 ἐκά-

272 5010 390 5061 στῳ
447 4993 693 5057 τάγματι
726 4989 962 5053 πρῶτος,
992 4996 1048 5038 ιιι
1080 4984 1223 5038 inter
1255 4994 1533 5049 cantores,
1568 4984 1635 5038 de
1668 4985 1871 5053 quibus

270 5084 553 5155 superiori
591 5095 734 5150 cap.,
762 5081 902 5132 inter
932 5080 1246 5137 advocatos.
1284 5078 1350 5131 de
1403 5080 1604 5147 quibus
1626 5077 1724 5132 Jus
1750 5080 1870 5133 Gil.

274 5179 483 5247 p.215,
508 5176 657 5245 prior
683 5185 765 5227 est
787 5173 1147 5241 primicerius,
1173 5188 1241 5225 an
1264 5175 1333 5225 ita
1362 5172 1449 5225 hic
1483 5188 1712 5241 magnus
1737 5166 1899 5226 inter

275 5274 463 5322 Varios
490 5266 702 5335 imperii
730 5265 1073 5333 primicerios
1099 5272 1155 5317 ut
1178 5263 1394 5316 cunctis
1415 5260 1685 5329 imperet?
1720 5262 1877 5315 Allir-

280 5373 420 5425 mat,
450 5371 507 5413 ut
534 5374 705 5429 nuper
727 5361 791 5412 de
829 5356 1300 5424 stratOpedareha,
1345 5354 1641 5409 Meursius.
1660 5356 1725 5407 At
1752 5370 1876 5407 cum

280 5454 352 5505 sit
377 5453 435 5505 in
484 5457 605 5504 aula
654 5450 1001 5519 primicerius
1024 5448 1456 5518 (πριμμικήριος
1490 5447 1637 5501 enim
1662 5447 1760 5517 τῆς
1786 5447 1850 5499 αὖ
1870 5474 1881 5486 ο

280 5545 385 5612 λῆς
415 5546 604 5615 legitur
626 5543 966 5613 frequentius
990 5542 1040 5595 in
1073 5542 1480 5609 sequentibus),
1507 5539 1628 5593 ideo
1655 5556 1877 5611 magnus

286 5638 402 5703 hic,
432 5640 552 5707 quia
593 5638 667 5690 illi
702 5636 1023 5703 ett-terisque
1058 5634 1371 5703 piteeminet
1394 5651 1407 5698 ;
1429 5643 1481 5688 et
1502 5619 1749 5688 caenosa
1775 5636 1888 5703 prio

285 5734 555 5794 micerius,
572 5733 738 5803 quod,
755 5739 814 5783 ιιι
834 5729 969 5782 infra
991 5728 1178 5783 scribit
1197 5743 1407 5794 auctor,
1428 5728 1497 5782 si:
1514 5730 1591 5789 si;
1614 5728 1675 5781 τὸ
1689 5728 1889 5797 concit—

286 5839 385 5876 τον
415 5826 616 5890 κεφαλὴ
640 5826 728 5890 τῆς
765 5819 1052 5890 βασιλικῆς
1084 5819 1412 5885 συντάξεως,
1434 5821 1482 5873 in
1524 5820 1757 5874 exercitu
1789 5822 1889 5873 int-

1974 4620 2106 4673 ritcr
2137 4619 2303 4673 etiam
2347 4618 2577 4670 vovihus
2609 4617 2838 4670 consoni
2878 4614 3175 4668 Badurium
3206 4610 3410 4666 Justini
3469 4604 3580 4663 ira;

1977 4722 2114 4766 trem
2166 4712 2388 4782 κόμητα
2443 4710 2553 4761 τῶν
2607 4708 2909 4779 βασιλικῶν
2966 4704 3237 4768 σταύλων,
3299 4705 3580 4772 aliumque

1977 4821 2313 4876 anonymum
2372 4804 2565 4859 eadem
2628 4802 2997 4876 appellatione
3050 4797 3373 4866 insignitum
3429 4797 3577 4865 apud

1977 4896 2366 4966 Theophanem
2401 4907 2455 4950 et
2491 4893 2729 4948 Leonem
2780 4874 3219 4946 Graiumaticum
3280 4890 3334 4941 in
3391 4887 3575 4941 Theo—

1981 4990 2129 5059 philo
2155 4990 2386 5072 iactant.
2421 4988 2501 5041 Ab
2546 4987 2611 5040 iis
2662 4986 2860 5043 vetusti
2912 4984 3108 5037 Franci
3153 4982 3429 5048 regiorum
3462 4990 3629 5072 sta-ﬂ.

1980 5086 2237 5138 buloruui
2300 5084 2531 5137 comites
2580 5078 2964 5142 connestables,
3018 5076 3186 5131 Grzcci
3244 5076 3583 5129 recentiores

1984 5190 2113 5229 suos
2150 5173 2544 5235 κονεσταύὶους
2599 5171 2997 5232 κονοσταύλους
3036 5169 3118 5223 vel
3152 5167 3579 5228 κοντοσταύλους

1985 5268 2295 5322 deducunt:
2354 5266 2456 5319 hos
2485 5275 2664 5319 tamen
2703 5267 2769 5318 ab
2808 5265 2946 5319 istis.
2982 5263 3114 5317 Rem
3147 5265 3336 5332 paucis
3372 5262 3583 5330 aperio.

1984 5359 2224 5413 Comites
2256 5357 2512 5435 npoterici
2544 5357 2769 5419 κὸντους
2803 5356 2894 5427 (ne
2918 5356 3163 5420 κοντούς,
3201 5358 3307 5409 hoc
3330 5366 3416 5408 est
3463 5342 3584 5408 bre‘

1987 5469 2094 5519 ves,
2120 5450 2348 5519 dixeris)
2385 5450 2679 5518 appellant,
2707 5460 2763 5503 ιιι
2795 5448 3016 5525 Nic-etas
3050 5450 3105 5501 iu
3139 5448 3452 5501 Andronico
3477 5448 3546 5499 LI
3569 5459 3593 5496 ι

1990 5544 2199 5599 Οὐκοῦν
2236 5545 2348 5603 τοῖς
2409 5544 2739 5610 στρατηγοῖς
2785 5538 3284 5611 ὀπτανόμενος,οὒς
3342 5536 3588 5597 κὸντους,

1992 5638 2121 5706 εἴπῃ
2138 5652 2217 5697 τις
2243 5634 2308 5686 ἂν
2331 5632 2537 5701 Λατίνῃ
2561 5632 2830 5699 διαλέκτῳ
2856 5635 3159 5703 χρώμενος.
3180 5625 3408 5684 Stabula
3424 5625 3591 5678 σταῦ-

1993 5731 2062 5784 λα
2091 5730 2172 5783 vel
2201 5726 2488 5788 σταύὶους.
2533 5724 2929 5795 Μοεριιοριιιιιε
2961 5741 2974 5776 :
3002 5768 3007 5775 .
3033 5721 3283 5782 ἱππῶνες
3322 5718 3593 5770 ἱπποστά-

2000 5839 2132 5885 σεις,
2159 5819 2398 5873 σταῦλοι.
2430 5815 2501 5869 lix
2527 5826 2761 5883 utroque
2787 5816 2934 5870 nullo
2962 5813 3178 5880 negotio
3197 5807 3593 5871 κοντοσταῢλος

3595 5045 3625 5093 Y-

3608 5772 3615 5789 ἃ
