4064 6444
512 341 616 407 299

1587 333 1671 395 1N
1704 329 2012 392 LIBRUM
2060 326 2157 386 oe
2190 304 2537 384 orr‘tcus
2580 318 2691 378 cr.

3644 305 3739 369 200

507 466 750 512 creatur.
781 451 855 505 Ex
886 452 1091 507 Gallico
1146 450 1481 505 coancstuble
1515 446 1813 509 deduxisti,
1842 443 2079 513 inquies.
2112 451 2155 505 Α
2189 436 2349 506 183
2386 449 2450 487 ac
2507 431 2724 509 tandem
2780 441 2905 481 eum
2946 426 3014 479 ab
3072 423 3401 492 imperatore
3459 421 3542 477 his
3584 422 3742 477 verbis

509 548 721 602 Dictum
758 546 897 598 volo.
942 543 1132 597 Franci
1166 558 1420 612 namque,
1447 540 1956 595 utChristianorum
1990 537 2082 588 bo-

513 638 733 699 nouati,
768 652 827 691 ea
863 652 967 704 qua
1005 634 1241 699 gaudent
1270 634 1324 687 in
1360 643 1575 686 exteras
1610 629 1859 697 regiones
1887 642 2084 680 excur-

511 730 663 781 rendi
692 726 929 786 licentia,
956 723 1297 792 frequentius
1328 738 1354 774 a
1389 721 1611 784 Graecis,
1647 719 1806 773 (idem
1837 719 1889 771 in
1922 718 2084 770 Sara—

510 832 674 869 cenos
708 814 1123 883 propugnaturi,
1172 812 1440 881 stipendia
1497 809 1948 878 promerebantur
2004 810 2086 876 (ut

514 907 767 959 tiuselius
794 907 883 959 ille
930 907 1021 973 qui
1089 903 1499 973 quadringentis
1538 901 1758 954 Francis
1801 899 1943 967 apud
1975 898 2085 952 Cu-

511 1000 809 1068 ropalatem
841 1006 897 1051 et
923 1000 1132 1050 Annam
1162 996 1497 1049 Comueuant
1531 994 1819 1062 adjunctus
1866 990 2086 1045 Graaco-

512 1105 629 1141 rum
682 1090 979 1142 exercitum
1010 1084 1290 1155 ducebat),
1321 1086 1624 1154 ducemque
1676 1099 1837 1139 suum
1872 1079 2085 1136 nonnisi

511 1180 867 1247 appellatione
905 1179 1046 1247 apud
1082 1192 1213 1232 suos
1259 1177 1488 1232 colenda
1527 1176 1731 1229 dictum
1776 1176 2086 1251 voluerunt.

511 1272 641 1338 Qua:
676 1285 802 1324 vero
839 1270 1038 1322 stabuli
1069 1270 1279 1329 comite,
1314 1268 1473 1336 vulgo
1513 1265 1928 1319 constabnlnrio.
1988 1264 2087 1316 ho-

512 1363 751 1416 noratior
774 1375 895 1413 esse
931 1361 1103 1428 potuit
1132 1369 1225 1412 aut
1255 1359 1356 1412 sibi
1411 1358 1714 1415 derentior,
1744 1356 1839 1408 τοῦ
1875 1370 2089 1407 tonuer-

514 1453 687 1506 tablc?
728 1452 806 1504 En
844 1460 903 1503 ut
935 1451 1000 1503 ad
1034 1451 1173 1504 hanc
1198 1465 1384 1503 vocem
1422 1449 1570 1501 velut
1602 1447 1654 1500 in
1688 1448 1886 1499 fontem
1917 1444 2087 1498 Graeci

516 1546 753 1599 referant
786 1558 918 1597 suos
951 1541 1407 1604 κοντοσταύλους,
1467 1542 1606 1594 inter
1644 1556 1783 1606 quos
1820 1538 2089 1607 Gregoras

512 1647 567 1687 et
609 1634 1005 1705 Chalcondylcs
1028 1632 1420 1695 κονοσταύλους
1464 1633 1840 1700 pronuntiant.
1890 1630 2090 1683 Dietio-

434 1712 437 1713 ν
516 1742 639 1779 nem
682 1737 858 1778 tamen
902 1725 1041 1794 apud
1078 1736 1330 1778 auctores
1378 1724 1566 1779 Alexio
1604 1721 1885 1776 Conmeno
1924 1735 2087 1788 supe-

2187 527 2527 581 institutum:
2559 522 2634 575 Tu
2666 535 2885 590 magnus
2905 517 3170 585 lognthcta
3190 524 3335 578 esto;
3363 529 3481 581 qum
3501 514 3598 568 sibi
3618 513 3742 568 dicta

2186 623 2459 676 Phranzes
2508 616 2728 677 asserit,
2792 614 3047 682 quamvis
3086 609 3226 667 clam
3279 610 3353 661 ita
3412 617 3623 660 creatus
3657 622 3743 673 pro

2186 728 2338 767 more
2367 710 2525 764 officii
2558 709 2944 775 imperatorem
2979 701 3227 756 venerari
3279 714 3344 753 ac
3377 698 3587 768 publice
3625 699 3743 773 ado-

2188 818 2309 857 rare
2343 803 2545 854 vetitus
2572 797 2759 852 fuerit.
2789 796 3062 850 Caeterum
3095 807 3164 846 an
3196 790 3285 845 hic
3321 792 3494 859 μέγας
3549 788 3745 856 1070M-

2185 913 2285 963 της
2321 894 2463 947 idem
2488 894 2556 947 sit
2578 891 2670 961 qui
2703 888 2810 941 τῶν
2873 885 3153 955 σεκρέτων
3181 893 3234 937 et
3268 881 3583 949 amplissimi
3608 895 3749 945 seua-j

2189 998 2275 1040 tus
2305 992 2489 1052 caput,
2547 980 2678 1033 mihi
2725 993 2862 1047 pene
2913 975 3237 1030 induhium:
3281 972 3371 1027 ubi
3424 972 3568 1027 enim
3603 972 3745 1039 hujus

2190 1078 2415 1140 mentio,
2454 1076 2519 1128 de
2553 1073 2644 1126 illo
2670 1073 2839 1125 altum
2873 1070 2930 1123 fit
2960 1068 3264 1131 silentium,
3295 1080 3359 1118 ac
3390 1080 3511 1118 cum
3538 1078 3745 1130 magnus

2190 1168 2279 1221 ille
2310 1175 2587 1237 personat,
2615 1164 2752 1216 alius
2784 1169 2996 1215 secrete
3027 1158 3240 1212 latitat:
3267 1172 3335 1209 an
3365 1171 3468 1209 non
3502 1156 3616 1208 ideo
3634 1153 3745 1221 quia

2190 1256 2522 1308 hiuomiuetn
2556 1253 2787 1307 diversis
2823 1248 3161 1317 tetnpOribus
3206 1262 3264 1301 se
3296 1246 3417 1299 fecit
3457 1246 3566 1297 Inec
3592 1244 3746 1311 digni-

2192 1346 2315 1401 tas?
2352 1346 2511 1399 Cette
2546 1344 2863 1411 scrupulum
2896 1357 3113 1395 omnem
3148 1356 3178 1394 a
3218 1340 3438 1393 terenda
3488 1338 3746 1391 sententia:

2192 1435 2502 1503 hujusmodi
2535 1435 2727 1489 semita
2763 1432 2975 1488 Nicetas
3007 1442 3221 1486 amovet
3262 1432 3313 1484 in
3347 1431 3601 1483 librorum
3636 1427 3748 1479 titu-

2192 1528 2245 1581 lo
2276 1544 2386 1596 quo
2410 1544 2468 1583 se
2497 1527 2788 1597 λογοοέτην
2822 1527 2929 1579 τῶν
2956 1526 3227 1593 σεκρέτων
3254 1526 3347 1577 καὶ
3391 1526 3481 1603 girl
3503 1522 3605 1574 τῶν
3646 1521 3749 1589 κρί-

2193 1638 2351 1685 σεων,
2370 1621 2561 1675 secreti
2580 1620 2907 1688 logothetam
2930 1627 2984 1672 et
3011 1619 3209 1687 judicis
3242 1618 3611 1687 praepositum,
3631 1625 3677 1667 et
3702 1614 3748 1665 iu

2194 1712 2532 1782 Murzupltlo,
2550 1713 2643 1764 ἐπὶ
2661 1711 2755 1764 τοῦ
2787 1711 2959 1781 ἄκρου
2985 1710 3181 1779 στῆσαι
3212 1710 3312 1778 τῆς
3345 1708 3639 1776 συγκλήτου
3663 1704 3749 1774 βα-

518 1833 713 1881 riores,
744 1832 845 1871 nec
896 1816 1213 1886 dignitatem
1243 1831 1307 1870 eo
1338 1818 1575 1885 priorem
1636 1814 1906 1882 reperias:
1938 1821 1993 1865 at
2024 1811 2090 1865 de

2201 1805 2358 1874 τῆρος
2392 1806 2486 1857 καὶ
2518 1807 2575 1855 ἐν
2606 1805 2717 1864 τοῖς
2758 1804 3036 1872 σεκρὲτοις
3070 1801 3448 1869 λογοθετῆσαι,
3475 1802 3530 1854 iu
3557 1814 3749 1853 summo

517 1911 719 1963 comite
747 1907 944 1962 stabuli
984 1908 1064 1961 vel
1091 1906 1437 1961 contostaulo
1458 1921 1557 1961 ceu
1591 1907 1927 1960 Francorum
1956 1904 2094 1956 «luce

517 1984 747 2052 testatur
780 2007 989 2061 auctor,
1019 2012 1067 2050 c.
1102 1997 1156 2049 5.
1191 1993 1341 2048 Gott!
1370 1993 1390 2067 ]

590 2090 650 2144 Ρ.
695 2091 748 2144 9.
787 2088 1014 2159 Magnus
1044 2090 1326 2157 logotheta.
1358 2087 1497 2151 Quid
1532 2088 1602 2143 sit
1650 2087 1944 2157 logotheta,
1979 2086 2092 2155 jatu

519 2183 555 2236 Ι.
581 2198 618 2243 ι,
652 2198 699 2236 c.
737 2181 790 2241 6,
826 2174 1237 2249 explicavimus.
1300 2179 1360 2233 Et
1400 2181 1649 2250 quamvis
1687 2180 1898 2232 Nectas
1949 2178 2093 2232 dicat

516 2289 640 2329 esse
672 2290 794 2327 eum
856 2275 947 2342 qui
1013 2271 1223 2327 Latinis
1251 2273 1321 2326 sit
1366 2272 1750 2333 cancellarius,
1808 2280 1987 2324 tamen
2041 2272 2093 2323 id

520 2364 719 2433 ubique
742 2364 921 2417 locum
949 2364 1143 2415 habere
1166 2378 1272 2416 non
1301 2371 1497 2432 potest.
1520 2363 1660 2428 Quis
1679 2361 1823 2415 enim
1853 2361 2096 2427 togethe-

521 2466 631 2510 tam
661 2454 873 2521 ἁγελῶν
894 2454 1160 2521 pecuaria:
1210 2468 1307 2507 seu
1362 2468 1574 2522 gregum
1619 2460 1777 2505 vocet
1822 2452 2097 2504 cancella-

524 2547 689 2608 rium,
721 2553 779 2597 ut
811 2553 861 2597 et
898 2544 1224 2612 logothetam
1253 2541 1348 2594 τοῦ
1374 2542 1603 2612 δρόμου,
1629 2543 1864 2595 cursus?
1893 2540 2097 2598 Gens.

594 2634 759 2707 Ubid.
792 2634 1101 2701 Λογοθέτην
1136 2647 1177 2685 ιιν
1200 2633 1400 2704 Cyrillo
1439 2643 1488 2688 et
1527 2648 1557 2686 a
1595 2633 1986 2704 Chrysostomo
2027 2636 2101 2689 De

524 2726 717 2796 ptenit.
750 2741 811 2778 ac
843 2725 1079 2794 primum
1110 2738 1139 2777 a
1186 2724 1438 2777 Cedreno
1467 2726 1516 2776 iu
1549 2724 1839 2778 Anastasio
1899 2738 2103 2778 memo-

524 2827 724 2881 ratum,
764 2831 954 2869 verum
1004 2816 1057 2869 iu
1092 2815 1201 2869 alio
1230 2830 1389 2882 quam
1443 2815 1534 2885 qui
1584 2825 1948 2884 pertractatur
1973 2832 2100 2870 sen-

523 2924 588 2963 su
620 2906 862 2976 reperio;
894 2920 1137 2975 praesens
1175 2906 1321 2959 enim
1364 2916 1446 2960 est
1478 2922 1584 2959 non
1633 2907 1725 2975 qui
1755 2906 1957 2971 aerarii,
2005 2906 2100 2962 sed

510 3000 615 3067 qui
653 2997 854 3067 publici
882 2995 1162 3065 regitninis
1188 2997 1419 3050 ratione:
1466 2997 1631 3065 ponit.
1688 2996 1910 3068 Magnus
1942 3014 2099 3052 nam-

522 3106 628 3160 que
661 3088 933 3159 logotheta
962 3103 1088 3143 cum
1124 3088 1457 3158 imperatore
1495 3091 1804 3146 communis
1846 3092 1972 3146 boni
2015 3109 2102 3147 ra-

521 3189 723 3240 tionem
757 3184 940 3249 habet,
976 3198 1063 3238 res
1108 3184 1253 3238 unde
1285 3184 1597 3253 reipublicae
1656 3186 2003 3240 commodum
2046 3196 2101 3241 et

522 3277 683 3331 siu'iul
713 3274 977 3345 principis
1008 3274 1302 3329 thesaurus
1361 3277 1605 3344 augescit
1634 3276 2005 3340 administrat,
2046 3288 2101 3334 et

522 3369 757 3432 denique
789 3365 1001 3420 cunctis
1037 3365 1303 3433 providet.
1344 3363 1417 3418 De
1450 3366 1541 3419 illo
1570 3365 1862 3437 Gregoras,
1905 3369 1995 3421 ubi
2033 3370 2102 3423 de

528 3458 831 3520 Muzalone,
865 3470 941 3517 Vl,
977 3455 1013 3508 2
1044 3472 1057 3509 :
1103 3449 1216 3507 Ἦν
1244 3455 1274 3508 ὁ
1298 3456 1601 3520 Μουζαλὼν
1636 3456 1970 3527 (λογοοέτης)
2022 3458 2099 3530 τῷ

526 3547 737 3617 βασιλεῖ
766 3543 1263 3613 παραδυναστεύων
1279 3545 1423 3607 τότε,
1489 3544 1586 3597 καὶ
1616 3547 1727 3607 τοῖς
1790 3545 2097 3614 βασιλικοῖς

525 3639 622 3689 καὶ
652 3636 939 3706 δημοσίοις
974 3635 1277 3703 μεσιτεύων
1320 3633 1634 3702 πράγμασι,
1682 3638 1776 3690 καὶ
1816 3638 1967 3706 παρὰ
2006 3634 2097 3688 τοῦ

527 3729 795 3800 βασιλέως
830 3729 1095 3797 μεγίστην
1130 3728 1513 3797 καρπούμενος
1571 3727 1668 3797 τὴν
1699 3726 1830 3779 αἰδῶ
1890 3728 1979 3782 διά
2038 3745 2098 3781 τε

527 3820 721 3887 σοφίαν
759 3819 856 3872 καὶ
881 3822 1058 3890 γῆρας
1112 3822 1331 3890 μακρὰν
1361 3822 1455 3872 καὶ
1506 3818 1761 3889 ποικίλην
1804 3821 2099 3890 ἐμπειρίαν

528 3914 874 3981 πραγμάτων
910 3911 1051 3980 μετὰ
1101 3913 1417 3982 φρονήσεως
1454 3912 1611 3981 ἔχων.
1649 3910 1864 3966 Nicetas
1898 3912 1988 3967 ubi
2034 3915 2099 3968 de

527 4005 1028 4075 llagiotlteodorite,
1066 4004 1118 4057 iu
1150 4003 1418 4065 Manuele,
1463 4003 1504 4057 1.
1543 4021 1555 4057 ι
1608 4021 1621 4057 :
1682 4003 1997 4057 Μελεδωνὸν
2042 4004 2100 4057 δὲ

529 4097 829 4168 μεσεύοντα
853 4097 947 4148 καὶ
975 4096 1081 4147 τῶν
1112 4096 1332 4148 οἰκείων
1354 4094 1752 4165 ὑποδρηστῆρα
1796 4094 2099 4163 διαταγμά-

525 4205 635 4241 των
659 4188 749 4240 τὸν
787 4188 1279 4257 ’Λγιουεωδορίτην
1312 4186 1531 4255 τίθησιν
1571 4185 1849 4254 Ἰωάννην.
1880 4187 1991 4240 Καὶ
2032 4181 2100 4257 ἦν

525 4280 605 4348 τῷ
633 4278 908 4349 προσώπῳ
943 4278 1038 4331 τοῦ
1072 4280 1335 4346 βασιλέως
1367 4280 1455 4331 ἀεὶ
1480 4278 1867 4347 ὀπτανόμενος,
1904 4278 1999 4330 καὶ
2032 4279 2101 4331 τὰ

520 4370 719 4422 *ιούτου
760 4370 1072 4438 ἐντάλματα
1117 4371 1217 4422 ὅσα
1242 4372 1338 4424 καὶ
1382 4372 1653 4439 ἐμφάσεις
1678 4371 1743 4423 ὲκ
1793 4370 2100 4439 κρείττονος

2198 1907 2422 1952 senatus
2445 1897 2582 1951 solio
2616 1896 2925 1951 consedisse
2954 1902 3008 1949 et
3065 1894 3120 1948 in
3172 1895 3399 1949 secretis
3447 1891 3750 1960 iudiciorum

2199 1992 2461 2044 rationem
2488 2005 2796 2058 supremam
2826 1988 3081 2042 habuisse
3115 1988 3347 2041 afﬁrmat
3377 2004 3392 2041 :
3432 1996 3482 2038 at
3518 1985 3639 2051 quid
3663 1986 3751 2036 huc

2197 2081 2340 2135 aliud
2384 2097 2547 2150 quant
2598 2096 2852 2149 magnum
2892 2080 3219 2147 logothetam
3258 2078 3467 2147 egisse?
3504 2075 3751 2144 Logothe-

2199 2184 2306 2226 tam
2345 2173 2568 2241 insuper
2602 2184 2654 2226 et
2685 2174 2834 2227 urbis
2886 2170 3196 2241 pra-feettttu
3240 2170 3392 2239 jubet
3435 2165 3750 2227 Anastasius,

2199 2260 2469 2319 referente
2513 2265 2760 2320 Cedreno
2804 2265 2856 2317 in
2881 2266 2998 2334 ejus
3042 2265 3172 2326 vita,
3197 2277 3501 2318 conscenso
3547 2260 3754 2312 amboue

2200 2346 2593 2425 Accpltalorutu
2626 2356 2872 2409 haeresim
2925 2356 3264 2425 proclamare
3292 2372 3309 2407 :
3348 2354 3472 2423 quid
3498 2354 3597 2406 hoc
3623 2349 3750 2403 aliud

2200 2464 2362 2516 quam
2382 2460 2601 2505 senatus
2626 2450 2908 2520 praesidem
2936 2448 3221 2516 populique
3244 2451 3414 2503 rebus
3434 2443 3751 2514 praepositqu

2201 2541 2374 2596 eidem
2416 2543 2650 2597 voluisse
2680 2541 2862 2596 favere
2893 2551 2945 2594 et
2969 2541 3294 2593 auctoritate
3346 2540 3554 2608 publica
3579 2537 3755 2588 contir-

2203 2632 2393 2686 tnare?
2425 2633 2753 2703 logothctam
2790 2633 2982 2687 secreti
3013 2632 3184 2684 Anna:
3236 2631 3528 2685 Comm-nte
3550 2628 3582 2680 ι.
3612 2642 3679 2687 ιιι,
3708 2633 3753 2675 et

2203 2727 2343 2792 apud
2391 2722 2636 2777 Nieetam
2679 2724 2863 2777 statim
2916 2722 3017 2777 sub
3066 2722 3312 2776 historia:
3365 2719 3580 2796 limine,
3620 2713 3749 2767 etin

2204 2815 2393 2870 lsaacii
2436 2814 2622 2884 Angeli
2652 2813 2686 2868 l.
2721 2830 2782 2867 tu
2823 2814 2962 2881 lego,
2999 2828 3250 2880 maguum
3281 2812 3600 2879 logothctam
3626 2801 3751 2871 apud

2201 2911 2562 2981 Nicephorum
2585 2910 2880 2979 Gregoram
2914 2916 2967 2963 et
2990 2924 3053 2962 eo
3078 2909 3429 2976 posteriores,
3451 2906 3749 2975 logotlietani

2208 3004 2353 3059 nude
2402 3012 2679 3073 sumptum
2721 3002 2805 3055 vel
2838 3000 2930 3054 τοῦ
2964 3000 3180 3067 γενικοῦ
3207 3000 3396 3053 addito
3423 2999 3557 3068 apud
3586 3006 3753 3048 omnes

2206 3095 2392 3150 Niceta
2422 3094 2690 3161 scriptore
2716 3091 3051 3160 superim'es.
3086 3088 3289 3161 ϐολὴ]
3744 3116 3747 3119 ‹

2277 3186 2339 3240 P.
2365 3185 2418 3240 9.
2471 3181 2894 3237 Protosehastus
2944 3184 3363 3248 primaugustus,
3431 3186 3489 3231 ut
3546 3171 3754 3228 Wolfius

2201 3290 2414 3333 vertere
2444 3276 2680 3331 amabat.
2716 3275 2958 3342 Rogerus
2980 3276 3032 3327 in
3088 3272 3397 3327 Annalibus
3428 3266 3752 3340 Anglicauis:

2205 3366 2306 3431 Qui
2336 3368 2621 3419 vocabatur
2662 3363 2841 3418 Crwce
2893 3362 3326 3429 protosebustos;
3389 3362 3573 3417 Latine
3604 3370 3753 3410 comes

2201 3459 2490 3526 palatium.
2523 3454 2896 3510 Protoscbasti
2921 3454 3160 3523 dignitas
3181 3455 3386 3509 dit-itur
3435 3453 3522 3507 hic
3584 3448 3755 3502 ordine

2201 3548 2413 3603 decima
2451 3548 2645 3611 tertia;
2679 3555 2735 3600 et
2771 3546 2841 3599 ita
2866 3546 3023 3600 estin
3088 3554 3275 3600 nostro
3332 3544 3544 3599 indice:
3601 3540 3648 3591 in
3674 3549 3755 3585 ca-

2203 3641 2383 3709 talogo
2432 3637 2578 3693 Juris
2622 3637 2938 3691 Grzecorutn
2989 3637 3025 3689 l.
3083 3652 3141 3700 tt,
3188 3637 3468 3691 decimqu
3519 3637 3753 3703 qual‘lm"

2204 3733 2384 3787 locum
2414 3731 2647 3784 obtinet.
2675 3730 2731 3783 lu
2768 3739 2958 3782 nostro
2984 3744 3215 3798 magnus
3246 3727 3579 3783 domesticus
3608 3733 3756 3790 quat“-

2203 3834 2287 3880 tus
2308 3838 2415 3889 ρει,
2459 3824 2512 3877 in
2550 3824 2640 3876 illo
2685 3823 2970 3891 septimus.
3010 3820 3215 3875 Gners.

2267 3917 2365 3989 [Ὀ
2393 3914 2911 3984 πρωτσσέϐαστος.
2937 3913 3243 3966 lnauditunt
3269 3925 3397 3969 ante
3417 3908 3584 3965 Alexii
3612 3906 3755 3959 Com-

2201 4007 2347 4063 muni
2393 4017 2604 4075 tempus
2657 4018 2889 4067 nomen;
2917 4019 2981 4057 ac
3008 4006 3097 4057 ubi
3143 4021 3267 4057 eum
3315 4006 3757 4060 sebastocratoros

2203 4108 2258 4152 et
2289 4094 2784 4166 panhypersebasti
2817 4106 3190 4147 con-mentum
3218 4098 3377 4149 Anna
3434 4092 3537 4147 filia
3592 4088 3759 4141 narrat

2204 4190 2242 4243 1.
2268 4205 2347 4253 ιιι,
2381 4189 2452 4243 ibi
2488 4202 2747 4257 generum
2774 4185 3089 4240 Taruuitetu
3128 4186 3483 4254 protosehasti
3512 4193 3565 4237 et
3599 4184 3760 4247 proto-

2204 4282 2375 4337 vestia
2391 4281 2455 4334 rii
2481 4279 2744 4348 dignitate
2765 4287 3008 4340 auctum,
3060 4278 3365 4334 Adrianum
3399 4291 3525 4332 vero
3553 4274 3756 4326 fratrem

2204 4370 2643 4440 protosebastum
2680 4369 3047 4422 clarissimum
3111 4379 3400 4433 vocatum,
3458 4366 3664 4421 refert:
3706 4354 3758 4404 Ὃ

533 4460 727 4530 μοίρας
761 4459 1075 4529 δεχόμενος.
1105 4458 1463 4528 Curopalates
1490 4461 1541 4513 in
1586 4460 1846 4515 Michaele
1874 4459 2092 4529 Parapi-

2218 4461 2497 4530 Ἀδριανὸς
2526 4464 2553 4512 ὀ
2571 4459 2802 4527 ἁδελφὸς
2831 4461 2922 4513 τοῦ
2968 4461 3304 4529 κρατοῦντος
3328 4453 3758 4532 πρωτοσέὸαστος

529 4553 724 4611 nario:
757 4551 851 4611 El;
874 4551 975 4619 τὴν
1004 4549 1113 4601 τῶν
1138 4551 1334 4603 κοινῶν
1365 4550 1634 4618 διοίκησιν
1684 4551 2105 4620 καταστησάμε-

530 4658 640 4703 νος,
673 4640 968 4710 λογοθὲτην
1000 4640 1163 4693 αὑτὸν
1197 4641 1622 4711 προϐαλόμενος.
1661 4641 1711 4696 Is
1746 4659 1851 4697 non
1883 4643 2108 4698 absimi-

532 4734 601 4786 lis
633 4746 848 4787 summo
878 4730 1008 4800 regii
1048 4730 1363 4801 publicique
1401 4732 1541 4800 juris
1586 4734 1909 4790 administro
1947 4751 2104 4804 quem

529 4838 845 4893 Supremum
871 4824 1257 4877 cancellarium
1310 4823 1497 4879 Gra'eo
1550 4823 1736 4881 Niceta
1771 4836 1906 4881 teste.
1943 4842 2108 4879 voca-

533 4931 684 4970 mus:
728 4913 788 4968 'O
818 4915 917 4985 μὲν
954 4915 1045 4968 τὸν
1102 4916 1325 4979 οἰκεῖον,
1372 4918 1504 4989 ὼςή
1557 4918 1805 4972 Λατίνων
1854 4918 2109 4989 βούλεται

534 5006 709 5077 φωνὴ,
740 5006 1161 5077 καγκελλάριον.
1197 5007 1274 5062 Ita
1332 5009 1519 5063 scribit
1544 5009 1791 5078 ejusdem
1843 5009 2109 5065 Mauuelis

536 5098 575 5151 ι.
610 5113 707 5160 vn,
737 5097 811 5158 ὼς
844 5098 888 5151 δ’
912 5098 1172 5169 Ἕλληνες
1199 5102 1410 5153 εῐποιεν
1438 5099 1730 5172 λογοθέτην
1760 5096 1848 5172 (ἦν
1868 5101 1923 5153 δὲ
1953 5094 2107 5163 οὗτος

531 5191 559 5242 ὀ
589 5189 906 5257 Μαγέντζης
932 5193 1251 5260 ἐπίσκοπος)
1282 5194 1548 5264 ἔπεμψεν.
1574 5193 1684 5249 Fax
1714 5196 1845 5259 alia,
1872 5210 1975 5265 qua
2004 5211 2104 5251 vox

533 5279 853 5343 illustretur,
896 5281 1026 5334 mihi
1089 5283 1361 5361 superflua
1397 5298 1499 5342 est.
1535 5286 1919 5340 Animadverte
1951 5288 2111 5341 modo

530 5372 865 5442 logothetam
901 5374 1048 5442 prius
1079 5373 1245 5431 fuisse
1283 5381 1374 5446 qui
1406 5380 1608 5447 publici
1660 5380 1838 5433 aerarii
1873 5390 2113 5449 quaestor

531 5473 784 5529 vocatur;
822 5466 889 5518 de
921 5479 1029 5535 quo
1084 5481 1247 5523 sensu
1302 5484 1403 5522 nos
1460 5471 1621 5530 intra,
1660 5473 1747 5526 ιιιιὶ
1785 5472 2109 5541 logothetam

530 5555 627 5608 τοῦ
690 5557 907 5624 γενικοῦ
960 5573 1312 5628 exponemus.
1370 5562 1561 5633 Μέγαν
1618 5564 1762 5619 hunc
1822 5565 2114 5636 λογοθέτην

535 5653 662 5697 ante
695 5646 865 5698 Alexii
913 5656 1155 5716 tempora
1188 5650 1276 5702 vix
1331 5650 1577 5703 auditum
1629 5652 1778 5706 scio:
1836 5654 2112 5725 διοικητοῦ

492 5806 495 5809 γ
536 5749 726 5790 vocem
745 5737 863 5807 ejus
883 5754 1084 5793 munus-
1106 5740 1246 5811 apud
1274 5741 1527 5809 antiquos
1550 5743 1885 5814 signiﬁcasse
1914 5748 2111 5815 fateor;

2209 4551 2456 4616 ἀξιοῦται
2475 4551 2961 4621 περιφανέστατος.
2987 4540 3105 4606 Mox
3129 4552 3338 4621 absque
3355 4549 3532 4605 medio
3552 4535 3759 4597 ευιμιίιι

2210 4643 2426 4695 Τούτων
2454 4643 2507 4694 δὲ
2539 4643 2646 4694 τῶν
2682 4641 3011 4708 ἁξιωματων
3049 4645 3143 4712 τὴν
3196 4636 3595 4710 καινοτομίανὸ
3642 4624 3760 4696 ἐμὸς

2210 4734 2393 4804 πατὴρ
2427 4734 2851 4803 προσεξεύρατο.
2906 4735 3055 4789 Alius
3092 4738 3499 4805 protosebastos
3528 4734 3762 4799 protere-

2210 4828 2379 4880 stiarii
2411 4827 2673 4896 dignitate
2713 4828 3005 4897 conjuncta
3039 4826 3253 4883 Nicetas
3276 4871 3292 4897 ,
3321 4815 3606 4897 Grcgdras,
3632 4817 3764 4870 Can-

2216 4928 2519 4974 tacuzenus
2548 4932 2851 4974 recensent.
2888 4923 2965 4975 Ad
2998 4923 3247 4977 Alexiutn
3276 4934 3331 4978 et
3358 4924 3562 4975 Atinam
3596 4910 3761 4966 redeo-

2210 5012 2331 5081 lpsa
2369 5015 2459 5067 ubi
2500 5012 2732 5068 Venetos
2764 5014 3031 5068 bellorum
3066 5016 3246 5070 socios
3276 5016 3437 5071 donis
3493 5019 3543 5064 et
3608 5005 3764 5057 honov

2214 5123 2334 5160 rum
2356 5108 2594 5162 cumulis
2624 5123 2652 5160 a
2702 5118 2856 5177 patre
2913 5121 3302 5178 compensatos
3355 5115 3554 5164 narrat;
3601 5098 3760 5163 iPSu'"

2214 5200 2529 5269 reipublicae
2588 5204 2781 5253 ducent
2860 5204 3358 5270 protosebastorum
3421 5193 3671 5267 dignitate
3716 5187 3764 5234 cl

2213 5292 2519 5362 stipendiis,
2558 5293 2923 5360 putriarchatn
2956 5310 3087 5347 vero
3114 5290 3505 5363 pervenerandi
3539 5276 3761 5352 appt'lla‘

2217 5390 2384 5447 tione,
2414 5385 2613 5438 collato
2647 5400 2753 5438 non
2780 5384 3031 5439 illiberali
3055 5386 3333 5453 donativo,
3369 5378 3761 5439 cohonestalutll

2216 5478 2429 5531 scribit.
2465 5477 2634 5530 Verba
2664 5477 2782 5545 ejus
2814 5488 2943 5530 sunt
2978 5498 2993 5533 :
3033 5480 3129 5542 Ὃς
3160 5480 3251 5532 διὰ
3292 5475 3499 5532 πολλῶν
3559 5464 3764 5518 τούτους

2216 5567 2590 5638 ἀμειψάμενος
2620 5570 2845 5640 δωρεῶν
2896 5572 2993 5624 καὶ
3027 5574 3191 5642 τιμῆς
3218 5578 3307 5626 καὶ
3325 5571 3489 5625 αὐτὸν
3508 5561 3593 5614 τὸν
3614 5557 3764 5606 ξουκα

2217 5660 2471 5724 Βενετίας
2493 5662 2569 5730 τῷ
2597 5662 2703 5714 τῶν
2729 5639 3203 5732 πρωτοσεὸασττων
3230 5667 3495 5732 ἀξιώματι
3528 5648 3658 5721 pm
3678 5639 3763 5704 τῆς

2222 5753 2385 5821 (Mira;
2429 5753 2715 5824 ἐτίμησεν,
2764 5754 3067 5825 ὑπέρτιμον
3108 5756 3161 5809 δὲ
3200 5758 3288 5813 καὶ
3320 5756 3405 5809 τὸν
3438 5738 3764 5813 πατριάρχην
