4064 6430
622 472 734 542 ΞΜ

1596 485 1604 495 ’
1703 476 1784 537 IN
1859 473 2163 534 LIBRUM
2214 472 2311 532 DE
2349 469 2836 551 OFFHJIS‘CP.

3758 454 3899 526 20i'

624 602 979 665 nuncupatus
1006 590 1230 648 lsaurus
1260 590 1631 646 Artabasdum
1678 591 1807 645 data
1845 591 1899 646 in
1929 591 2217 660 conjugem
2246 595 2292 651 Α
2320 599 2374 643 et
2405 590 2689 659 πρόχοιτοι
2716 600 2745 639 a
2774 584 2986 638 Zonara
3012 580 3281 635 dicuntur
3309 580 3365 634 in
3388 576 3657 648 Theophili
3680 578 3800 644 Vita,
3820 598 3843 635 ι

624 689 730 742 tilia
763 684 1139 755 curopalatem
1188 681 1337 747 fecit,
1374 697 1439 737 ex
1486 682 1681 737 eodem
1716 681 2077 748 TheOphane,
2120 679 2219 748 qui

624 776 952 832 Mauricium
985 788 1207 843 queque
1252 784 1505 841 nepotem
1542 773 1941 826 Domcntiolum
1974 786 2040 825 eo
2086 770 2221 824 titu-

622 871 675 923 lo
704 869 872 923 refert
902 868 1145 923 auxisse.
1189 865 1345 921 Hunc
1374 866 1639 921 honorem
1679 864 2021 919 Domentiolo
2069 858 2222 917 fratri

622 961 856 1015 contulit
890 960 1129 1026 Phocus,
1165 969 1227 1014 ut
1285 959 1570 1013 Ccdrenus
1595 959 1645 1011 in
1676 958 1796 1028 cjus
1820 956 1969 1021 Vita,
2001 965 2058 1012 et
2080 955 2226 1025 pari-

624 1064 707 1109 ter
736 1069 1001 1126 germano
1033 1052 1326 1107 Theodoro
1369 1051 1676 1115 Heraclius,
1712 1062 1768 1103 ut
1800 1050 2144 1120 Nicephorus
2171 1049 2223 1101 in

624 1147 923 1201 Breviario.
947 1145 1181 1200 Michael
1204 1143 1263 1199 S.
1284 1144 1474 1215 ignatii
1515 1155 1668 1215 pater
1698 1160 1766 1198 ex
1795 1144 2112 1213 curopalate
2146 1140 2226 1195 la-

622 1247 746 1293 ctus
763 1248 847 1295 est
872 1238 1194 1308 imperator.
1211 1237 1415 1292 Bardas
1430 1235 1933 1306 lgnatiojnfensus,
1951 1248 2223 1290 summam

624 1331 874 1386 ambiens
908 1338 1259 1400 potestatem,
1284 1330 1633 1399 curopalates
1666 1331 1931 1398 primum,
1968 1337 2081 1382 tum
2107 1326 2225 1381 Cae-

627 1440 722 1480 sar
750 1433 835 1478 est
861 1425 1153 1479 salutatus.
1186 1424 1262 1479 De
1312 1424 1433 1492 ejus
1463 1424 1773 1494 insignibus
1818 1432 1873 1478 et
1903 1423 2226 1478 ministeriis

630 1532 732 1573 suo
766 1519 889 1571 loco
913 1535 927 1571 :
955 1517 1109 1587 plura
1133 1517 1422 1573 etdiversa
1451 1518 1695 1586 reperies
1727 1515 1871 1586 apud
1904 1515 2224 1580 Meursium,

619 1606 972 1673 'Gretserutn,
1002 1608 1305 1678 Bulengcru
1317 1624 1389 1673 nt,
1419 1606 1549 1661 Fuln
1563 1620 1711 1661 otum
1736 1608 1788 1661 in
1812 1607 2044 1662 Cedrcni
2068 1606 2224 1661 Glos-

630 1702 795 1766 sario,
835 1701 1215 1770 Dcmpsteruut
1258 1702 1324 1755 de
1361 1704 1540 1770 Antiq.
1576 1700 1735 1756 Rom.
1782 1702 1821 1764 Ι,
1856 1702 1912 1762 4.
1959 1702 2222 1755 Savarqu

633 1797 685 1845 in
714 1794 925 1847 Sidonii
966 1794 1298 1863 Apollinaris
1321 1810 1546 1850 carmen
1587 1795 1676 1849 25.
1698 1788 1909 1866 ’ϐολιιῆ

707 1886 767 1939 Ρ.
801 1885 855 1940 9.
903 1885 965 1938 ’0
992 1885 1487 1958 παρακοιμὼμενος
1537 1886 1634 1955 τῆς
1679 1887 1994 1956 σφενδόνης.
2025 1884 2224 1939 Junius

2330 681 2513 734 Niceta
2549 680 2604 732 in
2643 676 2856 731 Joanne
2908 673 3190 729 Comueno
3243 672 3455 725 οίκίδιοι
3483 670 3568 724 καὶ
3595 669 3844 738 πρόκῖιτοι,

2325 790 2354 827 a
2380 764 2712 839 Theophane
2753 770 2803 823 in
2823 758 3140 822 Iustiniano
3174 763 3601 832 xou6tx0ui.‘dpt0t
3623 760 3708 815 καὶ
3732 780 3848 815 σπαο

2325 867 2542 936 θάριοιι
2576 862 2769 916 armati
2828 866 3029 932 quippe
3085 857 3299 927 spathis
3333 871 3541 911 sacrum
3586 854 3849 935 cubiculum

2326 955 2714 1013 observabant.
2748 952 2878 1006 Eam
2917 952 2988 1006 ob
3024 965 3137 1004 rem
3182 947 3396 1003 somnio
3420 986 3435 1002 .
3470 948 3607 1014 quod
3648 945 3855 997 interitus

2328 1052 2428 1104 l'uit
2464 1047 2780 1108 oraculum,
2807 1042 3108 1098 exterritus
3137 1038 3433 1094 Mauricius
3455 1039 3588 1105 apud
3619 1035 3856 1101 TltCOplta-

2325 1160 2449 1199 nem
2489 1141 2831 1203 διυπνισθεὶς
2877 1138 3107 1189 ἐκάλεσε
3126 1134 3220 1187 τὸν
3266 1127 3743 1202 παρακοιμὼμενον
3780 1125 3855 1177 αἰρ-

2325 1234 2444 1301 τοῦ,
2482 1243 2541 1288 ιιι
2559 1233 2651 1303 qui
2680 1229 2969 1286 dormienti
2989 1223 3224 1296 principi
3250 1224 3406 1294 juxta
3432 1233 3623 1274 nomen
3644 1215 3859 1271 excubias

2326 1341 2498 1397 agens
2554 1325 2869 1378 accubaret.
2905 1317 3110 1389 Ceam]

2399 1417 2483 1472 Ib.
2523 1415 2809 1485 Logotheta
2842 1412 3025 1466 wrarii
3061 1408 3353 1481 generalis.
3396 1404 3471 1460 lta
3500 1402 3630 1457 verti
3682 1399 3863 1456 Glossa-

2326 1513 2474 1569 rium
2494 1509 2980 1565 Grmcoburbarutu
3004 1513 3253 1559 secutus.
3281 1498 3500 1562 Junius,
3529 1494 3767 1566 logotheta
3790 1507 3864 1558 plt-

2328 1605 2477 1659 blica:
2527 1605 2623 1656 rei.
2681 1601 2865 1668 Longe
2917 1599 3096 1666 aptius
3152 1610 3315 1664 quam
3377 1593 3639 1658 interpres
3680 1584 3866 1640 Joannis

2326 1697 2667 1766 Curopalatac
2718 1693 2990 1756 historici,
3022 1692 3109 1747 cui
3143 1687 3483 1757 Nicephorus
3502 1686 3528 1736 ό
3550 1680 3654 1735 ἀπὸ
3679 1677 3867 1747 γενικῶν

2326 1798 2409 1845 est
2447 1787 2771 1856 Nicephorus
2798 1803 2829 1838 α
2856 1783 3082 1838 Genicis.
3143 1781 3421 1849 lnterpres
3452 1775 3593 1830 Juris
3626 1770 3709 1824 GR
3745 1784 3869 1822 curae

2330 1894 2494 1936 torem
2532 1879 2708 1951 genie;
2763 1876 3037 1947 indigitat.
3097 1867 3333 1928 Wolﬁus
3391 1869 3553 1922 vertit
3599 1860 3867 1935 generalem.

633 1979 909 2033 accubilor
938 1953 1138 2049 (mulce.
1177 1953 1251 2034 lu-
1277 1953 1528 2050 catalogo
1574 1953 1736 2037 luris-
1766 1953 2223 2036 Graecrrliomaui
2261 1970 2297 2024 Β
2329 1976 2599 2039 absolute,
2636 1981 2692 2028 et
2729 1968 3028 2040 generalem
3054 1968 3400 2037 logothetam,
3430 1962 3554 2032 quia
3589 1953 3805 2012 Zonaras
3830 1953 3869 2006 in

631 2074 659 2124 ὁ
683 2072 1179 2141 παρακςιμὼμενος
1202 2074 1300 2142 τῆς
1320 2073 1564 2144 μεγάλης
1589 2075 1882 2144 σφενδόνης
1907 2092 1918 2127 :
1947 2075 2222 2143 interpres

631 2165 908 2218 accubitor
939 2182 1147 2236 magnrr
1186 2166 1347 2235 palw.
1393 2168 1502 2234 Ego
1553 2168 1804 2221 versione
1842 2186 1955 2221 inca
1990 2182 2104 2220 rem
2145 2168 2223 2236 ip-

536 2318 541 2319 ί
630 2272 745 2310 sam
768 2257 1041 2326 explicare
1060 2258 1416 2319 studui.cum
1439 2259 1570 2313 nihil
1609 2268 1859 2328 suppetat
1896 2260 2041 2328 quod
2072 2257 2224 2313 Grae-

631 2364 693 2402 ca
736 2360 862 2418 apte
890 2352 1181 2419 exprimat.
1228 2349 1370 2407 Nunt
1423 2352 1925 2420 παρακοιμώμενος
1973 2351 2073 2405 iste
2104 2362 2225 2406 erat

632 2440 884 2510 sigilliter
931 2457 1029 2497 seu
1068 2452 1256 2498 custos
1286 2443 1475 2496 annuli
1503 2442 1862 2511 imperatorii,
1896 2460 2006 2509 quo
2036 2444 2229 2497 litteric

632 2534 1113 2604 obsignabantur;
1139 2537 1233 2604 qui
1256 2536 1495 2588 annulus
1521 2550 1615 2604 per
1639 2544 1847 2603 partem
1871 2550 2048 2597 suam,
2078 2548 2230 2587 nem-

636 2642 704 2696 pe
730 2642 828 2697 per
863 2627 1159 2698 σφενδόνην
1181 2643 1278 2681 seu
1306 2627 1510 2695 palam,
1532 2628 1902 2697 signiﬁcatur:
1928 2642 2055 2697 pars
2079 2629 2227 2682 enim

640 2722 757 2775 {nec
786 2721 956 2775 servit
988 2721 1308 2789 signatum,
1329 2706 1406 2774 ’ut
1437 2721 1518 2776 sic
1551 2723 1765 2791 loquar.
1807 2721 2015 2776 GnETs.

708 2814 979 2886 [Annulos
1004 2816 1341 2884 signatorios
1368 2815 1483 2870 sive
1514 2815 1692 2885 sigilla
1717 2815 1768 2869 in
1801 2804 2021 2869 annulis
2052 2814 2233 2869 adhuc

634 2906 933 2977 postremis
991 2908 1206 2963 s:eculis
1259 2908 1623 2977 imperatores
1684 2917 1930 2978 gestasse
1983 2908 2233 2963 declarat

636 3000 857 3055 Nicetas
891 3009 1003 3054 tum
1039 2999 1091 3053 iu
1120 2997 1333 3054 Joanne
1366 3001 1649 3055 Comueno
1694 3000 1877 3055 statim
1936 3000 2101 3072 186
2129 3002 2233 3057 sub

639 3093 890 3148 historiae
937 3107 1054 3147 suae
1095 3090 1304 3156 limine,
1336 3108 1445 3162 quo
1468 3091 1587 3162 ipse
1612 3091 1808 3145 εἴσεισι
1858 3093 1950 3145 τὸν
1998 3092 2232 3145 κοιτῶνα

637 3188 729 3240 τὸν
764 3184 1061 3255 πατρικὸν,
1090 3186 1185 3238 καὶ
1220 3184 1547 3255 προσπεσὼν
1607 3185 1685 3245 ὡς
1736 3185 1897 3256 δῆθεν
1950 3184 2234 3255 θρηνήσων

641 3283 954 3352 ὑφαιρεῖται
1023 3280 1207 3351 λάθρα
1249 3281 1349 3349 τῆς
1385 3280 1598 3333 ἐκείνου
1629 3282 1812 3350 χειρὸς
1869 3279 1962 3332 τὸν
2002 3294 2234 3348 σφραγι-

645 3376 824 3445 στῆρα
851 3375 1172 3428 acmirum:
1206 3382 1322 3427 tum
1357 3374 1408 3426 in
1430 3373 1621 3427 Alexio
1641 3373 1845 3427 laudati
1874 3370 2102 3427 Joannis
2134 3387 2230 3426 ne-

643 3476 773 3536 pote
815 3466 881 3519 ad
920 3466 1148 3525 calcem,
1176 3464 1271 3519 ubi
1307 3479 1372 3519 eo
1424 3463 1723 3519 crudeliter
1762 3463 2093 3517 obtruncato
2127 3477 2224 3516 au-

646 3560 720 3614 ris
753 3558 997 3613 abscissa
1026 3557 1220 3612 subula
1279 3556 1609 3626 perforatur,
1657 3557 2013 3626 trajectoque
2053 3554 2143 3610 ﬁlo
2176 3564 2232 3610 et

644 3653 895 3722 apposita
927 3666 1052 3705 cera
1087 3651 1385 3705 Andronici
1424 3650 1763 3720 tyrannidem
1797 3650 2107 3705 invadentis
2135 3663 2233 3703 an-

644 3746 777 3800 nulo
816 3745 1065 3813 signatur
1093 3762 1107 3799 :
1139 3744 1406 3814 Τιτρᾶται
1438 3742 1707 3813 ὀϐελίσκῳ
1734 3742 1796 3795 τὸ
1812 3741 1924 3809 οὓς,
1957 3743 2051 3795 καὶ
2104 3742 2233 3813 κρό-

644 3855 749 3909 κης
777 3837 1109 3908 ὲξαφθείσης
1150 3836 1319 3908 κηρὸς
1344 3835 1744 3907 περιπλασθεὶς
1769 3835 1847 3907 τῷ
1887 3836 2230 3907 Ἀνδρονίκου

653 3932 1077 4002 σφραγιστηρίῳ
1100 3930 1487 3999 ἐνσημαίνεται
1522 3929 1810 4000 δακτυλίῳ.
1843 3930 2095 3986 Annulus
2143 3929 2235 3985 ille

644 4031 701 4078 ct
730 4023 963 4093 quodvis
986 4022 1129 4076 aliud
1154 4020 1391 4090 sigillum
1445 4020 1738 4090 σφενδόνης
1778 4036 1976 4075 nomen
1999 4021 2231 4092 accepit.

645 4117 936 4187 Σφενδόνη,
979 4115 1157 4186 inquit
1182 4116 1400 4180 Suidas,
1440 4115 1474 4185 ὴ
1532 4113 1627 4168 τοῦ
1673 4114 1960 4168 δακτυλίου
2009 4113 2237 4183 περιφέ-

649 4229 792 4282 ρεια,
827 4210 922 4264 καὶ
950 4211 984 4279 ή
1013 4210 1092 4273 είς
1121 4207 1270 4262 λίθου
1298 4207 1558 4279 ἐπιϐολὴν
1592 4208 1872 4279 ἐπιτηδεία
1905 4208 2127 4277 χρῆσις.
2166 4205 2232 4261 ΙΙ·

648 4305 756 4357 lius
783 4301 971 4355 annuli
1007 4310 1063 4355 et
1099 4298 1391 4368 cujuslibet
1430 4299 1656 4355 alterius
1688 4299 1822 4368 regii
1860 4299 2022 4369 sigilli
2047 4307 2237 4354 custos

648 4393 796 4449 fores
828 4393 949 4462 ejus
980 4392 1035 4447 in
1063 4408 1173 4463 quo
1206 4392 1489 4461 reponitur
1537 4392 1642 4448 loci
1694 4391 1970 4454 observat,
2001 4390 2067 4445 ad
2118 4389 2237 4444 illas

649 4488 822 4553 sedet,
858 4495 1121 4548 moratur,
1154 4485 1362 4554 vigilat,
1407 4496 1461 4540 et
1505 4500 1604 4556 pro
1647 4484 2030 4538 excubitorum
2086 4497 2240 4539 more

652 4581 820 4637 etiam
847 4594 1098 4634 somnum
1131 4582 1299 4650 capit,
1340 4579 1845 4649 παρακοιμώμενος
1870 4576 1969 4644 τῆς
2020 4575 2239 4645 σφενδό-

2332 2066 2564 2134 imperio
2595 2065 2780 2117 [renes
2806 2068 2861 2115 et
2881 2056 3232 2114 Constantini
3260 2052 3728 2120 liliiNiceplmrum
3757 2060 3870 2111 γενι-

2328 2160 2423 2212 κδν
2450 2157 2743 2227 λογοθέτην
2772 2153 3029 2223 appellat.
3070 2146 3344 2205 Theodori
3411 2146 3704 2200 Metochita:
3732 2135 3871 2194 maxi-

2332 2268 2455 2308 mus
2503 2248 2868 2305 encomiastes
2898 2254 2981 2299 est
3024 2242 3375 2313 Nicephorus
3416 2238 3677 2308 Grcgoras
3708 2232 3755 2285 in
3796 2243 3871 2281 sna

2331 2344 2575 2404 historia,
2614 2341 2885 2410 praecipue
2936 2336 2974 2409 l7.
3008 2350 3082 2389 vtt
3142 2375 3160 2400 ,
3192 2349 3300 2388 non
3358 2328 3550 2402 procul
3587 2343 3613 2380 a
3642 2326 3755 2379 line.
3800 2319 3874 2372 ilic

2334 2431 2656 2486 Metochites
2681 2429 2847 2481 etiam
2901 2424 3070 2495 hujus
3108 2423 3407 2493 logotheta:
3447 2431 3669 2474 munere
3695 2414 3875 2468 iunctus

2330 2533 2433 2579 est.
2467 2522 2678 2577 Gnets.

2417 2614 2514 2687 [Ὀ
2538 2615 2870 2684 λογΟΘέτης
2897 2607 3006 2668 τοῦ
3023 2608 3292 2681 remum”).
3327 2606 3527 2665 Lucetn
3550 2606 3647 2662 sibi
3675 2610 3876 2657 mutuam

2334 2708 2647 2766 accendunt
2679 2707 2761 2760 ha:
2810 2721 2994 2760 voces.
3029 2705 3255 2757 Γενικόν
3296 2705 3459 2757 locus
3489 2692 3568 2757 est
3614 2696 3771 2767 CP"”)
3795 2705 3879 2760 (ιιιο

2329 2803 2422 2873 jus
2488 2800 2819 2855 tributorum
2851 2799 3056 2854 subditi
3094 2796 3397 2852 exsolvunt
3451 2803 3506 2849 et
3559 2791 3880 2863 negotiatoris

2333 2892 2627 2965 vectigalia
2659 2900 2920 2961 pensant,
2977 2906 3140 2961 quem
3176 2887 3430 2944 Zonaras
3480 2876 3882 2957 periphrastixé;

2333 2986 2403 3039 τὰ
2435 2985 2634 3053 ἀρχεῖα
2661 2983 2790 3045 τοὺς
2819 2977 3683 3051 φορολόγουςλογοπρακτοῦντα.
3704 2970 3883 3038 scripsi

2337 3077 2391 3133 in
2425 3075 2790 3132 Constantino
2830 3073 3013 3142 Duca;
3045 3073 3113 3129 de
3142 3087 3251 3143 quo
3279 3072 3575 3128 Cedrenus
3608 3070 3659 3123 in
3690 3062 3883 3119 Basilio:

2339 3171 2448 3224 Kal.
2478 3167 2559 3231 είς
2590 3168 2651 3221 τὸ
2676 3166 2973 3237 λεγόμενον
2993 3166 3216 3221 Γενικδν
3243 3164 3464 3221 κατιὼν
3494 3163 3618 3225 τοὺς
3657 3161 3885 3223 εἰσπρατ-

2338 3264 2597 3332 τομένους
2624 3262 2851 3318 ισκόπει
2874 3260 3028 3331 παρὰ
3078 3260 3174 3315 τοῦ
3201 3261 3505 3331 δημοσίου,
3570 3260 3644 3327 μή
3691 3252 3782 3308 πού
3821 3263 3889 3305 τις

2333 3357 2540 3420 ἀδίκως
2568 3353 2987 3425 εἰσπράττοιτο,
3022 3353 3122 3407 καὶ
3161 3350 3353 3416 οὕτως
3381 3353 3525 3414 τοῖς.
3554 3340 3889 3411 ἀδικουμένοις

2331 3452 2599 3520 ἐπήμυνε.
2628 3446 2698 3501 Et
2727 3446 3041 3502 descendam
3075 3445 3145 3499 ad
3195 3444 3484 3511 Canticum,
3530 3440 3704 3499 (trarii
3731 3433 3890 3491 sedem.

2328 3557 2417 3597 eos
2450 3541 2542 3611 qui
2575 3539 2641 3594 ab
2667 3539 2848 3595 rorarii
2894 3537 3150 3592 ministris
3176 3538 3468 3609 uectigalia
3498 3536 3823 3605 exigerentur,
3845 3536 3892 3571 ne

2330 3636 2451 3706 quis
2480 3634 2608 3704 quid
2631 3634 2827 3704 injuste
2856 3632 3194 3701 persolveret,
3216 3631 3622 3699 speculabatur,
3658 3642 3717 3679 ac
3738 3622 3806 3675 ita
3831 3617 3893 3669 it:-

2328 3729 2534 3800 iuriam
2569 3730 2746 3798 passis
2780 3728 3164 3795 opitulabatur.
3201 3725 3437 3800 Γενικός
3473 3723 3669 3780 exinde
3705 3707 3893 3787 portori't

2336 3824 2801 3893 vectigaliumque
2851 3830 3069 3875 exactor
3116 3828 3222 3887 est,
3278 3828 3342 3873 ut
3413 3795 3592 3881 aiunt,
3650 3804 3896 3885 generalis.

2336 3917 2536 3974 Suidas
2569 3933 2620 3970 ν.
2654 3916 2878 3977 Γενικός
2918 3932 2932 3969 :
2968 3914 3330 3978 Ἀναστάσιος
3383 3912 3651 3983 βασιλεὺς
3688 3894 3894 3969 Ῥωμαί-

2334 4030 2414 4068 ων
2445 4010 2776 4080 αίσθόμενος
2808 4006 3005 4077 στολὴν
3062 4007 3413 4076 Σαρακηνῶν
3478 4000 3736 4075 ἔρχεσθαι
3788 3987 3901 4088 xerit

2340 4107 2444 4176 τῆς
2462 4106 2674 4169 πόλεως
2697 4143 2713 4166 ,
2757 4101 3025 4171 Ἰωάννην
3062 4099 3223 4170 18⁸1
3254 4098 3554 4168 ἐφίστησιν
3576 4090 3807 4166 ἡγεμόνα
3826 4098 3900 4135 του

2339 4199 2610 4270 πολέμου,
2646 4197 2900 4252 διάκονον
2924 4194 3023 4263 τῆς
3086 4192 3331 4263 μεγάλης
3357 4188 3667 4261 ἐκκλησίας
3684 4185 3774 4237 καὶ
3786 4178 3908 4241 λογι’

2340 4293 2477 4363 στὴν
2536 4291 2647 4345 τῶν
2676 4289 2885 4359 φόρων,
2938 4287 2997 4339 ὃν
3038 4285 3265 4339 Γενικὸν
3324 4285 3618 4338 καλοῦσιν.
3659 4275 3907 4363 Cedreuus

2340 4398 2560 4457 quoque
2599 4379 2965 4449 Nicephorum
3026 4377 3379 4445 exgenicum,
3416 4376 3532 4428 ἀπὸ
3572 4364 3810 4443 γενικοῦ,
3841 4355 3910 4412 γει

2340 4488 2400 4534 ut
2445 4477 2636 4532 scribit
2695 4472 3052 4542 Curopalates
3104 4471 3212 4524 ἀπὸ
3246 4469 3520 4537 γενικῶν,
3557 4463 3912 4536 imperatorem

2342 4571 2549 4626 factum
2584 4574 2814 4623 testatur
2841 4566 2894 4619 in
2924 4563 3167 4619 historiae
3198 4562 3391 4616 limine
3419 4577 3435 4615 :
3472 4562 3607 4617 hinc
3636 4560 3751 4629 ipse
3777 4547 3915 4606 audi-

652 4692 773 4746 νης,
803 4674 960 4743 regia:
983 4672 1278 4744 signatura:
1298 4673 1544 4735 antistes,
1569 4671 1712 4725 sacri
1737 4670 1932 4723 cerarii
1952 4668 2232 4734 exure/tus,

2342 4663 2423 4717 vit
2446 4660 2667 4731 γενικδς
2715 4658 3030 4726 λογοθὲτης,
3065 4654 3283 4725 qualem
3337 4652 3695 4708 Theodotum
3726 4654 3919 4746 quoque

649 4766 815 4838 garde
841 4765 932 4819 des
955 4779 1147 4819 sceaux
1168 4765 1231 4818 de
1265 4761 1521 4833 l‘empire.
1543 4758 1747 4833 ϐολὴ]

723 4857 785 4913 Ρ.
811 4859 866 4915 9.
892 4855 1194 4911 Pratlectus
1218 4871 1314 4910 seu
1336 4853 1622 4909 accubitor
1647 4852 1923 4920 cubiculi;
1949 4851 2117 4923 aliqui
2144 4851 2243 4927 ad-

651 4956 793 5009 dunt
821 4954 981 5017 sacri,
1022 4961 1210 5021 utpote
1241 4946 1601 5019 imperatorii.
1644 4944 1817 5001 Hodie
1866 4947 1919 4999 in
1972 4946 2111 5001 aulis
2145 4958 2243 4997 vo-

653 5057 849 5103 cantur
865 5042 1284 5107 kammerherrn,
1308 5040 1612 5107 camerarii,
1640 5038 1822 5094 aureis
1845 5037 2091 5093 clavibus
2113 5051 2243 5093 con-

654 5136 854 5206 spicui.
882 5135 1091 5189 (ἴητε.

727 5226 898 5300 [ιὺίά.
918 5224 1151 5295 Exponit
1180 5224 1575 5279 Constantinus
1594 5219 1891 5279 Manasses,
1909 5219 2245 5291 παράκοιτον

658 5322 755 5373 καὶ
790 5317 1008 5387 φύλακα
1028 5318 1128 5387 τῆς
1173 5316 1450 5388 βασιλείου
1482 5314 1694 5383 κλίνης,
1736 5314 1837 5369 sub
1866 5314 2025 5384 cujus
2057 5312 2243 5382 dispo-

659 5413 864 5469 sitione
884 5419 1044 5465 erant
1075 5409 1361 5479 πρόκοιτοι
1407 5408 1502 5459 καὶ
1542 5406 1917 5477 προφύλακες.
1952 5405 2020 5460 de
2047 5405 2246 5474 quibus

660 5502 902 5567 Nicetes,
930 5499 1025 5571 qui
1060 5508 1187 5552 ante
1223 5497 1371 5552 fores
1404 5498 1745 5554 excubabant
1774 5508 1830 5553 et
1860 5490 2243 5568 imperatorem

664 5592 1068 5650 custodiebant.
1104 5590 1167 5643 Ol
1202 5591 1302 5658 μὲν
1328 5590 1438 5658 γὰρ
1491 5587 1961 5658 σωματοφύλακες
2008 5586 2106 5638 καὶ
2155 5585 2244 5638 δο-

666 5686 896 5756 ρυφόροι
926 5682 1132 5737 ἄποθέν
1172 5697 1276 5734 που
1302 5679 1397 5734 τοῦ
1438 5679 1727 5751 βασιλικοῦ
1759 5679 2019 5741 κοιτῶνος
2052 5676 2244 5739 νυκτὸς

663 5778 1025 5847 κατηύναςον,
1046 5778 1123 5831 ait
1150 5775 1235 5830 ille
1259 5775 1314 5829 in
1337 5774 1670 5829 Andronico.
1697 5773 1735 5827 Ι.
1760 5789 1818 5829 ll.
1840 5772 1981 5841 Ergo
2004 5770 2092 5824 isti
2116 5785 2255 5851 pro-.

666 5871 816 5939 pius,
836 5870 900 5923 ad
921 5869 1065 5925 iores
1088 5868 1343 5922 nimirum
1372 5866 1634 5935 principis
1655 5880 1717 5919 ac
1740 5865 1891 5935 juxta
1911 5863 2245 5927 cubiculum,

618 6026 624 6033 θ
654 5961 765 6036 .qui
803 5964 906 6020 hac
943 5964 1010 6019 de
1042 5978 1208 6020 causa
1233 5958 1569 6017 -κοιτωνίτάι
1604 5973 1630 6013 a
1671 5958 1847 6015 Leone
1874 5954 2245 6041 Grammatice

2347 4753 2751 4821 iniquissimum
2787 4749 3119 4804 monachum
3160 4746 3412 4815 reperies
3446 4745 3599 4815 apud
3660 4734 3922 4806 Theopha-

2345 4862 2469 4904 nem
2497 4855 2553 4901 et
2579 4844 2887 4900 Cedrenum
2917 4844 2970 4896 in
2993 4841 3305 4896 Justiuiauo
3333 4839 3673 4908 posteriore.
3692 4833 3806 4889 Jam
3832 4840 3924 4896 quo

2342 4947 2562 4997 constet
2593 4937 2924 5007 logothetam
2954 4934 3101 4987 hunc
3131 4949 3158 4985 a
3192 4932 3540 4987 cancellario
3589 4931 3749 4996 longe
3770 4923 3928 4979 diver-

2346 5043 2492 5092 sum,
2534 5042 2636 5082 nec
2670 5026 2786 5095 ejus
2816 5034 2909 5078 aut
2958 5022 3157 5080 similis
3206 5022 3442 5077 alterius
3504 5034 3738 5075 munere
3783 5012 3931 5069 luisse

2345 5120 2693 5189 implicitum,
2728 5118 2824 5173 sed
2860 5131 3129 5171 summam
3156 5114 3335 5168 :erarii
3391 5113 3783 5183 praefecturam
3824 5116 3931 5175 ges-

2345 5210 2506 5272 sisse,
2525 5209 2777 5272 observo,
2798 5205 2956 5272 λόγον
2978 5213 3304 5271 computum,
3328 5205 3656 5267 ratiocinia,
3676 5200 3932 5254 rationem.

2348 5304 2556 5370 ﬁscum,
2590 5314 2749 5367 atque
2775 5313 2839 5352 ac
2888 5299 2993 5350 alia
3030 5297 3273 5362 referre;
3325 5312 3442 5365 qua
3489 5297 3562 5351 de
3601 5306 3770 5351 causa
3818 5285 3937 5343 dixit

2345 5392 2707 5461 Theophanes
2742 5391 2794 5444 in
2825 5386 3206 5458 (lepronymo:
3241 5386 3327 5440 Τὰ
3348 5387 3410 5440 δὲ
3442 5382 3729 5457 λεγόμενα
3758 5396 3937 5445 πατρία

2349 5486 2530 5556 μώνια
2582 5484 2693 5536 τῶν
2748 5484 2808 5536 ἐν
2842 5480 3066 5553 ’Ῥώμη
3106 5480 3251 5533 ναῶν
3273 5477 3391 5531 τῶν
3430 5479 3619 5547 ἁγίων
3664 5476 3760 5531 καὶ
3792 5484 3939 5544 κορυ-

2346 5578 2524 5650 φαίων
2568 5575 2916 5637 ἀποστόλων,
2951 5574 3021 5627 τὰ
3073 5571 3309 5627 ἔκπαλαι
3341 5572 3673 5643 τελούμενα
3721 5567 3943 5623 τάλαντα

2346 5672 2474 5743 τρία
2518 5669 2717 5739 ἥμισυ,
2764 5667 2844 5739 τῷ
2901 5667 3151 5737 δημοσίῳ
3223 5664 3375 5733 λόγῳ
3427 5664 3720 5718 τελεῖσθαι
3760 5654 3943 5730 προσέ·

2346 5763 2532 5830 ταξεν,
2571 5761 2781 5831 publica
2808 5761 3004 5816 curario
3029 5759 3207 5828 pendi,
3256 5759 3314 5810 in
3378 5757 3585 5826 fiscum
3621 5754 3832 5825 referri,
3856 5764 3944 5817 pu-

2348 5856 2496 5910 blicis
2526 5856 2823 5909 rationibus
2887 5855 3159 5908 accenseri
3210 5851 3408 5923 jussit.
3453 5851 3796 5920 Λογοθέτης,
3846 5837 3946 5897 ἀπὸ

2349 5948 2444 6003 τοῦ
2498 5949 2681 6019 λόγου,
2723 5949 2966 6021 publicas
3008 5944 3250 6005 rationes
3309 5947 3632 6016 componit,
3697 5955 3805 6013 quo
3861 5948 3949 6006 Pa‘
