4064 6430
232 463 326 544 205

1315 455 1704 534 eumssni
1745 476 1838 535 ET
1880 460 2119 535 GOARI
2158 456 2397 532 Nora.

3409 464 3513 530 2tl5

238 608 318 652 cto
356 590 589 665 Cyriiins
620 592 1001 662 τελωνάρχαις
1032 599 1087 643 et
1116 588 1639 660 πρακτοψηφισταῖς
1663 588 1818 655 λογο-

1924 587 2138 641 Ordinis
2166 587 2411 655 reliquos
2445 592 2663 639 constat
2694 598 2761 637 ex
2786 583 2952 637 dictis
2983 582 3234 651 superius
3257 583 3518 640 domesti-

238 688 385 746 θέτας
421 684 779 743 adnumerat.
816 694 869 737 et
896 682 1251 751 λογοῡετῆσαι
1284 683 1543 734 rationem
1576 679 1816 742 reddere,

239 775 509 828 ratiocinia
547 774 833 827 instituere
872 787 934 826 ex
976 771 1174 825 Photio
1204 770 1442 824 reddidit
1478 769 1818 839 Stephanus.

238 866 361 921 Eam
388 874 459 921 ob
489 883 603 921 rem
640 881 812 935 rapax
853 874 909 920 et
941 866 1160 934 iniquus
1195 864 1467 933 logotheta
1500 856 1821 917 Theodotus

240 960 479 1015 Scribitnr
544 974 575 1013 a
620 957 972 1029 Theophane,
1020 959 1113 1011 ἐπὶ
1166 959 1294 1020 τοὺς
1356 956 1650 1018 πλεὶστους
1705 955 1810 1023 τῆς

242 1054 504 1110 πολιτείας
541 1052 807 1123 ἄρχοντας
836 1055 927 1105 καὶ
963 1053 1223 1121 ἐμφανεῖς
1251 1049 1470 1119 ἄνδρας,
1503 1050 1603 1104 οὐκ
1626 1051 1688 1102 ἐκ
1715 1050 1823 1102 τῶν

238 1147 518 1213 διοικητῶν
547 1147 748 1215 μόνων,
781 1145 919 1199 ἀλλὰ
956 1147 1020 1198 ἐκ
1050 1144 1158 1198 τῶν
1201 1144 1299 1211 τῆς
1343 1142 1552 1204 πόλεως
1606 1140 1824 1211 οἰκητὸ-

243 1254 374 1304 ρων,
437 1238 560 1305 εἰκῇ
612 1237 713 1291 xui.
777 1236 969 1305 parum
1006 1232 1434 1303 ἀπροφασίστως
1494 1232 1822 1299 ἀπαιτήσεις

238 1330 326 1381 καὶ
367 1328 608 1393 ὲκταγὸς
659 1326 754 1379 καὶ
800 1326 1096 1396 δημεύσεις
1152 1324 1495 1396 ποιούμενος·
1547 1324 1593 1378 Α
1647 1323 1821 1393 pluri-

224 1420 327 1489 ,ἀνω
350 1420 644 1483 reipublicte
666 1417 968 1487 proceribus
995 1419 1393 1489 illustribusque
1419 1419 1565 1482 viris,
1604 1434 1707 1472 non
1730 1419 1823 1485 qui

234 1529 384 1581 agros
409 1512 563 1565 modo
585 1522 631 1565 et
649 1527 796 1578 rura,
820 1512 909 1565 sed
939 1520 988 1566 et
1011 1513 1101 1582 qui
1128 1514 1452 1581 pro'cipuom
1473 1511 1678 1591 imperii
1697 1509 1823 1565 civi-

233 1616 386 1660 tatem
428 1606 734 1670 incolerent,
791 1607 995 1660 indicta
1017 1614 1206 1671 causa,
1230 1605 1376 1660 nullo
1398 1605 1672 1670 demerito,
1700 1606 1824 1659 abs-

231 1719 330 1769 que
353 1702 577 1753 rationis
598 1710 853 1770 prtetextu
874 1702 1124 1770 pecunias
1146 1701 1373 1768 Exigere,
1400 1700 1600 1753 multus
1620 1702 1694 1753 eis
1725 1699 1825 1752 im.-
1848 1770 1860 1781 ί

227 1810 435 1862 ponere,
460 1794 597 1847 bona
608 1796 871 1860 publicata
891 1802 1092 1862 rapere.
1112 1795 1267 1864 Apud
1283 1794 1535 1850 cumdetn
1551 1792 1825 1862 Nicepho-

228 1903 316 1943 rns
354 1887 569 1942 Phocus
598 1887 844 1941 avaritia.-
867 1887 1261 1965 rapacitatique
1281 1880 1504 1941 deditus
1525 1888 1822 1956 imperatur

223 1979 485 2037 ἐκέλευσε
515 1977 733 2048 Nutha
764 1977 1042 2048 πατρικίῳ
1091 1979 1185 2031 καὶ
1218 1978 1423 2050 γενικῷ
1459 1977 1721 2050 λογοθέτῃ
1757 1978 1827 2032 τὰ

218 2067 457 2141 δημόσια
476 2070 604 2140 τέλη
629 2071 724 2140 τῆς
740 2071 1035 2141 ἐκκλησίας
1049 2073 1143 2124 καὶ
1161 2072 1545 2141 μοναστηρῐων
1566 2071 1830 2125 ἀναόισὰο

223 2183 328 2217 σαι.
344 2163 507 2217 Alius
520 2162 853 2232 Nicephorus
866 2163 981 2230 ipse
996 2163 1292 2233 loguthcta,
1305 2164 1573 2218 referente
1587 2160 1831 2230 (ἕστορα-

221 2254 322 2311 late
340 2256 411 2311 ad
434 2254 679 2309 historiae
700 2254 924 2320 calcem,
941 2254 1241 2325 inquiritur
1258 2256 1326 2310 ab
1346 2254 1677 2311 adversariis
1698 2258 1829 2326 περὶ

217 2350 321 2402 τῶν
336 2352 401 2420 τῇ
424 2348 665 2420 βασιλίδι
676 2349 833 2416 διαφε
844 2349 1045 2419 ρόντων
1061 2349 1382 2419 χρημάτων.
1400 2348 1627 2405 Subdit:
1646 2352 1720 2404 Οὐ
1733 2353 1825 2404 το-

220 2444 410 2496 σοῦτον
440 2440 643 2510 ἔμελεν
660 2441 845 2504 αὐτοῖς
876 2441 984 2492 τῶν
1000 2440 1304 2510 βασιλικῶν
1326 2443 1824 2515 οησᾰυρῶν,ιιιιδη1

221 2545 279 2587 ut
304 2533 648 2603 iogothetam
683 2532 787 2588 sibi
828 2529 1103 2587 infensum
1140 2549 1171 2588 e
1202 2535 1380 2589 medio
1407 2535 1705 2603 tollerent;
1756 2539 1823 2592 ad

215 2641 335 2679 eum
356 2623 660 2694 siquidem,
685 2633 745 2677 ut
765 2624 869 2678 hoc
886 2640 951 2678 ex
975 2622 1309 2695 Theophane
1330 2627 1598 2682 addam‘us
1616 2629 1822 2684 cumuli

220 2717 413 2783 gratia,
429 2715 786 2784 pertinent-ca
803 2716 897 2768 τοῦ
916 2715 1137 2783 γενικοῦ
1160 2715 1472 2785 λογοθεσίου
1495 2721 1822 2791 πράγματα,

231 2810 546 2877 generalium
574 2815 941 2877 computorum
984 2810 1192 2877 negotia
1223 2812 1442 2880 quaevis,
1494 2819 1550 2865 et
1589 2822 1646 2865 ut
1678 2812 1820 2867 idem

236 2902 457 2957 inferius
502 2902 703 2967 habet,
747 2901 998 2972 δημόσιοι
1041 2903 1149 2955 τῶν
1193 2905 1524 2971 λογοθεσῐων
1567 2905 1819 2976 κὼδικες,

230 2996 425 3061 publici
450 3006 820 3061 computcrum
865 2994 1012 3058 libri,
1044 2996 1281 3066 δημόσια
1342 2998 1676 3068 χειροθέσια,
1725 3014 1821 3069 pu-

224 3089 361 3141 θίὶιηα
389 3087 802 3141 ratiociniorum
833 3087 1053 3140 scrinia.
1080 3086 1165 3141 Illi
1204 3088 1439 3141 ministri
1468 3089 1819 3146 a‘seribeban-

222 3192 309 3236 tur
337 3180 679 3251 ἑκλήπτορες
698 3182 806 3233 τῶν
832 3179 1111 3249 δημοσίων
1135 3181 1341 3249 φόρων,
1369 3182 1705 3251 vectigalium
1728 3196 1817 3239 νέ-

221 3282 477 3337 ceptores,
509 3274 582 3327 de
627 3271 825 3341 quibus
856 3270 1221 3341 Theophanes
1264 3274 1317 3327 in
1349 3272 1664 3329 Justiuiano
1692 3288 1819 3348 pos-
1847 3296 1893 3358 ο

228 3367 461 3432 teriore;
497 3365 796 3435 διοικηταί.
829 3365 1169 3427 thesaurarii.
1202 3365 1379 3420 eidem
1408 3368 1661 3429 etiPaulo
1691 3368 1817 3426 Dia-

220 3475 359 3515 cono
398 3460 533 3513 dicti
566 3458 621 3512 in
647 3457 827 3513 Leone
880 3457 1101 3523 Isauro;
1141 3460 1396 3525 ἑξισωταῑ
1419 3462 1817 3530 pemlendorum

226 3563 609 3624 exequatores,
640 3569 778 3622 quos
806 3562 1072 3609 memorat
1092 3553 1373 3610 Cedrenus
1410 3554 1463 3609 in
1518 3552 1722 3611 Basilio
1763 3566 1819 3612 et

230 3644 339 3697 alii.
380 3644 572 3698 Ultimi
627 3644 766 3697 inter
820 3645 1103 3714 generales
1174 3645 1481 3715 logothetas
1538 3644 1814 3703 Theodori

234 3736 537 3792 Metoehiue
568 3738 756 3791 merita
780 3746 834 3791 et
866 3740 1127 3797 honores.
1156 3753 1319 3808 quem
1352 3739 1443 3793 hic
1472 3748 1666 3794 auctor
1697 3755 1815 3796 me-

235 3839 429 3893 morat,
463 3829 700 3897 reperies
734 3830 1005 3900 deScripta
1038 3828 1295 3901 Gregorae
1334 3832 1371 3885 I.
1407 3847 1502 3887 vn.
1536 3831 1741 3905 Com]

307 3922 366 3975 P.
398 3925 453 3973 9.
490 3920 974 3975 Protorestiarites.
1027 3921 1284 3978 Diversus
1330 3923 1418 3978 hic
1462 3939 1492 3978 a
1528 3935 1815 3995 protoves—

239 4014 413 4077 tiario,
446 4022 505 4067 ut
533 4024 644 4067 tum
674 4030 743 4069 ex
770 4015 1056 4085 cataletgis,
1092 4026 1205 4070 tum
1246 4024 1311 4069 ex
1353 4016 1585 4073 diversis
1618 4016 1813 4073 oliiciis

241 4106 586 4162 manifestum
623 4107 826 4163 evadit.
858 4088 1097 4163 Csars:
1156 4092 1165 4097 ’

306 4202 402 4274 ['0
429 4204 1034 4272 πρωτοὸεστιαρίτης.
1096 4204 1300 4259 Errant
1331 4205 1425 4275 qui
1446 4209 1809 4275 protovestia-

244 4296 379 4350 rium
410 4306 465 4349 et
500 4288 987 4366 protovestiaritem
1018 4313 1186 4351 unum
1222 4308 1436 4367 putant,
1457 4300 1683 4370 quibus.
1704 4303 1810 4358 sdb

246 4404 347 4441 non
379 4390 612 4444 absimili
645 4390 860 4456 penitus
890 4389 1130 4457 nomine,
1165 4407 1368 4448 munus
1398 4402 1453 4447 et
1487 4395 1625 4449 ordo
1652 4396 1809 4463 peni-

247 4488 328 4534 tus
388 4472 621 4541 diversa.
682 4480 1042 4554 Βεστιαρίτης
1084 4481 1445 4537 cubicularius
1493 4496 1598 4551 est,
1649 4487 1809 4554 eujus

242 4588 376 4628 ortus
402 4586 457 4629 ut
486 4575 729 4629 vestibus
768 4575 871 4629 sibi
902 4590 932 4628 a
963 4576 1224 4630 vestiario
1253 4577 1480 4657 prolatis
1503 4579 1805 4649 principem

1926 686 2052 734 cum
2088 680 2296 734 sortiri.
2344 674 2462 744 Qua
2494 678 2560 731 de
2600 687 2765 731 causa
2808 676 3148 732 domesticus
3204 684 3432 745 mensae;
3460 687 3517 733 et.

1925 780 1984 829 'nt
2011 773 2308 841 Gregoras,
2329 786 2447 834 vni,
2472 776 2503 829 7
2527 774 2712 831 habet.
2739 773 2767 824 ὁ
2788 773 2884 825 τοῦ
2906 773 3236 841 δομεστὶκου
3254 775 3351 842 τῆς
3376 791 3515 844 τρα-

1926 866 2105 937 πέζης
2139 866 2242 935 τῆς
2268 866 2563 937 βασιλικῆς
2594 868 2996 937 σεμνυνόμενος
3046 866 3349 934 ἐπικλήσει,
3387 881 3517 921 cen-

1926 959 2139 1014 sebitur
2192 961 2241 1014 is
2264 975 2427 1029 quem
2474 960 2827 1015 Pancirollus
2860 960 2913 1014 in
2975 957 3240 1014 Notitiam
3292 958 3510 1028 imperii

1924 1049 2245 1105 Occidentis
2296 1066 2346 1105 c.
2374 1052 2466 1115 44,
2535 1061 2879 1107 castrensem
2932 1052 3075 1107 sacri
3116 1050 3302 1121 palatii
3331 1063 3513 1117 vocat,

1926 1143 2022 1209 qhi
2089 1152 2340 1196 mensam
2413 1143 2683 1212 principis
2740 1153 2794 1196 et
2825 1154 3000 1197 totum
3036 1143 3302 1212 palatium
3333 1153 3515 1203 Curat.

1925 1249 2089 1303 quem
2120 1250 2221 1289 nos
2256 1240 2503 1304 magnum
2528 1235 2753 1303 hospitii
2784 1238 3119 1305 magistrum,
3156 1236 3323 1305 regiae
3354 1251 3512 1288 men-

1925 1343 2001 1383 sa:
2035 1329 2409 1384 structoribus
2455 1330 2809 1399 prmpositum
2836 1344 2900 1383 ac
2923 1329 2973 1383 in
3002 1338 3233 1384 caeteros
3252 1332 3390 1384 aulae
3425 1345 3514 1384 re—

1927 1420 2439 1492 gizeministrosjns
2480 1428 2852 1482 exercentem.
2892 1422 3293 1491 conspicimus.
3316 1422 3516 1494 Go.\n.]

1998 1512 2061 1567 P.
2093 1514 2179 1569 10.
2218 1508 2286 1566 Ὀ
2312 1512 2413 1567 ἐπὶ
2443 1498 2555 1581 τῆς
2587 1510 2909 1581 τραπέζης,
2944 1514 3039 1585 qui
3072 1516 3475 1584 τραπεζοποιὸς
3496 1530 3514 1546 ο

1926 1621 2134 1661 mensze
2202 1612 2539 1661 structorem
2597 1622 2659 1661 ac
2692 1607 3022 1676 dapiierum,
3084 1607 3179 1661 τὸν
3204 1608 3307 1677 τῆς
3330 1608 3518 1678 πάσης

1926 1701 2058 1770 περὶ
2094 1701 2376 1769 συμπόσια
2406 1701 2773 1771 παρασκευῆς
2828 1699 3284 1771 ἐπιμελούμενον,
3314 1717 3380 1756 θ(
3418 1702 3521 1755 Hc-

1925 1794 2117 1866 sychio
2140 1792 2504 1864 intelligimus
2530 1813 2543 1860 ;
2572 1795 2733 1863 cujus
2758 1793 2919 1850 ollieii
2961 1796 3143 1859 titulo,
3168 1795 3282 1862 jam
3312 1812 3340 1849 a
3372 1795 3517 1850 Con-

1928 1884 2156 1940 stantini
2188 1885 2552 1953 temporibus,
2594 1886 2804 1941 ﬂussite
2844 1886 3149 1955 principem
3185 1888 3238 1941 in
3274 1887 3516 1957 impera-

1933 1976 2068 2031 toris
2113 1976 2315 2046 palatio
2346 1978 2594 2047 gavisnm
2629 1986 2824 2033 anetor
2874 1989 2956 2034 est
2993 1979 3292 2051 Gregoras.
3335 1982 3375 2035 l.
3417 1997 3516 2043 vn.

1933 2077 1988 2124 at
2011 2079 2159 2125 certe
2193 2079 2338 2126 unus
2368 2079 2452 2126 est
2481 2072 2640 2127 testis
2671 2071 2759 2126 ubi
2785 2072 2899 2127 ait:
2933 2074 2959 2126 ὖ
2993 2072 3049 2126 δὲ
3088 2063 3356 2138 Ῥωσικδς
3385 2076 3521 2144 ἡγε-

1933 2161 2051 2232 μὼν
2067 2163 2167 2232 τήν
2182 2180 2239 2215 τε
2261 2165 2453 2216 στάσιν
2470 2163 2563 2217 καὶ
2582 2164 2642 2216 τὸ
2660 2163 2879 2233 ἀξῖωμα
2897 2162 3100 2234 τοῢλὲπὶ
3118 2169 3216 2237 τῆς
3239 2167 3520 2238 τραπέζης

1929 2255 2083 2324 παρὰ
2110 2254 2203 2307 τοῦ
2224 2255 2460 2324 μεγάλου
2481 2254 2828 2324 κεκλήρωται
2850 2257 3287 2313 Κωνσταντξνου.

2000 2345 2063 2400 Ρ.
2100 2344 2188 2399 l0.
2221 2343 2476 2419 [Magnus
2508 2348 2751 2415 poppins.
2787 2346 3017 2417 i’appias
3044 2347 3297 2404 absolute
3342 2360 3518 2419 pater.

1928 2446 2014 2495 est
2063 2438 2203 2494 idem
2240 2441 2383 2508 quod
2442 2439 2637 2500 πάπας
2667 2444 2767 2495 seu
2835 2441 3099 2505 πάπποις.
3149 2441 3431 2501 Palladius
3465 2446 3517 2501 in

1927 2530 2197 2586 Lausiaca
2233 2530 2473 2601 Historia
2502 2529 2556 2584 in
2582 2530 2754 2585 Paulo
2789 2529 3041 2601 Simplici
3069 2551 3082 2587 :
3122 2535 3234 2589 Καὶ
3261 2535 3520 2600 δύνοντος

1924 2622 2021 2677 τοῦ
2075 2622 2229 2691 ἡλίου
2270 2623 2420 2692 λέγει
2471 2623 2622 2695 αὐτῷ
2660 2624 2688 2678 ὁ
2746 2625 3075 2691 Ἀντώνιοςο
3124 2628 3314 2682 Παπία
3366 2632 3517 2700 (nam

1926 2724 1982 2771 et
2032 2717 2269 2787 simplici
2333 2734 2375 2775 π
2412 2717 2727 2787 Scribitnr),
2790 2717 2971 2783 θέλεις
3026 2720 3294 2790 φάγωμεν
3349 2724 3519 2794 ἄρτου

1925 2811 2193 2883 ultio-tta;
2261 2813 2353 2867 hi'c
2408 2828 2605 2868 nomen
2657 2814 2911 2883 palatina:
2970 2815 3260 2885 dignitatis
3294 2832 3415 2887 est,
3450 2820 3521 2875 de

1924 2909 2031 2975 qtta
2066 2903 2309 2959 Codinus
2337 2904 2477 2960 inl'ra
2514 2922 2565 2961 c.
2591 2906 2644 2960 5.
2671 2903 2871 2962 Cnsi‘s.

1999 2991 2509 3069 [Abblandientium
2534 3008 2588 3052 et
2622 2998 3042 3056 balbutientium
3074 3018 3398 3073 puerorum,
3426 3024 3520 3078 pa-

1925 3097 2038 3144 tres
2064 3098 2119 3144 et
2158 3090 2418 3145 seniores
2477 3092 2897 3162 appellantium,
2963 3108 3067 3151 vox
3120 3108 3204 3154 est
3231 3104 3513 3158 παππίας.

1926 3180 2244 3237 Eustathius
2271 3182 2323 3236 in
2352 3180 2552 3239 Iliados
2580 3200 2614 3239 v
2641 3185 2831 3239 εΚατὰ
2854 3187 3091 3258 βρέφους
3125 3195 3517 3264 προσφώνησιν

1925 3274 2024 3328 καὶ
2059 3274 2205 3328 κατὰ
2225 3275 2742 3349 ἀναδιπλασιαὸμδν
2764 3280 3001 3351 λέγομεν
3052 3284 3244 3348 mina;
3276 3286 3375 3343 καὶ
3408 3306 3516 3341 πα-

1922 3368 2077 3437 πίας,
2105 3367 2286 3438 πάτερ
2345 3369 2624 3424 nimirum-
2670 3373 2810 3429 vice.
2852 3374 2945 3429 llle
2998 3380 3307 3445 monachus
3367 3386 3512 3454 apud

1923 3455 2233 3513 Palladium
2261 3460 2314 3514 in
2343 3458 2626 3519 Lausiacis
2680 3464 2917 3522 blande:
2952 3471 3140 3524 Παπία
3162 3515 3175 3532 ,
3209 3473 3391 3539 θέλεις
3416 3478 3516 3544 φά-
3616 3518 3619 3519 ν

1920 3567 2111 3621 γωμεν
2140 3552 2310 3622 ἄρτου
2347 3555 2567 3625 κλάσμα
2595 3575 2609 3623 ;
2640 3568 2694 3613 et
2739 3561 2829 3615 ille
2867 3562 3050 3619 alius:
3095 3566 3163 3619 Τί
3199 3566 3391 3633 λυπεῖς
3421 3578 3518 3624 καὶ

1920 3644 2237 3716 ἀδημονετς,
2292 3651 2519 3717 itania;
2557 3652 2603 3705 Α
2633 3654 2863 3724 privatis
2901 3659 3159 3716 domibus
3204 3674 3257 3718 et
3293 3663 3517 3721 l'au'tiliis

1919 3740 2062 3794 aula:
2108 3739 2196 3796 ΟΡ
2228 3743 2438 3799 reddita
2476 3743 2763 3803 familiaris
2795 3765 2896 3805 vox
2945 3753 3112 3809 ﬁdum
3141 3767 3195 3811 et
3234 3760 3511 3816 seniorem

1918 3831 2190 3903 significat
2249 3836 2602 3905 ministrum,
2678 3842 2839 3911 cujus
2898 3848 3166 3905 custodia
3248 3853 3513 3922 palatium

1920 3926 2366 3983 committeretur
2394 3938 2448 3986 et
2484 3931 2791 4002 integritati
2825 3936 3005 3992 claves
3038 3951 3198 3996 noctu
3231 3948 3515 4002 traderen-

1921 4028 2012 4073 tur
2045 4022 2416 4077 assert'audte.
2476 4017 2552 4078 Ita
2589 4041 2674 4080 me
2719 4037 2907 4083 monet
2951 4029 3218 4101 Georgius
3248 4034 3513 4097 Curesius

1918 4112 1972 4166 in
2007 4113 2329 4183 rescriptis;
2363 4131 2462 4170 uec
2499 4124 2706 4172 temere
2740 4129 2838 4173 aut
2898 4122 3125 4190 ignare:
3157 4125 3508 4187 Constantini

1916 4208 2159 4269 namque
2206 4202 2482 4260 Mauassis
2541 4211 2873 4265 auctoritate
2916 4212 3184 4289 fulcitur:
3241 4220 3382 4290 Πρὸς
3419 4225 3511 4277 τὸν

1915 4295 2026 4348 τῶν
2047 4295 2217 4349 οἴκων
2265 4298 2485 4366 φύλακα
2510 4301 2620 4354 τῶν
2672 4304 2730 4355 ἐν
2761 4307 2875 4368 τοῖς
2914 4308 3261 4380 ἀνακτόροις,
3296 4319 3509 4372 παπίαν

1915 4386 2154 4456 λέγομεν
2216 4391 2378 4444 αὐτὸν
2440 4393 2584 4448 κατὰ
2647 4394 2946 4466 Ῥωμαίων
2998 4402 3281 4470 γλῶσσαν.
3348 4411 3513 4466 Addit

1916 4476 2179 4536 Coresius
2234 4481 2376 4536 idem
2421 4486 2561 4540 aulae
2597 4486 2815 4544 clericis
2851 4492 3221 4566 palatinisque
3260 4501 3510 4557 ceclesiis

1916 4571 2091 4627 fuisse
2142 4577 2520 4666 praepositum,
2560 4596 2625 4635 ac
2694 4594 3011 4655 protOpapze
3046 4587 3511 4666 (archipreshytc-
3585 4646 3595 4652 .

243 4667 425 4721 induar
445 4676 498 4722 ει
519 4676 698 4723 emat,
724 4667 1001 4722 Indicatid
1016 4668 1343 4741 βεστὴτορος
1363 4672 1809 4728 υεειειονίείιὶςιίο
1844 4665 1886 4719 D
1918 4681 2040 4720 rum
2100 4664 2366 4741 intellige)
2445 4686 2840 4745 nonnunquam
2912 4695 3140 4736 munere
3208 4664 3473 4742 donatum

240 4760 450 4827 Latina,
500 4764 701 4833 prioris
741 4763 863 4817 vice
917 4766 1132 4833 posita:
1165 4766 1256 4819 ubi
1287 4767 1434 4820 enim
1484 4766 1808 4821 serihitCe-

232 4855 438 4909 drenus
464 4853 762 4909 Justiniani
787 4871 930 4909 anno
952 4858 1021 4912 22
1049 4857 1344 4912 ἀπώλεσαν
1376 4859 1427 4911 οἱ
1456 4858 1809 4929 βεστιαρῐται

229 4944 289 4996 τὸ
312 4946 534 5012 στέμμα
566 4946 661 5010 τοῦ
688 4946 977 5013 βασιλέως,
1013 4948 1377 5016 Theophanes
1410 4950 1573 5004 habet
1594 4950 1806 5003 ἀπώλε-

229 5053 330 5089 σαν
368 5040 419 5090 oi
455 5038 787 5107 βεστήτορες
820 5040 879 5091 τὸ
900 5040 1119 5110 στέμμα
1146 5041 1239 5094 τοῦ
1269 5041 1561 5111 βασιλέως.
1590 5042 1810 5098 Euclio-

226 5132 476 5201 legium:
537 5132 756 5200 ἐπαίρει
815 5132 874 5184 τὸ
928 5133 1232 5203 χλαμύδιον
1266 5136 1295 5185 ὁ
1336 5136 1683 5205 πατριάρχης
1715 5138 1812 5189 καὶ

224 5223 553 5277 ιπώἱόωσιν
595 5223 727 5276 αὐτὸ
759 5225 874 5287 τοῖς
907 5224 1251 5294 βεστίτορσιν
1296 5226 1392 5295 (ita
1425 5225 1617 5281 scribit
1652 5224 1808 5295 illud)

224 5317 324 5369 καὶ
348 5316 457 5384 τὴν
482 5314 700 5384 φισλαν.
735 5315 1283 5386 Πρωτοδεστιαρίτην
1333 5317 1518 5387 itaque
1558 5318 1691 5385 regii
1715 5336 1811 5372 cu-

224 5407 399 5461 biculi
462 5410 807 5478 magistrum,
859 5408 972 5462 sive
1023 5408 1293 5475 regiorum
1365 5409 1812 5463 cubiculariorum

223 5501 522 5568 priucipem
578 5500 1036 5568 interpr-elabere;
1086 5514 1323 5570 eumque
1348 5516 1487 5569 opus
1515 5501 1813 5555 ἀδέσποτον

221 5595 337 5662 iam
397 5592 746 5647 referendum
786 5597 866 5657 et;
922 5590 1071 5648 οἷκον
1130 5594 1401 5664 βασιλέως
1441 5596 1729 5661 πράττειν,
1759 5597 1811 5647 in

227 5686 574 5751 imperatoris
604 5685 843 5740 cubiculo
877 5687 1203 5753 ministrare,
1229 5687 1521 5742 describit.
1551 5684 1751 5757 Cosm]

304 5782 475 5855 188
504 5782 608 5849 Qui
636 5779 964 5851 sequuntur,
986 5781 1326 5836 domesticus
1366 5796 1572 5837 mensa:
1603 5789 1656 5835 et
1679 5796 1814 5848 prte-

238 5876 422 5931 l'ectns
452 5890 676 5936 mense,
706 5873 840 5928 satis
868 5874 982 5928 noti
1011 5881 1162 5931 sunt.
1206 5874 1414 5929 Gnsrs.

308 5965 375 6023 ι’.
409 5966 465 6021 9.
501 5964 885 6021 Phr-tecturam
912 5980 973 6020 ac
1014 5965 1311 6036 primatum
1368 5981 1533 6037 super
1561 5965 1811 6035 ejusdem

1918 4757 2188 4829 Egregie:
2225 4777 2346 4817 nam
2376 4772 2430 4818 et
2454 4780 2552 4833 pro
2588 4766 2906 4838 huiusmodi
2933 4764 3204 4831 seuteuiia
3237 4780 3320 4835 lite
3365 4783 3508 4834 mili-

1916 4860 2036 4904 tant
2060 4855 2438 4911 auctoritates.
2472 4857 2674 4926 Prima,
2699 4860 2879 4917 [renes
2901 4865 3110 4921 devotae
3138 4868 3505 4938 imprratricis

1916 4941 1973 4995 in
2008 4942 2152 4999 lecto
2176 4946 2315 5001 duas
2357 4948 2629 5018 imagines
2678 4954 2878 5023 reperit
2911 4957 3110 5027 impius
3162 4961 3360 5029 conjux
3397 4964 3507 5021 Leo

1919 5037 2252 5127 Coprouymi
2283 5044 2448 5108 illius,
2494 5048 2570 5098 ait
2634 5047 2937 5116 Cedrenus,
2979 5070 3116 5121 quas
3149 5055 3503 5127 inquisitioni-~

1915 5127 2059 5183 facta
2091 5124 2253 5200 εὗρεν
2288 5133 2371 5187 ὄτι
2401 5134 2429 5185 ὁ
2455 5136 2669 5201 παπίας
2695 5139 2789 5191 τοῦ
2835 5142 3100 5197 παλατίου
3153 5148 3502 5220 εἰσεκόμισεν

1915 5221 2107 5285 αὐτάς,
2139 5237 2167 5274 a
2210 5223 2410 5314 clerico
2441 5227 2631 5296 utique
2662 5230 2819 5286 iidem
2846 5242 2898 5287 et
2932 5237 3138 5292 cultum
3169 5239 3503 5314 imaginibus

1916 5320 2210 5377 servante;
2264 5313 2478 5368 altera:
2516 5314 2683 5372 Leoni
2737 5320 3002 5379 Armenio
3070 5344 3263 5389 necem
3295 5313 3499 5390 illaturi

1915 5401 2198 5458 Michaelis
2218 5403 2369 5460 Balbi
2407 5408 2565 5473 socii,
2601 5414 2950 5471 sacerdotum
2975 5424 3264 5480 ornatibus
3288 5443 3505 5481 assum-

1919 5497 2025 5565 ptis
2061 5498 2425 5571 simulataque
2468 5502 2752 5571 religionis
2801 5511 3011 5578 specie,
3047 5515 3213 5569 simul
3255 5532 3379 5571 cum
3408 5535 3503 5588 pa-

1921 5592 2107 5645 latinis
2140 5591 2357 5646 clericis
2409 5597 2714 5654 matutinas
2768 5600 2957 5656 laudes
2984 5604 3037 5658 in
3068 5608 3271 5675 palatio
3296 5609 3503 5662 dot-au-

1920 5684 2124 5737 taturis
2160 5684 2395 5741 admissi
2432 5698 2564 5741 sunt
2594 5707 2607 5743 :
2656 5692 2737 5761 Τῇ
2759 5695 2919 5747 νυκτὶ
2954 5696 3330 5765 ὁπλισθέντες,
3358 5700 3506 5754 ἔνδο-

1922 5774 2018 5827 Οεν
2047 5776 2115 5829 τὰ
2145 5777 2281 5847 ξίφη
2305 5777 2628 5847 φοροῦντες,
2683 5784 2777 5836 τοῦ
2812 5785 3017 5839 παπὶου
3051 5780 3393 5858 ἀνοίξαντος,
3425 5795 3505 5858 ὡς

1919 5871 1968 5920 οἱ
2004 5871 2193 5937 ἱερεῖς,
2231 5870 2371 5937 μετὰ
2404 5872 2686 5940 φελωνίων
2740 5879 3011 5947 εἰσῆλθον,
3067 5880 3264 5953 Papias
3297 5887 3501 5957 itaque.

1921 5978 2019 6015 ceu
2063 5978 2157 6017 eos
2215 5961 2502 6025 admittere
2554 5967 2772 6037 solitus,
2800 5986 2863 6024 es
2893 5985 3086 6028 eorum
3133 5992 3361 6033 numero
3395 5978 3500 6035 fuit
