4064 6428
579 352 676 443 2n

1650 374 1731 441 IN
1792 377 2097 453 LIBRUM
2158 384 2257 443 DE
2307 385 2645 452 OFFlCllS
2684 394 2800 454 ΟΡ.

3722 408 3806 475 Eli
3844 434 3851 440 ·

581 483 681 524 nes
720 470 916 525 iterum
943 472 1000 527 in
1031 471 1344 542 Justiniano
1371 494 1385 531 :
1414 478 1523 533 Καὶ
1557 480 1585 532 ὁ
1611 480 1706 533 τοῦ
1749 483 2014 553 δημοσίου
2041 489 2163 558 δρό-

2284 491 2339 543 'll
2376 494 2522 565 φυγὴ
2547 495 2602 547 δὲ
2642 498 2776 566 πρὸς
2808 498 2901 552 τὸν
2957 501 3295 570 ἱππόδρομον
3336 507 3475 560 κατὰ
3507 507 3571 562 τὰ
3602 470 3810 585 ἀσηιιρηζ

587 578 690 631 μου
721 564 1160 635 ἐπιμελούμενος
1197 567 1546 642 ηὐτομόλησε
1587 577 1871 647 παραδοὺς
1897 582 2027 644 τοὺς
2070 582 2166 652 δητ

585 656 810 723 μοσίους
848 657 1073 722 ἵππους.
1123 658 1371 725 Habebat
1406 665 1496 720 ille
1524 666 1625 722 sub
1670 685 1765 731 sua
1802 671 2167 741 dispositione

582 750 1040 817 protonotarium,
1068 753 1136 808 de
1161 771 1272 824 quo
1316 757 1960 836 Constantinuseitatus;
2010 766 2142 820 Ἀπέ

496 854 505 863 ’
584 841 764 893 στειλε
783 845 1177 916 χαρτουλάριον
1204 848 1295 901 τὸν
1318 850 1486 916 ὀξέως
1516 852 1740 923 δρρμου.
1768 856 1873 931 Qui
1904 858 2162 913 nimirum

511 968 524 994 ,
580 947 872 987 cursorum
899 937 1286 1005 equitationcs.
1324 943 1547 1021 tradita,
1583 959 1798 1016 recepta
1858 962 2167 1006 annotaret.

586 1024 949 1095 Theophanes
985 1029 1036 1081 in
1076 1030 1341 1089 Hichaele
1375 1035 1672 1109 Theophili
1696 1041 1809 1095 lilio
1834 1042 1958 1099 :‘Ev
1987 1045 2169 1119 τούτῳ

582 1117 640 1169 δὲ
665 1117 734 1170 τὰ
760 1120 1070 1191 γράμματα
1101 1125 1180 1194 τῷ
1217 1134 1648 1203 πρωτονοταρίῳ
1673 1133 1768 1207 τοῦ
1791 1135 1996 1206 δρόμου
2017 1117 2169 1208 παρᾷ

582 1210 679 1264 τοῦ
709 1212 1059 1281 πεφθακότος
1078 1218 1206 1289 ἄρτι
1230 1222 1710 1294 ἐνεχειρίσθησαν,
1740 1228 1816 1291 ὡς
1845 1230 1905 1282 ἐν
1925 1234 2038 1294 τοϊς
2058 1233 2169 1288 Msa.

582 1301 872 1371 λσγγείοις
896 1309 1474 1377 ἐστρατοπεδεύσαντο
1495 1320 1544 1371 οἱ
1570 1320 1885 1389 Σαρακηνοὶ
1910 1324 2170 1394 διαγγέλ-

587 1393 772 1451 λοντα.
809 1401 869 1451 '0
890 1402 1024 1469 γοῦν
1051 1410 1490 1479 πρωτονοτάριος
1517 1412 1818 1486 σκυθρωπὴ
1830 1433 1926 1485 σας
1949 1393 2063 1471 ἐπὶγ
2098 1421 2167 1492 τῇ

586 1490 823 1563 ἀγγελίᾳ
875 1495 1156 1566 προσῆλθε
1196 1501 1275 1570 τῷ
1332 1502 1547 1577 βασιλεῖ
1600 1508 1697 1560 καὶ
1752 1494 2045 1563 ὑπεδείκνυ
2098 1490 2171 1565 τὰ

587 1583 920 1654 γράμματα,
959 1589 1030 1643 De
1059 1586 1326 1663 logotheta
1357 1597 1457 1651 hoc
1482 1598 1690 1667 divinat
1727 1599 2093 1671 Leuttclavins
2116 1603 2169 1661 iu

590 1674 945 1734 Onomastico
972 1698 984 1734 :
1018 1682 1280 1749 Arbitror,
1311 1690 1408 1759 ait,
1439 1690 1517 1743 ita
1542 1692 1743 1747 dictum
1775 1695 2172 1751 cancellarium

589 1768 784 1835 dromi,
815 1774 1093 1840 cujusdam
1122 1777 1318 1847 scilicet
1364 1781 1558 1845 palatii
1587 1782 1700 1849 ΟΡ,
1732 1786 1874 1855 quod
1926 1788 2169 1843 dromum

589 1862 873 1918 vocabant.
901 1863 1133 1934 Reperio
1169 1869 1223 1939 in
1253 1870 1385 1925 Jure
1424 1873 1517 1943 Gr.
1559 1892 1613 1947 p.
1649 1876 1774 1944 152,
1820 1877 2175 1950 δικαστήριον
2210 1860 2251 1917 Β

588 1952 684 2004 τοῦ
724 1954 1085 2027 ἱπποδρόμου,
1150 1961 1215 2016 ad
1273 1962 1697 2037 llippotromum
1750 1985 1947 2040 nempe
1981 1972 2170 2034 situm.

546 2053 554 2061 ’
590 2046 734 2111 Quid
762 2049 807 2109 si
836 2050 903 2104 de
940 2053 1104 2125 rebus
1136 2055 1188 2111 in
1236 2058 1355 2136 ipso
1392 2058 1767 2131 Hippodromo
1805 2065 2175 2136 contingenti-

588 2140 694 2194 hus
720 2140 1014 2225 iudicaret,
1039 2161 1103 2201 ac
1126 2132 1418 2226 λογοθιίτης
1468 2152 1561 2206 τοῦ
1596 2156 1799 2225 ᾂρόμου
1833 2173 1941 2221 non
1979 2132 2176 2214 c'ursus

588 2232 757 2295 modo
790 2236 992 2302 publici
1023 2240 1116 2293 sed
1153 2249 1208 2294 et
1252 2244 1528 2316 equestris
1564 2248 1617 2303 in
1654 2248 1999 2313 circensibus
2032 2251 2177 2305 ludis

590 2327 915 2385 certaminis
965 2341 1244 2413 sumptus,
1284 2336 1547 2413 rationes,
1581 2354 1783 2399 census
1816 2341 2117 2397 discuteret
2149 2342 2171 2396 3

594 2414 925 2492 Suspicandi
962 2433 1266 2493 suggerunt
1317 2442 1509 2499 ansam
1543 2444 1606 2483 ea
1666 2430 1702 2483 l.
1736 2448 1769 2491 γ
1827 2432 2177 2503 Antbologire

592 2507 1060 2588 Epigrammatum
1096 2531 1219 2585 quae
1250 2520 1562 2584 composuit
1618 2520 1859 2587 Thomas
1911 2527 2178 2592 patricius

593 2601 794 2672 κριτὴς
850 2604 946 2676 τοῦ
979 2596 1185 2676 δρόμου
1217 2606 1270 2661 in
1312 2609 1667 2669 Anastasium
1701 2628 1766 2668 ac
1797 2617 1983 2685 plures
2040 2617 2178 2681 alios

594 2707 835 2765 quatuor
863 2684 1163 2754 factionum
1196 2702 1248 2755 in
1271 2700 1434 2775 Circo
1465 2703 1532 2758 de
1557 2707 1732 2774 palma
1772 2684 2174 2764 decertantium

595 2789 839 2862 aurigas.
875 2790 1046 2869 Auget
1074 2794 1448 2862 suspicionem
1484 2782 1778 2858 Turnebus
1812 2799 2045 2859 Advers.
2082 2803 2174 2865 Η,

600 2880 687 2945 tl,
725 2876 1014 2937 scribens:
1055 2881 1184 2937 Erat
1210 2894 1264 2939 et
1290 2896 1617 2955 procurator
1652 2890 1850 2952 dromi.
1881 2907 2041 2959 quem
2076 2907 2177 2962 ego

594 2974 766 3041 credo
816 2975 932 3044 ejus
989 2974 1096 3030 loci
1132 2978 1573 3043 procurationem
1609 2984 1847 3052 gessisse
1881 2984 1969 3039 ubi
2004 3001 2176 3055 equos

593 3081 728 3138 suos
764 3066 951 3133 Veneti
987 3077 1079 3141 aut
1106 3069 1210 3124 alia
1239 3069 1403 3124 factio
1453 3088 1711 3129 exercere
1747 3076 1978 3131 solebat.
2044 3080 2175 3135 Dro-

592 3177 719 3223 tnus
750 3163 894 3234 enim
928 3162 1109 3216 locum
1143 3163 1232 3230 hic
1264 3165 1552 3235 signiﬁcat,
1589 3178 1649 3222 ut
1676 3167 1729 3224 in
1762 3170 2172 3239 Hippodromo;

590 3259 788 3323 estque
817 3254 977 3325 plane
1009 3253 1443 3327 Hippodromus,
1500 3270 1558 3313 ut
1614 3261 1667 3313 in
1725 3262 1816 3316 illa
1856 3265 2174 3336 epigrapha,
2202 3238 2247 3300 Ο

593 3341 951 3398 Procuratori
991 3344 1175 3399 Dromi
1210 3344 1259 3413 Ε
1261 3349 1485 3417 actionis
1526 3350 1749 3409 Vcttettc.

666 3435 730 3491 Ρ.
765 3436 855 3510 10.
906 3435 1037 3518 [Qui
1074 3443 1605 3515 πρωτοασηκρῆτις,
1656 3452 2172 3521 πρωτοασεκρῆτις’

597 3544 700 3593 nec
732 3545 840 3583 non
880 3534 1381 3607 πρωτοασεκρέτης
1432 3537 1711 3603 scribitur,
1747 3548 1805 3594 ut
1833 3545 2064 3610 primunt
2093 3563 2179 3599 so-

597 3624 886 3702 crcturiuut
913 3623 1138 3693 iudicat,
1178 3628 1251 3682 ita
1288 3629 1606 3698 etjudicum
1647 3636 1882 3688 omnium
1912 3648 2180 3706 prastan-

598 3698 886 3789 tissimuut.
936 3716 980 3789 Α
1012 3717 1249 3795 secretis
1291 3719 1610 3788 primarium
1647 3723 1939 3795 signiticet,
1978 3740 2182 3783 secreta

602 3806 875 3878 siquidem
909 3809 978 3861 τὰ
1010 3793 1305 3891 ἀπόρρητα
1332 3813 1633 3883 Procoyius
1679 3793 2097 3886 interpretatur,
2127 3832 2183 3877 et

600 3915 631 3969 tt
666 3901 876 3973 secretis
906 3915 1232 3973 arcanorum
1274 3904 1573 3975 notarium,
1613 3907 1648 3960 l.
1687 3922 1725 3961 tl
1755 3907 1833 3969 De
1886 3909 2020 3962 bello
2056 3908 2183 3965 Pcr-

598 3982 755 4057 sico:
801 3992 1091 4067 '[oultavov
1113 3993 1206 4067 τὸν
1242 3994 1351 4049 τῶν
1398 3998 1732 4067 ᾀπορρήτιιιν
1793 4001 2138 4070 γραμματέα
2162 4019 2175 4033 ·

597 4084 906 4161 ὰσηκρῆτις
932 4084 1161 4159 καλοῦσι
1188 4085 1349 4139 τοῦτο
1378 4088 1437 4160 τὸ
1458 4089 1679 4157 ἀξίωμα
1720 4089 1988 4162 Ῥωμαῖοι
2012 4107 2027 4122 ⁸
2084 4112 2183 4165 ση-

599 4180 779 4259 imit-ca
811 4179 927 4249 γὰρ
949 4182 1017 4233 tit
1044 4176 1360 4251 ἀπόρρητα.
1390 4181 1588 4236 Suidas
1624 4198 1640 4236 :
1674 4185 1784 4239 τῶν
1840 4186 2177 4259 ἀπορρήτων

598 4258 960 4343 γραμματέα,
1003 4270 1252 4343 τουτέστι
1273 4274 1546 4348 νοτᾷριον,
1575 4274 1886 4346 ἀσηκρῆτις
1914 4278 2181 4333 καλοῦσιν

600 4362 651 4433 ot
709 4361 995 4437 ’ξ’ωμαίοι.
1061 4361 1345 4433 Manasses
1407 4366 1458 4430 in
1520 4367 1759 4435 politicis
1807 4371 2181 4428 carminibus:

603 4454 853 4528 ᾁνᾲιιτων
889 4453 1384 4529 ἡπογραμματεὺς,
1417 4458 1474 4517 ὃν
1504 4476 1671 4526 φασιν
1716 4461 2047 4533 ἀσηκρῆτιν.
2081 4463 2183 4519 Se-

602 4557 815 4619 cretum
851 4546 1088 4619 secundo
1141 4560 1351 4605 veteres
1380 4552 1573 4621 gloss-aa
1626 4553 1982 4624 δικαστήριον
2011 4571 2182 4626 expo-

606 4650 762 4711 unm.
795 4638 1178 4709 Cassiodorus,
1209 4640 1244 4694 l.
1274 4658 1326 4695 ιι
1365 4643 1520 4712 prati.
1552 4643 1899 4715 Quapropter
1955 4648 2189 4702 admini-

605 4738 811 4801 strator
852 4729 1226 4805 amplissimus
1262 4732 1338 4799 (id
1373 4734 1457 4788 σει
1500 4735 1794 4805 prtet'eetus
1834 4740 2110 4810 praetorio)
2140 4740 2187 4795 si

602 4835 830 4893 vacasse
860 4819 1135 4888 credatur,
1169 4823 1524 4894 opprobriqu
1568 4836 1672 4895 est,
1705 4827 1867 4895 cujus
1901 4831 2068 4883 etiam
2101 4845 2188 4884 se-

606 4902 815 4986 cretum
876 4910 1101 4983 dicitur,
1166 4914 1312 4981 quod
1343 4913 1696 4972 tumultuosis
1727 4920 2038 4982 actionibus
2072 4937 2191 4977 ver-

603 5006 846 5075 beratur.
882 5003 1012 5059 Vide
1034 5016 1292 5073 secretum
1324 5006 1651 5078 auditorium
1672 5009 1910 5081 praefecﬁ
1941 5010 2187 5082 dictum;

607 5100 731 5165 ideo
756 5106 1030 5161 secretum
1064 5096 1190 5166 quia
1227 5096 1277 5149 in
1315 5099 1613 5161 secretiore
1640 5100 1925 5167 penetrali,
1964 5103 2193 5167 minime

605 5198 785 5253 tamen
807 5196 1102 5260 secretum.
1133 5186 1260 5260 quia
1292 5188 1642 5254 tumultuosis
1672 5189 1979 5255 actionibus
2004 5208 2194 5261 perso-

604 5294 761 5349 naus.
784 5256 1008 5351 Paulum
1034 5256 1448 5349 Samosatenum
1474 5279 1976 5348 damnatEusebius
1998 5285 2190 5351 “1,25,

609 5371 753 5442 quod
781 5372 1073 5441 σηκρῇτον,
1097 5370 1287 5441 ῶσπερ
1315 5373 1363 5424 οἱ
1390 5372 1484 5425 τοῦ
1506 5375 1711 5443 κὸσμου
1734 5375 2016 5448 ἄρχοντες,
2042 5376 2191 5450 εἶχέν

610 5479 670 5535 τε
695 5464 791 5527 καὶ
820 5463 1143 5539 ᾡνόμαζενε
1180 5462 1547 5529 Secretarium
1592 5469 1733 5531 idem
1765 5468 1977 5529 Latinis
2014 5476 2189 5547 audit,

605 5567 659 5611 et
678 5557 1293 5627 ϐτωοὶς,,ἀσηκρητεῖον.
1313 5558 1592 5617 Cedrenus
1615 5562 1666 5615 in
1692 5562 1873 5618 Leone
1895 5568 2157 5625 Armenio
2178 5586 2191 5621 :

611 5650 919 5719 ᾼεξάμενος
942 5652 1041 5713 τὰς
1071 5650 1337 5720 μηνύσεις
1362 5654 1389 5705 ὀ
1420 5652 1678 5722 βασιλεὺς
1706 5657 1763 5707 ἐν
1784 5659 1896 5720 τοῖς
1936 5659 2189 5729 ἁσηκρη-

614 5742 782 5811 τείοις
814 5744 1061 5808 ἐκάθισε,
1091 5743 1185 5796 καὶ
1208 5744 1445 5814 ἀκριϐὴς
1505 5746 1801 5817 ἐξεταστὴς
1832 5750 1942 5803 τῶν
2013 5770 2188 5821 μηνυ-

622 5832 825 5913 θέντων
845 5834 1079 5917 ἐγίνετο.
1106 5836 1459 5914 Curopalatcs
1486 5837 1544 5901 in
1578 5836 2189 5924 ilichacle‘Theophili:

2273 585 2415 634 τεῖαο
2480 587 2598 637 ἐκεῖ
2644 588 2749 659 γὰρ
2810 590 2933 643 τότε
2994 592 3055 644 τὸ
3119 592 3229 647 τῶν
3312 596 3605 667 ἅσηκρῆτις
3668 620 3815 665 κατα-

2274 674 2498 741 γώγιον.
2549 675 2890 747 Nicephorus
2949 693 3004 739 et
3058 684 3303 754 lgnatius
3358 692 3663 757 patriarcha:
3698 710 3809 749 san-

2276 766 2509 821 ctissimi
2541 784 2570 821 a
2630 774 2859 829 secretis
2915 776 3089 842 luere,
3151 794 3218 835 ae
3274 780 3393 835 ideo
3438 782 3609 836 λσῖκοί
3664 802 3690 838 a
3735 787 3819 841 tle»

2278 861 2449 915 tlreno
2493 866 2705 933 scripti.
2760 867 2837 921 Ex
2870 868 2955 925 his
2991 871 3190 939 colligo
3242 877 3717 945 πρωτοασηκρῆτιν
3761 882 3815 931 ab

2277 954 2491 1009 areanis
2512 955 2771 1025 principis
2797 960 2954 1030 193
2984 964 3313 1031 praecipuum
3337 967 3614 1021 dicendum
3634 980 3818 1025 auctore

2279 1042 2489 1101 Codino
2519 1046 2571 1101 itt
2623 1047 2773 1120 Orig.
2823 1053 3012 1108 Const.
3080 1055 3269 1119 καθώς
3323 1074 3457 1126 φησι
3506 1060 3816 1131 Πλούταρχος

2279 1143 2774 1211 πρωτοασηκρῆτις
2806 1146 2902 1199 καὶ
2948 1148 3414 1219 ἐπιστολογράφος
3454 1153 3816 1207 ’1ουστινιανοῦ.

2280 1225 2607 1287 Senatorum
2639 1233 2863 1303 insuper
2893 1236 3254 1309 judienmque
3285 1242 3567 1309 praasidem
3606 1244 3699 1296 hoc
3735 1258 3816 1296 no—

2281 1332 2403 1373 men
2441 1324 2635 1377 mereri
2667 1340 2762 1379 ceu
2792 1325 3010 1395 πρῶτον
3030 1329 3168 1383 inter
3199 1331 3535 1401 ἀσηκρῆτις,
3588 1344 3641 1387 et
3687 1333 3769 1402 qui
3798 1350 3820 1385 ιι

2278 1411 2556 1473 Constant?
2567 1431 2635 1475 no
2654 1416 2853 1473 lectore
2870 1420 3071 1480 dicitur
3085 1421 3194 1474 τῶν
3219 1425 3498 1493 σεκρέτων
3516 1424 3820 1495 πρώτιστοςε

2238 1519 2251 1529 '
2280 1505 2373 1573 qui
2422 1507 2582 1565 etiam
2613 1507 2905 1565 llincntaro
2956 1513 3278 1571 notissimus
3327 1516 3433 1570 fuit
3487 1518 3640 1586 epist.
3677 1517 3709 1570 3
3750 1518 3828 1571 lli.

2278 1593 2376 1661 Cui
2405 1597 2718 1653 sociabatur
2749 1616 2995 1661 snnnnus
3024 1606 3408 1671 cancellarius,
3447 1608 3539 1677 qui
3567 1623 3596 1662 a
3638 1610 3833 1664 secretis

2280 1690 2410 1746 olim
2438 1693 2832 1762 appellabatur,
2863 1708 2969 1752 etc.
3028 1696 3229 1754 Verum
3259 1701 3509 1771 quisnam
3540 1702 3624 1758 hic
3654 1704 3716 1757 de
3736 1718 3830 1772 quo

2284 1798 2384 1844 los
2410 1799 2530 1839 cum
2548 1772 2783 1846 auctore
2807 1793 3346 1862 npwtoaoqxpﬁttc?
3376 1794 3459 1849 An
3488 1810 3680 1851 arcana
3707 1797 3830 1850 inter

2279 1888 2510 1934 caeteros
2540 1880 2782 1935 delectus
2834 1885 3191 1953 excepit,'vel
3232 1901 3501 1956 supremo
3525 1888 3644 1956 jure
3696 1903 3835 1943 exer-

2278 1971 2668 2042 cnitjudiciutn
2692 1972 3031 2046 ‘iUtrumque
3054 1978 3334 2045 existimo,
3356 1982 3576 2050 agnovit
3596 1981 3835 2051 siquidem

2280 2061 2575 2118 Menander
2606 2063 2659 2117 in
2706 2065 2919 2135 Eclogis
2952 2067 3080 2121 τινὰ
3103 2069 3255 2134 παρὰ
3288 2070 3534 2141 Πέρσαις
3562 2074 3672 2134 τοῖς
3701 2070 3836 2140 βασι-

2278 2153 2450 2217 λικοῖς
2478 2172 2538 2207 τε
2568 2158 2665 2211 καὶ
2707 2156 2993 2227 δημοσίοις
3029 2161 3360 2229 πράγμασιν
3415 2162 3835 2234 ἐξυπηρετοὺμεέ

2280 2262 2393 2309 νον,
2426 2246 2487 2299 ὃν
2512 2248 2565 2300 εῐ
2586 2265 2669 2311 τις
2692 2249 2939 2303 Λατίνων
2976 2252 3250 2320 χρήσαιτο
3319 2257 3497 2326 φωνῇ,
3556 2256 3837 2325 ἀσηκρῆτις

2283 2340 2801 2407 προσαγορεύσειεν.
2839 2340 3140 2398 Discrimen
3178 2346 3494 2416 "utriusque
3546 2361 3576 2399 a
3642 2346 3842 2401 secretis

2281 2428 2436 2497 plura
2464 2432 2606 2500 apud
2633 2434 2832 2500 probos
2857 2444 3111 2490 auctores
3124 2436 3289 2490 contu
3301 2452 3361 2492 se
3373 2439 3575 2507 scripta
3592 2438 3849 2509 perturba-

2283 2518 2487 2589 timque
2504 2522 2730 2592 legenda
2744 2525 3011 2583 dilucidat
3038 2526 3419 2597 Dempsterus.
3436 2531 3708 2585 Artemius
3725 2530 3849 2583 Ana-

2282 2616 2485 2670 Stasius
2497 2627 2547 2672 et
2565 2616 3055 2688 Photiusmterque
3073 2624 3586 2693 πρωτοασηκρῆτις
3606 2620 3845 2688 assumpti

2282 2716 2430 2771 sunt,
2451 2708 2540 2762 ille
2563 2708 2615 2762 in
2658 2709 3063 2778 imperatorem,
3112 2711 3255 2766 alius
3279 2713 3334 2766 in
3353 2715 3718 2782 patriarcham
3752 2710 3843 2767 (ΣΡ.

2360 2800 2417 2863 P.
2472 2800 2554 2860 l0.
2583 2800 2682 2873 [Ὀ
2714 2802 2811 2856 ἐπὶ
2838 2803 2945 2857 τοῦ
2984 2804 3274 2872 στρατοῦ.
3316 2805 3681 2876 Bullengerus
3698 2818 3848 2874 expo-

2282 2894 2362 2955 nit
2375 2893 2467 2947 τὸν
2484 2894 2577 2948 ἐπὶ
2592 2896 2701 2957 τοῖς
2723 2896 2931 2960 ὅπλοις,
2950 2900 3039 2965 qui
3056 2903 3703 2970 armamentarioprteest.
3720 2899 3853 2968 Apud

2280 2985 2524 3041 Nieetam
2545 2988 2743 3053 Alexii,
2771 2989 2808 3043 l.
2832 3004 2890 3043 tn
2919 2991 3013 3043 ἐπὶ
3040 2991 3151 3043 τῶν
3172 2992 3482 3062 βασιλικῶν
3512 2996 3714 3059 ὅπλων,
3733 2990 3854 3062 apud

2283 3078 2671 3148 Theophanem
2701 3081 3007 3135 ἐπάνωτοῦ
3035 3084 3402 3154 ἁρμαμέντου
3468 3087 3681 3157 reperio
3736 3084 3858 3140 sCri-

2282 3180 2432 3239 ptum
2461 3195 2473 3227 :
2502 3174 2898 3230 additessecot‘i
2924 3179 3296 3245 στρατοπέδου
3322 3182 3680 3234 καταστάντα
3704 3178 3860 3245 amp:

2286 3279 2403 3339 χον,
2433 3263 2490 3325 ὃς
2511 3266 2610 3332 τῆς
2639 3265 2886 3337 δαπάνης
2916 3269 3159 3337 χορηγὸς
3190 3270 3559 3339 ὀνομάζεται.
3587 3268 3693 3325 Τοῦ
3718 3284 3863 3337 cep:-

2287 3355 2382 3407 τοῦ
2412 3357 2628 3423 φύλακα
2643 3360 2902 3414 exercitus
2934 3362 3201 3414 custodem
3246 3373 3410 3427 yocat
3437 3363 3678 3419 Nicetes.
3732 3357 3866 3414 Meti-

2288 3447 2655 3504 ettdiseastris
2678 3450 2991 3520 praefectum
3021 3454 3276 3508 ostendet
3316 3466 3544 3521 auctor,
3580 3473 3634 3512 c.
3657 3454 3739 3509 l6.

2360 3541 2443 3596 Ib.
2484 3540 2584 3613 [Ὅ
2612 3548 2933 3613 μυστικός.
2963 3544 3196 3615 Legebat
3227 3548 3367 3602 olim
3418 3549 3714 3605 Gretserns
3738 3549 3765 3600 ὁ
3788 3562 3871 3614 μυ⁴

2288 3636 2473 3699 στιχὸς
2496 3635 2606 3688 τῶν
2631 3636 2875 3705 σχολῶνι
2905 3637 3001 3701 sed
3033 3638 3261 3692 omnino
3296 3655 3496 3709 prave.
3529 3640 3745 3710 [tegunt
3780 3639 3874 3693 Re-

2290 3730 2373 3797 gia
2404 3729 2607 3798 absque
2637 3730 2824 3783 addito
2856 3731 2884 3781 ὁ
2915 3732 3200 3799 μυστικὸς.
3258 3732 3573 3792 Gretserus
3627 3736 3874 3804 interpres

2290 3820 2434 3875 unde
2464 3821 2626 3875 vertit
2660 3823 2910 3891 mysticus
2936 3838 2954 3874 :
2989 3838 3112 3877 mox
3143 3824 3528 3882 domesticum
3572 3827 3867 3883 scholarum

2288 3912 2458 3966 addit.
2493 3911 2755 3967 Perversa
2779 3913 2875 3968 lcet
2889 3914 2940 3966 io
2966 3916 2993 3966 ὁ
3015 3914 3286 3982 μυστικὸς
3309 3918 3428 3970 τῶν
3463 3920 3677 3989 σχολῶν
3710 3915 3875 3983 adegit

2291 4012 2380 4053 me
2421 4002 2474 4052 in
2505 3998 2838 4068 Cedrennm,
2885 4014 2945 4055 ut
2990 4003 3226 4063 ollicium
3260 4007 3415 4061 istud
3456 4025 3572 4065 non
3619 4007 3816 4065 civitati
3833 4014 3881 4071 et

2248 4134 2255 4141 .
2291 4090 2526 4161 legibus,
2560 4092 2653 4151 sed
2687 4094 2883 4149 castris
2907 4096 3267 4152 ascriberem.
3322 4100 3573 4171 Propius
3607 4101 3883 4168 inspicien-

2293 4192 2423 4249 tem,
2454 4194 2514 4237 ut
2538 4186 2850 4240 secretioris
2880 4188 3093 4242 consilii
3121 4201 3446 4248 senatorem
3481 4195 3578 4249 τὸν
3635 4192 3883 4265 μυστικὸν

2292 4273 2702 4344 interpretarer,
2736 4274 2963 4331 Joannis
3010 4277 3220 4333 Tzetzae
3269 4286 3652 4351 epistolarum
3713 4285 3885 4341 ultima

2292 4367 2574 4435 compulit.
2595 4366 2687 4422 Sic
2717 4367 2877 4422 habet
2912 4387 2925 4423 ε
2957 4370 3047 4436 Τῷ
3067 4372 3345 4442 μυστικῷ,
3384 4377 3576 4449 κυρίῳ
3602 4375 3891 4447 Νικηφόρῳ

2293 4458 2368 4531 τῷ
2384 4459 2580 4528 Σῳόιλ
2590 4459 2669 4529 ίῳ.
2687 4460 2963 4531 Ὀφθαλμέ
2980 4462 3294 4529 γερουσίας.
3312 4467 3423 4519 ὑπε
3434 4469 3574 4539 ροχὴ
3591 4471 3693 4537 τῆς
3710 4467 3888 4538 ἀρχῆς.

2301 4551 2677 4629 μυπηριῶτις
2721 4551 2907 4621 βουλὴ,
2938 4552 3046 4605 τῶν
3086 4552 3214 4621 πρὶν
3242 4555 3568 4627 Καισάρων
3609 4555 3893 4629 Σερϐιλίων

2291 4616 2548 4712 απὸγονε.
2581 4616 2980 4698 Νῗιάίιυοίιίίιιε
3008 4616 3212 4699 oﬂ'usas
3246 4660 3279 4700 a
3312 4616 3597 4705 Gretsero
3651 4616 3894 4705 tenebras

2292 4744 2475 4806 potest
2498 4735 2802 4793 discutere.
2820 4733 2938 4789 Vim
2962 4752 3232 4791 summam
3263 4738 3495 4797 faciunt
3515 4744 3641 4800 haec
3663 4744 3770 4798 duo
3785 4753 3899 4794 ver-

2293 4828 2385 4891 ba,
2416 4827 2665 4897 ὀφθαλμέ
2692 4828 2985 4895 γερουσίας
3016 4829 3085 4884 ab
3117 4830 3365 4899 ipsemet
3393 4834 3608 4889 Tzetze
3641 4835 3787 4892 Chil.
3840 4830 3901 4883 lt)

2297 4921 2379 4975 tit.
2396 4921 2522 4984 350,
2543 4921 2671 4991 περὶ
2685 4920 2783 4972 τοῦ
2796 4920 3079 4989 ὀφθαλμοῦ
3096 4924 3401 4989 γερουσίας
3419 4942 3489 4981 ex
3500 4927 3708 4996 posita:
3729 4926 3791 4979 Οί
3806 4939 3903 4975 πα-

2294 5012 2439 5066 λαιοὶ
2458 5013 2557 5083 μὲν
2585 5012 2900 5082 ὀφθαλμοὺς
2916 5012 3144 5066 ἐκάλουν
3172 5012 3465 5081 βασιλέων
3485 5020 3625 5082 τοὺς
3652 5015 3904 5091 περιϐλέ-

2294 5121 2467 5167 πτους
2487 5104 2595 5157 τῶν
2612 5103 2844 5174 ἀνδρῶν,
2863 5104 2990 5166 τοὺς
3008 5104 3261 5175 πρώτους
3284 5108 3392 5175 τῆς
3424 5111 3774 5181 συγκλήτου.
3809 5109 3903 5163 Ρο-

2296 5205 2467 5257 testas
2487 5197 2608 5266 ejus
2633 5197 2686 5251 in
2707 5197 2831 5266 jure
2859 5197 3099 5251 dicundo
3133 5207 3188 5253 et
3214 5198 3389 5255 bonis
3431 5205 3698 5259 ecclesia:
3731 5201 3905 5257 vindi-

2295 5289 2484 5344 candis
2504 5291 2677 5343 elucet
2697 5287 2848 5343 Juris
2875 5288 2971 5345 Gr.
3001 5290 3036 5342 l.
3058 5304 3122 5349 lt,
3143 5290 3356 5360 p.155,
3379 5303 3442 5349 et
3459 5295 3702 5361 iterum,
3733 5291 3907 5365 p.l68.

2293 5383 2372 5437 Ex
2392 5382 2622 5451 Mystico
2646 5381 2929 5439 Nicolaum
2947 5383 3330 5452 patriarcham
3353 5387 3578 5445 factum
3610 5391 3750 5459 legis
3778 5388 3913 5457 apud

2291 5473 2599 5529 Cedrenum
2628 5476 2678 5529 in
2703 5476 2885 5529 Leone
2899 5474 3178 5543 Sapiente.
3196 5475 3635 5550 Μυστογράφος
3658 5481 3915 5545 scribitur

2291 5565 2439 5621 Juris
2457 5566 2549 5622 Gr.
2571 5575 2700 5620 tom.
2732 5583 2792 5627 ll,
2823 5582 2873 5635 ι).
2908 5566 3029 5620 180.
3053 5565 3259 5620 Forsan
3296 5574 3615 5641 μυστικάς,
3639 5575 3789 5644 quod
3814 5573 3918 5634 pri-

2294 5672 2419 5714 mus
2447 5660 2499 5712 in
2530 5659 2828 5713 secretiore
2861 5659 3092 5713 consilio
3119 5658 3370 5724 sisteret,
3432 5666 3595 5730 quod
3659 5676 3916 5719 secretum

2302 5749 2513 5819 antiqui
2540 5750 2846 5819 scripsere;
2871 5751 2957 5804 cui
2980 5751 3215 5818 quadrat
3242 5748 3395 5805 illud
3434 5754 3734 5812 Acbmetis
3780 5754 3916 5823 apud

2305 5844 2629 5901 Meursium-
2663 5843 2940 5908 Μυστικὸς
2983 5842 3235 5915 ἔσταιτῴ
3294 5845 3523 5917 Φαραὼ
3558 5851 3661 5907 καὶ
3702 5848 3917 5921 πρῶτος
