4064 6488
455 460 559 524 221

461 575 539 626 xit
570 569 798 624 Michael
828 560 1193 637 Palmologus.
1232 559 1478 618 Tandem
1508 563 1610 616 sub
1634 560 1870 627 imperio
1898 556 2037 610 Tur—
2067 565 2110 619 Α

460 663 579 715 cico
610 660 806 713 misere
836 655 1365 725 conﬂagravit.Lego
1391 650 1791 714 Cantacuzeni,
1822 666 1863 711 ι,
1916 648 1983 703 56
2017 666 2029 701 :

463 749 712 803 Πεπανόν
735 765 855 801 τινα
882 748 990 799 τῶν
1030 748 1089 799 ὲν
1114 747 1450 814 Βλαχέρναις
1490 741 1916 811 προκαθήμενον
1948 739 2039 809 βαι

464 842 705 902 σιλεὶων,
742 840 850 893 τῶν
886 840 1013 909 τῇδε
1051 838 1253 907 τειχῶν
1280 837 1378 905 τὴν
1428 833 1681 902 φυλακὴν
1738 847 2039 885 πεπιστευο

466 934 645 1001 μένον.
679 920 789 985 Hoc
809 930 1235 999 προκαθημένου
1262 928 1431 995 hujus
1458 924 1721 980 oﬂicium.

537 1022 621 1077 Ib.
656 1022 755 1095 ['0
786 1019 1145 1089 ὃομέστικος
1174 1017 1293 1071 τῶν
1320 1014 1705 1072 ἀνατολικῶν
1733 1012 2042 1082 θεμάτων.

468 1114 876 1182 Magistrurum,
897 1114 1122 1175 ducum,
1140 1110 1429 1171 comitum,
1448 1108 1692 1161 Orientis
1712 1106 2046 1161 etOccidew—

468 1211 538 1262 tis
557 1205 813 1275 praetorio
832 1203 1216 1274 praefectorum
1244 1199 1597 1269 deplorandae
1618 1197 1867 1268 reliquiae
1896 1195 2048 1249 fuere

468 1299 523 1352 hi
563 1298 672 1352 duo
698 1293 986 1350 domestici
1012 1291 1371 1347 Orientalium
1396 1305 1460 1343 ac
1481 1288 1917 1344 Occidentalium
1958 1302 2051 1341 eo-

469 1391 708 1459 piarum,
736 1387 838 1441 sub
863 1398 1058 1455 magno
1091 1383 1397 1437 domestico
1418 1420 1433 1446 ,
1474 1382 1562 1434 vix
1588 1392 1637 1435 et
1658 1396 1797 1450 pene
1827 1377 2049 1433 nomine

469 1479 765 1549 praepositi.
794 1476 981 1546 Itaque
1017 1485 1215 1545 praeter
1255 1474 1480 1537 δούκας,
1510 1474 1759 1542 κόμητας
1784 1487 1848 1525 ac
1882 1488 2051 1541 στραι-

469 1573 712 1640 τηλάτας
756 1571 856 1639 τῆς
900 1567 1042 1639 ἑῴας
1084 1568 1293 1634 καὶτῆς
1340 1567 1605 1636 ἑσπέρας,
1646 1566 1864 1619 obviam
1908 1550 2051 1633 apud

471 1660 1245 1729 Theophanem,Cedrenum,
1266 1656 1560 1722 Zonaram,
1589 1658 1805 1710 Annam
1835 1664 1888 1710 et
1913 1657 2053 1710 alios

473 1756 681 1825 passim
701 1752 1079 1822 reperiendus,
1108 1753 1342 1805 observo
1371 1750 1538 1805 etiam
1562 1748 1910 1819 στρατηγούς
1935 1764 2054 1801 am-

472 1847 632 1916 pliori
670 1853 936 1914 potestate
979 1844 1231 1903 donatos,
1261 1843 1359 1896 hos
1401 1842 1623 1910 quidem
1684 1840 1740 1893 in
1796 1840 2046 1905 Oriente,

474 1941 599 1993 illos
626 1939 678 1991 iu
706 1935 1003 1991 Occidente
1046 1928 1419 2001 imperitasse.
1449 1932 1523 1987 De
1545 1930 1791 1986 Orientis
1852 1930 2052 2000 praefe-
2087 1928 2128 1983 Β

474 2042 564 2084 cto
598 2030 837 2098 loquitur
862 2026 1228 2095 Tltqultanes
1261 2026 1312 2078 iu
1341 2022 1563 2078 Zenone
1584 2040 1603 2078 7:
1659 2022 1720 2077 '0
1793 2021 2050 2092 βασιλεὺς

475 2125 646 2177 θέλων
667 2123 758 2175 τὸν
781 2122 953 2173 ’Ίλλον
972 2120 1390 2189 πληροφορῆσαι
1414 2118 1675 2186 ἐποίησεν
1698 2116 1862 2169 αὐτὸν
1882 2133 2053 2186 στραι-

474 2217 645 2283 τηγὸν
675 2214 779 2283 τῆς
807 2210 951 2282 ἑῴας
980 2214 1184 2280 πάσης,
1217 2210 1341 2271 δοὺς
1366 2194 1522 2279 λαύτῷ
1551 2208 1803 2273 ἐξουσίαν
1844 2209 2051 2269 πᾶσαν,

477 2308 619 2360 ὥστε
648 2306 742 2359 καὶ
765 2304 963 2366 δοῦκας
996 2305 1196 2356 ποιεῖν.
1268 2301 1656 2362 ’Δνᾱτολικοὺς
1708 2314 2054 2370 στρατηγου-

480 2400 674 2467 μένους
702 2398 809 2450 bno
844 2395 1119 2462 Λογγίνυο
1155 2393 1396 2448 celebrat
1422 2393 1562 2446 idem
1591 2389 1964 2458 Theophanes
2000 2389 2053 2442 in

475 2492 844 2559 Cupronymo,
870 2497 923 2539 et
948 2486 1049 2539 sub
1073 2484 1193 2552 ejus
1217 2484 1322 2537 [ilio
1341 2482 1540 2546 Leone,
1570 2481 1730 2551 205
1763 2481 2048 2550 Ῥωμανὸν

480 2580 787 2651 στρατηγὸν
827 2578 937 2631 τῶν
1000 2575 1343 2630 ἀνατολικῶν
1403 2590 1418 2639 ;
1473 2574 1586 2627 Leo
1635 2574 2059 2628 Grammaticus

480 2672 668 2725 Bardze
692 2668 1083 2723 consobrinum
1150 2665 1593 2736 μονοστράτηγον
1645 2667 1722 2727 εἰς
1756 2666 1822 2717 τὰ
1862 2665 2061 2718 δυτικὰ

481 2767 721 2834 θέματα.
769 2764 905 2816 Exin
946 2762 1347 2815 domesticatus
1404 2760 1630 2813 nomine
1685 2758 2061 2820 inducto,-de

482 2872 593 2928 quo
615 2857 892 2925 superius,
921 2864 1214 2907 occurrent
1240 2854 1292 2906 in
1326 2851 1550 2906 Oriente
1580 2849 1908 2918 δομέστικος
1957 2851 2057 2920 τῆς

481 2948 752 3015 ἀνατολῆς
771 2946 1050 3016 τιμηθείς,
1081 2945 1223 3015 apud
1256 2942 1497 2998 Nicctam
1532 2944 1583 2996 in
1617 2942 1826 2998 lsaacio
1854 2944 2058 3013 Angelo

483 3044 624 3111 apud
660 3042 877 3094 Annam
911 3039 948 3092 Ι.
1006 3052 1130 3100 vut,
1193 3036 1491 3105 quemdam
1550 3035 1614 3088 τὸ
1664 3036 2060 3105 δομεστικάτον

484 3136 811 3203 αἰτούμενον
847 3130 1257 3201 τῆςὰνατολῆς,
1284 3130 1427 3199 apud
1452 3129 1726 3192 eamdem,
1748 3129 1787 3182 l.
1822 3143 1882 3194 tl,
1909 3128 2064 3196 δομέο

486 3245 672 3282 στικον
702 3228 797 3297 τῆς
821 3225 1086 3294 ἑσπέρας,
1118 3224 1157 3278 l.
1189 3237 1259 3276 vn
1295 3222 1756 3292 προχειρισθέντα
1825 3220 2063 3288 μεγάλαν

1536 450 1614 512 IN
1658 447 1960 510 LIBRUM
2009 447 2104 507 DE
2159 440 2490 506 OFFIIIIIS
2545 442 2652 506 (ΣΡ.

2215 553 2295 607 Ib.
2324 552 2423 623 [Ὀ
2450 552 2752 613 narrar/ac.
2784 546 2962 600 Minor
2986 544 3074 596 hic
3117 542 3225 596 alio
3259 539 3357 609 qui
3394 538 3568 609 μέγας
3589 557 3721 591 πατ-

2141 649 2297 711 πίας.
2336 646 2584 716 Ιηιιοιιίεο
2614 645 2757 698 idem
2783 642 2851 697 de
2879 655 2946 695 eo
2979 638 3073 709 qui
3106 635 3393 707 sequitur,
3425 633 3721 703 drungario

2140 749 2193 793 et
2224 738 2495 808 myrtaite.

2213 831 2291 885 Ib.
2320 828 2766 901 [Δρουῃεὰριος.
2810 824 2916 879 Leo
2936 824 2988 876 in
3009 822 3163 877 Tact.
3201 831 3395 877 eonst.
3425 822 3460 875 4
3493 840 3505 874 :
3536 824 3728 889 Δρουγ-

2142 926 2331 991 γάριος
2381 922 2597 989 λέγεται
2632 921 2660 973 6
2720 920 2850 988 μιᾶς
2913 918 3109 987 μοίρας
3162 916 3379 985 ἄρχων.
3446 916 3630 985 Μοῖρα
3675 913 3727 967 δὶ

2145 1016 2263 1085 ἦτοι
2293 1013 2557 1083 δροῦγγος
2609 1010 2667 1065 τὸ
2700 1013 2764 1064 ὲκ
2824 1010 3121 1079 ταγμάτων
3176 1009 3303 1079 ἦτοι
3362 1008 3578 1077 ἀνδρῶν
3626 1006 3731 1060 τῶν

2145 1107 2453 1176 λεγομένων
2482 1107 2739 1174 κομήτων
2768 1103 3124 1170 συγκείμενον
3176 1100 3415 1167 πλῆθος.
3453 1100 3646 1169 Κόμης
3676 1100 3730 1152 δέ

2147 1200 2298 1251 ἐστιν
2322 1200 2350 1251 ὁ
2375 1196 2465 1250 τοῦ
2490 1198 2607 1258 ἑνὸς
2638 1197 2914 1264 τάγματος
2945 1193 3064 1262 ἢτοι
3096 1190 3295 1260 βὰνδου
3328 1191 3732 1261 ἀφηγούμενος.

2153 1291 2489 1359 Drungarius
2535 1290 2714 1358 itaque
2759 1287 3098 1341 chiliarchas
3152 1291 3238 1339 est
3293 1284 3417 1338 sive
3468 1283 3734 1347 tribunus,

2151 1380 2311 1436 nobis
2352 1381 2569 1433 mairtre
2590 1380 2655 1433 de
2684 1395 2859 1447 comp.
3101 1417 3110 1427 .

2222 1470 2306 1524 Ib.
2344 1471 2447 1543 [Ὃ
2492 1471 2813 1535 σεϐαστός.
2882 1468 3190 1538 Imperator
3216 1466 3438 1521 Latinis
3470 1467 3737 1536 Augustus

2152 1565 2431 1635 quondam
2461 1563 2665 1628 dictus,
2694 1561 2900 1617 Graecis
2937 1562 3218 1622 σεϐαστός.
3258 1561 3523 1613 Αιοδίιιιη
3578 1559 3737 1611 ιιίιιιιο

2154 1658 2332 1713 secius
2361 1665 2488 1710 ante
2526 1655 2869 1726 tyrannidem
2902 1661 3171 1721 arreptam
3224 1652 3454 1721 reperio
3500 1651 3604 1728 hoc
3650 1666 3739 1704 no-

2158 1751 2304 1804 mine
2332 1749 2399 1802 ab
2437 1749 2765 1819 imperatore
2810 1755 2866 1800 et
2917 1756 3111 1800 senatu
3167 1746 3524 1799 decoratum.
3588 1745 3775 1799 Anna.

2156 1843 2276 1913 ejus
2312 1843 2441 1908 lilia,
2467 1842 2503 1895 Ι.
2528 1856 2543 1894 t
2573 1858 2587 1894 :
2622 1839 2807 1893 Ταῦτα
2842 1839 2941 1907 μὲν
2971 1838 3115 1905 ἔστω
3146 1837 3610 1907 πλεονεκτήματα
3638 1839 3727 1889 καὶ

2162 1937 2266 2010 πρὸ
2291 1935 2383 1988 τοῦ
2416 1934 2606 2004 θρόνου
2639 1928 3066 2000 κατορθώματα,
3096 1924 3172 1984 ὧν
3261 1931 3530 1983 ἁπάντων
3579 1932 3736 1999 γέρας

2162 2029 2401 2086 ἀπέλαεε
2447 2030 2600 2097 παρὰ
2623 2028 2717 2081 τοῦ
2743 2028 3144 2095 αὐτοκράτορος
3203 2027 3307 2097 τὴν
3341 2027 3439 2079 τοῦ
3485 2024 3739 2079 σεϐαστοῦ

2162 2122 2341 2186 ἀξίαν,
2367 2121 2626 2181 σεϐαστὸς
2660 2120 2989 2192 ἀναρρηθεὶς
3054 2120 3118 2171 ὲκ
3176 2121 3351 2189 μέσης
3419 2119 3735 2188 σνγκλήτονε

2163 2216 2295 2270 Erat
2325 2215 2500 2269 adhuc
2519 2215 2618 2267 sub
2648 2212 3009 2267 Conatantino
3033 2212 3400 2267 Monomacho
3423 2229 3534 2266 non
3566 2211 3739 2265 multis

2164 2308 2322 2362 antiis
2375 2308 2564 2362 Alexio
2619 2306 2903 2376 superiore
2972 2306 3199 2360 honoris
3257 2307 3420 2372 plena
3486 2305 3736 2359 σεϐασταῦ

2164 2400 2477 2470 appellatio.
2524 2399 2753 2451 Alanam
2818 2398 2962 2452 enim
3026 2399 3277 2466 pellicem
3341 2400 3435 2453 ille
3484 2398 3739 2468 σεῦαστὴν

2164 2493 2469 2563 ὠνόμασεν,
2505 2491 2681 2560 inquit
2712 2490 2977 2554 Zonaras;
3035 2492 3128 2544 καὶ
3151 2494 3199 2542 εἰ
3237 2491 3314 2561 μὴ
3355 2492 3455 2561 τὴν
3482 2491 3736 2561 βασιλίδα.

2164 2590 2264 2659 τὴν
2290 2586 2576 2655 Θεοδώραν
2605 2584 2770 2651 λέγω,
2798 2584 3063 2651 πεποίητο
3086 2583 3156 2635 δι’
3180 2583 3394 2647 αἰδοῦς,
3434 2583 3739 2654 βασίλισσαν

2165 2682 2263 2751 τὴν
2286 2679 2567 2748 ἐρωμένην
2598 2677 2800 2747 ταύτην
2824 2677 2889 2729 ἂν
2920 2672 3060 2729 εἷπε.
3122 2678 3333 2729 Iterum
3367 2692 3380 2727 ε
3417 2676 3667 2743 τετίμητο
3692 2673 3741 2725 δὲ

2167 2774 2200 2841 ἡ
2225 2771 2361 2840 γυνὴ
2391 2768 2652 2839 satiata-ti],
2682 2769 2820 2839 αὐτῇ
2846 2768 3040 2842 πρώτῃ
3061 2768 3160 2836 τῆς
3192 2767 3394 2838 πρώην
3434 2766 3739 2837 βασιλίσσης

2168 2859 2605 2931 ἀπονεμηθείσης
2630 2860 2724 2912 καὶ
2749 2859 2906 2925 ἀξίας
2926 2862 3020 2911 καὶ
3041 2859 3312 2929 κλήσεως,
3336 2862 3431 2913 καὶ
3447 2858 3743 2927 ὠνομάζετο

2166 2952 2445 3005 δέσποινα.
2504 2950 2729 3005 Alexius
2814 2950 3037 3003 tertium
3103 2949 3332 3004 fratrem
3388 2950 3739 3021 Nicephorum

2170 3043 2503 3113 renuntiavit
2528 3041 2832 3103 seltastum,
2871 3050 2926 3097 et
2954 3042 3155 3097 iterum
3192 3040 3469 3109 Zonaras,
3507 3052 3559 3096 et
3601 3044 3742 3094 Anna

2171 3137 2225 3191 in
2260 3133 2429 3207 patr'is
2465 3134 2587 3190 Vita
2617 3152 2633 3190 :
2669 3135 2981 3205 Νικηφόρος
3014 3138 3041 3188 ὁ
3076 3133 3314 3199 ὕστατος
3338 3128 3566 3205 ἀδελφὸς
3586 3133 3743 3202 μέγας

2173 3229 2538 3299 δρουγγάριος
2576 3227 2671 3281 τοῦ
2699 3226 2888 3279 στόλου
2927 3228 3329 3297 προϐέϐληται,
3355 3232 3454 3298 τὴν
3476 3228 3582 3280 τῶν
3603 3224 3747 3278 6563-

484 3322 810 3389 δομὲστικον
835 3318 935 3384 τῆς
955 3316 1186 3377 δύσεως,
1218 3314 1361 3382 apud
1391 3311 1637 3379 Nicctatn
1698 3313 1978 3365 laudatum
2015 3322 2069 3365 et

2175 3320 2319 3373 στῶν
2366 3322 2461 3375 καὶ
2484 3319 2659 3384 οὕτως
2695 3320 2995 3391 ἀνάκλησιν
3020 3322 3386 3392 μετειληλώς.
3422 3322 3463 3377 Α
3500 3319 3747 3389 sauguin’:

489 3415 941 3468 Cantaeuzenum
1001 3407 1327 3477 δομέστικον
1367 3406 1459 3459 τὸν
1518 3404 1753 3458 δυτικῶν
1813 3403 2071 3472 θεμάτων

490 3505 757 3571 reperies.

562 3595 626 3649 P.
655 3592 858 3665 12.Ῐό
880 3607 1068 3663 parat;
1103 3592 1459 3662 μιιρταττης.
1486 3589 1761 3656 Georgius
1811 3588 2073 3644 Coresins

489 3686 678 3756 jejuue
703 3685 981 3753 quamvis,
1013 3682 1159 3736 solus
1184 3692 1365 3735 tamen
1398 3683 1538 3735 hanc
1606 3694 1794 3734 vocem
1849 3680 2076 3748 exponit

494 3780 549 3833 in
571 3776 844 3847 epistolis,
874 3782 931 3829 et
962 3774 1075 3828 vult
1108 3788 1233 3828 esse
1261 3772 1457 3827 ducem
1487 3773 1804 3836 satellitum,
1840 3787 2072 3842 quorum

494 3871 710 3937 insigne
734 3870 838 3924 luit
868 3868 1029 3938 myrti
1060 3882 1245 3921 ramus
1279 3866 1333 3919 iu
1365 3865 1506 3934 pileo
1529 3874 1791 3935 gestatus.

568 3964 651 4019 Ib.
683 3962 773 4034 [Ὁ
803 3962 1213 4030 πρωτοκόμης.
1240 3960 1345 4026 Qui
1408 3959 1709 4028 principem
1740 3958 1935 4014 ducem
1992 3959 2078 4014 vel

499 4056 736 4127 agminis
756 4052 935 4109 bellici
970 4062 1136 4123 caput
1173 4053 1260 4107 hic
1293 4051 1565 4121 intelligit,
1628 4060 1797 4105 errat.
1851 4050 2076 4119 Comes,
2118 4050 2127 4056 ’

496 4153 565 4206 de
593 4163 703 4219 quo
734 4161 940 4212 sermo,
980 4145 1288 4208 θαλάσσιος.
1323 4144 1572 4199 ofﬁcium
1600 4144 1761 4199 habet
1793 4143 1849 4197 in
1880 4144 2077 4209 classe,

496 4240 573 4296 ait
600 4249 793 4296 auctor
832 4254 884 4293 c.
914 4239 968 4303 5,
1002 4251 1191 4291 versus
1216 4235 1401 4301 tinem,
1437 4243 1491 4290 et
1553 4250 1811 4304 magnum
1862 4235 2078 4303 ducem,

497 4333 857 4404 drungarium
890 4347 1144 4400 maguum
1179 4340 1232 4384 et
1263 4328 1577 4383 autiralium
1613 4343 1756 4397 pone
1806 4328 2081 4397 sequitur,

497 4428 651 4496 juxta
683 4423 966 4493 dignitatis
1003 4421 1253 4489 gradum.
1283 4418 1407 4474 Uno
1429 4418 1597 4472 verbo
1648 4417 1933 4471 eretarcha
1975 4425 2080 4481 est,

502 4517 710 4585 remigii
739 4514 1042 4583 pmfectur,
1067 4513 1158 4582 qui
1187 4513 1407 4581 remiges
1458 4512 1591 4581 agit,
1623 4521 1676 4564 et
1702 4511 1929 4564 duxest
1982 4510 2086 4563 im-

2172 3412 2322 3483 regio
2373 3412 2571 3468 alienis
2630 3412 2864 3482 dignitas
2927 3414 3039 3467 haec
3096 3416 3455 3482 postmodum
3514 3413 3744 3468 collata:

2171 3514 2424 3561 recenset
2454 3505 2601 3558 enim
2631 3503 2851 3560 Nicetes
2891 3504 3181 3574 quemdam
3249 3506 3550 3576 Georgium
3599 3499 3745 3553 σε61-

2178 3597 2325 3661 στὸν,
2362 3596 2586 3651 fratrem
2618 3597 2918 3651 AndrOnici
2952 3598 3197 3651 nondum
3254 3599 3546 3668 imperium
3575 3590 3741 3660 adepti

2176 3690 2400 3757 uxoris;
2444 3688 2712 3757 viluitque
2733 3689 2995 3759 deinceps
3048 3693 3223 3759 magis
3255 3708 3324 3745 ac
3380 3693 3571 3761 magis,
3623 3684 3743 3754 legi-

2175 3790 2376 3851 turque
2412 3781 2467 3834 in
2499 3781 2714 3835 Isaacio
2746 3781 2977 3851 Angelo,
3011 3782 3050 3836 Ι.
3088 3798 3147 3837 Ill
3183 3799 3198 3836 :
3252 3784 3477 3844 Σταλεὶς
3528 3784 3555 3834 ὸ
3602 3776 3746 3830 σεϐα-

2180 3873 2325 3937 στδς,
2359 3871 2549 3939 κύριος
2574 3871 2847 3943 Θεόδωρος
2892 3872 2921 3923 ὁ
2946 3872 3214 3943 Χοῦμνος,
3256 3874 3642 3945 χαρτουλάριος
3678 3866 3743 3919 ὢν

2179 3964 2286 4018 τῶν
2319 3964 2738 4034 ίπποστάθμων.
2770 3963 2827 4018 In
2868 3964 2973 4018 hac
3020 3966 3350 4036 dignitatum
3376 3965 3566 4020 notitia
3597 3958 3745 4031 208

2179 4056 2420 4126 οὐραγοῦ
2458 4056 2604 4111 vices
2631 4056 2861 4121 obtinet,
2925 4057 3019 4127 qui
3079 4058 3260 4113 Alexii
3316 4058 3459 4113 tertii
3518 4062 3745 4124 tctttpore

2181 4149 2328 4205 circa
2359 4146 2446 4203 ΟΡ
2477 4157 2694 4218 captam
2766 4149 3143 4213 πανσέὸαστος
3204 4151 3473 4215 σεϐαστός
3534 4144 3746 4202 ridicule

2183 4234 2462 4301 audiebat,
2486 4234 2639 4291 Juris
2681 4236 2773 4292 GR
2815 4253 2867 4308 p.
2921 4238 3030 4294 285
3063 4238 3117 4293 in
3175 4256 3437 4310 suprema
3497 4237 3745 4308 margine.

2184 4323 2382 4397 Coum]

2258 4418 2320 4471 P.
2349 4417 2433 4471 η.
2471 4419 2601 4473 Ἐπὶ
2633 4420 2742 4475 τοῦ
2785 4425 3131 4480 arar-iusta;
3182 4421 3282 4497 ἦν.
3335 4426 3474 4489 Male
3518 4421 3743 4478 Junius:

2189 4507 2611 4564 Cauicleo'rocer
2645 4511 2986 4581 imperatoris
3010 4526 3240 4583 prwemt
3270 4527 3430 4587 atque
3460 4513 3745 4570 vehebatur.

502 4610 769 4682 pellendis
804 4608 994 4673 remis,
1025 4607 1289 4674 adestque
1334 4606 1684 4676 gubernatori
1722 4604 1777 4659 in
1842 4602 2081 4674 regenda
2114 4630 2164 4690 υ
2195 4603 2408 4656 Sensus
2439 4618 2601 4690 verus
2624 4614 2707 4658 est
2736 4620 2900 4674 quem
2925 4608 3173 4675 expressi
3207 4624 3221 4661 :
3258 4619 3410 4663 tanta
3471 4606 3611 4662 enim
3646 4610 3749 4656 erat

505 4701 714 4756 triremi
752 4718 768 4756 :
799 4699 1008 4763 comite,
1046 4698 1250 4769 ofﬁcier
1266 4702 1328 4752 de
1366 4696 1564 4765 galére.
1608 4697 1719 4749 Leo
1760 4696 1814 4749 in
1846 4694 2085 4750 Tacticis

502 4803 679 4849 const.
723 4794 825 4848 £9:
863 4792 976 4862 Οὐχ
1004 4789 1080 4852 ὼς
1140 4790 1299 4859 ἔτυχε
1366 4789 1586 4842 πάντων
1641 4789 1751 4840 τῶν
1795 4787 2086 4857 δρομώνων

498 4887 913 4958 πορευομένων,
966 4882 1081 4937 ἀλλ’
1139 4883 1454 4949 ἐπιστήσεις
1509 4880 1689 4941 αὐτοῖς
1740 4878 2007 4948 ἄρχοντας
2051 4880 2084 4950 ἢ

498 4982 641 5036 κατὰ
675 4980 841 5033 πέντε
871 4976 904 5048 ἧ
929 4978 1071 5029 κατᾶ
1102 4976 1251 5043 τρεῖς
1280 4973 1565 5042 δρόμωνας
1592 4971 1687 5024 Eva
1712 4972 1802 5024 τὸν
1852 4972 2086 5041 λεγόμε-

500 5090 591 5125 νον
626 5073 863 5141 κόμητα,
888 5071 1036 5131 ὅστις
1078 5066 1345 5137 ναύαρχος
1381 5082 1438 5117 τε
1466 5066 1560 5116 καὶ
1595 5063 1819 5135 ἡγεμὼν
1866 5068 1974 5117 τῶν
1995 5063 2086 5117 ὑπ’

502 5161 661 5215 αὑτὸν
697 5158 991 5229 δρομὼνων
1018 5159 1278 5228 ὑπάρχων
1313 5156 1593 5227 φροντίσει
1652 5158 2088 5226 προσεχέστερον

502 5254 632 5321 περὶ
663 5253 882 5304 πάντων
916 5249 1174 5312 εὐκόλως,
1222 5250 1318 5301 καὶ
1361 5247 1604 5313 διατάξει
1660 5249 1797 5318 πρὸς
1854 5248 2087 5301 ἕκαστα.

504 5347 573 5399 Et
610 5346 774 5412 paulo
824 5340 963 5394 infra
1002 5357 1015 5393 :
1069 5340 1370 5412 Στρατηγοὶ
1419 5339 1770 5410 δρουγγάριοι
1793 5339 2087 5394 ἐκαλοῦντο

508 5435 640 5489 ποτε
668 5435 773 5497 τοῖς
813 5434 926 5487 ἄνω
977 5434 1209 5503 χρόνοις,
1238 5436 1334 5485 καὶ
1368 5434 1417 5485 οἱ
1455 5432 1547 5488 ὑπ’
1590 5435 1791 5496 αὐτοὺς
1848 5434 2088 5504 κόμητες

505 5530 602 5584 καὶ
632 5530 942 5598 κένταρχοι.
980 5529 1301 5584 Eustathius
1328 5545 1549 5600 quoque
1580 5528 1736 5585 Iliad.
1767 5546 1781 5584 t
1816 5548 1829 5585 :
1870 5531 2088 5601 Ναὺαρ-

506 5639 601 5692 χον
624 5624 716 5676 τὸν
740 5623 980 5675 τοιοῦτον
1014 5623 1200 5690 φασὶν,
1236 5619 1323 5686 εἴη
1373 5622 1420 5674 δ’
1450 5622 1518 5675 ἂν
1546 5625 1573 5676 ὁ
1628 5622 1868 5686 τοιοῦτος
1892 5625 1943 5676 ρὸ
1994 5628 2088 5676 καὶ

436 5730 443 5733 “
509 5714 683 5780 κόμης
724 5715 875 5781 παρὰ
906 5715 1017 5774 τοῖς
1052 5711 1299 5781 ὕστερον.
1349 5711 1449 5778 Qui
1504 5715 1720 5767 cunctis
1770 5714 2086 5784 Itujusmodi

510 5814 727 5871 praeest,
763 5805 1144 5875 npwtoxo’pqq.
1176 5804 1428 5862 Mattltaeo
1461 5807 1729 5859 monacho
1749 5806 1859 5873 jam
1888 5806 2093 5861 exscri-

513 5896 689 5953 bt'n'JO
730 5898 1090 5971 πρωτοκόμης
1125 5899 1232 5952 τῶν
1262 5900 1551 5954 ναυτωλῶν
1580 5897 1805 5953 dicitur.

2188 4693 2419 4749 Caniclei
2461 4680 2698 4764 dignitas
2720 4705 2779 4749 ut
2809 4708 2991 4765 posset
3025 4699 3320 4769 impetrare
3338 4702 3449 4755 tilio
3473 4714 3569 4755 suo
3597 4696 3746 4749 tiliam

2189 4785 2541 4854 imperatoris
2563 4796 2618 4840 et
2645 4788 2767 4841 lilia:
2797 4788 3328 4861 ﬁlium.Exemplum
3356 4790 3597 4848 invenies
3619 4782 3747 4854 apud

2189 4877 2488 4947 Gregoraut
2517 4878 2554 4931 l.
2580 4893 2678 4942 vn,
2710 4889 2765 4934 et
2780 4880 3226 4937 Cautacuzenum
3257 4886 3295 4939 Ι.
3324 4902 3362 4938 ιι
3391 4877 3749 4939 Graecisunico

2192 4972 2453 5026 vocabulo
2487 4972 2689 5026 dicitur
2716 4975 3054 5027 κανακλείων
3096 4980 3398 5032 canacleus.
3443 4973 3591 5042 Apud
3648 4968 3747 5035 TY‘

2190 5066 2359 5128 rium,
2389 5064 2481 5130 22,
2512 5065 2574 5128 6,
2609 5064 2934 5120 Cauaclinus
2976 5071 3303 5136 appellatur,
3330 5079 3462 5123 utet
3493 5069 3544 5120 in
3597 5061 3750 5125 Ligu-

2192 5157 2314 5210 riuo
2379 5157 2645 5211 Guntheri
2682 5157 2720 5210 l.
2755 5157 2787 5210 8
2822 5175 2836 5210 :
2897 5158 3074 5212 δι’(τεί
3136 5160 3457 5230 cognominis
3498 5172 3590 5209 usu
3624 5149 3747 5203 Hinc

2190 5249 2484 5302 raniclimts
2515 5259 2651 5307 erat.
2683 5250 2831 5303 nobis
2858 5254 3352 5321 camerarius‘idem
3393 5250 3520 5304 Esse
3572 5249 3747 5313 potest.

2193 5342 2495 5397 Radevieus
2535 5342 2910 5395 cancellarium
2955 5345 3348 5414 interpretatur
3373 5344 3452 5397 l.t
3491 5343 3559 5394 De
3590 5330 3744 5405 gestis

2193 5433 2451 5489 Friderici
2489 5439 2620 5504 iutp.
2656 5451 2707 5489 c.
2743 5435 2846 5501 47;
2888 5435 3032 5490 Unus
3063 5443 3124 5490 de
3149 5439 3311 5492 servis
3369 5431 3572 5504 palatii,
3600 5436 3748 5479 canar

2193 5526 2364 5580 clima
2403 5527 2662 5591 videlicet,
2696 5544 2845 5597 quem
2874 5546 2966 5583 nos
3002 5531 3380 5583 cancellarium
3437 5525 3599 5577 dicere
3636 5527 3746 5584 ροι-

2192 5638 2399 5676 sumus.
2442 5621 2637 5675 Verum
2689 5637 2788 5676 nec
2840 5624 3181 5679 camerarius
3247 5638 3345 5677 nec
3410 5606 3746 5672 canrellarius

2193 5724 2332 5777 erat,
2365 5714 2458 5768 sed
2488 5714 2698 5769 ordinis
2730 5716 2886 5782 longe
2908 5715 3158 5771 celsioris
3181 5725 3235 5771 et
3264 5706 3603 5780 augustioris.
3634 5698 3748 5750 Em

2194 5806 2512 5862 eauacleum
2568 5808 3022 5876 augustissimum
3055 5818 3110 5863 et
3171 5795 3745 5879 magnitlceutissiuulm

2196 5899 2479 5969 palatium,
2505 5900 2592 5954 rui
2631 5901 2732 5955 sub
2760 5881 3063 5972 'I‘hcopliilo
3125 5901 3454 5974 imperatore
3487 5894 3740 5947 iconoma-
