  <div class='ocr_page' id='page_1' title='image "/cluster/home/n/w/nwhite01/storage/ocr_20150623/157/coo.31924054870625/120.png"; bbox 0 0 4064 6440; ppageno 0'>
   <div class='ocr_carea' id='block_1_1' title="bbox 290 424 395 491">
    <p class='ocr_par' dir='ltr' id='par_1_1' title="bbox 290 424 395 491">
     <span class='ocr_line' id='line_1_1' title="bbox 290 424 395 491; baseline 0 0"><span class='ocrx_word' id='word_1_1' title='bbox 290 424 395 491; x_wconf 68' lang='grc' dir='ltr'><strong>2Ξ9</strong></span> 
     </span>
    </p>
   </div>
   <div class='ocr_carea' id='block_1_2' title="bbox 1380 413 2483 485">
    <p class='ocr_par' dir='ltr' id='par_1_2' title="bbox 1380 413 2483 485">
     <span class='ocr_line' id='line_1_2' title="bbox 1380 413 2483 485; baseline -0.004 0"><span class='ocrx_word' id='word_1_2' title='bbox 1380 418 1772 485; x_wconf 71' lang='lat' dir='ltr'><strong>GRETSERI</strong></span> <span class='ocrx_word' id='word_1_3' title='bbox 1820 413 1916 480; x_wconf 81' lang='lat' dir='ltr'><strong>ET</strong></span> <span class='ocrx_word' id='word_1_4' title='bbox 1975 417 2219 479; x_wconf 84' lang='lat' dir='ltr'><strong>GOARI</strong></span> <span class='ocrx_word' id='word_1_5' title='bbox 2260 418 2483 481; x_wconf 62' lang='lat' dir='ltr'><strong>NOTAE</strong></span> 
     </span>
    </p>
   </div>
   <div class='ocr_carea' id='block_1_3' title="bbox 3473 418 3576 483">
    <p class='ocr_par' dir='ltr' id='par_1_3' title="bbox 3473 418 3576 483">
     <span class='ocr_line' id='line_1_3' title="bbox 3473 418 3576 483; baseline -0.019 0"><span class='ocrx_word' id='word_1_6' title='bbox 3473 418 3576 483; x_wconf 71' lang='lat'><strong>5230</strong></span> 
     </span>
    </p>
   </div>
   <div class='ocr_carea' id='block_1_4' title="bbox 289 534 3584 612">
    <p class='ocr_par' dir='ltr' id='par_1_4' title="bbox 289 534 3584 612">
     <span class='ocr_line' id='line_1_4' title="bbox 289 534 3584 612; baseline -0.003 -14"><span class='ocrx_word' id='word_1_7' title='bbox 289 542 393 599; x_wconf 77' lang='lat' dir='ltr'><strong>cito</strong></span> <span class='ocrx_word' id='word_1_8' title='bbox 420 539 649 597; x_wconf 80' lang='lat' dir='ltr'><strong>caniclei</strong></span> <span class='ocrx_word' id='word_1_9' title='bbox 675 538 839 595; x_wconf 83' lang='lat' dir='ltr'><strong>titulo</strong></span> <span class='ocrx_word' id='word_1_10' title='bbox 876 550 1107 612; x_wconf 64' lang='lat' dir='ltr'><strong>praeerat</strong></span> <span class='ocrx_word' id='word_1_11' title='bbox 1137 540 1513 604; x_wconf 78' lang='lat' dir='ltr'><strong>Theoctistus,</strong></span> <span class='ocrx_word' id='word_1_12' title='bbox 1568 544 1720 593; x_wconf 84' lang='lat' dir='ltr'><strong>tanta</strong></span> <span class='ocrx_word' id='word_1_13' title='bbox 1753 550 1877 608; x_wconf 85' lang='lat' dir='ltr'><strong>gra-</strong></span> <span class='ocrx_word' id='word_1_14' title='bbox 1912 553 1954 607; x_wconf 66' lang='grc' dir='ltr'><strong>Α</strong></span> <span class='ocrx_word' id='word_1_15' title='bbox 1984 543 2129 588; x_wconf 88' lang='lat' dir='ltr'><strong>tatus</strong></span> <span class='ocrx_word' id='word_1_16' title='bbox 2158 536 2434 604; x_wconf 71' lang='lat' dir='ltr'><strong>[unctione</strong></span> <span class='ocrx_word' id='word_1_17' title='bbox 2464 535 2561 589; x_wconf 89' lang='lat' dir='ltr'><strong>illa</strong></span> <span class='ocrx_word' id='word_1_18' title='bbox 2589 534 2815 591; x_wconf 86' lang='lat' dir='ltr'><strong>abierat.</strong></span> <span class='ocrx_word' id='word_1_19' title='bbox 2840 534 3208 589; x_wconf 69' lang='lat' dir='ltr'><strong>Nihilominus</strong></span> <span class='ocrx_word' id='word_1_20' title='bbox 3231 550 3437 589; x_wconf 82' lang='lat' dir='ltr'><strong>sunnno</strong></span> <span class='ocrx_word' id='word_1_21' title='bbox 3462 552 3584 588; x_wconf 87' lang='lat' dir='ltr'><strong>cum</strong></span> 
     </span>
    </p>
   </div>
   <div class='ocr_carea' id='block_1_5' title="bbox 288 619 1883 707">
    <p class='ocr_par' dir='ltr' id='par_1_5' title="bbox 288 619 1883 707">
     <span class='ocr_line' id='line_1_5' title="bbox 288 619 1883 707; baseline -0.003 -16"><span class='ocrx_word' id='word_1_22' title='bbox 288 637 362 691; x_wconf 85' lang='lat' dir='ltr'><strong>tia</strong></span> <span class='ocrx_word' id='word_1_23' title='bbox 396 635 537 707; x_wconf 88' lang='lat' dir='ltr'><strong>apud</strong></span> <span class='ocrx_word' id='word_1_24' title='bbox 605 619 974 705; x_wconf 71' lang='lat' dir='ltr'><strong>Theophilum</strong></span> <span class='ocrx_word' id='word_1_25' title='bbox 1036 635 1245 705; x_wconf 89' lang='lat' dir='ltr'><strong>pollens</strong></span> <span class='ocrx_word' id='word_1_26' title='bbox 1292 644 1353 690; x_wconf 92' lang='lat' dir='ltr'><strong>ut</strong></span> <span class='ocrx_word' id='word_1_27' title='bbox 1401 633 1556 703; x_wconf 88' lang='lat' dir='ltr'><strong>quasi</strong></span> <span class='ocrx_word' id='word_1_28' title='bbox 1604 636 1883 688; x_wconf 88' lang='lat' dir='ltr'><strong>secundus</strong></span> 
     </span>
    </p>
   </div>
   <div class='ocr_carea' id='block_1_6' title="bbox 293 720 1887 796">
    <p class='ocr_par' dir='ltr' id='par_1_6' title="bbox 293 720 1887 796">
     <span class='ocr_line' id='line_1_6' title="bbox 293 720 1887 796; baseline -0.005 -14"><span class='ocrx_word' id='word_1_29' title='bbox 293 728 587 796; x_wconf 80' lang='lat' dir='ltr'><strong>imperator</strong></span> <span class='ocrx_word' id='word_1_30' title='bbox 610 736 779 791; x_wconf 90' lang='lat' dir='ltr'><strong>esset,</strong></span> <span class='ocrx_word' id='word_1_31' title='bbox 811 733 952 780; x_wconf 89' lang='lat' dir='ltr'><strong>teste</strong></span> <span class='ocrx_word' id='word_1_32' title='bbox 983 724 1195 779; x_wconf 88' lang='lat' dir='ltr'><strong>Zonara</strong></span> <span class='ocrx_word' id='word_1_33' title='bbox 1260 725 1319 778; x_wconf 89' lang='lat' dir='ltr'><strong>in</strong></span> <span class='ocrx_word' id='word_1_34' title='bbox 1378 721 1711 793; x_wconf 81' lang='lat' dir='ltr'><strong>TheOphilo.</strong></span> <span class='ocrx_word' id='word_1_35' title='bbox 1775 720 1887 775; x_wconf 84' lang='lat' dir='ltr'><strong>Ad-</strong></span> 
     </span>
    </p>
   </div>
   <div class='ocr_carea' id='block_1_7' title="bbox 293 815 1882 891">
    <p class='ocr_par' dir='ltr' id='par_1_7' title="bbox 293 815 1882 891">
     <span class='ocr_line' id='line_1_7' title="bbox 293 815 1882 891; baseline -0.004 -18"><span class='ocrx_word' id='word_1_36' title='bbox 293 820 540 891; x_wconf 67' lang='lat' dir='ltr'><strong>iunctum</strong></span> <span class='ocrx_word' id='word_1_37' title='bbox 568 827 691 872; x_wconf 88' lang='lat' dir='ltr'><strong>erat</strong></span> <span class='ocrx_word' id='word_1_38' title='bbox 725 818 978 887; x_wconf 79' lang='lat' dir='ltr'><strong>ejusdem</strong></span> <span class='ocrx_word' id='word_1_39' title='bbox 1029 819 1271 872; x_wconf 84' lang='lat' dir='ltr'><strong>nominis</strong></span> <span class='ocrx_word' id='word_1_40' title='bbox 1335 819 1765 881; x_wconf 89' lang='lat' dir='ltr'><strong>monasterium,</strong></span> <span class='ocrx_word' id='word_1_41' title='bbox 1828 815 1882 868; x_wconf 90' lang='lat' dir='ltr'><strong>in</strong></span> 
     </span>
    </p>
   </div>
   <div class='ocr_carea' id='block_1_8' title="bbox 295 896 1882 981">
    <p class='ocr_par' dir='ltr' id='par_1_8' title="bbox 295 896 1882 981">
     <span class='ocr_line' id='line_1_8' title="bbox 295 896 1882 981; baseline -0.001 -17"><span class='ocrx_word' id='word_1_42' title='bbox 295 909 439 981; x_wconf 81' lang='lat' dir='ltr'><strong>quod</strong></span> <span class='ocrx_word' id='word_1_43' title='bbox 488 906 833 979; x_wconf 79' lang='lat' dir='ltr'><strong>Nicephorus</strong></span> <span class='ocrx_word' id='word_1_44' title='bbox 889 909 1210 965; x_wconf 86' lang='lat' dir='ltr'><strong>Botoniates</strong></span> <span class='ocrx_word' id='word_1_45' title='bbox 1259 910 1436 965; x_wconf 82' lang='lat' dir='ltr'><strong>Alexii</strong></span> <span class='ocrx_word' id='word_1_46' title='bbox 1498 896 1768 964; x_wconf 82' lang='lat' dir='ltr'><strong>Comneni</strong></span> <span class='ocrx_word' id='word_1_47' title='bbox 1825 914 1882 963; x_wconf 85' lang='lat' dir='ltr'><strong>et</strong></span> 
     </span>
    </p>
   </div>
   <div class='ocr_carea' id='block_1_9' title="bbox 301 1001 1885 1073">
    <p class='ocr_par' dir='ltr' id='par_1_9' title="bbox 301 1001 1885 1073">
     <span class='ocr_line' id='line_1_9' title="bbox 301 1001 1885 1073; baseline 0 -18"><span class='ocrx_word' id='word_1_48' title='bbox 301 1005 528 1057; x_wconf 84' lang='lat' dir='ltr'><strong>aliorum</strong></span> <span class='ocrx_word' id='word_1_49' title='bbox 558 1001 983 1070; x_wconf 63' lang='lat' dir='ltr'><strong>coniuratorum</strong></span> <span class='ocrx_word' id='word_1_50' title='bbox 1019 1012 1250 1057; x_wconf 79' lang='lat' dir='ltr'><strong>matrem</strong></span> <span class='ocrx_word' id='word_1_51' title='bbox 1288 1013 1341 1057; x_wconf 89' lang='lat' dir='ltr'><strong>et</strong></span> <span class='ocrx_word' id='word_1_52' title='bbox 1376 1002 1643 1073; x_wconf 79' lang='lat' dir='ltr'><strong>conjuges</strong></span> <span class='ocrx_word' id='word_1_53' title='bbox 1693 1018 1885 1057; x_wconf 84' lang='lat' dir='ltr'><strong>aman-</strong></span> 
     </span>
    </p>
   </div>
   <div class='ocr_carea' id='block_1_10' title="bbox 298 1086 1881 1157">
    <p class='ocr_par' dir='ltr' id='par_1_10' title="bbox 298 1086 1881 1157">
     <span class='ocr_line' id='line_1_10' title="bbox 298 1086 1881 1157; baseline -0.003 -8"><span class='ocrx_word' id='word_1_54' title='bbox 298 1094 462 1157; x_wconf 86' lang='lat' dir='ltr'><strong>davit,</strong></span> <span class='ocrx_word' id='word_1_55' title='bbox 490 1104 547 1147; x_wconf 86' lang='lat' dir='ltr'><strong>ut</strong></span> <span class='ocrx_word' id='word_1_56' title='bbox 588 1094 783 1149; x_wconf 83' lang='lat' dir='ltr'><strong>scribit</strong></span> <span class='ocrx_word' id='word_1_57' title='bbox 814 1095 955 1149; x_wconf 87' lang='lat' dir='ltr'><strong>idem</strong></span> <span class='ocrx_word' id='word_1_58' title='bbox 982 1086 1301 1150; x_wconf 76' lang='lat' dir='ltr'><strong>Zonarasin</strong></span> <span class='ocrx_word' id='word_1_59' title='bbox 1348 1094 1541 1150; x_wconf 78' lang='lat' dir='ltr'><strong>Alexio</strong></span> <span class='ocrx_word' id='word_1_60' title='bbox 1579 1095 1881 1150; x_wconf 85' lang='lat' dir='ltr'><strong>Comueno.</strong></span> 
     </span>
    </p>
   </div>
   <div class='ocr_carea' id='block_1_11' title="bbox 372 1182 1884 1257">
    <p class='ocr_par' dir='ltr' id='par_1_11' title="bbox 372 1182 1884 1257">
     <span class='ocr_line' id='line_1_11' title="bbox 372 1182 1884 1257; baseline 0.003 -18"><span class='ocrx_word' id='word_1_61' title='bbox 372 1186 443 1240; x_wconf 89' lang='lat' dir='ltr'><strong>De</strong></span> <span class='ocrx_word' id='word_1_62' title='bbox 469 1186 711 1240; x_wconf 86' lang='lat' dir='ltr'><strong>canicleo</strong></span> <span class='ocrx_word' id='word_1_63' title='bbox 738 1201 835 1241; x_wconf 80' lang='lat' dir='ltr'><strong>seu</strong></span> <span class='ocrx_word' id='word_1_64' title='bbox 878 1187 1131 1254; x_wconf 83' lang='lat' dir='ltr'><strong>praelecto</strong></span> <span class='ocrx_word' id='word_1_65' title='bbox 1160 1187 1391 1243; x_wconf 82' lang='lat' dir='ltr'><strong>caniclei</strong></span> <span class='ocrx_word' id='word_1_66' title='bbox 1426 1182 1668 1242; x_wconf 84' lang='lat' dir='ltr'><strong>Codinus</strong></span> <span class='ocrx_word' id='word_1_67' title='bbox 1693 1203 1748 1257; x_wconf 90' lang='lat' dir='ltr'><strong>p.</strong></span> <span class='ocrx_word' id='word_1_68' title='bbox 1816 1188 1884 1243; x_wconf 79' lang='lat' dir='ltr'><strong>i7</strong></span> 
     </span>
    </p>
   </div>
   <div class='ocr_carea' id='block_1_12' title="bbox 300 1275 1886 1349">
    <p class='ocr_par' dir='ltr' id='par_1_12' title="bbox 300 1275 1886 1349">
     <span class='ocr_line' id='line_1_12' title="bbox 300 1275 1886 1349; baseline 0.001 -17"><span class='ocrx_word' id='word_1_69' title='bbox 300 1278 390 1332; x_wconf 66' lang='grc' dir='ltr'><strong>εει.</strong></span> <span class='ocrx_word' id='word_1_70' title='bbox 421 1275 550 1331; x_wconf 83' lang='lat' dir='ltr'><strong>Jun.</strong></span> <span class='ocrx_word' id='word_1_71' title='bbox 595 1296 608 1331; x_wconf 90' lang='lat'><strong>:</strong></span> <span class='ocrx_word' id='word_1_72' title='bbox 654 1278 713 1329; x_wconf 88' lang='lat'><strong>&#39;0</strong></span> <span class='ocrx_word' id='word_1_73' title='bbox 744 1280 836 1330; x_wconf 72' lang='grc' dir='ltr'><strong>ἐπὶ</strong></span> <span class='ocrx_word' id='word_1_74' title='bbox 881 1277 975 1329; x_wconf 84' lang='grc' dir='ltr'><strong>τοῦ</strong></span> <span class='ocrx_word' id='word_1_75' title='bbox 1023 1278 1334 1331; x_wconf 79' lang='grc' dir='ltr'><strong>κανικλεξου</strong></span> <span class='ocrx_word' id='word_1_76' title='bbox 1390 1276 1708 1348; x_wconf 81' lang='grc' dir='ltr'><strong>ὀχούμενος,</strong></span> <span class='ocrx_word' id='word_1_77' title='bbox 1742 1293 1886 1349; x_wconf 87' lang='lat' dir='ltr'><strong>equo</strong></span> 
     </span>
    </p>
   </div>
   <div class='ocr_carea' id='block_1_13' title="bbox 298 1368 1884 1440">
    <p class='ocr_par' dir='ltr' id='par_1_13' title="bbox 298 1368 1884 1440">
     <span class='ocr_line' id='line_1_13' title="bbox 298 1368 1884 1440; baseline 0 -17"><span class='ocrx_word' id='word_1_78' title='bbox 298 1369 510 1423; x_wconf 86' lang='lat' dir='ltr'><strong>scilicet</strong></span> <span class='ocrx_word' id='word_1_79' title='bbox 549 1369 630 1424; x_wconf 88' lang='lat' dir='ltr'><strong>vel</strong></span> <span class='ocrx_word' id='word_1_80' title='bbox 666 1368 775 1423; x_wconf 87' lang='lat' dir='ltr'><strong>alio</strong></span> <span class='ocrx_word' id='word_1_81' title='bbox 806 1369 1057 1424; x_wconf 82' lang='lat' dir='ltr'><strong>vehiculo</strong></span> <span class='ocrx_word' id='word_1_82' title='bbox 1090 1369 1229 1423; x_wconf 88' lang='lat' dir='ltr'><strong>intra</strong></span> <span class='ocrx_word' id='word_1_83' title='bbox 1270 1369 1450 1423; x_wconf 82' lang='lat' dir='ltr'><strong>aulam</strong></span> <span class='ocrx_word' id='word_1_84' title='bbox 1504 1370 1884 1440; x_wconf 80' lang='lat' dir='ltr'><strong>Cpolitauam;</strong></span> 
     </span>
    </p>
   </div>
   <div class='ocr_carea' id='block_1_14' title="bbox 296 1458 1884 1532">
    <p class='ocr_par' dir='ltr' id='par_1_14' title="bbox 296 1458 1884 1532">
     <span class='ocr_line' id='line_1_14' title="bbox 296 1458 1884 1532; baseline 0.001 -20"><span class='ocrx_word' id='word_1_85' title='bbox 296 1462 446 1529; x_wconf 90' lang='lat' dir='ltr'><strong>quod</strong></span> <span class='ocrx_word' id='word_1_86' title='bbox 469 1461 599 1515; x_wconf 87' lang='lat' dir='ltr'><strong>nulli</strong></span> <span class='ocrx_word' id='word_1_87' title='bbox 633 1461 790 1516; x_wconf 89' lang='lat' dir='ltr'><strong>alteri</strong></span> <span class='ocrx_word' id='word_1_88' title='bbox 834 1476 1181 1517; x_wconf 86' lang='lat' dir='ltr'><strong>concessum.</strong></span> <span class='ocrx_word' id='word_1_89' title='bbox 1214 1458 1412 1532; x_wconf 82' lang='lat' dir='ltr'><strong>Magna</strong></span> <span class='ocrx_word' id='word_1_90' title='bbox 1470 1470 1593 1515; x_wconf 85' lang='lat' dir='ltr'><strong>erat</strong></span> <span class='ocrx_word' id='word_1_91' title='bbox 1624 1458 1884 1530; x_wconf 78' lang='lat' dir='ltr'><strong>dignitas,</strong></span> 
     </span>
    </p>
   </div>
   <div class='ocr_carea' id='block_1_15' title="bbox 297 1546 1885 1621">
    <p class='ocr_par' dir='ltr' id='par_1_15' title="bbox 297 1546 1885 1621">
     <span class='ocr_line' id='line_1_15' title="bbox 297 1546 1885 1621; baseline 0.003 -21"><span class='ocrx_word' id='word_1_92' title='bbox 297 1546 462 1615; x_wconf 86' lang='lat' dir='ltr'><strong>cujus</strong></span> <span class='ocrx_word' id='word_1_93' title='bbox 492 1548 694 1616; x_wconf 88' lang='lat' dir='ltr'><strong>passim</strong></span> <span class='ocrx_word' id='word_1_94' title='bbox 740 1548 799 1603; x_wconf 88' lang='lat' dir='ltr'><strong>lit</strong></span> <span class='ocrx_word' id='word_1_95' title='bbox 837 1551 1038 1605; x_wconf 86' lang='lat' dir='ltr'><strong>mentio</strong></span> <span class='ocrx_word' id='word_1_96' title='bbox 1095 1551 1234 1621; x_wconf 89' lang='lat' dir='ltr'><strong>apud</strong></span> <span class='ocrx_word' id='word_1_97' title='bbox 1293 1552 1591 1608; x_wconf 90' lang='lat' dir='ltr'><strong>historicos</strong></span> <span class='ocrx_word' id='word_1_98' title='bbox 1640 1551 1885 1606; x_wconf 71' lang='lat' dir='ltr'><strong>Graecos.</strong></span> 
     </span>
    </p>
   </div>
   <div class='ocr_carea' id='block_1_16' title="bbox 295 1636 1888 1708">
    <p class='ocr_par' dir='ltr' id='par_1_16' title="bbox 295 1636 1888 1708">
     <span class='ocr_line' id='line_1_16' title="bbox 295 1636 1888 1708; baseline 0.006 -18"><span class='ocrx_word' id='word_1_99' title='bbox 295 1636 544 1693; x_wconf 81' lang='lat' dir='ltr'><strong>Joannes</strong></span> <span class='ocrx_word' id='word_1_100' title='bbox 567 1639 891 1708; x_wconf 85' lang='lat' dir='ltr'><strong>Guropalata</strong></span> <span class='ocrx_word' id='word_1_101' title='bbox 926 1643 977 1696; x_wconf 89' lang='lat' dir='ltr'><strong>in</strong></span> <span class='ocrx_word' id='word_1_102' title='bbox 1026 1642 1288 1699; x_wconf 78' lang='lat' dir='ltr'><strong>Michaele</strong></span> <span class='ocrx_word' id='word_1_103' title='bbox 1337 1644 1590 1699; x_wconf 76' lang='lat' dir='ltr'><strong>Ranrahe</strong></span> <span class='ocrx_word' id='word_1_104' title='bbox 1623 1662 1637 1698; x_wconf 88' lang='lat'><strong>:</strong></span> <span class='ocrx_word' id='word_1_105' title='bbox 1681 1646 1888 1699; x_wconf 75' lang='lat' dir='ltr'><strong>Anima:</strong></span> 
     </span>
    </p>
   </div>
   <div class='ocr_carea' id='block_1_17' title="bbox 297 1730 1885 1807">
    <p class='ocr_par' dir='ltr' id='par_1_17' title="bbox 297 1730 1885 1807">
     <span class='ocr_line' id='line_1_17' title="bbox 297 1730 1885 1807; baseline 0.006 -25"><span class='ocrx_word' id='word_1_106' title='bbox 297 1732 566 1797; x_wconf 73' lang='lat' dir='ltr'><strong>quaedam</strong></span> <span class='ocrx_word' id='word_1_107' title='bbox 594 1730 828 1787; x_wconf 86' lang='lat' dir='ltr'><strong>maculas</strong></span> <span class='ocrx_word' id='word_1_108' title='bbox 860 1730 1079 1789; x_wconf 77' lang='lat' dir='ltr'><strong>simulat</strong></span> <span class='ocrx_word' id='word_1_109' title='bbox 1105 1750 1160 1791; x_wconf 84' lang='lat' dir='ltr'><strong>se</strong></span> <span class='ocrx_word' id='word_1_110' title='bbox 1191 1738 1405 1791; x_wconf 84' lang='lat' dir='ltr'><strong>cuidam</strong></span> <span class='ocrx_word' id='word_1_111' title='bbox 1445 1738 1688 1807; x_wconf 88' lang='lat' dir='ltr'><strong>religioso</strong></span> <span class='ocrx_word' id='word_1_112' title='bbox 1714 1737 1885 1806; x_wconf 70' lang='lat' dir='ltr'><strong>expli-</strong></span> 
     </span>
    </p>
   </div>
   <div class='ocr_carea' id='block_1_18' title="bbox 294 1820 1885 1899">
    <p class='ocr_par' dir='ltr' id='par_1_18' title="bbox 294 1820 1885 1899">
     <span class='ocr_line' id='line_1_18' title="bbox 294 1820 1885 1899; baseline 0.005 -24"><span class='ocrx_word' id='word_1_113' title='bbox 294 1839 429 1875; x_wconf 82' lang='lat' dir='ltr'><strong>care</strong></span> <span class='ocrx_word' id='word_1_114' title='bbox 453 1820 581 1877; x_wconf 78' lang='lat' dir='ltr'><strong>velle</strong></span> <span class='ocrx_word' id='word_1_115' title='bbox 634 1842 725 1893; x_wconf 87' lang='lat' dir='ltr'><strong>per</strong></span> <span class='ocrx_word' id='word_1_116' title='bbox 777 1822 1155 1894; x_wconf 80' lang='lat' dir='ltr'><strong>Theoctistum,</strong></span> <span class='ocrx_word' id='word_1_117' title='bbox 1210 1845 1363 1899; x_wconf 82' lang='lat' dir='ltr'><strong>quem</strong></span> <span class='ocrx_word' id='word_1_118' title='bbox 1430 1838 1613 1899; x_wconf 86' lang='lat' dir='ltr'><strong>postea</strong></span> <span class='ocrx_word' id='word_1_119' title='bbox 1661 1830 1885 1883; x_wconf 84' lang='lat' dir='ltr'><strong>caniclei</strong></span> 
     </span>
    </p>
   </div>
   <div class='ocr_carea' id='block_1_19' title="bbox 1989 628 3011 698">
    <p class='ocr_par' dir='ltr' id='par_1_19' title="bbox 1989 628 3011 698">
     <span class='ocr_line' id='line_1_19' title="bbox 1989 628 3011 698; baseline 0.004 -19"><span class='ocrx_word' id='word_1_120' title='bbox 1989 628 2187 681; x_wconf 81' lang='lat' dir='ltr'><strong>honore</strong></span> <span class='ocrx_word' id='word_1_121' title='bbox 2243 630 2537 698; x_wconf 78' lang='lat' dir='ltr'><strong>imperator</strong></span> <span class='ocrx_word' id='word_1_122' title='bbox 2574 629 3011 697; x_wconf 83' lang='lat' dir='ltr'><strong>prosequebatur.</strong></span> 
     </span>
    </p>
   </div>
   <div class='ocr_carea' id='block_1_20' title="bbox 2062 719 3588 791">
    <p class='ocr_par' dir='ltr' id='par_1_20' title="bbox 2062 719 3588 791">
     <span class='ocr_line' id='line_1_20' title="bbox 2062 719 3588 791; baseline 0.001 -17"><span class='ocrx_word' id='word_1_123' title='bbox 2062 719 2141 774; x_wconf 68' lang='lat' dir='ltr'><strong>Ex</strong></span> <span class='ocrx_word' id='word_1_124' title='bbox 2207 719 2311 773; x_wconf 92' lang='lat' dir='ltr'><strong>hoc</strong></span> <span class='ocrx_word' id='word_1_125' title='bbox 2346 730 2403 775; x_wconf 88' lang='lat' dir='ltr'><strong>et</strong></span> <span class='ocrx_word' id='word_1_126' title='bbox 2462 720 2726 789; x_wconf 71' lang='lat' dir='ltr'><strong>praedicto</strong></span> <span class='ocrx_word' id='word_1_127' title='bbox 2809 719 3066 791; x_wconf 74' lang='lat' dir='ltr'><strong>Gregorae</strong></span> <span class='ocrx_word' id='word_1_128' title='bbox 3136 722 3261 776; x_wconf 91' lang='lat' dir='ltr'><strong>loco</strong></span> <span class='ocrx_word' id='word_1_129' title='bbox 3330 719 3588 791; x_wconf 79' lang='lat' dir='ltr'><strong>intelligis</strong></span> 
     </span>
    </p>
   </div>
   <div class='ocr_carea' id='block_1_21' title="bbox 1988 812 3588 883">
    <p class='ocr_par' dir='ltr' id='par_1_21' title="bbox 1988 812 3588 883">
     <span class='ocr_line' id='line_1_21' title="bbox 1988 812 3588 883; baseline 0.001 -18"><span class='ocrx_word' id='word_1_130' title='bbox 1988 827 2157 882; x_wconf 89' lang='lat' dir='ltr'><strong>quare</strong></span> <span class='ocrx_word' id='word_1_131' title='bbox 2212 812 2505 881; x_wconf 70' lang='lat' dir='ltr'><strong>praefectus</strong></span> <span class='ocrx_word' id='word_1_132' title='bbox 2581 812 2814 868; x_wconf 89' lang='lat' dir='ltr'><strong>caniclei</strong></span> <span class='ocrx_word' id='word_1_133' title='bbox 2900 831 3149 868; x_wconf 80' lang='lat' dir='ltr'><strong>consocer</strong></span> <span class='ocrx_word' id='word_1_134' title='bbox 3234 813 3588 883; x_wconf 86' lang='lat' dir='ltr'><strong>imperatoris</strong></span> 
     </span>
    </p>
   </div>
   <div class='ocr_carea' id='block_1_22' title="bbox 1991 904 3590 977">
    <p class='ocr_par' dir='ltr' id='par_1_22' title="bbox 1991 904 3590 977">
     <span class='ocr_line' id='line_1_22' title="bbox 1991 904 3590 977; baseline 0 -18"><span class='ocrx_word' id='word_1_135' title='bbox 1991 904 2405 975; x_wconf 65' lang='lat' dir='ltr'><strong>appellari-tur;</strong></span> <span class='ocrx_word' id='word_1_136' title='bbox 2466 904 2594 976; x_wconf 87' lang='lat' dir='ltr'><strong>quia</strong></span> <span class='ocrx_word' id='word_1_137' title='bbox 2651 915 2798 959; x_wconf 88' lang='lat' dir='ltr'><strong>tanta</strong></span> <span class='ocrx_word' id='word_1_138' title='bbox 2852 916 2970 961; x_wconf 84' lang='lat' dir='ltr'><strong>erat</strong></span> <span class='ocrx_word' id='word_1_139' title='bbox 3036 907 3153 963; x_wconf 71' lang='lat' dir='ltr'><strong>haec</strong></span> <span class='ocrx_word' id='word_1_140' title='bbox 3209 906 3469 977; x_wconf 79' lang='lat' dir='ltr'><strong>dignitas,</strong></span> <span class='ocrx_word' id='word_1_141' title='bbox 3527 914 3590 960; x_wconf 87' lang='lat' dir='ltr'><strong>ut</strong></span> 
     </span>
    </p>
   </div>
   <div class='ocr_carea' id='block_1_23' title="bbox 1992 995 3571 1068">
    <p class='ocr_par' dir='ltr' id='par_1_23' title="bbox 1992 995 3571 1068">
     <span class='ocr_line' id='line_1_23' title="bbox 1992 995 3571 1068; baseline 0.001 -21"><span class='ocrx_word' id='word_1_142' title='bbox 1992 995 2284 1064; x_wconf 74' lang='lat' dir='ltr'><strong>praefectus</strong></span> <span class='ocrx_word' id='word_1_143' title='bbox 2318 996 2546 1049; x_wconf 87' lang='lat' dir='ltr'><strong>caniclei</strong></span> <span class='ocrx_word' id='word_1_144' title='bbox 2580 1005 2769 1065; x_wconf 86' lang='lat' dir='ltr'><strong>posset</strong></span> <span class='ocrx_word' id='word_1_145' title='bbox 2806 998 2916 1051; x_wconf 84' lang='lat' dir='ltr'><strong>lilio</strong></span> <span class='ocrx_word' id='word_1_146' title='bbox 2944 1013 3045 1053; x_wconf 92' lang='lat' dir='ltr'><strong>suo</strong></span> <span class='ocrx_word' id='word_1_147' title='bbox 3075 999 3374 1068; x_wconf 85' lang='lat' dir='ltr'><strong>impetrare</strong></span> <span class='ocrx_word' id='word_1_148' title='bbox 3401 997 3571 1050; x_wconf 84' lang='lat' dir='ltr'><strong>tiliam</strong></span> 
     </span>
    </p>
   </div>
   <div class='ocr_carea' id='block_1_24' title="bbox 1990 1086 3583 1159">
    <p class='ocr_par' dir='ltr' id='par_1_24' title="bbox 1990 1086 3583 1159">
     <span class='ocr_line' id='line_1_24' title="bbox 1990 1086 3583 1159; baseline -0.001 -19"><span class='ocrx_word' id='word_1_149' title='bbox 1990 1086 2338 1156; x_wconf 76' lang='lat' dir='ltr'><strong>imperatoris</strong></span> <span class='ocrx_word' id='word_1_150' title='bbox 2372 1098 2428 1141; x_wconf 90' lang='lat' dir='ltr'><strong>et</strong></span> <span class='ocrx_word' id='word_1_151' title='bbox 2453 1086 2575 1142; x_wconf 70' lang='lat' dir='ltr'><strong>lilia:</strong></span> <span class='ocrx_word' id='word_1_152' title='bbox 2605 1088 2799 1143; x_wconf 87' lang='lat' dir='ltr'><strong>lilium.</strong></span> <span class='ocrx_word' id='word_1_153' title='bbox 2833 1089 2970 1144; x_wconf 91' lang='lat' dir='ltr'><strong>lliuc</strong></span> <span class='ocrx_word' id='word_1_154' title='bbox 2992 1089 3369 1159; x_wconf 82' lang='grc' dir='ltr'><strong>συμπένϐερος</strong></span> <span class='ocrx_word' id='word_1_155' title='bbox 3402 1104 3417 1152; x_wconf 87' lang='lat'><strong>;</strong></span> <span class='ocrx_word' id='word_1_156' title='bbox 3457 1101 3583 1140; x_wconf 87' lang='lat' dir='ltr'><strong>nam</strong></span> 
     </span>
    </p>
   </div>
   <div class='ocr_carea' id='block_1_25' title="bbox 1991 1177 3587 1250">
    <p class='ocr_par' dir='ltr' id='par_1_25' title="bbox 1991 1177 3587 1250">
     <span class='ocr_line' id='line_1_25' title="bbox 1991 1177 3587 1250; baseline 0.001 -21"><span class='ocrx_word' id='word_1_157' title='bbox 1991 1178 2288 1246; x_wconf 68' lang='lat' dir='ltr'><strong>prrelectus</strong></span> <span class='ocrx_word' id='word_1_158' title='bbox 2318 1177 2547 1233; x_wconf 88' lang='lat' dir='ltr'><strong>caniclei</strong></span> <span class='ocrx_word' id='word_1_159' title='bbox 2576 1194 2604 1232; x_wconf 88' lang='lat' dir='ltr'><strong>a</strong></span> <span class='ocrx_word' id='word_1_160' title='bbox 2640 1180 2749 1233; x_wconf 85' lang='lat' dir='ltr'><strong>lilia</strong></span> <span class='ocrx_word' id='word_1_161' title='bbox 2789 1181 3160 1250; x_wconf 86' lang='lat' dir='ltr'><strong>imperatoris,</strong></span> <span class='ocrx_word' id='word_1_162' title='bbox 3197 1181 3243 1236; x_wconf 89' lang='lat' dir='ltr'><strong>si</strong></span> <span class='ocrx_word' id='word_1_163' title='bbox 3279 1189 3446 1248; x_wconf 81' lang='lat' dir='ltr'><strong>nupta</strong></span> <span class='ocrx_word' id='word_1_164' title='bbox 3475 1180 3587 1232; x_wconf 85' lang='lat' dir='ltr'><strong>ﬁlio</strong></span> 
     </span>
    </p>
   </div>
   <div class='ocr_carea' id='block_1_26' title="bbox 1992 1271 3586 1342">
    <p class='ocr_par' dir='ltr' id='par_1_26' title="bbox 1992 1271 3586 1342">
     <span class='ocr_line' id='line_1_26' title="bbox 1992 1271 3586 1342; baseline -0.001 -17"><span class='ocrx_word' id='word_1_165' title='bbox 1992 1280 2169 1335; x_wconf 88' lang='lat' dir='ltr'><strong>esset,</strong></span> <span class='ocrx_word' id='word_1_166' title='bbox 2202 1273 2510 1327; x_wconf 80' lang='lat' dir='ltr'><strong>vocabatur</strong></span> <span class='ocrx_word' id='word_1_167' title='bbox 2537 1280 2773 1336; x_wconf 87' lang='lat' dir='ltr'><strong>socer,et</strong></span> <span class='ocrx_word' id='word_1_168' title='bbox 2804 1273 3107 1342; x_wconf 88' lang='lat' dir='ltr'><strong>imperator</strong></span> <span class='ocrx_word' id='word_1_169' title='bbox 3143 1288 3173 1327; x_wconf 89' lang='lat' dir='ltr'><strong>a</strong></span> <span class='ocrx_word' id='word_1_170' title='bbox 3206 1272 3313 1327; x_wconf 87' lang='lat' dir='ltr'><strong>lilia</strong></span> <span class='ocrx_word' id='word_1_171' title='bbox 3346 1271 3586 1342; x_wconf 72' lang='lat' dir='ltr'><strong>pmfecti</strong></span> 
     </span>
    </p>
   </div>
   <div class='ocr_carea' id='block_1_27' title="bbox 1990 1362 3585 1435">
    <p class='ocr_par' dir='ltr' id='par_1_27' title="bbox 1990 1362 3585 1435">
     <span class='ocr_line' id='line_1_27' title="bbox 1990 1362 3585 1435; baseline 0.002 -21"><span class='ocrx_word' id='word_1_172' title='bbox 1990 1362 2220 1416; x_wconf 87' lang='lat' dir='ltr'><strong>caniclei</strong></span> <span class='ocrx_word' id='word_1_173' title='bbox 2262 1377 2439 1417; x_wconf 88' lang='lat' dir='ltr'><strong>socer.</strong></span> <span class='ocrx_word' id='word_1_174' title='bbox 2480 1362 2623 1418; x_wconf 87' lang='lat' dir='ltr'><strong>ldem</strong></span> <span class='ocrx_word' id='word_1_175' title='bbox 2657 1365 2858 1420; x_wconf 81' lang='lat' dir='ltr'><strong>factum</strong></span> <span class='ocrx_word' id='word_1_176' title='bbox 2897 1365 3122 1435; x_wconf 79' lang='lat' dir='ltr'><strong>quando</strong></span> <span class='ocrx_word' id='word_1_177' title='bbox 3172 1364 3316 1419; x_wconf 84' lang='lat' dir='ltr'><strong>Illius</strong></span> <span class='ocrx_word' id='word_1_178' title='bbox 3348 1366 3585 1433; x_wconf 86' lang='lat' dir='ltr'><strong>impera-</strong></span> 
     </span>
    </p>
   </div>
   <div class='ocr_carea' id='block_1_28' title="bbox 1991 1453 3588 1528">
    <p class='ocr_par' dir='ltr' id='par_1_28' title="bbox 1991 1453 3588 1528">
     <span class='ocr_line' id='line_1_28' title="bbox 1991 1453 3588 1528; baseline 0.003 -21"><span class='ocrx_word' id='word_1_179' title='bbox 1991 1453 2127 1508; x_wconf 88' lang='lat' dir='ltr'><strong>toris</strong></span> <span class='ocrx_word' id='word_1_180' title='bbox 2163 1454 2215 1509; x_wconf 92' lang='lat' dir='ltr'><strong>in</strong></span> <span class='ocrx_word' id='word_1_181' title='bbox 2251 1456 2607 1512; x_wconf 88' lang='lat' dir='ltr'><strong>matrimonio</strong></span> <span class='ocrx_word' id='word_1_182' title='bbox 2652 1457 2894 1513; x_wconf 88' lang='lat' dir='ltr'><strong>habebat</strong></span> <span class='ocrx_word' id='word_1_183' title='bbox 2932 1456 3097 1512; x_wconf 83' lang='lat' dir='ltr'><strong>ﬁliam</strong></span> <span class='ocrx_word' id='word_1_184' title='bbox 3141 1456 3385 1528; x_wconf 75' lang='lat' dir='ltr'><strong>praefecti</strong></span> <span class='ocrx_word' id='word_1_185' title='bbox 3432 1458 3588 1513; x_wconf 87' lang='lat' dir='ltr'><strong>cani-</strong></span> 
     </span>
    </p>
   </div>
   <div class='ocr_carea' id='block_1_29' title="bbox 1990 1550 2225 1605">
    <p class='ocr_par' dir='ltr' id='par_1_29' title="bbox 1990 1550 2225 1605">
     <span class='ocr_line' id='line_1_29' title="bbox 1990 1550 2225 1605; baseline 0.009 -2"><span class='ocrx_word' id='word_1_186' title='bbox 1990 1550 2134 1605; x_wconf 85' lang='lat' dir='ltr'><strong>cleo.</strong></span> <span class='ocrx_word' id='word_1_187' title='bbox 2221 1555 2225 1559; x_wconf 90' lang='grc'><strong>’</strong></span> 
     </span>
    </p>
   </div>
   <div class='ocr_carea' id='block_1_30' title="bbox 2060 1640 3590 1716">
    <p class='ocr_par' dir='ltr' id='par_1_30' title="bbox 2060 1640 3590 1716">
     <span class='ocr_line' id='line_1_30' title="bbox 2060 1640 3590 1716; baseline 0.001 -20"><span class='ocrx_word' id='word_1_188' title='bbox 2060 1641 2206 1696; x_wconf 84' lang='lat' dir='ltr'><strong>idem</strong></span> <span class='ocrx_word' id='word_1_189' title='bbox 2245 1640 2684 1712; x_wconf 85' lang='lat' dir='ltr'><strong>Cantacuzenus,</strong></span> <span class='ocrx_word' id='word_1_190' title='bbox 2711 1661 2786 1711; x_wconf 86' lang='lat' dir='ltr'><strong>Iv,</strong></span> <span class='ocrx_word' id='word_1_191' title='bbox 2808 1644 2879 1701; x_wconf 66' lang='lat'>40</span> <span class='ocrx_word' id='word_1_192' title='bbox 2904 1666 2916 1700; x_wconf 83' lang='lat'>;</span> <span class='ocrx_word' id='word_1_193' title='bbox 2944 1643 3282 1716; x_wconf 77' lang='lat' dir='ltr'><strong>Palteologus</strong></span> <span class='ocrx_word' id='word_1_194' title='bbox 3312 1646 3590 1714; x_wconf 79' lang='lat' dir='ltr'><strong>prtesidem</strong></span> 
     </span>
    </p>
   </div>
   <div class='ocr_carea' id='block_1_31' title="bbox 1987 1731 3589 1807">
    <p class='ocr_par' dir='ltr' id='par_1_31' title="bbox 1987 1731 3589 1807">
     <span class='ocr_line' id='line_1_31' title="bbox 1987 1731 3589 1807; baseline 0.003 -18"><span class='ocrx_word' id='word_1_195' title='bbox 1987 1731 2213 1789; x_wconf 85' lang='lat' dir='ltr'><strong>caniclei</strong></span> <span class='ocrx_word' id='word_1_196' title='bbox 2246 1736 2503 1805; x_wconf 80' lang='lat' dir='ltr'><strong>Angelum</strong></span> <span class='ocrx_word' id='word_1_197' title='bbox 2528 1736 2762 1807; x_wconf 84' lang='lat' dir='ltr'><strong>legatum</strong></span> <span class='ocrx_word' id='word_1_198' title='bbox 2790 1741 2976 1795; x_wconf 87' lang='lat' dir='ltr'><strong>ntittit.</strong></span> <span class='ocrx_word' id='word_1_199' title='bbox 3036 1737 3256 1797; x_wconf 87' lang='lat' dir='ltr'><strong>Nicelas</strong></span> <span class='ocrx_word' id='word_1_200' title='bbox 3285 1741 3589 1797; x_wconf 82' lang='lat' dir='ltr'><strong>Cltnniatcs</strong></span> 
     </span>
    </p>
   </div>
   <div class='ocr_carea' id='block_1_32' title="bbox 1990 1822 3591 1902">
    <p class='ocr_par' dir='ltr' id='par_1_32' title="bbox 1990 1822 3591 1902">
     <span class='ocr_line' id='line_1_32' title="bbox 1990 1822 3591 1902; baseline 0.007 -27"><span class='ocrx_word' id='word_1_201' title='bbox 1990 1822 2087 1880; x_wconf 88' lang='lat' dir='ltr'><strong>lib.</strong></span> <span class='ocrx_word' id='word_1_202' title='bbox 2127 1827 2149 1881; x_wconf 80' lang='lat' dir='ltr'><strong>i</strong></span> <span class='ocrx_word' id='word_1_203' title='bbox 2189 1827 2255 1881; x_wconf 88' lang='lat' dir='ltr'><strong>de</strong></span> <span class='ocrx_word' id='word_1_204' title='bbox 2286 1830 2450 1884; x_wconf 86' lang='lat' dir='ltr'><strong>rebus</strong></span> <span class='ocrx_word' id='word_1_205' title='bbox 2479 1831 2652 1901; x_wconf 78' lang='lat' dir='ltr'><strong>gestis</strong></span> <span class='ocrx_word' id='word_1_206' title='bbox 2694 1830 2965 1887; x_wconf 82' lang='lat' dir='ltr'><strong>Manuelis</strong></span> <span class='ocrx_word' id='word_1_207' title='bbox 3002 1832 3293 1897; x_wconf 86' lang='lat' dir='ltr'><strong>Comneni,</strong></span> <span class='ocrx_word' id='word_1_208' title='bbox 3330 1833 3397 1887; x_wconf 86' lang='lat' dir='ltr'><strong>de</strong></span> <span class='ocrx_word' id='word_1_209' title='bbox 3428 1834 3591 1902; x_wconf 82' lang='lat' dir='ltr'><strong>Styp-</strong></span> 
     </span>
    </p>
   </div>
   <div class='ocr_carea' id='block_1_33' title="bbox 299 1899 3588 1999">
    <p class='ocr_par' dir='ltr' id='par_1_33' title="bbox 299 1899 3588 1999">
     <span class='ocr_line' id='line_1_33' title="bbox 299 1899 3588 1999; baseline 0.005 -32"><span class='ocrx_word' id='word_1_210' title='bbox 299 1914 564 1984; x_wconf 69' lang='lat' dir='ltr'><strong>dignitate</strong></span> <span class='ocrx_word' id='word_1_211' title='bbox 611 1917 906 1974; x_wconf 80' lang='lat' dir='ltr'><strong>honoravit.</strong></span> <span class='ocrx_word' id='word_1_212' title='bbox 965 1920 1166 1977; x_wconf 85' lang='lat' dir='ltr'><strong>Eadem</strong></span> <span class='ocrx_word' id='word_1_213' title='bbox 1223 1923 1293 1977; x_wconf 88' lang='lat' dir='ltr'><strong>de</strong></span> <span class='ocrx_word' id='word_1_214' title='bbox 1354 1922 1581 1978; x_wconf 78' lang='lat' dir='ltr'><strong>caniclei</strong></span> <span class='ocrx_word' id='word_1_215' title='bbox 1630 1920 1889 1994; x_wconf 64' lang='lat' dir='ltr'><strong>praefecto</strong></span> <span class='ocrx_word' id='word_1_216' title='bbox 1918 1899 1965 1956; x_wconf 72' lang='grc' dir='ltr'><strong><em>Β</em></strong></span> <span class='ocrx_word' id='word_1_217' title='bbox 1994 1917 2140 1985; x_wconf 83' lang='lat' dir='ltr'><strong>piola</strong></span> <span class='ocrx_word' id='word_1_218' title='bbox 2173 1934 2382 1988; x_wconf 82' lang='lat' dir='ltr'><strong>agens:</strong></span> <span class='ocrx_word' id='word_1_219' title='bbox 2422 1899 2657 1983; x_wconf 63' lang='lat' dir='ltr'><strong>Tandem</strong></span> <span class='ocrx_word' id='word_1_220' title='bbox 2685 1921 2757 1973; x_wconf 87' lang='lat' dir='ltr'><strong>ad</strong></span> <span class='ocrx_word' id='word_1_221' title='bbox 2787 1921 3015 1999; x_wconf 53' lang='lat' dir='ltr'><strong>caniclei</strong></span> <span class='ocrx_word' id='word_1_222' title='bbox 3037 1921 3375 1991; x_wconf 77' lang='lat' dir='ltr'><strong>magniﬁcum</strong></span> <span class='ocrx_word' id='word_1_223' title='bbox 3399 1899 3588 1973; x_wconf 63' lang='lat' dir='ltr'><strong>munus</strong></span> 
     </span>
    </p>
   </div>
   <div class='ocr_carea' id='block_1_34' title="bbox 298 2003 1889 2077">
    <p class='ocr_par' dir='ltr' id='par_1_34' title="bbox 298 2003 1889 2077">
     <span class='ocr_line' id='line_1_34' title="bbox 298 2003 1889 2077; baseline 0.004 -15"><span class='ocrx_word' id='word_1_224' title='bbox 298 2003 628 2064; x_wconf 86' lang='lat' dir='ltr'><strong>Theoctisto</strong></span> <span class='ocrx_word' id='word_1_225' title='bbox 660 2009 966 2077; x_wconf 87' lang='lat' dir='ltr'><strong>Cedrenus,</strong></span> <span class='ocrx_word' id='word_1_226' title='bbox 1004 2011 1096 2069; x_wconf 92' lang='lat' dir='ltr'><strong>ubi</strong></span> <span class='ocrx_word' id='word_1_227' title='bbox 1123 2012 1189 2070; x_wconf 91' lang='lat' dir='ltr'><strong>de</strong></span> <span class='ocrx_word' id='word_1_228' title='bbox 1231 2015 1383 2070; x_wconf 63' lang='lat' dir='ltr'><strong>czede</strong></span> <span class='ocrx_word' id='word_1_229' title='bbox 1443 2010 1643 2071; x_wconf 88' lang='lat' dir='ltr'><strong>Leonis</strong></span> <span class='ocrx_word' id='word_1_230' title='bbox 1660 2015 1889 2069; x_wconf 88' lang='lat' dir='ltr'><strong>Armcni</strong></span> 
     </span>
    </p>
   </div>
   <div class='ocr_carea' id='block_1_35' title="bbox 299 2104 1892 2182">
    <p class='ocr_par' dir='ltr' id='par_1_35' title="bbox 299 2104 1892 2182">
     <span class='ocr_line' id='line_1_35' title="bbox 299 2104 1892 2182; baseline 0.005 -23"><span class='ocrx_word' id='word_1_231' title='bbox 299 2106 440 2177; x_wconf 84' lang='lat' dir='ltr'><strong>agit.</strong></span> <span class='ocrx_word' id='word_1_232' title='bbox 475 2107 618 2163; x_wconf 90' lang='lat' dir='ltr'><strong>Idem</strong></span> <span class='ocrx_word' id='word_1_233' title='bbox 651 2108 934 2165; x_wconf 85' lang='lat' dir='ltr'><strong>Cedrenus</strong></span> <span class='ocrx_word' id='word_1_234' title='bbox 963 2110 1158 2167; x_wconf 85' lang='lat' dir='ltr'><strong>scribit</strong></span> <span class='ocrx_word' id='word_1_235' title='bbox 1189 2112 1371 2168; x_wconf 87' lang='lat' dir='ltr'><strong>occiso</strong></span> <span class='ocrx_word' id='word_1_236' title='bbox 1410 2110 1670 2182; x_wconf 64' lang='lat' dir='ltr'><strong>praedicto</strong></span> <span class='ocrx_word' id='word_1_237' title='bbox 1712 2104 1892 2167; x_wconf 83' lang='lat' dir='ltr'><strong>Theo-</strong></span> 
     </span>
    </p>
   </div>
   <div class='ocr_carea' id='block_1_36' title="bbox 302 2200 1895 2276">
    <p class='ocr_par' dir='ltr' id='par_1_36' title="bbox 302 2200 1895 2276">
     <span class='ocr_line' id='line_1_36' title="bbox 302 2200 1895 2276; baseline 0.003 -24"><span class='ocrx_word' id='word_1_238' title='bbox 302 2200 473 2254; x_wconf 84' lang='lat' dir='ltr'><strong>ctisto</strong></span> <span class='ocrx_word' id='word_1_239' title='bbox 515 2216 541 2253; x_wconf 86' lang='lat' dir='ltr'><strong>a</strong></span> <span class='ocrx_word' id='word_1_240' title='bbox 577 2200 770 2267; x_wconf 84' lang='lat' dir='ltr'><strong>Barda,</strong></span> <span class='ocrx_word' id='word_1_241' title='bbox 805 2202 1038 2261; x_wconf 83' lang='lat' dir='ltr'><strong>Bardam</strong></span> <span class='ocrx_word' id='word_1_242' title='bbox 1101 2205 1422 2276; x_wconf 83' lang='lat' dir='ltr'><strong>dignitatem</strong></span> <span class='ocrx_word' id='word_1_243' title='bbox 1462 2203 1694 2260; x_wconf 87' lang='lat' dir='ltr'><strong>caniclei</strong></span> <span class='ocrx_word' id='word_1_244' title='bbox 1751 2204 1806 2257; x_wconf 91' lang='lat' dir='ltr'><strong>in</strong></span> <span class='ocrx_word' id='word_1_245' title='bbox 1833 2215 1895 2257; x_wconf 88' lang='lat' dir='ltr'><strong>se</strong></span> 
     </span>
    </p>
   </div>
   <div class='ocr_carea' id='block_1_37' title="bbox 301 2292 1895 2367">
    <p class='ocr_par' dir='ltr' id='par_1_37' title="bbox 301 2292 1895 2367">
     <span class='ocr_line' id='line_1_37' title="bbox 301 2292 1895 2367; baseline 0.004 -24"><span class='ocrx_word' id='word_1_246' title='bbox 301 2292 679 2350; x_wconf 66' lang='lat' dir='ltr'><strong>transtulisse.</strong></span> <span class='ocrx_word' id='word_1_247' title='bbox 724 2294 1054 2367; x_wconf 87' lang='lat' dir='ltr'><strong>Curopalata</strong></span> <span class='ocrx_word' id='word_1_248' title='bbox 1118 2296 1175 2351; x_wconf 91' lang='lat' dir='ltr'><strong>in</strong></span> <span class='ocrx_word' id='word_1_249' title='bbox 1258 2294 1628 2352; x_wconf 86' lang='lat' dir='ltr'><strong>Constantino</strong></span> <span class='ocrx_word' id='word_1_250' title='bbox 1691 2293 1895 2350; x_wconf 86' lang='lat' dir='ltr'><strong>Leonis</strong></span> 
     </span>
    </p>
   </div>
   <div class='ocr_carea' id='block_1_38' title="bbox 309 2381 1893 2459">
    <p class='ocr_par' dir='ltr' id='par_1_38' title="bbox 309 2381 1893 2459">
     <span class='ocr_line' id='line_1_38' title="bbox 309 2381 1893 2459; baseline 0.001 -21"><span class='ocrx_word' id='word_1_251' title='bbox 309 2381 424 2440; x_wconf 83' lang='lat' dir='ltr'><strong>lilio</strong></span> <span class='ocrx_word' id='word_1_252' title='bbox 451 2403 466 2439; x_wconf 91' lang='lat'><strong>:</strong></span> <span class='ocrx_word' id='word_1_253' title='bbox 500 2386 672 2441; x_wconf 88' lang='lat' dir='ltr'><strong>Paulo</strong></span> <span class='ocrx_word' id='word_1_254' title='bbox 699 2397 814 2456; x_wconf 87' lang='lat' dir='ltr'><strong>post</strong></span> <span class='ocrx_word' id='word_1_255' title='bbox 842 2388 1035 2442; x_wconf 85' lang='lat' dir='ltr'><strong>missus</strong></span> <span class='ocrx_word' id='word_1_256' title='bbox 1067 2398 1144 2442; x_wconf 88' lang='lat' dir='ltr'><strong>est</strong></span> <span class='ocrx_word' id='word_1_257' title='bbox 1204 2390 1269 2442; x_wconf 93' lang='lat' dir='ltr'><strong>ab</strong></span> <span class='ocrx_word' id='word_1_258' title='bbox 1320 2389 1565 2459; x_wconf 87' lang='lat' dir='ltr'><strong>Augusta</strong></span> <span class='ocrx_word' id='word_1_259' title='bbox 1628 2387 1893 2457; x_wconf 84' lang='lat' dir='ltr'><strong>patricius</strong></span> 
     </span>
    </p>
   </div>
   <div class='ocr_carea' id='block_1_39' title="bbox 309 2477 1898 2549">
    <p class='ocr_par' dir='ltr' id='par_1_39' title="bbox 309 2477 1898 2549">
     <span class='ocr_line' id='line_1_39' title="bbox 309 2477 1898 2549; baseline 0.001 -17"><span class='ocrx_word' id='word_1_260' title='bbox 309 2477 549 2532; x_wconf 76' lang='lat' dir='ltr'><strong>Basilius</strong></span> <span class='ocrx_word' id='word_1_261' title='bbox 583 2480 800 2539; x_wconf 61' lang='lat' dir='ltr'><strong>emaciet“</strong></span> <span class='ocrx_word' id='word_1_262' title='bbox 823 2480 1127 2549; x_wconf 74' lang='lat' dir='ltr'><strong>prafectus.</strong></span> <span class='ocrx_word' id='word_1_263' title='bbox 1169 2480 1243 2536; x_wconf 89' lang='lat' dir='ltr'><strong>De</strong></span> <span class='ocrx_word' id='word_1_264' title='bbox 1275 2480 1463 2535; x_wconf 91' lang='lat' dir='ltr'><strong>eodem</strong></span> <span class='ocrx_word' id='word_1_265' title='bbox 1501 2479 1732 2534; x_wconf 85' lang='lat' dir='ltr'><strong>caniclei</strong></span> <span class='ocrx_word' id='word_1_266' title='bbox 1762 2493 1898 2548; x_wconf 82' lang='lat' dir='ltr'><strong>prae-</strong></span> 
     </span>
    </p>
   </div>
   <div class='ocr_carea' id='block_1_40' title="bbox 314 2570 1892 2644">
    <p class='ocr_par' dir='ltr' id='par_1_40' title="bbox 314 2570 1892 2644">
     <span class='ocr_line' id='line_1_40' title="bbox 314 2570 1892 2644; baseline 0.001 -19"><span class='ocrx_word' id='word_1_267' title='bbox 314 2570 457 2626; x_wconf 83' lang='lat' dir='ltr'><strong>icctn</strong></span> <span class='ocrx_word' id='word_1_268' title='bbox 479 2571 795 2629; x_wconf 73' lang='lat' dir='ltr'><strong>Thcoctislo</strong></span> <span class='ocrx_word' id='word_1_269' title='bbox 823 2572 1065 2629; x_wconf 83' lang='lat' dir='ltr'><strong>Zonaras</strong></span> <span class='ocrx_word' id='word_1_270' title='bbox 1094 2575 1149 2628; x_wconf 90' lang='lat' dir='ltr'><strong>in</strong></span> <span class='ocrx_word' id='word_1_271' title='bbox 1183 2573 1486 2644; x_wconf 82' lang='lat' dir='ltr'><strong>Theophila</strong></span> <span class='ocrx_word' id='word_1_272' title='bbox 1512 2572 1841 2644; x_wconf 87' lang='lat' dir='ltr'><strong>imperatore</strong></span> <span class='ocrx_word' id='word_1_273' title='bbox 1877 2588 1892 2626; x_wconf 89' lang='lat'><strong>:</strong></span> 
     </span>
    </p>
   </div>
   <div class='ocr_carea' id='block_1_41' title="bbox 319 2657 1895 2737">
    <p class='ocr_par' dir='ltr' id='par_1_41' title="bbox 319 2657 1895 2737">
     <span class='ocr_line' id='line_1_41' title="bbox 319 2657 1895 2737; baseline 0.002 -19"><span class='ocrx_word' id='word_1_274' title='bbox 319 2657 548 2718; x_wconf 76' lang='lat' dir='ltr'><strong>Uxorem</strong></span> <span class='ocrx_word' id='word_1_275' title='bbox 575 2675 627 2718; x_wconf 90' lang='lat' dir='ltr'><strong>et</strong></span> <span class='ocrx_word' id='word_1_276' title='bbox 664 2667 885 2721; x_wconf 86' lang='lat' dir='ltr'><strong>caniclei</strong></span> <span class='ocrx_word' id='word_1_277' title='bbox 938 2668 1247 2737; x_wconf 70' lang='lat' dir='ltr'><strong>prazfectum</strong></span> <span class='ocrx_word' id='word_1_278' title='bbox 1297 2668 1527 2723; x_wconf 89' lang='lat' dir='ltr'><strong>multum</strong></span> <span class='ocrx_word' id='word_1_279' title='bbox 1597 2669 1895 2722; x_wconf 77' lang='lat' dir='ltr'><strong>obtestatus</strong></span> 
     </span>
    </p>
   </div>
   <div class='ocr_carea' id='block_1_42' title="bbox 326 2758 1897 2830">
    <p class='ocr_par' dir='ltr' id='par_1_42' title="bbox 326 2758 1897 2830">
     <span class='ocr_line' id='line_1_42' title="bbox 326 2758 1897 2830; baseline 0.002 -20"><span class='ocrx_word' id='word_1_280' title='bbox 326 2766 400 2810; x_wconf 78' lang='lat' dir='ltr'><strong>est</strong></span> <span class='ocrx_word' id='word_1_281' title='bbox 428 2758 918 2828; x_wconf 72' lang='lat' dir='ltr'><strong>(Iheoplnilus)ne</strong></span> <span class='ocrx_word' id='word_1_282' title='bbox 968 2771 1277 2828; x_wconf 81' lang='lat' dir='ltr'><strong>paterentur</strong></span> <span class='ocrx_word' id='word_1_283' title='bbox 1325 2760 1649 2815; x_wconf 82' lang='lat' dir='ltr'><strong>uenerandus</strong></span> <span class='ocrx_word' id='word_1_284' title='bbox 1703 2761 1897 2830; x_wconf 88' lang='lat' dir='ltr'><strong>imagi-</strong></span> 
     </span>
    </p>
   </div>
   <div class='ocr_carea' id='block_1_43' title="bbox 338 2846 1898 2920">
    <p class='ocr_par' dir='ltr' id='par_1_43' title="bbox 338 2846 1898 2920">
     <span class='ocr_line' id='line_1_43' title="bbox 338 2846 1898 2920; baseline 0.003 -17"><span class='ocrx_word' id='word_1_285' title='bbox 338 2865 420 2903; x_wconf 81' lang='lat' dir='ltr'><strong>nes</strong></span> <span class='ocrx_word' id='word_1_286' title='bbox 443 2852 635 2920; x_wconf 78' lang='lat' dir='ltr'><strong>reponi.</strong></span> <span class='ocrx_word' id='word_1_287' title='bbox 661 2852 803 2906; x_wconf 86' lang='lat' dir='ltr'><strong>idem</strong></span> <span class='ocrx_word' id='word_1_288' title='bbox 824 2846 1141 2909; x_wconf 80' lang='lat' dir='ltr'><strong>Zonarasin</strong></span> <span class='ocrx_word' id='word_1_289' title='bbox 1160 2856 1349 2909; x_wconf 80' lang='lat' dir='ltr'><strong>Alexio</strong></span> <span class='ocrx_word' id='word_1_290' title='bbox 1381 2855 1700 2911; x_wconf 85' lang='lat' dir='ltr'><strong>Comneno:</strong></span> <span class='ocrx_word' id='word_1_291' title='bbox 1737 2854 1898 2909; x_wconf 81' lang='lat' dir='ltr'><strong>Com-</strong></span> 
     </span>
    </p>
   </div>
   <div class='ocr_carea' id='block_1_44' title="bbox 336 2944 1897 3017">
    <p class='ocr_par' dir='ltr' id='par_1_44' title="bbox 336 2944 1897 3017">
     <span class='ocr_line' id='line_1_44' title="bbox 336 2944 1897 3017; baseline 0.004 -23"><span class='ocrx_word' id='word_1_292' title='bbox 336 2944 443 2996; x_wconf 79' lang='lat' dir='ltr'><strong>ncni</strong></span> <span class='ocrx_word' id='word_1_293' title='bbox 482 2947 634 2998; x_wconf 81' lang='lat' dir='ltr'><strong>rebus</strong></span> <span class='ocrx_word' id='word_1_294' title='bbox 673 2947 783 2999; x_wconf 84' lang='lat' dir='ltr'><strong>suis</strong></span> <span class='ocrx_word' id='word_1_295' title='bbox 802 2947 927 3017; x_wconf 83' lang='lat' dir='ltr'><strong>jam</strong></span> <span class='ocrx_word' id='word_1_296' title='bbox 950 2947 1011 3001; x_wconf 80' lang='lat' dir='ltr'><strong>in</strong></span> <span class='ocrx_word' id='word_1_297' title='bbox 1045 2956 1158 3003; x_wconf 88' lang='lat' dir='ltr'><strong>tuto</strong></span> <span class='ocrx_word' id='word_1_298' title='bbox 1208 2949 1503 3013; x_wconf 79' lang='lat' dir='ltr'><strong>collocatis,</strong></span> <span class='ocrx_word' id='word_1_299' title='bbox 1565 2957 1789 3003; x_wconf 80' lang='lat' dir='ltr'><strong>matrem</strong></span> <span class='ocrx_word' id='word_1_300' title='bbox 1849 2958 1897 3002; x_wconf 90' lang='lat' dir='ltr'><strong>et</strong></span> 
     </span>
    </p>
   </div>
   <div class='ocr_carea' id='block_1_45' title="bbox 330 3034 1898 3107">
    <p class='ocr_par' dir='ltr' id='par_1_45' title="bbox 330 3034 1898 3107">
     <span class='ocr_line' id='line_1_45' title="bbox 330 3034 1898 3107; baseline 0.005 -22"><span class='ocrx_word' id='word_1_301' title='bbox 330 3034 570 3105; x_wconf 83' lang='lat' dir='ltr'><strong>conjuges</strong></span> <span class='ocrx_word' id='word_1_302' title='bbox 601 3036 666 3089; x_wconf 77' lang='grc' dir='ltr'><strong>ὲκ</strong></span> <span class='ocrx_word' id='word_1_303' title='bbox 694 3036 792 3104; x_wconf 75' lang='grc' dir='ltr'><strong>τῆς</strong></span> <span class='ocrx_word' id='word_1_304' title='bbox 816 3037 982 3107; x_wconf 79' lang='grc' dir='ltr'><strong>μονῆς</strong></span> <span class='ocrx_word' id='word_1_305' title='bbox 998 3038 1090 3091; x_wconf 83' lang='grc' dir='ltr'><strong>τοῦ</strong></span> <span class='ocrx_word' id='word_1_306' title='bbox 1114 3039 1458 3107; x_wconf 79' lang='grc' dir='ltr'><strong>κανακλείου,</strong></span> <span class='ocrx_word' id='word_1_307' title='bbox 1480 3055 1545 3094; x_wconf 82' lang='lat' dir='ltr'><strong>ea:</strong></span> <span class='ocrx_word' id='word_1_308' title='bbox 1573 3040 1898 3094; x_wconf 85' lang='lat' dir='ltr'><strong>monasterio</strong></span> 
     </span>
    </p>
   </div>
   <div class='ocr_carea' id='block_1_46' title="bbox 325 3125 1902 3196">
    <p class='ocr_par' dir='ltr' id='par_1_46' title="bbox 325 3125 1902 3196">
     <span class='ocr_line' id='line_1_46' title="bbox 325 3125 1902 3196; baseline 0.006 -21"><span class='ocrx_word' id='word_1_309' title='bbox 325 3125 565 3189; x_wconf 73' lang='lat' dir='ltr'><strong>caniclei,</strong></span> <span class='ocrx_word' id='word_1_310' title='bbox 598 3126 669 3179; x_wconf 86' lang='lat' dir='ltr'><strong>ad</strong></span> <span class='ocrx_word' id='word_1_311' title='bbox 694 3128 892 3196; x_wconf 88' lang='lat' dir='ltr'><strong>regiam</strong></span> <span class='ocrx_word' id='word_1_312' title='bbox 923 3130 1326 3185; x_wconf 66' lang='lat' dir='ltr'><strong>accersiverunt.</strong></span> <span class='ocrx_word' id='word_1_313' title='bbox 1394 3130 1499 3187; x_wconf 88' lang='lat' dir='ltr'><strong>Ubi</strong></span> <span class='ocrx_word' id='word_1_314' title='bbox 1537 3128 1773 3186; x_wconf 79' lang='lat' dir='ltr'><strong>Wolﬁus</strong></span> <span class='ocrx_word' id='word_1_315' title='bbox 1818 3130 1902 3185; x_wconf 91' lang='lat' dir='ltr'><strong>in-</strong></span> 
     </span>
    </p>
   </div>
   <div class='ocr_carea' id='block_1_47' title="bbox 1993 2007 3592 2083">
    <p class='ocr_par' dir='ltr' id='par_1_47' title="bbox 1993 2007 3592 2083">
     <span class='ocr_line' id='line_1_47' title="bbox 1993 2007 3592 2083; baseline 0.003 -21"><span class='ocrx_word' id='word_1_316' title='bbox 1993 2016 2040 2062; x_wconf 84' lang='lat' dir='ltr'><strong>et</strong></span> <span class='ocrx_word' id='word_1_317' title='bbox 2072 2007 2320 2063; x_wconf 87' lang='lat' dir='ltr'><strong>intimam</strong></span> <span class='ocrx_word' id='word_1_318' title='bbox 2362 2011 2524 2065; x_wconf 89' lang='lat' dir='ltr'><strong>etiam</strong></span> <span class='ocrx_word' id='word_1_319' title='bbox 2547 2013 2881 2079; x_wconf 80' lang='lat' dir='ltr'><strong>imperatoris</strong></span> <span class='ocrx_word' id='word_1_320' title='bbox 2914 2013 3342 2083; x_wconf 80' lang='lat' dir='ltr'><strong>familiaritatem</strong></span> <span class='ocrx_word' id='word_1_321' title='bbox 3378 2029 3592 2081; x_wconf 86' lang='lat' dir='ltr'><strong>promo-</strong></span> 
     </span>
    </p>
   </div>
   <div class='ocr_carea' id='block_1_48' title="bbox 1997 2103 3592 2176">
    <p class='ocr_par' dir='ltr' id='par_1_48' title="bbox 1997 2103 3592 2176">
     <span class='ocr_line' id='line_1_48' title="bbox 1997 2103 3592 2176; baseline 0.002 -21"><span class='ocrx_word' id='word_1_322' title='bbox 1997 2108 2106 2155; x_wconf 88' lang='lat' dir='ltr'><strong>tum</strong></span> <span class='ocrx_word' id='word_1_323' title='bbox 2136 2105 2304 2173; x_wconf 87' lang='lat' dir='ltr'><strong>magis</strong></span> <span class='ocrx_word' id='word_1_324' title='bbox 2326 2104 2485 2158; x_wconf 87' lang='lat' dir='ltr'><strong>etiam</strong></span> <span class='ocrx_word' id='word_1_325' title='bbox 2504 2104 2717 2159; x_wconf 74' lang='lat' dir='ltr'><strong>extulit.</strong></span> <span class='ocrx_word' id='word_1_326' title='bbox 2743 2103 2898 2161; x_wconf 84' lang='lat' dir='ltr'><strong>Hanc</strong></span> <span class='ocrx_word' id='word_1_327' title='bbox 2926 2115 3107 2160; x_wconf 89' lang='lat' dir='ltr'><strong>tamen</strong></span> <span class='ocrx_word' id='word_1_328' title='bbox 3140 2114 3347 2159; x_wconf 86' lang='lat' dir='ltr'><strong>tantam</strong></span> <span class='ocrx_word' id='word_1_329' title='bbox 3405 2105 3556 2176; x_wconf 84' lang='lat' dir='ltr'><strong>digni</strong></span> <span class='ocrx_word' id='word_1_330' title='bbox 3575 2133 3592 2145; x_wconf 86' lang='lat'><strong>-</strong></span> 
     </span>
    </p>
   </div>
   <div class='ocr_carea' id='block_1_49' title="bbox 1996 2196 3592 2267">
    <p class='ocr_par' dir='ltr' id='par_1_49' title="bbox 1996 2196 3592 2267">
     <span class='ocr_line' id='line_1_49' title="bbox 1996 2196 3592 2267; baseline 0.002 -19"><span class='ocrx_word' id='word_1_331' title='bbox 1996 2202 2164 2249; x_wconf 87' lang='lat' dir='ltr'><strong>tatem</strong></span> <span class='ocrx_word' id='word_1_332' title='bbox 2185 2210 2285 2250; x_wconf 90' lang='lat' dir='ltr'><strong>sua</strong></span> <span class='ocrx_word' id='word_1_333' title='bbox 2337 2197 2648 2267; x_wconf 75' lang='lat' dir='ltr'><strong>granditate</strong></span> <span class='ocrx_word' id='word_1_334' title='bbox 2677 2196 2995 2253; x_wconf 81' lang='lat' dir='ltr'><strong>inferiorem</strong></span> <span class='ocrx_word' id='word_1_335' title='bbox 3021 2197 3177 2254; x_wconf 85' lang='lat' dir='ltr'><strong>duxit</strong></span> <span class='ocrx_word' id='word_1_336' title='bbox 3196 2198 3592 2252; x_wconf 87' lang='lat' dir='ltr'><strong>Constantinus</strong></span> 
     </span>
    </p>
   </div>
   <div class='ocr_carea' id='block_1_50' title="bbox 1998 2286 3595 2357">
    <p class='ocr_par' dir='ltr' id='par_1_50' title="bbox 1998 2286 3595 2357">
     <span class='ocr_line' id='line_1_50' title="bbox 1998 2286 3595 2357; baseline 0.002 -16"><span class='ocrx_word' id='word_1_337' title='bbox 1998 2286 2439 2357; x_wconf 79' lang='lat' dir='ltr'><strong>Mesopotamtta;</strong></span> <span class='ocrx_word' id='word_1_338' title='bbox 2512 2299 2572 2344; x_wconf 88' lang='lat' dir='ltr'><strong>ut</strong></span> <span class='ocrx_word' id='word_1_339' title='bbox 2640 2288 2782 2346; x_wconf 89' lang='lat' dir='ltr'><strong>libro</strong></span> <span class='ocrx_word' id='word_1_340' title='bbox 2852 2306 2887 2345; x_wconf 91' lang='lat' dir='ltr'><strong>ll</strong></span> <span class='ocrx_word' id='word_1_341' title='bbox 2944 2290 3013 2346; x_wconf 90' lang='lat' dir='ltr'><strong>de</strong></span> <span class='ocrx_word' id='word_1_342' title='bbox 3074 2290 3265 2345; x_wconf 82' lang='lat' dir='ltr'><strong>Alexio</strong></span> <span class='ocrx_word' id='word_1_343' title='bbox 3309 2289 3595 2346; x_wconf 85' lang='lat' dir='ltr'><strong>Comneno</strong></span> 
     </span>
    </p>
   </div>
   <div class='ocr_carea' id='block_1_51' title="bbox 1996 2380 3592 2454">
    <p class='ocr_par' dir='ltr' id='par_1_51' title="bbox 1996 2380 3592 2454">
     <span class='ocr_line' id='line_1_51' title="bbox 1996 2380 3592 2454; baseline -0.001 -17"><span class='ocrx_word' id='word_1_344' title='bbox 1996 2381 2191 2437; x_wconf 83' lang='lat' dir='ltr'><strong>scribit</strong></span> <span class='ocrx_word' id='word_1_345' title='bbox 2252 2381 2396 2437; x_wconf 89' lang='lat' dir='ltr'><strong>idem</strong></span> <span class='ocrx_word' id='word_1_346' title='bbox 2428 2380 2709 2439; x_wconf 80' lang='lat' dir='ltr'><strong>&#39;Nicetas:</strong></span> <span class='ocrx_word' id='word_1_347' title='bbox 2771 2380 3011 2440; x_wconf 86' lang='lat' dir='ltr'><strong>Caniclei</strong></span> <span class='ocrx_word' id='word_1_348' title='bbox 3060 2383 3327 2454; x_wconf 76' lang='lat' dir='ltr'><strong>ofﬁcium,</strong></span> <span class='ocrx_word' id='word_1_349' title='bbox 3389 2382 3592 2450; x_wconf 86' lang='lat' dir='ltr'><strong>inquit.</strong></span> 
     </span>
    </p>
   </div>
   <div class='ocr_carea' id='block_1_52' title="bbox 1996 2474 3595 2547">
    <p class='ocr_par' dir='ltr' id='par_1_52' title="bbox 1996 2474 3595 2547">
     <span class='ocr_line' id='line_1_52' title="bbox 1996 2474 3595 2547; baseline 0 -18"><span class='ocrx_word' id='word_1_350' title='bbox 1996 2475 2137 2545; x_wconf 84' lang='lat' dir='ltr'><strong>quod</strong></span> <span class='ocrx_word' id='word_1_351' title='bbox 2167 2474 2361 2537; x_wconf 82' lang='lat' dir='ltr'><strong>Isaaco</strong></span> <span class='ocrx_word' id='word_1_352' title='bbox 2395 2480 2687 2547; x_wconf 89' lang='lat' dir='ltr'><strong>imperante</strong></span> <span class='ocrx_word' id='word_1_353' title='bbox 2725 2477 3049 2543; x_wconf 75' lang='lat' dir='ltr'><strong>obtinuerat,</strong></span> <span class='ocrx_word' id='word_1_354' title='bbox 3098 2486 3150 2532; x_wconf 89' lang='lat' dir='ltr'><strong>et</strong></span> <span class='ocrx_word' id='word_1_355' title='bbox 3190 2493 3376 2532; x_wconf 82' lang='lat' dir='ltr'><strong>rursus</strong></span> <span class='ocrx_word' id='word_1_356' title='bbox 3409 2476 3595 2546; x_wconf 70' lang='lat' dir='ltr'><strong>offere—</strong></span> 
     </span>
    </p>
   </div>
   <div class='ocr_carea' id='block_1_53' title="bbox 1998 2566 3597 2640">
    <p class='ocr_par' dir='ltr' id='par_1_53' title="bbox 1998 2566 3597 2640">
     <span class='ocr_line' id='line_1_53' title="bbox 1998 2566 3597 2640; baseline 0.001 -21"><span class='ocrx_word' id='word_1_357' title='bbox 1998 2567 2176 2633; x_wconf 82' lang='lat' dir='ltr'><strong>batur,</strong></span> <span class='ocrx_word' id='word_1_358' title='bbox 2205 2576 2262 2621; x_wconf 88' lang='lat' dir='ltr'><strong>ut</strong></span> <span class='ocrx_word' id='word_1_359' title='bbox 2296 2584 2391 2622; x_wconf 87' lang='lat' dir='ltr'><strong>suo</strong></span> <span class='ocrx_word' id='word_1_360' title='bbox 2413 2567 2629 2639; x_wconf 85' lang='lat' dir='ltr'><strong>fastigio</strong></span> <span class='ocrx_word' id='word_1_361' title='bbox 2651 2569 2873 2640; x_wconf 81' lang='lat' dir='ltr'><strong>inferius</strong></span> <span class='ocrx_word' id='word_1_362' title='bbox 2897 2569 3091 2624; x_wconf 88' lang='lat' dir='ltr'><strong>renuit.</strong></span> <span class='ocrx_word' id='word_1_363' title='bbox 3149 2566 3419 2639; x_wconf 79' lang='lat' dir='ltr'><strong>Georgius</strong></span> <span class='ocrx_word' id='word_1_364' title='bbox 3443 2567 3597 2636; x_wconf 81' lang='lat' dir='ltr'><strong>logo-</strong></span> 
     </span>
    </p>
   </div>
   <div class='ocr_carea' id='block_1_54' title="bbox 2001 2651 3596 2735">
    <p class='ocr_par' dir='ltr' id='par_1_54' title="bbox 2001 2651 3596 2735">
     <span class='ocr_line' id='line_1_54' title="bbox 2001 2651 3596 2735; baseline 0.001 -22"><span class='ocrx_word' id='word_1_365' title='bbox 2001 2660 2146 2715; x_wconf 89' lang='lat' dir='ltr'><strong>theta</strong></span> <span class='ocrx_word' id='word_1_366' title='bbox 2182 2662 2498 2730; x_wconf 87' lang='lat' dir='ltr'><strong>Acropolita</strong></span> <span class='ocrx_word' id='word_1_367' title='bbox 2538 2662 2593 2717; x_wconf 92' lang='lat' dir='ltr'><strong>in</strong></span> <span class='ocrx_word' id='word_1_368' title='bbox 2632 2651 3240 2735; x_wconf 13' lang='lat' dir='ltr'><strong>Clironico‘Cpolitano,</strong></span> <span class='ocrx_word' id='word_1_369' title='bbox 3271 2679 3378 2718; x_wconf 90' lang='lat' dir='ltr'><strong>non</strong></span> <span class='ocrx_word' id='word_1_370' title='bbox 3405 2661 3596 2732; x_wconf 89' lang='lat' dir='ltr'><strong>procul</strong></span> 
     </span>
    </p>
   </div>
   <div class='ocr_carea' id='block_1_55' title="bbox 2000 2752 3599 2827">
    <p class='ocr_par' dir='ltr' id='par_1_55' title="bbox 2000 2752 3599 2827">
     <span class='ocr_line' id='line_1_55' title="bbox 2000 2752 3599 2827; baseline 0.003 -21"><span class='ocrx_word' id='word_1_371' title='bbox 2000 2767 2030 2807; x_wconf 87' lang='lat' dir='ltr'><strong>a</strong></span> <span class='ocrx_word' id='word_1_372' title='bbox 2061 2752 2166 2807; x_wconf 83' lang='lat' dir='ltr'><strong>line</strong></span> <span class='ocrx_word' id='word_1_373' title='bbox 2198 2770 2213 2808; x_wconf 88' lang='lat'><strong>:</strong></span> <span class='ocrx_word' id='word_1_374' title='bbox 2240 2752 2400 2809; x_wconf 69' lang='lat' dir='ltr'><strong>)lisit</strong></span> <span class='ocrx_word' id='word_1_375' title='bbox 2434 2755 2725 2823; x_wconf 85' lang='lat' dir='ltr'><strong>imperator</strong></span> <span class='ocrx_word' id='word_1_376' title='bbox 2760 2758 2830 2811; x_wconf 85' lang='lat' dir='ltr'><strong>ad</strong></span> <span class='ocrx_word' id='word_1_377' title='bbox 2862 2773 3035 2827; x_wconf 87' lang='lat' dir='ltr'><strong>regem</strong></span> <span class='ocrx_word' id='word_1_378' title='bbox 3086 2756 3289 2811; x_wconf 70' lang='lat' dir='ltr'><strong>Sicilire</strong></span> <span class='ocrx_word' id='word_1_379' title='bbox 3334 2766 3599 2823; x_wconf 66' lang='lat' dir='ltr'><strong>apostolo?</strong></span> 
     </span>
    </p>
   </div>
   <div class='ocr_carea' id='block_1_56' title="bbox 1997 2843 3601 2917">
    <p class='ocr_par' dir='ltr' id='par_1_56' title="bbox 1997 2843 3601 2917">
     <span class='ocr_line' id='line_1_56' title="bbox 1997 2843 3601 2917; baseline 0.003 -19"><span class='ocrx_word' id='word_1_380' title='bbox 1997 2861 2247 2915; x_wconf 86' lang='lat' dir='ltr'><strong>generum</strong></span> <span class='ocrx_word' id='word_1_381' title='bbox 2274 2863 2368 2915; x_wconf 88' lang='lat' dir='ltr'><strong>per</strong></span> <span class='ocrx_word' id='word_1_382' title='bbox 2402 2843 2763 2916; x_wconf 82' lang='lat' dir='ltr'><strong>Nicephorum</strong></span> <span class='ocrx_word' id='word_1_383' title='bbox 2790 2848 3130 2915; x_wconf 87' lang='lat' dir='ltr'><strong>canicleum;</strong></span> <span class='ocrx_word' id='word_1_384' title='bbox 3172 2850 3263 2903; x_wconf 87' lang='lat' dir='ltr'><strong>ubi</strong></span> <span class='ocrx_word' id='word_1_385' title='bbox 3337 2850 3454 2917; x_wconf 86' lang='lat' dir='ltr'><strong>ipse</strong></span> <span class='ocrx_word' id='word_1_386' title='bbox 3504 2863 3601 2903; x_wconf 80' lang='lat' dir='ltr'><strong>ca-</strong></span> 
     </span>
    </p>
   </div>
   <div class='ocr_carea' id='block_1_57' title="bbox 2003 2938 3597 3012">
    <p class='ocr_par' dir='ltr' id='par_1_57' title="bbox 2003 2938 3597 3012">
     <span class='ocr_line' id='line_1_57' title="bbox 2003 2938 3597 3012; baseline 0.003 -18"><span class='ocrx_word' id='word_1_387' title='bbox 2003 2938 2179 2994; x_wconf 74' lang='lat' dir='ltr'><strong>nit-leo</strong></span> <span class='ocrx_word' id='word_1_388' title='bbox 2210 2938 2501 3008; x_wconf 63' lang='lat' dir='ltr'><strong>praefectus</strong></span> <span class='ocrx_word' id='word_1_389' title='bbox 2533 2941 2799 2995; x_wconf 88' lang='lat' dir='ltr'><strong>canicleus</strong></span> <span class='ocrx_word' id='word_1_390' title='bbox 2829 2942 3157 3012; x_wconf 88' lang='lat' dir='ltr'><strong>appellatur,</strong></span> <span class='ocrx_word' id='word_1_391' title='bbox 3217 2951 3275 2995; x_wconf 88' lang='lat' dir='ltr'><strong>ut</strong></span> <span class='ocrx_word' id='word_1_392' title='bbox 3310 2944 3446 2997; x_wconf 87' lang='lat' dir='ltr'><strong>etin</strong></span> <span class='ocrx_word' id='word_1_393' title='bbox 3480 2943 3597 2998; x_wconf 76' lang='lat' dir='ltr'><strong>dis-</strong></span> 
     </span>
    </p>
   </div>
   <div class='ocr_carea' id='block_1_58' title="bbox 2002 3031 2993 3104">
    <p class='ocr_par' dir='ltr' id='par_1_58' title="bbox 2002 3031 2993 3104">
     <span class='ocr_line' id='line_1_58' title="bbox 2002 3031 2993 3104; baseline 0.001 -15"><span class='ocrx_word' id='word_1_394' title='bbox 2002 3033 2284 3104; x_wconf 78' lang='lat' dir='ltr'><strong>putatione</strong></span> <span class='ocrx_word' id='word_1_395' title='bbox 2309 3031 2583 3104; x_wconf 82' lang='lat' dir='ltr'><strong>Gregcntii</strong></span> <span class='ocrx_word' id='word_1_396' title='bbox 2639 3035 2993 3090; x_wconf 82' lang='grc' dir='ltr'><strong>κανικλείων.</strong></span> 
     </span>
    </p>
   </div>
   <div class='ocr_carea' id='block_1_59' title="bbox 2080 3126 3596 3198">
    <p class='ocr_par' dir='ltr' id='par_1_59' title="bbox 2080 3126 3596 3198">
     <span class='ocr_line' id='line_1_59' title="bbox 2080 3126 3596 3198; baseline 0.002 -18"><span class='ocrx_word' id='word_1_397' title='bbox 2080 3126 2305 3182; x_wconf 84' lang='lat' dir='ltr'><strong>Duravit</strong></span> <span class='ocrx_word' id='word_1_398' title='bbox 2336 3127 2451 3182; x_wconf 83' lang='lat' dir='ltr'><strong>haec</strong></span> <span class='ocrx_word' id='word_1_399' title='bbox 2480 3127 2717 3197; x_wconf 81' lang='lat' dir='ltr'><strong>dignitas</strong></span> <span class='ocrx_word' id='word_1_400' title='bbox 2745 3127 2812 3182; x_wconf 89' lang='lat' dir='ltr'><strong>ad</strong></span> <span class='ocrx_word' id='word_1_401' title='bbox 2851 3126 3065 3197; x_wconf 88' lang='lat' dir='ltr'><strong>imperii</strong></span> <span class='ocrx_word' id='word_1_402' title='bbox 3096 3126 3370 3198; x_wconf 83' lang='lat' dir='ltr'><strong>Cpolitani</strong></span> <span class='ocrx_word' id='word_1_403' title='bbox 3408 3136 3596 3183; x_wconf 79' lang='lat' dir='ltr'><strong>estre-</strong></span> 
     </span>
    </p>
   </div>
   <div class='ocr_carea' id='block_1_60' title="bbox 326 3211 3586 3301">
    <p class='ocr_par' dir='ltr' id='par_1_60' title="bbox 326 3211 3586 3301">
     <span class='ocr_line' id='line_1_60' title="bbox 326 3211 3586 3301; baseline 0.003 -36"><span class='ocrx_word' id='word_1_404' title='bbox 326 3222 561 3282; x_wconf 87' lang='lat' dir='ltr'><strong>terprcs,</strong></span> <span class='ocrx_word' id='word_1_405' title='bbox 582 3230 648 3269; x_wconf 74' lang='lat' dir='ltr'><strong>es:</strong></span> <span class='ocrx_word' id='word_1_406' title='bbox 678 3211 929 3270; x_wconf 86' lang='lat' dir='ltr'><strong>Canicleo</strong></span> <span class='ocrx_word' id='word_1_407' title='bbox 962 3222 1307 3274; x_wconf 83' lang='lat' dir='ltr'><strong>monasterio.</strong></span> <span class='ocrx_word' id='word_1_408' title='bbox 1360 3218 1438 3275; x_wconf 81' lang='lat' dir='ltr'><strong>Ex</strong></span> <span class='ocrx_word' id='word_1_409' title='bbox 1477 3236 1586 3291; x_wconf 89' lang='lat' dir='ltr'><strong>qua</strong></span> <span class='ocrx_word' id='word_1_410' title='bbox 1644 3222 1902 3276; x_wconf 73' lang='lat' dir='ltr'><strong>versione</strong></span> <span class='ocrx_word' id='word_1_411' title='bbox 1927 3237 1971 3296; x_wconf 71' lang='grc' dir='ltr'>ο</span> <span class='ocrx_word' id='word_1_412' title='bbox 2004 3236 2092 3275; x_wconf 87' lang='lat' dir='ltr'><strong>ma</strong></span> <span class='ocrx_word' id='word_1_413' title='bbox 2126 3235 2306 3289; x_wconf 89' lang='lat' dir='ltr'><strong>usque</strong></span> <span class='ocrx_word' id='word_1_414' title='bbox 2339 3229 2609 3291; x_wconf 89' lang='lat' dir='ltr'><strong>tempora.</strong></span> <span class='ocrx_word' id='word_1_415' title='bbox 2654 3219 2991 3301; x_wconf 79' lang='lat' dir='ltr'><strong>Palaeolngus</strong></span> <span class='ocrx_word' id='word_1_416' title='bbox 3044 3220 3190 3288; x_wconf 86' lang='lat' dir='ltr'><strong>apud</strong></span> <span class='ocrx_word' id='word_1_417' title='bbox 3250 3221 3586 3285; x_wconf 83' lang='lat' dir='ltr'><strong>Phranzem,</strong></span> 
     </span>
    </p>
   </div>
   <div class='ocr_carea' id='block_1_61' title="bbox 321 3305 1897 3380">
    <p class='ocr_par' dir='ltr' id='par_1_61' title="bbox 321 3305 1897 3380">
     <span class='ocr_line' id='line_1_61' title="bbox 321 3305 1897 3380; baseline 0.006 -22"><span class='ocrx_word' id='word_1_418' title='bbox 321 3305 594 3374; x_wconf 84' lang='lat' dir='ltr'><strong>suspicari</strong></span> <span class='ocrx_word' id='word_1_419' title='bbox 624 3308 747 3377; x_wconf 90' lang='lat' dir='ltr'><strong>quis</strong></span> <span class='ocrx_word' id='word_1_420' title='bbox 766 3320 950 3379; x_wconf 86' lang='lat' dir='ltr'><strong>posset</strong></span> <span class='ocrx_word' id='word_1_421' title='bbox 970 3311 1271 3369; x_wconf 82' lang='lat' dir='ltr'><strong>c=micleum</strong></span> <span class='ocrx_word' id='word_1_422' title='bbox 1288 3311 1457 3369; x_wconf 84' lang='lat' dir='ltr'><strong>fuisse</strong></span> <span class='ocrx_word' id='word_1_423' title='bbox 1485 3313 1897 3380; x_wconf 86' lang='lat' dir='ltr'><strong>monasterium,</strong></span> 
     </span>
    </p>
   </div>
   <div class='ocr_carea' id='block_1_62' title="bbox 322 3398 1906 3475">
    <p class='ocr_par' dir='ltr' id='par_1_62' title="bbox 322 3398 1906 3475">
     <span class='ocr_line' id='line_1_62' title="bbox 322 3398 1906 3475; baseline 0.008 -26"><span class='ocrx_word' id='word_1_424' title='bbox 322 3398 541 3452; x_wconf 84' lang='lat' dir='ltr'><strong>tametsi</strong></span> <span class='ocrx_word' id='word_1_425' title='bbox 567 3400 825 3468; x_wconf 88' lang='lat' dir='ltr'><strong>adjuncto</strong></span> <span class='ocrx_word' id='word_1_426' title='bbox 862 3403 1104 3475; x_wconf 83' lang='lat' dir='ltr'><strong>palatio:</strong></span> <span class='ocrx_word' id='word_1_427' title='bbox 1140 3420 1263 3459; x_wconf 86' lang='lat' dir='ltr'><strong>nam</strong></span> <span class='ocrx_word' id='word_1_428' title='bbox 1299 3406 1670 3471; x_wconf 84' lang='lat' dir='ltr'><strong>monasteriis,</strong></span> <span class='ocrx_word' id='word_1_429' title='bbox 1724 3407 1906 3473; x_wconf 81' lang='lat' dir='ltr'><strong>nomi-</strong></span> 
     </span>
    </p>
   </div>
   <div class='ocr_carea' id='block_1_63' title="bbox 322 3491 1904 3569">
    <p class='ocr_par' dir='ltr' id='par_1_63' title="bbox 322 3491 1904 3569">
     <span class='ocr_line' id='line_1_63' title="bbox 322 3491 1904 3569; baseline 0.009 -28"><span class='ocrx_word' id='word_1_430' title='bbox 322 3491 497 3544; x_wconf 85' lang='lat' dir='ltr'><strong>nalim</strong></span> <span class='ocrx_word' id='word_1_431' title='bbox 526 3491 576 3545; x_wconf 89' lang='lat' dir='ltr'><strong>ei</strong></span> <span class='ocrx_word' id='word_1_432' title='bbox 609 3494 755 3562; x_wconf 89' lang='lat' dir='ltr'><strong>quod</strong></span> <span class='ocrx_word' id='word_1_433' title='bbox 787 3494 1109 3567; x_wconf 83' lang='lat' dir='ltr'><strong>llodegetria</strong></span> <span class='ocrx_word' id='word_1_434' title='bbox 1145 3498 1555 3565; x_wconf 84' lang='lat' dir='ltr'><strong>nominabatur,</strong></span> <span class='ocrx_word' id='word_1_435' title='bbox 1579 3509 1633 3554; x_wconf 91' lang='lat' dir='ltr'><strong>et</strong></span> <span class='ocrx_word' id='word_1_436' title='bbox 1686 3500 1904 3569; x_wconf 90' lang='lat' dir='ltr'><strong>templis</strong></span> 
     </span>
    </p>
   </div>
   <div class='ocr_carea' id='block_1_64' title="bbox 323 3584 1905 3663">
    <p class='ocr_par' dir='ltr' id='par_1_64' title="bbox 323 3584 1905 3663">
     <span class='ocr_line' id='line_1_64' title="bbox 323 3584 1905 3663; baseline 0.007 -30"><span class='ocrx_word' id='word_1_437' title='bbox 323 3584 642 3651; x_wconf 63' lang='lat' dir='ltr'><strong>praecipuis,</strong></span> <span class='ocrx_word' id='word_1_438' title='bbox 686 3594 743 3640; x_wconf 88' lang='lat' dir='ltr'><strong>ut</strong></span> <span class='ocrx_word' id='word_1_439' title='bbox 769 3587 1183 3657; x_wconf 86' lang='lat' dir='ltr'><strong>Blacherniano,</strong></span> <span class='ocrx_word' id='word_1_440' title='bbox 1216 3592 1655 3663; x_wconf 84' lang='lat' dir='ltr'><strong>adjungebantur</strong></span> <span class='ocrx_word' id='word_1_441' title='bbox 1680 3593 1905 3663; x_wconf 85' lang='lat' dir='ltr'><strong>palatia,</strong></span> 
     </span>
    </p>
   </div>
   <div class='ocr_carea' id='block_1_65' title="bbox 324 3676 1907 3754">
    <p class='ocr_par' dir='ltr' id='par_1_65' title="bbox 324 3676 1907 3754">
     <span class='ocr_line' id='line_1_65' title="bbox 324 3676 1907 3754; baseline 0.009 -26"><span class='ocrx_word' id='word_1_442' title='bbox 324 3678 376 3729; x_wconf 90' lang='lat' dir='ltr'><strong>in</strong></span> <span class='ocrx_word' id='word_1_443' title='bbox 411 3676 617 3745; x_wconf 90' lang='lat' dir='ltr'><strong>quibus</strong></span> <span class='ocrx_word' id='word_1_444' title='bbox 664 3678 1016 3747; x_wconf 86' lang='lat' dir='ltr'><strong>imperatores</strong></span> <span class='ocrx_word' id='word_1_445' title='bbox 1045 3684 1127 3739; x_wconf 91' lang='lat' dir='ltr'><strong>vel</strong></span> <span class='ocrx_word' id='word_1_446' title='bbox 1158 3685 1377 3754; x_wconf 85' lang='lat' dir='ltr'><strong>pietatis</strong></span> <span class='ocrx_word' id='word_1_447' title='bbox 1410 3686 1496 3741; x_wconf 86' lang='lat' dir='ltr'><strong>vel</strong></span> <span class='ocrx_word' id='word_1_448' title='bbox 1548 3687 1907 3743; x_wconf 87' lang='lat' dir='ltr'><strong>recreatiouis</strong></span> 
     </span>
    </p>
   </div>
   <div class='ocr_carea' id='block_1_66' title="bbox 321 3772 1909 3848">
    <p class='ocr_par' dir='ltr' id='par_1_66' title="bbox 321 3772 1909 3848">
     <span class='ocr_line' id='line_1_66' title="bbox 321 3772 1909 3848; baseline 0.008 -27"><span class='ocrx_word' id='word_1_449' title='bbox 321 3785 492 3825; x_wconf 81' lang='lat' dir='ltr'><strong>causa</strong></span> <span class='ocrx_word' id='word_1_450' title='bbox 519 3772 814 3843; x_wconf 86' lang='lat' dir='ltr'><strong>aliquando</strong></span> <span class='ocrx_word' id='word_1_451' title='bbox 844 3776 1225 3833; x_wconf 84' lang='lat' dir='ltr'><strong>versabantur.</strong></span> <span class='ocrx_word' id='word_1_452' title='bbox 1267 3778 1647 3848; x_wconf 68' lang='lat' dir='ltr'><strong>Hichuuius</strong></span> <span class='ocrx_word' id='word_1_453' title='bbox 1672 3780 1765 3835; x_wconf 76' lang='grc' dir='ltr'><strong>τὸν</strong></span> <span class='ocrx_word' id='word_1_454' title='bbox 1815 3781 1909 3835; x_wconf 71' lang='grc' dir='ltr'><strong>ἐπὶ</strong></span> 
     </span>
    </p>
   </div>
   <div class='ocr_carea' id='block_1_67' title="bbox 320 3865 1908 3939">
    <p class='ocr_par' dir='ltr' id='par_1_67' title="bbox 320 3865 1908 3939">
     <span class='ocr_line' id='line_1_67' title="bbox 320 3865 1908 3939; baseline 0.008 -23"><span class='ocrx_word' id='word_1_455' title='bbox 320 3865 762 3926; x_wconf 43' lang='grc' dir='ltr'><strong>τοῦθκανικλείου</strong></span> <span class='ocrx_word' id='word_1_456' title='bbox 790 3874 944 3938; x_wconf 89' lang='lat' dir='ltr'><strong>putat</strong></span> <span class='ocrx_word' id='word_1_457' title='bbox 975 3869 1286 3939; x_wconf 71' lang='lat' dir='ltr'><strong>prml&#39;ectum</strong></span> <span class='ocrx_word' id='word_1_458' title='bbox 1317 3871 1486 3927; x_wconf 86' lang='lat' dir='ltr'><strong>luisse</strong></span> <span class='ocrx_word' id='word_1_459' title='bbox 1507 3872 1653 3927; x_wconf 86' lang='lat' dir='ltr'><strong>arcis</strong></span> <span class='ocrx_word' id='word_1_460' title='bbox 1687 3883 1742 3926; x_wconf 87' lang='lat' dir='ltr'><strong>et</strong></span> <span class='ocrx_word' id='word_1_461' title='bbox 1787 3889 1908 3928; x_wconf 85' lang='lat' dir='ltr'><strong>mo-</strong></span> 
     </span>
    </p>
   </div>
   <div class='ocr_carea' id='block_1_68' title="bbox 323 3958 1911 4034">
    <p class='ocr_par' dir='ltr' id='par_1_68' title="bbox 323 3958 1911 4034">
     <span class='ocr_line' id='line_1_68' title="bbox 323 3958 1911 4034; baseline 0.007 -25"><span class='ocrx_word' id='word_1_462' title='bbox 323 3958 561 4012; x_wconf 80' lang='lat' dir='ltr'><strong>naSIerii</strong></span> <span class='ocrx_word' id='word_1_463' title='bbox 590 3958 691 4013; x_wconf 89' lang='lat' dir='ltr'><strong>hoc</strong></span> <span class='ocrx_word' id='word_1_464' title='bbox 716 3961 937 4016; x_wconf 89' lang='lat' dir='ltr'><strong>nomine</strong></span> <span class='ocrx_word' id='word_1_465' title='bbox 994 3963 1047 4017; x_wconf 89' lang='lat' dir='ltr'><strong>in</strong></span> <span class='ocrx_word' id='word_1_466' title='bbox 1079 3963 1215 4018; x_wconf 89' lang='lat' dir='ltr'><strong>urbe</strong></span> <span class='ocrx_word' id='word_1_467' title='bbox 1275 3964 1584 4034; x_wconf 87' lang='lat' dir='ltr'><strong>Cpolitana.</strong></span> <span class='ocrx_word' id='word_1_468' title='bbox 1622 3963 1754 4032; x_wconf 69' lang='lat' dir='ltr'><strong>Quae</strong></span> <span class='ocrx_word' id='word_1_469' title='bbox 1806 3964 1911 4020; x_wconf 85' lang='lat' dir='ltr'><strong>luit</strong></span> 
     </span>
    </p>
   </div>
   <div class='ocr_carea' id='block_1_69' title="bbox 321 4042 1911 4113">
    <p class='ocr_par' dir='ltr' id='par_1_69' title="bbox 321 4042 1911 4113">
     <span class='ocr_line' id='line_1_69' title="bbox 321 4042 1911 4113; baseline 0.006 -10"><span class='ocrx_word' id='word_1_470' title='bbox 321 4050 496 4103; x_wconf 88' lang='lat' dir='ltr'><strong>etiam</strong></span> <span class='ocrx_word' id='word_1_471' title='bbox 529 4052 795 4106; x_wconf 86' lang='lat' dir='ltr'><strong>sententia</strong></span> <span class='ocrx_word' id='word_1_472' title='bbox 827 4051 1010 4109; x_wconf 81' lang='lat' dir='ltr'><strong>Wollii</strong></span> <span class='ocrx_word' id='word_1_473' title='bbox 1042 4056 1097 4110; x_wconf 92' lang='lat' dir='ltr'><strong>in</strong></span> <span class='ocrx_word' id='word_1_474' title='bbox 1135 4056 1315 4111; x_wconf 89' lang='lat' dir='ltr'><strong>indice</strong></span> <span class='ocrx_word' id='word_1_475' title='bbox 1342 4042 1411 4111; x_wconf 81' lang='lat' dir='ltr'><strong>ad</strong></span> <span class='ocrx_word' id='word_1_476' title='bbox 1444 4056 1737 4113; x_wconf 88' lang='lat' dir='ltr'><strong>Zonaram.</strong></span> <span class='ocrx_word' id='word_1_477' title='bbox 1803 4057 1911 4113; x_wconf 86' lang='lat' dir='ltr'><strong>Ca-</strong></span> 
     </span>
    </p>
   </div>
   <div class='ocr_carea' id='block_1_70' title="bbox 325 4140 1908 4219">
    <p class='ocr_par' dir='ltr' id='par_1_70' title="bbox 325 4140 1908 4219">
     <span class='ocr_line' id='line_1_70' title="bbox 325 4140 1908 4219; baseline 0.009 -27"><span class='ocrx_word' id='word_1_478' title='bbox 325 4140 585 4203; x_wconf 87' lang='lat' dir='ltr'><strong>nicleum,</strong></span> <span class='ocrx_word' id='word_1_479' title='bbox 611 4143 803 4213; x_wconf 87' lang='lat' dir='ltr'><strong>inquit,</strong></span> <span class='ocrx_word' id='word_1_480' title='bbox 845 4146 1230 4200; x_wconf 86' lang='lat' dir='ltr'><strong>monasterium</strong></span> <span class='ocrx_word' id='word_1_481' title='bbox 1275 4148 1438 4218; x_wconf 74' lang='lat'><strong>207</strong></span> <span class='ocrx_word' id='word_1_482' title='bbox 1477 4149 1661 4219; x_wconf 74' lang='lat' dir='ltr'><strong>p.123</strong></span> <span class='ocrx_word' id='word_1_483' title='bbox 1696 4160 1749 4204; x_wconf 88' lang='lat' dir='ltr'><strong>ct</strong></span> <span class='ocrx_word' id='word_1_484' title='bbox 1780 4151 1908 4209; x_wconf 68' lang='lat'><strong>224-.</strong></span> 
     </span>
    </p>
   </div>
   <div class='ocr_carea' id='block_1_71' title="bbox 327 4234 1912 4314">
    <p class='ocr_par' dir='ltr' id='par_1_71' title="bbox 327 4234 1912 4314">
     <span class='ocr_line' id='line_1_71' title="bbox 327 4234 1912 4314; baseline 0.007 -27"><span class='ocrx_word' id='word_1_485' title='bbox 327 4234 621 4304; x_wconf 76' lang='lat' dir='ltr'><strong>Xylander</strong></span> <span class='ocrx_word' id='word_1_486' title='bbox 645 4236 698 4289; x_wconf 91' lang='lat' dir='ltr'><strong>in</strong></span> <span class='ocrx_word' id='word_1_487' title='bbox 737 4236 880 4292; x_wconf 88' lang='lat' dir='ltr'><strong>notis</strong></span> <span class='ocrx_word' id='word_1_488' title='bbox 909 4237 977 4291; x_wconf 87' lang='lat' dir='ltr'><strong>ad</strong></span> <span class='ocrx_word' id='word_1_489' title='bbox 1005 4238 1316 4293; x_wconf 80' lang='lat' dir='ltr'><strong>Cedrenum</strong></span> <span class='ocrx_word' id='word_1_490' title='bbox 1352 4256 1507 4295; x_wconf 91' lang='lat' dir='ltr'><strong>num.</strong></span> <span class='ocrx_word' id='word_1_491' title='bbox 1539 4241 1641 4297; x_wconf 81' lang='grc'>196</span> <span class='ocrx_word' id='word_1_492' title='bbox 1673 4242 1912 4314; x_wconf 79' lang='lat' dir='ltr'><strong>ingenue</strong></span> 
     </span>
    </p>
   </div>
   <div class='ocr_carea' id='block_1_72' title="bbox 326 4324 1914 4406">
    <p class='ocr_par' dir='ltr' id='par_1_72' title="bbox 326 4324 1914 4406">
     <span class='ocr_line' id='line_1_72' title="bbox 326 4324 1914 4406; baseline 0.006 -25"><span class='ocrx_word' id='word_1_493' title='bbox 326 4324 546 4382; x_wconf 75' lang='lat' dir='ltr'><strong>fatetur</strong></span> <span class='ocrx_word' id='word_1_494' title='bbox 567 4341 627 4389; x_wconf 89' lang='lat' dir='ltr'><strong>se</strong></span> <span class='ocrx_word' id='word_1_495' title='bbox 644 4329 1001 4399; x_wconf 12' lang='lat' dir='ltr'><strong>nesciresquid</strong></span> <span class='ocrx_word' id='word_1_496' title='bbox 1026 4331 1096 4385; x_wconf 93' lang='lat' dir='ltr'><strong>sit</strong></span> <span class='ocrx_word' id='word_1_497' title='bbox 1116 4332 1338 4387; x_wconf 87' lang='lat' dir='ltr'><strong>caniclei</strong></span> <span class='ocrx_word' id='word_1_498' title='bbox 1360 4333 1618 4403; x_wconf 84' lang='lat' dir='ltr'><strong>dignitas.</strong></span> <span class='ocrx_word' id='word_1_499' title='bbox 1638 4332 1914 4406; x_wconf 84' lang='lat' dir='ltr'><strong>Nicepho-</strong></span> 
     </span>
    </p>
   </div>
   <div class='ocr_carea' id='block_1_73' title="bbox 330 4419 1914 4501">
    <p class='ocr_par' dir='ltr' id='par_1_73' title="bbox 330 4419 1914 4501">
     <span class='ocr_line' id='line_1_73' title="bbox 330 4419 1914 4501; baseline 0.007 -27"><span class='ocrx_word' id='word_1_500' title='bbox 330 4438 429 4477; x_wconf 89' lang='lat' dir='ltr'><strong>rus</strong></span> <span class='ocrx_word' id='word_1_501' title='bbox 460 4419 750 4492; x_wconf 80' lang='lat' dir='ltr'><strong>Gregorus,</strong></span> <span class='ocrx_word' id='word_1_502' title='bbox 778 4424 872 4479; x_wconf 90' lang='lat' dir='ltr'><strong>lib.</strong></span> <span class='ocrx_word' id='word_1_503' title='bbox 904 4440 977 4478; x_wconf 88' lang='lat' dir='ltr'><strong>vu</strong></span> <span class='ocrx_word' id='word_1_504' title='bbox 1016 4442 1029 4478; x_wconf 89' lang='lat'><strong>:</strong></span> <span class='ocrx_word' id='word_1_505' title='bbox 1063 4423 1197 4480; x_wconf 84' lang='lat' dir='ltr'><strong>Erat</strong></span> <span class='ocrx_word' id='word_1_506' title='bbox 1225 4434 1337 4480; x_wconf 87' lang='lat' dir='ltr'><strong>tum</strong></span> <span class='ocrx_word' id='word_1_507' title='bbox 1381 4438 1698 4497; x_wconf 84' lang='lat' dir='ltr'><strong>procurator</strong></span> <span class='ocrx_word' id='word_1_508' title='bbox 1754 4445 1914 4501; x_wconf 83' lang='lat' dir='ltr'><strong>nego-</strong></span> 
     </span>
    </p>
   </div>
   <div class='ocr_carea' id='block_1_74' title="bbox 2008 3310 3602 3384">
    <p class='ocr_par' dir='ltr' id='par_1_74' title="bbox 2008 3310 3602 3384">
     <span class='ocr_line' id='line_1_74' title="bbox 2008 3310 3602 3384; baseline -0.001 -16"><span class='ocrx_word' id='word_1_509' title='bbox 2008 3314 2213 3377; x_wconf 71' lang='lat'><strong>&quot;.17:</strong></span> <span class='ocrx_word' id='word_1_510' title='bbox 2269 3313 2414 3367; x_wconf 68' lang='lat' dir='ltr'><strong>Duxi</strong></span> <span class='ocrx_word' id='word_1_511' title='bbox 2452 3329 2547 3384; x_wconf 93' lang='lat' dir='ltr'><strong>ego</strong></span> <span class='ocrx_word' id='word_1_512' title='bbox 2598 3328 2818 3368; x_wconf 77' lang='lat' dir='ltr'><strong>uxorem</strong></span> <span class='ocrx_word' id='word_1_513' title='bbox 2878 3310 3138 3366; x_wconf 83' lang='lat' dir='ltr'><strong>Helenam</strong></span> <span class='ocrx_word' id='word_1_514' title='bbox 3208 3313 3379 3384; x_wconf 75' lang='lat' dir='ltr'><strong>ﬁliam</strong></span> <span class='ocrx_word' id='word_1_515' title='bbox 3423 3314 3602 3368; x_wconf 77' lang='lat' dir='ltr'><strong>Alexii</strong></span> 
     </span>
    </p>
   </div>
   <div class='ocr_carea' id='block_1_75' title="bbox 2007 3403 3600 3476">
    <p class='ocr_par' dir='ltr' id='par_1_75' title="bbox 2007 3403 3600 3476">
     <span class='ocr_line' id='line_1_75' title="bbox 2007 3403 3600 3476; baseline 0.001 -17"><span class='ocrx_word' id='word_1_516' title='bbox 2007 3405 2302 3476; x_wconf 72' lang='lat' dir='ltr'><strong>Palarologi</strong></span> <span class='ocrx_word' id='word_1_517' title='bbox 2352 3403 2784 3473; x_wconf 73' lang='lat' dir='ltr'><strong>Exemplaconis,</strong></span> <span class='ocrx_word' id='word_1_518' title='bbox 2815 3406 2906 3476; x_wconf 86' lang='lat' dir='ltr'><strong>qui</strong></span> <span class='ocrx_word' id='word_1_519' title='bbox 2964 3405 3201 3460; x_wconf 90' lang='lat' dir='ltr'><strong>canicleo</strong></span> <span class='ocrx_word' id='word_1_520' title='bbox 3245 3417 3493 3472; x_wconf 71' lang='lat' dir='ltr'><strong>pra’erat.</strong></span> <span class='ocrx_word' id='word_1_521' title='bbox 3543 3407 3600 3461; x_wconf 89' lang='lat' dir='ltr'><strong>lu</strong></span> 
     </span>
    </p>
   </div>
   <div class='ocr_carea' id='block_1_76' title="bbox 2005 3494 3601 3566">
    <p class='ocr_par' dir='ltr' id='par_1_76' title="bbox 2005 3494 3601 3566">
     <span class='ocr_line' id='line_1_76' title="bbox 2005 3494 3601 3566; baseline 0.001 -15"><span class='ocrx_word' id='word_1_522' title='bbox 2005 3497 2378 3566; x_wconf 85' lang='lat' dir='ltr'><strong>disputatione</strong></span> <span class='ocrx_word' id='word_1_523' title='bbox 2395 3494 2674 3566; x_wconf 82' lang='lat' dir='ltr'><strong>Grcgeutii</strong></span> <span class='ocrx_word' id='word_1_524' title='bbox 2697 3497 3029 3566; x_wconf 84' lang='lat' dir='ltr'><strong>imperator:</strong></span> <span class='ocrx_word' id='word_1_525' title='bbox 3052 3495 3210 3550; x_wconf 79' lang='lat' dir='ltr'><strong>Erbte</strong></span> <span class='ocrx_word' id='word_1_526' title='bbox 3230 3512 3327 3553; x_wconf 87' lang='lat' dir='ltr'><strong>seu</strong></span> <span class='ocrx_word' id='word_1_527' title='bbox 3350 3496 3601 3554; x_wconf 85' lang='lat' dir='ltr'><strong>Herbauo</strong></span> 
     </span>
    </p>
   </div>
   <div class='ocr_carea' id='block_1_77' title="bbox 2004 3590 3606 3660">
    <p class='ocr_par' dir='ltr' id='par_1_77' title="bbox 2004 3590 3606 3660">
     <span class='ocr_line' id='line_1_77' title="bbox 2004 3590 3606 3660; baseline 0.002 -17"><span class='ocrx_word' id='word_1_528' title='bbox 2004 3591 2243 3659; x_wconf 88' lang='lat' dir='ltr'><strong>patrinus</strong></span> <span class='ocrx_word' id='word_1_529' title='bbox 2277 3606 2368 3644; x_wconf 87' lang='lat' dir='ltr'><strong>seu</strong></span> <span class='ocrx_word' id='word_1_530' title='bbox 2393 3599 2665 3660; x_wconf 82' lang='lat' dir='ltr'><strong>susceptor</strong></span> <span class='ocrx_word' id='word_1_531' title='bbox 2693 3592 2746 3643; x_wconf 86' lang='lat' dir='ltr'><strong>in</strong></span> <span class='ocrx_word' id='word_1_532' title='bbox 2773 3590 3032 3659; x_wconf 85' lang='lat' dir='ltr'><strong>baptismo</strong></span> <span class='ocrx_word' id='word_1_533' title='bbox 3060 3591 3235 3660; x_wconf 78' lang='lat' dir='ltr'><strong>factus</strong></span> <span class='ocrx_word' id='word_1_534' title='bbox 3294 3591 3486 3647; x_wconf 85' lang='lat' dir='ltr'><strong>Leonis</strong></span> <span class='ocrx_word' id='word_1_535' title='bbox 3510 3611 3606 3647; x_wconf 72' lang='lat' dir='ltr'><strong>no.</strong></span> 
     </span>
    </p>
   </div>
   <div class='ocr_carea' id='block_1_78' title="bbox 2008 3684 3604 3757">
    <p class='ocr_par' dir='ltr' id='par_1_78' title="bbox 2008 3684 3604 3757">
     <span class='ocr_line' id='line_1_78' title="bbox 2008 3684 3604 3757; baseline 0.001 -19"><span class='ocrx_word' id='word_1_536' title='bbox 2008 3700 2126 3739; x_wconf 82' lang='lat' dir='ltr'><strong>men</strong></span> <span class='ocrx_word' id='word_1_537' title='bbox 2188 3684 2464 3754; x_wconf 78' lang='lat' dir='ltr'><strong>imposuit,</strong></span> <span class='ocrx_word' id='word_1_538' title='bbox 2519 3692 2572 3738; x_wconf 86' lang='lat' dir='ltr'><strong>et</strong></span> <span class='ocrx_word' id='word_1_539' title='bbox 2624 3684 3071 3755; x_wconf 79' lang='lat' dir='ltr'><strong>hypecclesionem</strong></span> <span class='ocrx_word' id='word_1_540' title='bbox 3148 3685 3604 3757; x_wconf 76' lang='grc' dir='ltr'><strong>(ὖπεκκλησίονα)</strong></span> 
     </span>
    </p>
   </div>
   <div class='ocr_carea' id='block_1_79' title="bbox 2004 3772 3603 3848">
    <p class='ocr_par' dir='ltr' id='par_1_79' title="bbox 2004 3772 3603 3848">
     <span class='ocr_line' id='line_1_79' title="bbox 2004 3772 3603 3848; baseline 0.001 -17"><span class='ocrx_word' id='word_1_541' title='bbox 2004 3793 2128 3831; x_wconf 87' lang='lat' dir='ltr'><strong>eum</strong></span> <span class='ocrx_word' id='word_1_542' title='bbox 2154 3777 2301 3847; x_wconf 81' lang='lat' dir='ltr'><strong>fecit,</strong></span> <span class='ocrx_word' id='word_1_543' title='bbox 2330 3792 2485 3848; x_wconf 87' lang='lat' dir='ltr'><strong>quem</strong></span> <span class='ocrx_word' id='word_1_544' title='bbox 2510 3774 2740 3830; x_wconf 84' lang='lat' dir='ltr'><strong>Romani</strong></span> <span class='ocrx_word' id='word_1_545' title='bbox 2781 3778 3071 3845; x_wconf 85' lang='lat' dir='ltr'><strong>patricium</strong></span> <span class='ocrx_word' id='word_1_546' title='bbox 3143 3786 3194 3833; x_wconf 89' lang='lat' dir='ltr'><strong>et</strong></span> <span class='ocrx_word' id='word_1_547' title='bbox 3253 3772 3603 3834; x_wconf 87' lang='lat' dir='ltr'><strong>caniclionem</strong></span> 
     </span>
    </p>
   </div>
   <div class='ocr_carea' id='block_1_80' title="bbox 2012 3869 3602 3941">
    <p class='ocr_par' dir='ltr' id='par_1_80' title="bbox 2012 3869 3602 3941">
     <span class='ocr_line' id='line_1_80' title="bbox 2012 3869 3602 3941; baseline 0.001 -17"><span class='ocrx_word' id='word_1_548' title='bbox 2012 3870 2300 3939; x_wconf 87' lang='lat' dir='ltr'><strong>appellant.</strong></span> <span class='ocrx_word' id='word_1_549' title='bbox 2377 3870 2570 3926; x_wconf 80' lang='lat' dir='ltr'><strong>Exstat</strong></span> <span class='ocrx_word' id='word_1_550' title='bbox 2630 3869 2745 3925; x_wconf 68' lang='lat' dir='ltr'><strong>haec</strong></span> <span class='ocrx_word' id='word_1_551' title='bbox 2792 3870 3092 3941; x_wconf 80' lang='lat' dir='ltr'><strong>disputatio</strong></span> <span class='ocrx_word' id='word_1_552' title='bbox 3144 3879 3186 3926; x_wconf 89' lang='lat' dir='ltr'><strong>t.</strong></span> <span class='ocrx_word' id='word_1_553' title='bbox 3217 3869 3279 3926; x_wconf 79' lang='lat' dir='ltr'><strong>IV</strong></span> <span class='ocrx_word' id='word_1_554' title='bbox 3337 3872 3602 3926; x_wconf 83' lang='lat' dir='ltr'><strong>Biblioth.</strong></span> 
     </span>
    </p>
   </div>
   <div class='ocr_carea' id='block_1_81' title="bbox 2010 3961 3607 4033">
    <p class='ocr_par' dir='ltr' id='par_1_81' title="bbox 2010 3961 3607 4033">
     <span class='ocr_line' id='line_1_81' title="bbox 2010 3961 3607 4033; baseline -0.001 -16"><span class='ocrx_word' id='word_1_555' title='bbox 2010 3962 2263 4029; x_wconf 88' lang='lat' dir='ltr'><strong>Patrum,</strong></span> <span class='ocrx_word' id='word_1_556' title='bbox 2298 3961 2457 4033; x_wconf 88' lang='lat' dir='ltr'><strong>cujus</strong></span> <span class='ocrx_word' id='word_1_557' title='bbox 2485 3961 2780 4019; x_wconf 86' lang='lat' dir='ltr'><strong>occasione</strong></span> <span class='ocrx_word' id='word_1_558' title='bbox 2834 3961 3107 4018; x_wconf 83' lang='lat' dir='ltr'><strong>Meursius</strong></span> <span class='ocrx_word' id='word_1_559' title='bbox 3166 3963 3317 4017; x_wconf 87' lang='lat' dir='ltr'><strong>varia</strong></span> <span class='ocrx_word' id='word_1_560' title='bbox 3373 3963 3607 4033; x_wconf 79' lang='lat' dir='ltr'><strong>philoso-</strong></span> 
     </span>
    </p>
   </div>
   <div class='ocr_carea' id='block_1_82' title="bbox 2014 4051 3602 4126">
    <p class='ocr_par' dir='ltr' id='par_1_82' title="bbox 2014 4051 3602 4126">
     <span class='ocr_line' id='line_1_82' title="bbox 2014 4051 3602 4126; baseline 0 -17"><span class='ocrx_word' id='word_1_561' title='bbox 2014 4055 2215 4126; x_wconf 89' lang='lat' dir='ltr'><strong>phatur</strong></span> <span class='ocrx_word' id='word_1_562' title='bbox 2238 4056 2289 4110; x_wconf 91' lang='lat' dir='ltr'><strong>in</strong></span> <span class='ocrx_word' id='word_1_563' title='bbox 2319 4068 2422 4110; x_wconf 82' lang='lat' dir='ltr'><strong>suo</strong></span> <span class='ocrx_word' id='word_1_564' title='bbox 2455 4054 2680 4118; x_wconf 83' lang='lat' dir='ltr'><strong>Lexico,</strong></span> <span class='ocrx_word' id='word_1_565' title='bbox 2713 4070 2766 4109; x_wconf 85' lang='grc' dir='ltr'><strong>ν.</strong></span> <span class='ocrx_word' id='word_1_566' title='bbox 2803 4054 3128 4124; x_wconf 77' lang='grc' dir='ltr'><strong>Πατρίκιος.</strong></span> <span class='ocrx_word' id='word_1_567' title='bbox 3189 4051 3439 4110; x_wconf 82' lang='lat' dir='ltr'><strong>Observa</strong></span> <span class='ocrx_word' id='word_1_568' title='bbox 3494 4071 3602 4109; x_wconf 86' lang='lat' dir='ltr'><strong>nnu</strong></span> 
     </span>
    </p>
   </div>
   <div class='ocr_carea' id='block_1_83' title="bbox 2013 4146 3605 4225">
    <p class='ocr_par' dir='ltr' id='par_1_83' title="bbox 2013 4146 3605 4225">
     <span class='ocr_line' id='line_1_83' title="bbox 2013 4146 3605 4225; baseline -0.002 -23"><span class='ocrx_word' id='word_1_569' title='bbox 2013 4163 2229 4202; x_wconf 79' lang='lat' dir='ltr'><strong>omnem</strong></span> <span class='ocrx_word' id='word_1_570' title='bbox 2265 4147 2559 4225; x_wconf 87' lang='lat' dir='ltr'><strong>patricium</strong></span> <span class='ocrx_word' id='word_1_571' title='bbox 2607 4146 2781 4201; x_wconf 83' lang='lat' dir='ltr'><strong>fuisse</strong></span> <span class='ocrx_word' id='word_1_572' title='bbox 2835 4147 3230 4211; x_wconf 83' lang='lat' dir='ltr'><strong>canicliouem,</strong></span> <span class='ocrx_word' id='word_1_573' title='bbox 3296 4148 3441 4201; x_wconf 64' lang='lat' dir='ltr'><strong>sicut</strong></span> <span class='ocrx_word' id='word_1_574' title='bbox 3493 4149 3605 4201; x_wconf 71' lang='lat' dir='ltr'><strong>lia-c</strong></span> 
     </span>
    </p>
   </div>
   <div class='ocr_carea' id='block_1_84' title="bbox 2014 4239 3606 4313">
    <p class='ocr_par' dir='ltr' id='par_1_84' title="bbox 2014 4239 3606 4313">
     <span class='ocr_line' id='line_1_84' title="bbox 2014 4239 3606 4313; baseline -0.004 -16"><span class='ocrx_word' id='word_1_575' title='bbox 2014 4241 2315 4313; x_wconf 87' lang='lat' dir='ltr'><strong>disputatio</strong></span> <span class='ocrx_word' id='word_1_576' title='bbox 2337 4239 2615 4310; x_wconf 87' lang='lat' dir='ltr'><strong>Gregentii</strong></span> <span class='ocrx_word' id='word_1_577' title='bbox 2667 4239 2939 4295; x_wconf 83' lang='lat' dir='ltr'><strong>aliirmare</strong></span> <span class='ocrx_word' id='word_1_578' title='bbox 2991 4239 3229 4303; x_wconf 86' lang='lat' dir='ltr'><strong>videtur,</strong></span> <span class='ocrx_word' id='word_1_579' title='bbox 3286 4240 3415 4308; x_wconf 83' lang='lat' dir='ltr'><strong>quia</strong></span> <span class='ocrx_word' id='word_1_580' title='bbox 3464 4256 3606 4309; x_wconf 70' lang='lat' dir='ltr'><strong>unius</strong></span> 
     </span>
    </p>
   </div>
   <div class='ocr_carea' id='block_1_85' title="bbox 2016 4331 3605 4404">
    <p class='ocr_par' dir='ltr' id='par_1_85' title="bbox 2016 4331 3605 4404">
     <span class='ocr_line' id='line_1_85' title="bbox 2016 4331 3605 4404; baseline -0.003 -14"><span class='ocrx_word' id='word_1_581' title='bbox 2016 4334 2263 4390; x_wconf 84' lang='lat' dir='ltr'><strong>canicleo</strong></span> <span class='ocrx_word' id='word_1_582' title='bbox 2289 4331 2582 4404; x_wconf 81' lang='lat' dir='ltr'><strong>praefectus</strong></span> <span class='ocrx_word' id='word_1_583' title='bbox 2604 4340 2744 4399; x_wconf 84' lang='lat' dir='ltr'><strong>erat,</strong></span> <span class='ocrx_word' id='word_1_584' title='bbox 2772 4332 2929 4388; x_wconf 87' lang='lat' dir='ltr'><strong>multi</strong></span> <span class='ocrx_word' id='word_1_585' title='bbox 2958 4336 3138 4387; x_wconf 84' lang='lat' dir='ltr'><strong>autem</strong></span> <span class='ocrx_word' id='word_1_586' title='bbox 3172 4333 3338 4402; x_wconf 76' lang='lat'><strong>208</strong></span> <span class='ocrx_word' id='word_1_587' title='bbox 3369 4334 3605 4400; x_wconf 85' lang='lat' dir='ltr'><strong>patricii.</strong></span> 
     </span>
    </p>
   </div>
   <div class='ocr_carea' id='block_1_86' title="bbox 2018 4425 3604 4497">
    <p class='ocr_par' dir='ltr' id='par_1_86' title="bbox 2018 4425 3604 4497">
     <span class='ocr_line' id='line_1_86' title="bbox 2018 4425 3604 4497; baseline -0.001 -15"><span class='ocrx_word' id='word_1_588' title='bbox 2018 4425 2346 4497; x_wconf 80' lang='lat' dir='ltr'><strong>Contingere</strong></span> <span class='ocrx_word' id='word_1_589' title='bbox 2400 4425 2621 4496; x_wconf 89' lang='lat' dir='ltr'><strong>quidem</strong></span> <span class='ocrx_word' id='word_1_590' title='bbox 2676 4434 2890 4497; x_wconf 85' lang='lat' dir='ltr'><strong>poterat</strong></span> <span class='ocrx_word' id='word_1_591' title='bbox 2951 4435 3008 4480; x_wconf 90' lang='lat' dir='ltr'><strong>nt</strong></span> <span class='ocrx_word' id='word_1_592' title='bbox 3081 4427 3326 4480; x_wconf 79' lang='lat' dir='ltr'><strong>canicleo</strong></span> <span class='ocrx_word' id='word_1_593' title='bbox 3381 4427 3604 4496; x_wconf 70' lang='lat' dir='ltr'><strong>pra-loc-</strong></span> 
     </span>
    </p>
   </div>
   <div class='ocr_carea' id='block_1_87' title="bbox 331 4514 3609 4598">
    <p class='ocr_par' dir='ltr' id='par_1_87' title="bbox 331 4514 3609 4598">
     <span class='ocr_line' id='line_1_87' title="bbox 331 4514 3609 4598; baseline 0.002 -32"><span class='ocrx_word' id='word_1_594' title='bbox 331 4516 539 4567; x_wconf 83' lang='lat' dir='ltr'><strong>tiorum</strong></span> <span class='ocrx_word' id='word_1_595' title='bbox 566 4514 774 4584; x_wconf 86' lang='lat' dir='ltr'><strong>imperii</strong></span> <span class='ocrx_word' id='word_1_596' title='bbox 807 4516 885 4569; x_wconf 81' lang='lat' dir='ltr'><strong>vir</strong></span> <span class='ocrx_word' id='word_1_597' title='bbox 909 4518 1139 4584; x_wconf 84' lang='lat' dir='ltr'><strong>prudens</strong></span> <span class='ocrx_word' id='word_1_598' title='bbox 1171 4527 1220 4572; x_wconf 90' lang='lat' dir='ltr'><strong>et</strong></span> <span class='ocrx_word' id='word_1_599' title='bbox 1255 4520 1317 4573; x_wconf 88' lang='lat' dir='ltr'><strong>ob</strong></span> <span class='ocrx_word' id='word_1_600' title='bbox 1349 4520 1673 4575; x_wconf 84' lang='lat' dir='ltr'><strong>industriam</strong></span> <span class='ocrx_word' id='word_1_601' title='bbox 1705 4534 1753 4577; x_wconf 85' lang='lat' dir='ltr'><strong>et</strong></span> <span class='ocrx_word' id='word_1_602' title='bbox 1808 4525 1913 4579; x_wconf 88' lang='lat' dir='ltr'><strong>rei-</strong></span> <span class='ocrx_word' id='word_1_603' title='bbox 1947 4542 1991 4598; x_wconf 82' lang='grc' dir='ltr'><strong>ι)</strong></span> <span class='ocrx_word' id='word_1_604' title='bbox 2019 4528 2110 4574; x_wconf 87' lang='lat' dir='ltr'><strong>tus</strong></span> <span class='ocrx_word' id='word_1_605' title='bbox 2180 4519 2449 4589; x_wconf 85' lang='lat' dir='ltr'><strong>patricius</strong></span> <span class='ocrx_word' id='word_1_606' title='bbox 2503 4526 2673 4587; x_wconf 85' lang='lat' dir='ltr'><strong>esset,</strong></span> <span class='ocrx_word' id='word_1_607' title='bbox 2728 4518 2825 4574; x_wconf 86' lang='lat' dir='ltr'><strong>sed</strong></span> <span class='ocrx_word' id='word_1_608' title='bbox 2884 4518 2937 4573; x_wconf 89' lang='lat' dir='ltr'><strong>id</strong></span> <span class='ocrx_word' id='word_1_609' title='bbox 3012 4533 3121 4573; x_wconf 90' lang='lat' dir='ltr'><strong>nou</strong></span> <span class='ocrx_word' id='word_1_610' title='bbox 3188 4525 3309 4572; x_wconf 90' lang='lat' dir='ltr'><strong>erat</strong></span> <span class='ocrx_word' id='word_1_611' title='bbox 3357 4534 3609 4573; x_wconf 68' lang='lat' dir='ltr'><strong>necesss-</strong></span> 
     </span>
    </p>
   </div>
   <div class='ocr_carea' id='block_1_88' title="bbox 326 4607 1918 4681">
    <p class='ocr_par' dir='ltr' id='par_1_88' title="bbox 326 4607 1918 4681">
     <span class='ocr_line' id='line_1_88' title="bbox 326 4607 1918 4681; baseline 0.008 -23"><span class='ocrx_word' id='word_1_612' title='bbox 326 4607 569 4675; x_wconf 82' lang='lat' dir='ltr'><strong>publica:</strong></span> <span class='ocrx_word' id='word_1_613' title='bbox 590 4608 829 4677; x_wconf 74' lang='lat' dir='ltr'><strong>gerendae</strong></span> <span class='ocrx_word' id='word_1_614' title='bbox 858 4611 1129 4665; x_wconf 85' lang='lat' dir='ltr'><strong>scientiam</strong></span> <span class='ocrx_word' id='word_1_615' title='bbox 1160 4611 1470 4679; x_wconf 84' lang='lat' dir='ltr'><strong>imperatori</strong></span> <span class='ocrx_word' id='word_1_616' title='bbox 1503 4614 1720 4681; x_wconf 78' lang='lat' dir='ltr'><strong>chorus,</strong></span> <span class='ocrx_word' id='word_1_617' title='bbox 1778 4618 1918 4671; x_wconf 88' lang='lat' dir='ltr'><strong>unde</strong></span> 
     </span>
    </p>
   </div>
   <div class='ocr_carea' id='block_1_89' title="bbox 327 4700 1919 4775">
    <p class='ocr_par' dir='ltr' id='par_1_89' title="bbox 327 4700 1919 4775">
     <span class='ocr_line' id='line_1_89' title="bbox 327 4700 1919 4775; baseline 0.006 -22"><span class='ocrx_word' id='word_1_618' title='bbox 327 4709 377 4753; x_wconf 85' lang='lat' dir='ltr'><strong>et</strong></span> <span class='ocrx_word' id='word_1_619' title='bbox 400 4700 733 4754; x_wconf 83' lang='lat' dir='ltr'><strong>auctoritate</strong></span> <span class='ocrx_word' id='word_1_620' title='bbox 759 4709 811 4753; x_wconf 86' lang='lat' dir='ltr'><strong>et</strong></span> <span class='ocrx_word' id='word_1_621' title='bbox 842 4701 1023 4769; x_wconf 88' lang='lat' dir='ltr'><strong>opibus</strong></span> <span class='ocrx_word' id='word_1_622' title='bbox 1066 4702 1313 4771; x_wconf 90' lang='lat' dir='ltr'><strong>pollebat,</strong></span> <span class='ocrx_word' id='word_1_623' title='bbox 1349 4702 1684 4775; x_wconf 84' lang='lat' dir='ltr'><strong>Nicephorus</strong></span> <span class='ocrx_word' id='word_1_624' title='bbox 1706 4707 1919 4762; x_wconf 88' lang='lat' dir='ltr'><strong>caniclii</strong></span> 
     </span>
    </p>
   </div>
   <div class='ocr_carea' id='block_1_90' title="bbox 326 4791 1919 4869">
    <p class='ocr_par' dir='ltr' id='par_1_90' title="bbox 326 4791 1919 4869">
     <span class='ocr_line' id='line_1_90' title="bbox 326 4791 1919 4869; baseline 0.008 -26"><span class='ocrx_word' id='word_1_625' title='bbox 326 4792 649 4862; x_wconf 62' lang='lat' dir='ltr'><strong>praefectus.</strong></span> <span class='ocrx_word' id='word_1_626' title='bbox 683 4791 735 4846; x_wconf 81' lang='lat' dir='ltr'><strong>Is</strong></span> <span class='ocrx_word' id='word_1_627' title='bbox 762 4791 968 4849; x_wconf 82' lang='lat' dir='ltr'><strong>blandis</strong></span> <span class='ocrx_word' id='word_1_628' title='bbox 998 4797 1325 4851; x_wconf 87' lang='lat' dir='ltr'><strong>sermonibus</strong></span> <span class='ocrx_word' id='word_1_629' title='bbox 1345 4810 1393 4852; x_wconf 90' lang='lat' dir='ltr'><strong>et</strong></span> <span class='ocrx_word' id='word_1_630' title='bbox 1419 4798 1680 4869; x_wconf 87' lang='lat' dir='ltr'><strong>obsequiis</strong></span> <span class='ocrx_word' id='word_1_631' title='bbox 1698 4800 1919 4856; x_wconf 82' lang='lat' dir='ltr'><strong>lenitate</strong></span> 
     </span>
    </p>
   </div>
   <div class='ocr_carea' id='block_1_91' title="bbox 330 4887 1921 4962">
    <p class='ocr_par' dir='ltr' id='par_1_91' title="bbox 330 4887 1921 4962">
     <span class='ocr_line' id='line_1_91' title="bbox 330 4887 1921 4962; baseline 0.007 -24"><span class='ocrx_word' id='word_1_632' title='bbox 330 4887 687 4955; x_wconf 86' lang='lat' dir='ltr'><strong>imperatoris</strong></span> <span class='ocrx_word' id='word_1_633' title='bbox 708 4888 1021 4951; x_wconf 87' lang='lat' dir='ltr'><strong>conciliata,</strong></span> <span class='ocrx_word' id='word_1_634' title='bbox 1040 4890 1170 4958; x_wconf 88' lang='lat' dir='ltr'><strong>petit</strong></span> <span class='ocrx_word' id='word_1_635' title='bbox 1191 4899 1238 4942; x_wconf 89' lang='lat' dir='ltr'><strong>et</strong></span> <span class='ocrx_word' id='word_1_636' title='bbox 1262 4892 1455 4960; x_wconf 88' lang='lat' dir='ltr'><strong>accipit</strong></span> <span class='ocrx_word' id='word_1_637' title='bbox 1482 4908 1730 4960; x_wconf 85' lang='lat' dir='ltr'><strong>generum</strong></span> <span class='ocrx_word' id='word_1_638' title='bbox 1745 4894 1921 4962; x_wconf 75' lang='lat' dir='ltr'><strong>ﬁlium</strong></span> 
     </span>
    </p>
   </div>
   <div class='ocr_carea' id='block_1_92' title="bbox 328 4976 1925 5056">
    <p class='ocr_par' dir='ltr' id='par_1_92' title="bbox 328 4976 1925 5056">
     <span class='ocr_line' id='line_1_92' title="bbox 328 4976 1925 5056; baseline 0.007 -24"><span class='ocrx_word' id='word_1_639' title='bbox 328 4981 455 5048; x_wconf 83' lang='lat' dir='ltr'><strong>ejus</strong></span> <span class='ocrx_word' id='word_1_640' title='bbox 483 4976 771 5046; x_wconf 82' lang='lat' dir='ltr'><strong>Joannem,</strong></span> <span class='ocrx_word' id='word_1_641' title='bbox 799 4981 1104 5051; x_wconf 83' lang='lat' dir='ltr'><strong>indignante</strong></span> <span class='ocrx_word' id='word_1_642' title='bbox 1133 4984 1342 5051; x_wconf 85' lang='lat' dir='ltr'><strong>quidem</strong></span> <span class='ocrx_word' id='word_1_643' title='bbox 1370 4995 1420 5039; x_wconf 90' lang='lat' dir='ltr'><strong>et</strong></span> <span class='ocrx_word' id='word_1_644' title='bbox 1480 4985 1782 5056; x_wconf 77' lang='lat' dir='ltr'><strong>refragante</strong></span> <span class='ocrx_word' id='word_1_645' title='bbox 1825 4989 1925 5043; x_wconf 86' lang='lat' dir='ltr'><strong>int-</strong></span> 
     </span>
    </p>
   </div>
   <div class='ocr_carea' id='block_1_93' title="bbox 329 5069 1923 5147">
    <p class='ocr_par' dir='ltr' id='par_1_93' title="bbox 329 5069 1923 5147">
     <span class='ocr_line' id='line_1_93' title="bbox 329 5069 1923 5147; baseline 0.006 -23"><span class='ocrx_word' id='word_1_646' title='bbox 329 5072 626 5139; x_wconf 85' lang='lat' dir='ltr'><strong>peratrice,</strong></span> <span class='ocrx_word' id='word_1_647' title='bbox 660 5069 750 5124; x_wconf 86' lang='lat' dir='ltr'><strong>sed</strong></span> <span class='ocrx_word' id='word_1_648' title='bbox 777 5079 949 5125; x_wconf 89' lang='lat' dir='ltr'><strong>tamen</strong></span> <span class='ocrx_word' id='word_1_649' title='bbox 984 5073 1198 5142; x_wconf 87' lang='lat' dir='ltr'><strong>accipit.</strong></span> <span class='ocrx_word' id='word_1_650' title='bbox 1258 5073 1335 5129; x_wconf 84' lang='lat' dir='ltr'><strong>De</strong></span> <span class='ocrx_word' id='word_1_651' title='bbox 1388 5076 1579 5131; x_wconf 89' lang='lat' dir='ltr'><strong>eodem</strong></span> <span class='ocrx_word' id='word_1_652' title='bbox 1611 5077 1923 5147; x_wconf 80' lang='lat' dir='ltr'><strong>Nicepltoro</strong></span> 
     </span>
    </p>
   </div>
   <div class='ocr_carea' id='block_1_94' title="bbox 332 5161 1923 5239">
    <p class='ocr_par' dir='ltr' id='par_1_94' title="bbox 332 5161 1923 5239">
     <span class='ocr_line' id='line_1_94' title="bbox 332 5161 1923 5239; baseline 0.004 -21"><span class='ocrx_word' id='word_1_653' title='bbox 332 5164 574 5219; x_wconf 79' lang='lat' dir='ltr'><strong>caniclei</strong></span> <span class='ocrx_word' id='word_1_654' title='bbox 606 5161 856 5232; x_wconf 75' lang='lat' dir='ltr'><strong>praefecto</strong></span> <span class='ocrx_word' id='word_1_655' title='bbox 892 5162 1329 5239; x_wconf 85' lang='lat' dir='ltr'><strong>Cantacuzenus,</strong></span> <span class='ocrx_word' id='word_1_656' title='bbox 1368 5182 1410 5234; x_wconf 85' lang='grc' dir='ltr'><strong>ι,</strong></span> <span class='ocrx_word' id='word_1_657' title='bbox 1436 5168 1549 5222; x_wconf 76' lang='lat' dir='ltr'><strong>M:</strong></span> <span class='ocrx_word' id='word_1_658' title='bbox 1604 5166 1683 5224; x_wconf 90' lang='lat' dir='ltr'><strong>De</strong></span> <span class='ocrx_word' id='word_1_659' title='bbox 1733 5183 1923 5225; x_wconf 86' lang='lat' dir='ltr'><strong>senatu</strong></span> 
     </span>
    </p>
   </div>
   <div class='ocr_carea' id='block_1_95' title="bbox 332 5255 1926 5331">
    <p class='ocr_par' dir='ltr' id='par_1_95' title="bbox 332 5255 1926 5331">
     <span class='ocr_line' id='line_1_95' title="bbox 332 5255 1926 5331; baseline 0.004 -19"><span class='ocrx_word' id='word_1_660' title='bbox 332 5260 583 5329; x_wconf 87' lang='lat' dir='ltr'><strong>palatino</strong></span> <span class='ocrx_word' id='word_1_661' title='bbox 621 5267 904 5325; x_wconf 66' lang='lat' dir='ltr'><strong>praesentes</strong></span> <span class='ocrx_word' id='word_1_662' title='bbox 936 5260 1158 5315; x_wconf 88' lang='lat' dir='ltr'><strong>aderant</strong></span> <span class='ocrx_word' id='word_1_663' title='bbox 1195 5276 1419 5331; x_wconf 85' lang='lat' dir='ltr'><strong>magnus</strong></span> <span class='ocrx_word' id='word_1_664' title='bbox 1454 5255 1729 5331; x_wconf 27' lang='lat' dir='ltr'><strong>logotheta‘</strong></span> <span class='ocrx_word' id='word_1_665' title='bbox 1754 5264 1926 5320; x_wconf 79' lang='lat' dir='ltr'><strong>Meto-</strong></span> 
     </span>
    </p>
   </div>
   <div class='ocr_carea' id='block_1_96' title="bbox 336 5343 1927 5425">
    <p class='ocr_par' dir='ltr' id='par_1_96' title="bbox 336 5343 1927 5425">
     <span class='ocr_line' id='line_1_96' title="bbox 336 5343 1927 5425; baseline 0.004 -19"><span class='ocrx_word' id='word_1_666' title='bbox 336 5343 534 5413; x_wconf 76' lang='lat' dir='ltr'><strong>cltites,</strong></span> <span class='ocrx_word' id='word_1_667' title='bbox 563 5352 713 5422; x_wconf 87' lang='lat' dir='ltr'><strong>cujus</strong></span> <span class='ocrx_word' id='word_1_668' title='bbox 752 5363 910 5406; x_wconf 86' lang='lat' dir='ltr'><strong>antea</strong></span> <span class='ocrx_word' id='word_1_669' title='bbox 943 5353 1297 5419; x_wconf 88' lang='lat' dir='ltr'><strong>meminimus,</strong></span> <span class='ocrx_word' id='word_1_670' title='bbox 1350 5365 1400 5408; x_wconf 90' lang='lat' dir='ltr'><strong>et</strong></span> <span class='ocrx_word' id='word_1_671' title='bbox 1436 5352 1770 5424; x_wconf 76' lang='lat' dir='ltr'><strong>Nicephorus</strong></span> <span class='ocrx_word' id='word_1_672' title='bbox 1837 5361 1927 5425; x_wconf 79' lang='lat' dir='ltr'><strong>aui</strong></span> 
     </span>
    </p>
   </div>
   <div class='ocr_carea' id='block_1_97' title="bbox 338 5444 1926 5519">
    <p class='ocr_par' dir='ltr' id='par_1_97' title="bbox 338 5444 1926 5519">
     <span class='ocr_line' id='line_1_97' title="bbox 338 5444 1926 5519; baseline 0.001 -19"><span class='ocrx_word' id='word_1_673' title='bbox 338 5447 579 5500; x_wconf 83' lang='lat' dir='ltr'><strong>canicleo</strong></span> <span class='ocrx_word' id='word_1_674' title='bbox 606 5454 831 5513; x_wconf 79' lang='lat' dir='ltr'><strong>prtecrat</strong></span> <span class='ocrx_word' id='word_1_675' title='bbox 861 5455 910 5499; x_wconf 91' lang='lat' dir='ltr'><strong>et</strong></span> <span class='ocrx_word' id='word_1_676' title='bbox 942 5446 1054 5499; x_wconf 78' lang='lat' dir='ltr'><strong>uehi</strong></span> <span class='ocrx_word' id='word_1_677' title='bbox 1082 5444 1308 5510; x_wconf 79' lang='lat' dir='ltr'><strong>solebat,</strong></span> <span class='ocrx_word' id='word_1_678' title='bbox 1372 5446 1684 5501; x_wconf 83' lang='lat' dir='ltr'><strong>admirabili</strong></span> <span class='ocrx_word' id='word_1_679' title='bbox 1714 5451 1926 5519; x_wconf 82' lang='lat' dir='ltr'><strong>sapien-</strong></span> 
     </span>
    </p>
   </div>
   <div class='ocr_carea' id='block_1_98' title="bbox 341 5540 1928 5610">
    <p class='ocr_par' dir='ltr' id='par_1_98' title="bbox 341 5540 1928 5610">
     <span class='ocr_line' id='line_1_98' title="bbox 341 5540 1928 5610; baseline 0.002 -17"><span class='ocrx_word' id='word_1_680' title='bbox 341 5543 422 5593; x_wconf 90' lang='lat' dir='ltr'><strong>tia</strong></span> <span class='ocrx_word' id='word_1_681' title='bbox 440 5540 762 5609; x_wconf 84' lang='lat' dir='ltr'><strong>consilioque</strong></span> <span class='ocrx_word' id='word_1_682' title='bbox 779 5541 1055 5608; x_wconf 83' lang='lat' dir='ltr'><strong>prteditus,</strong></span> <span class='ocrx_word' id='word_1_683' title='bbox 1080 5548 1130 5592; x_wconf 88' lang='lat' dir='ltr'><strong>et</strong></span> <span class='ocrx_word' id='word_1_684' title='bbox 1151 5541 1216 5593; x_wconf 92' lang='lat' dir='ltr'><strong>ab</strong></span> <span class='ocrx_word' id='word_1_685' title='bbox 1259 5540 1578 5610; x_wconf 85' lang='lat' dir='ltr'><strong>imperatore</strong></span> <span class='ocrx_word' id='word_1_686' title='bbox 1618 5542 1928 5596; x_wconf 77' lang='lat' dir='ltr'><strong>benevolen-</strong></span> 
     </span>
    </p>
   </div>
   <div class='ocr_carea' id='block_1_99' title="bbox 342 5633 1930 5709">
    <p class='ocr_par' dir='ltr' id='par_1_99' title="bbox 342 5633 1930 5709">
     <span class='ocr_line' id='line_1_99' title="bbox 342 5633 1930 5709; baseline 0.001 -22"><span class='ocrx_word' id='word_1_687' title='bbox 342 5636 426 5688; x_wconf 87' lang='lat' dir='ltr'><strong>tia</strong></span> <span class='ocrx_word' id='word_1_688' title='bbox 462 5634 749 5709; x_wconf 67' lang='lat' dir='ltr'><strong>honoreque</strong></span> <span class='ocrx_word' id='word_1_689' title='bbox 774 5635 1036 5704; x_wconf 87' lang='lat' dir='ltr'><strong>singulari</strong></span> <span class='ocrx_word' id='word_1_690' title='bbox 1065 5633 1337 5704; x_wconf 82' lang='lat' dir='ltr'><strong>dignatus,</strong></span> <span class='ocrx_word' id='word_1_691' title='bbox 1381 5634 1458 5689; x_wconf 87' lang='lat' dir='ltr'><strong>ita</strong></span> <span class='ocrx_word' id='word_1_692' title='bbox 1495 5644 1555 5688; x_wconf 81' lang='lat' dir='ltr'><strong>ut</strong></span> <span class='ocrx_word' id='word_1_693' title='bbox 1603 5635 1766 5689; x_wconf 90' lang='lat' dir='ltr'><strong>etiam</strong></span> <span class='ocrx_word' id='word_1_694' title='bbox 1814 5634 1930 5689; x_wconf 82' lang='lat' dir='ltr'><strong>Ire-</strong></span> 
     </span>
    </p>
   </div>
   <div class='ocr_carea' id='block_1_100' title="bbox 328 5722 1927 5793">
    <p class='ocr_par' dir='ltr' id='par_1_100' title="bbox 328 5722 1927 5793">
     <span class='ocr_line' id='line_1_100' title="bbox 328 5722 1927 5793; baseline 0.001 -17"><span class='ocrx_word' id='word_1_695' title='bbox 328 5740 468 5791; x_wconf 63' lang='lat' dir='ltr'><strong>)iens</strong></span> <span class='ocrx_word' id='word_1_696' title='bbox 508 5723 665 5791; x_wconf 81' lang='lat' dir='ltr'><strong>ﬁliam</strong></span> <span class='ocrx_word' id='word_1_697' title='bbox 690 5724 806 5793; x_wconf 85' lang='lat' dir='ltr'><strong>ejus</strong></span> <span class='ocrx_word' id='word_1_698' title='bbox 870 5722 1072 5778; x_wconf 83' lang='lat' dir='ltr'><strong>Joanni</strong></span> <span class='ocrx_word' id='word_1_699' title='bbox 1134 5726 1367 5792; x_wconf 68' lang='lat' dir='ltr'><strong>despotic</strong></span> <span class='ocrx_word' id='word_1_700' title='bbox 1414 5724 1527 5792; x_wconf 82' lang='lat' dir='ltr'><strong>ﬁlio</strong></span> <span class='ocrx_word' id='word_1_701' title='bbox 1577 5740 1674 5779; x_wconf 92' lang='lat' dir='ltr'><strong>suo</strong></span> <span class='ocrx_word' id='word_1_702' title='bbox 1733 5725 1927 5793; x_wconf 84' lang='lat' dir='ltr'><strong>nuptiis</strong></span> 
     </span>
    </p>
   </div>
   <div class='ocr_carea' id='block_1_101' title="bbox 342 5815 1931 5887">
    <p class='ocr_par' dir='ltr' id='par_1_101' title="bbox 342 5815 1931 5887">
     <span class='ocr_line' id='line_1_101' title="bbox 342 5815 1931 5887; baseline 0.001 -18"><span class='ocrx_word' id='word_1_703' title='bbox 342 5815 708 5884; x_wconf 81' lang='lat' dir='ltr'><strong>conjungeret.</strong></span> <span class='ocrx_word' id='word_1_704' title='bbox 742 5816 843 5869; x_wconf 81' lang='lat' dir='ltr'><strong>Hic</strong></span> <span class='ocrx_word' id='word_1_705' title='bbox 882 5815 1208 5886; x_wconf 82' lang='lat' dir='ltr'><strong>Nicephorus</strong></span> <span class='ocrx_word' id='word_1_706' title='bbox 1231 5818 1380 5887; x_wconf 86' lang='lat' dir='ltr'><strong>prius</strong></span> <span class='ocrx_word' id='word_1_707' title='bbox 1432 5817 1768 5886; x_wconf 87' lang='lat' dir='ltr'><strong>imperatoris</strong></span> <span class='ocrx_word' id='word_1_708' title='bbox 1836 5819 1931 5872; x_wconf 89' lang='lat' dir='ltr'><strong>do-</strong></span> 
     </span>
    </p>
   </div>
   <div class='ocr_carea' id='block_1_102' title="bbox 334 5904 1920 5974">
    <p class='ocr_par' dir='ltr' id='par_1_102' title="bbox 334 5904 1920 5974">
     <span class='ocr_line' id='line_1_102' title="bbox 334 5904 1920 5974; baseline -0.001 -8"><span class='ocrx_word' id='word_1_709' title='bbox 334 5904 567 5969; x_wconf 50' lang='lat' dir='ltr'><strong>mestica</strong></span> <span class='ocrx_word' id='word_1_710' title='bbox 594 5911 1001 5966; x_wconf 83' lang='lat' dir='ltr'><strong>administrabat</strong></span> <span class='ocrx_word' id='word_1_711' title='bbox 1029 5927 1046 5964; x_wconf 93' lang='lat'><em>:</em></span> <span class='ocrx_word' id='word_1_712' title='bbox 1080 5923 1190 5966; x_wconf 89' lang='lat' dir='ltr'><strong>tum</strong></span> <span class='ocrx_word' id='word_1_713' title='bbox 1223 5921 1402 5966; x_wconf 84' lang='lat' dir='ltr'><strong>autem</strong></span> <span class='ocrx_word' id='word_1_714' title='bbox 1437 5914 1674 5974; x_wconf 77' lang='lat' dir='ltr'><strong>podagra</strong></span> <span class='ocrx_word' id='word_1_715' title='bbox 1697 5911 1920 5968; x_wconf 78' lang='lat' dir='ltr'><strong>conﬂic—</strong></span> 
     </span>
    </p>
   </div>
   <div class='ocr_carea' id='block_1_103' title="bbox 2017 4627 2186 4667">
    <p class='ocr_par' dir='ltr' id='par_1_103' title="bbox 2017 4627 2186 4667">
     <span class='ocr_line' id='line_1_103' title="bbox 2017 4627 2186 4667; baseline 0.006 -1"><span class='ocrx_word' id='word_1_716' title='bbox 2017 4627 2186 4667; x_wconf 80' lang='lat' dir='ltr'><strong>rium.</strong></span> 
     </span>
    </p>
   </div>
   <div class='ocr_carea' id='block_1_104' title="bbox 2092 4704 3610 4776">
    <p class='ocr_par' dir='ltr' id='par_1_104' title="bbox 2092 4704 3610 4776">
     <span class='ocr_line' id='line_1_104' title="bbox 2092 4704 3610 4776; baseline -0.005 -14"><span class='ocrx_word' id='word_1_717' title='bbox 2092 4706 2337 4763; x_wconf 79' lang='lat' dir='ltr'><strong>Observa</strong></span> <span class='ocrx_word' id='word_1_718' title='bbox 2406 4706 2660 4763; x_wconf 87' lang='lat' dir='ltr'><strong>secundo</strong></span> <span class='ocrx_word' id='word_1_719' title='bbox 2717 4705 2914 4761; x_wconf 80' lang='lat' dir='ltr'><strong>falsum</strong></span> <span class='ocrx_word' id='word_1_720' title='bbox 2976 4721 3100 4762; x_wconf 85' lang='lat' dir='ltr'><strong>esse</strong></span> <span class='ocrx_word' id='word_1_721' title='bbox 3149 4708 3296 4776; x_wconf 88' lang='lat' dir='ltr'><strong>quod</strong></span> <span class='ocrx_word' id='word_1_722' title='bbox 3340 4704 3610 4760; x_wconf 68' lang='lat' dir='ltr'><strong>Meursius</strong></span> 
     </span>
    </p>
   </div>
   <div class='ocr_carea' id='block_1_105' title="bbox 2021 4786 3610 4874">
    <p class='ocr_par' dir='ltr' id='par_1_105' title="bbox 2021 4786 3610 4874">
     <span class='ocr_line' id='line_1_105' title="bbox 2021 4786 3610 4874; baseline -0.004 -17"><span class='ocrx_word' id='word_1_723' title='bbox 2021 4786 2244 4858; x_wconf 84' lang='lat' dir='ltr'><strong>scribit:</strong></span> <span class='ocrx_word' id='word_1_724' title='bbox 2280 4802 2651 4869; x_wconf 86' lang='lat' dir='ltr'><strong>imperatorem</strong></span> <span class='ocrx_word' id='word_1_725' title='bbox 2675 4799 2912 4854; x_wconf 67' lang='lat' dir='ltr'><strong>ecclesiis</strong></span> <span class='ocrx_word' id='word_1_726' title='bbox 2939 4808 2990 4852; x_wconf 90' lang='lat' dir='ltr'><strong>et</strong></span> <span class='ocrx_word' id='word_1_727' title='bbox 3042 4798 3194 4853; x_wconf 89' lang='lat' dir='ltr'><strong>rebus</strong></span> <span class='ocrx_word' id='word_1_728' title='bbox 3238 4800 3610 4874; x_wconf 78' lang='lat' dir='ltr'><strong>ecclesiasticis</strong></span> 
     </span>
    </p>
   </div>
   <div class='ocr_carea' id='block_1_106' title="bbox 2021 4891 3611 4968">
    <p class='ocr_par' dir='ltr' id='par_1_106' title="bbox 2021 4891 3611 4968">
     <span class='ocr_line' id='line_1_106' title="bbox 2021 4891 3611 4968; baseline -0.004 -18"><span class='ocrx_word' id='word_1_729' title='bbox 2021 4896 2302 4968; x_wconf 70' lang='lat' dir='ltr'><strong>prwluisse</strong></span> <span class='ocrx_word' id='word_1_730' title='bbox 2339 4894 2498 4949; x_wconf 85' lang='lat' dir='ltr'><strong>veluti</strong></span> <span class='ocrx_word' id='word_1_731' title='bbox 2526 4908 2825 4963; x_wconf 86' lang='lat' dir='ltr'><strong>supremum</strong></span> <span class='ocrx_word' id='word_1_732' title='bbox 2851 4902 3033 4960; x_wconf 90' lang='lat' dir='ltr'><strong>caput.</strong></span> <span class='ocrx_word' id='word_1_733' title='bbox 3060 4891 3254 4946; x_wconf 89' lang='lat' dir='ltr'><strong>Nullus</strong></span> <span class='ocrx_word' id='word_1_734' title='bbox 3313 4893 3611 4960; x_wconf 58' lang='lat' dir='ltr'><strong>impr-ratur</strong></span> 
     </span>
    </p>
   </div>
   <div class='ocr_carea' id='block_1_107' title="bbox 2023 4982 3608 5051">
    <p class='ocr_par' dir='ltr' id='par_1_107' title="bbox 2023 4982 3608 5051">
     <span class='ocr_line' id='line_1_107' title="bbox 2023 4982 3608 5051; baseline -0.004 -9"><span class='ocrx_word' id='word_1_735' title='bbox 2023 4986 2370 5042; x_wconf 72' lang='lat' dir='ltr'><strong>orthodoxus</strong></span> <span class='ocrx_word' id='word_1_736' title='bbox 2396 4985 2541 5039; x_wconf 89' lang='lat' dir='ltr'><strong>hunc</strong></span> <span class='ocrx_word' id='word_1_737' title='bbox 2564 4982 2783 5039; x_wconf 88' lang='lat' dir='ltr'><strong>titulum</strong></span> <span class='ocrx_word' id='word_1_738' title='bbox 2822 4982 2925 5036; x_wconf 90' lang='lat' dir='ltr'><strong>sibi</strong></span> <span class='ocrx_word' id='word_1_739' title='bbox 2966 4982 3285 5051; x_wconf 82' lang='lat' dir='ltr'><strong>arrogavit:</strong></span> <span class='ocrx_word' id='word_1_740' title='bbox 3335 4983 3608 5036; x_wconf 60' lang='lat' dir='ltr'><strong>schismao</strong></span> 
     </span>
    </p>
   </div>
   <div class='ocr_carea' id='block_1_108' title="bbox 2025 5072 3612 5142">
    <p class='ocr_par' dir='ltr' id='par_1_108' title="bbox 2025 5072 3612 5142">
     <span class='ocr_line' id='line_1_108' title="bbox 2025 5072 3612 5142; baseline -0.003 -10"><span class='ocrx_word' id='word_1_741' title='bbox 2025 5076 2263 5132; x_wconf 78' lang='lat' dir='ltr'><strong>ti¢orum</strong></span> <span class='ocrx_word' id='word_1_742' title='bbox 2313 5084 2369 5130; x_wconf 87' lang='lat' dir='ltr'><strong>et</strong></span> <span class='ocrx_word' id='word_1_743' title='bbox 2406 5073 2787 5129; x_wconf 63' lang='lat' dir='ltr'><strong>haereticorum</strong></span> <span class='ocrx_word' id='word_1_744' title='bbox 2824 5074 2926 5127; x_wconf 88' lang='lat' dir='ltr'><strong>hoc</strong></span> <span class='ocrx_word' id='word_1_745' title='bbox 2961 5072 3240 5142; x_wconf 89' lang='lat' dir='ltr'><strong>proprium</strong></span> <span class='ocrx_word' id='word_1_746' title='bbox 3273 5085 3376 5128; x_wconf 90' lang='lat' dir='ltr'><strong>est.</strong></span> <span class='ocrx_word' id='word_1_747' title='bbox 3406 5074 3612 5128; x_wconf 56' lang='lat' dir='ltr'><strong>Ortho-</strong></span> 
     </span>
    </p>
   </div>
   <div class='ocr_carea' id='block_1_109' title="bbox 2025 5166 3609 5240">
    <p class='ocr_par' dir='ltr' id='par_1_109' title="bbox 2025 5166 3609 5240">
     <span class='ocr_line' id='line_1_109' title="bbox 2025 5166 3609 5240; baseline -0.003 -14"><span class='ocrx_word' id='word_1_748' title='bbox 2025 5171 2152 5226; x_wconf 78' lang='grc' dir='ltr'><strong>(Ιοιὶ</strong></span> <span class='ocrx_word' id='word_1_749' title='bbox 2175 5170 2537 5240; x_wconf 84' lang='lat' dir='ltr'><strong>imperatores</strong></span> <span class='ocrx_word' id='word_1_750' title='bbox 2562 5176 2766 5222; x_wconf 91' lang='lat' dir='ltr'><strong>norunt</strong></span> <span class='ocrx_word' id='word_1_751' title='bbox 2787 5182 3005 5237; x_wconf 69' lang='lat' dir='ltr'><strong>seesse</strong></span> <span class='ocrx_word' id='word_1_752' title='bbox 3031 5182 3164 5221; x_wconf 88' lang='lat' dir='ltr'><strong>oves</strong></span> <span class='ocrx_word' id='word_1_753' title='bbox 3198 5166 3475 5233; x_wconf 65' lang='lat' dir='ltr'><strong>Ecclesias,</strong></span> <span class='ocrx_word' id='word_1_754' title='bbox 3504 5184 3609 5222; x_wconf 85' lang='lat' dir='ltr'><strong>non</strong></span> 
     </span>
    </p>
   </div>
   <div class='ocr_carea' id='block_1_110' title="bbox 2028 5258 3609 5333">
    <p class='ocr_par' dir='ltr' id='par_1_110' title="bbox 2028 5258 3609 5333">
     <span class='ocr_line' id='line_1_110' title="bbox 2028 5258 3609 5333; baseline -0.001 -19"><span class='ocrx_word' id='word_1_755' title='bbox 2028 5270 2297 5331; x_wconf 86' lang='lat' dir='ltr'><strong>pastores,</strong></span> <span class='ocrx_word' id='word_1_756' title='bbox 2327 5261 2600 5333; x_wconf 83' lang='lat' dir='ltr'><strong>subditos,</strong></span> <span class='ocrx_word' id='word_1_757' title='bbox 2632 5275 2741 5315; x_wconf 86' lang='lat' dir='ltr'><strong>non</strong></span> <span class='ocrx_word' id='word_1_758' title='bbox 2766 5259 2969 5328; x_wconf 83' lang='lat' dir='ltr'><strong>capita.</strong></span> <span class='ocrx_word' id='word_1_759' title='bbox 3034 5258 3362 5315; x_wconf 81' lang='lat' dir='ltr'><strong>Defensores</strong></span> <span class='ocrx_word' id='word_1_760' title='bbox 3421 5260 3609 5315; x_wconf 87' lang='lat' dir='ltr'><strong>itidem</strong></span> 
     </span>
    </p>
   </div>
   <div class='ocr_carea' id='block_1_111' title="bbox 2027 5353 3610 5422">
    <p class='ocr_par' dir='ltr' id='par_1_111' title="bbox 2027 5353 3610 5422">
     <span class='ocr_line' id='line_1_111' title="bbox 2027 5353 3610 5422; baseline -0.002 -13"><span class='ocrx_word' id='word_1_761' title='bbox 2027 5353 2273 5409; x_wconf 73' lang='lat' dir='ltr'><strong>ecclesiae</strong></span> <span class='ocrx_word' id='word_1_762' title='bbox 2321 5362 2499 5406; x_wconf 86' lang='lat' dir='ltr'><strong>sunt:</strong></span> <span class='ocrx_word' id='word_1_763' title='bbox 2551 5353 2747 5421; x_wconf 79' lang='lat' dir='ltr'><strong>capitis</strong></span> <span class='ocrx_word' id='word_1_764' title='bbox 2812 5368 3009 5407; x_wconf 87' lang='lat' dir='ltr'><strong>nomen</strong></span> <span class='ocrx_word' id='word_1_765' title='bbox 3065 5368 3285 5407; x_wconf 82' lang='lat' dir='ltr'><strong>summo</strong></span> <span class='ocrx_word' id='word_1_766' title='bbox 3345 5354 3610 5422; x_wconf 77' lang='lat' dir='ltr'><strong>pontiﬁci.</strong></span> 
     </span>
    </p>
   </div>
   <div class='ocr_carea' id='block_1_112' title="bbox 2028 5443 3614 5514">
    <p class='ocr_par' dir='ltr' id='par_1_112' title="bbox 2028 5443 3614 5514">
     <span class='ocr_line' id='line_1_112' title="bbox 2028 5443 3614 5514; baseline -0.001 -14"><span class='ocrx_word' id='word_1_767' title='bbox 2028 5444 2229 5500; x_wconf 64' lang='lat' dir='ltr'><strong>Christi</strong></span> <span class='ocrx_word' id='word_1_768' title='bbox 2263 5444 2470 5497; x_wconf 88' lang='lat' dir='ltr'><strong>vicario</strong></span> <span class='ocrx_word' id='word_1_769' title='bbox 2493 5443 2754 5514; x_wconf 82' lang='lat' dir='ltr'><strong>Petrique</strong></span> <span class='ocrx_word' id='word_1_770' title='bbox 2778 5445 3086 5499; x_wconf 86' lang='lat' dir='ltr'><strong>successori</strong></span> <span class='ocrx_word' id='word_1_771' title='bbox 3119 5460 3226 5501; x_wconf 91' lang='lat' dir='ltr'><strong>non</strong></span> <span class='ocrx_word' id='word_1_772' title='bbox 3261 5444 3416 5498; x_wconf 80' lang='lat' dir='ltr'><strong>inviti</strong></span> <span class='ocrx_word' id='word_1_773' title='bbox 3452 5446 3614 5499; x_wconf 70' lang='lat' dir='ltr'><strong>relitt&#39;</strong></span> 
     </span>
    </p>
   </div>
   <div class='ocr_carea' id='block_1_113' title="bbox 2029 5534 3614 5609">
    <p class='ocr_par' dir='ltr' id='par_1_113' title="bbox 2029 5534 3614 5609">
     <span class='ocr_line' id='line_1_113' title="bbox 2029 5534 3614 5609; baseline 0.001 -20"><span class='ocrx_word' id='word_1_774' title='bbox 2029 5547 2223 5609; x_wconf 83' lang='lat' dir='ltr'><strong>quttnt.</strong></span> <span class='ocrx_word' id='word_1_775' title='bbox 2283 5534 2362 5590; x_wconf 87' lang='lat' dir='ltr'><strong>Ne</strong></span> <span class='ocrx_word' id='word_1_776' title='bbox 2416 5536 2733 5592; x_wconf 74' lang='lat' dir='ltr'><strong>Calvinlstae</strong></span> <span class='ocrx_word' id='word_1_777' title='bbox 2793 5537 3015 5607; x_wconf 84' lang='lat' dir='ltr'><strong>quidem</strong></span> <span class='ocrx_word' id='word_1_778' title='bbox 3097 5536 3341 5591; x_wconf 86' lang='lat' dir='ltr'><strong>Puritani</strong></span> <span class='ocrx_word' id='word_1_779' title='bbox 3415 5538 3614 5605; x_wconf 84' lang='lat' dir='ltr'><strong>capitis</strong></span> 
     </span>
    </p>
   </div>
   <div class='ocr_carea' id='block_1_114' title="bbox 2029 5608 3649 5700">
    <p class='ocr_par' dir='ltr' id='par_1_114' title="bbox 2029 5608 3649 5700">
     <span class='ocr_line' id='line_1_114' title="bbox 2029 5608 3649 5700; baseline -0.003 -15"><span class='ocrx_word' id='word_1_780' title='bbox 2029 5608 2391 5687; x_wconf 73' lang='lat' dir='ltr'><strong>ecclesiastici</strong></span> <span class='ocrx_word' id='word_1_781' title='bbox 2423 5644 2627 5683; x_wconf 89' lang='lat' dir='ltr'><strong>nomen</strong></span> <span class='ocrx_word' id='word_1_782' title='bbox 2662 5631 2884 5700; x_wconf 81' lang='lat' dir='ltr'><strong>regibus</strong></span> <span class='ocrx_word' id='word_1_783' title='bbox 2954 5626 3117 5684; x_wconf 87' lang='lat' dir='ltr'><strong>tribui</strong></span> <span class='ocrx_word' id='word_1_784' title='bbox 3153 5628 3354 5682; x_wconf 78' lang='lat' dir='ltr'><strong>ierunt.</strong></span> <span class='ocrx_word' id='word_1_785' title='bbox 3415 5608 3649 5682; x_wconf 32' lang='lat' dir='ltr'><strong>Notum?</strong></span> 
     </span>
    </p>
   </div>
   <div class='ocr_carea' id='block_1_115' title="bbox 2029 5710 3614 5795">
    <p class='ocr_par' dir='ltr' id='par_1_115' title="bbox 2029 5710 3614 5795">
     <span class='ocr_line' id='line_1_115' title="bbox 2029 5710 3614 5795; baseline -0.005 -14"><span class='ocrx_word' id='word_1_786' title='bbox 2029 5735 2115 5781; x_wconf 81' lang='lat' dir='ltr'><strong>est</strong></span> <span class='ocrx_word' id='word_1_787' title='bbox 2140 5740 2303 5795; x_wconf 89' lang='lat' dir='ltr'><strong>quam</strong></span> <span class='ocrx_word' id='word_1_788' title='bbox 2341 5723 2483 5777; x_wconf 91' lang='lat' dir='ltr'><strong>limis</strong></span> <span class='ocrx_word' id='word_1_789' title='bbox 2506 5724 2683 5778; x_wconf 75' lang='lat' dir='ltr'><strong>oculis</strong></span> <span class='ocrx_word' id='word_1_790' title='bbox 2738 5724 2995 5779; x_wconf 88' lang='lat' dir='ltr'><strong>Calvinus</strong></span> <span class='ocrx_word' id='word_1_791' title='bbox 3051 5710 3493 5794; x_wconf 35' lang='lat' dir='ltr'><strong>rogem-Anglia:</strong></span> <span class='ocrx_word' id='word_1_792' title='bbox 3544 5722 3614 5775; x_wconf 86' lang='lat' dir='ltr'><strong>oh</strong></span> 
     </span>
    </p>
   </div>
   <div class='ocr_carea' id='block_1_116' title="bbox 2035 5814 3614 5886">
    <p class='ocr_par' dir='ltr' id='par_1_116' title="bbox 2035 5814 3614 5886">
     <span class='ocr_line' id='line_1_116' title="bbox 2035 5814 3614 5886; baseline -0.005 -14"><span class='ocrx_word' id='word_1_793' title='bbox 2035 5816 2411 5873; x_wconf 87' lang='lat' dir='ltr'><strong>huuctitulum</strong></span> <span class='ocrx_word' id='word_1_794' title='bbox 2449 5828 2795 5886; x_wconf 84' lang='lat' dir='ltr'><strong>assumptum</strong></span> <span class='ocrx_word' id='word_1_795' title='bbox 2853 5819 3152 5886; x_wconf 76' lang='lat' dir='ltr'><strong>aspexerit,</strong></span> <span class='ocrx_word' id='word_1_796' title='bbox 3213 5825 3267 5870; x_wconf 90' lang='lat' dir='ltr'><strong>et</strong></span> <span class='ocrx_word' id='word_1_797' title='bbox 3318 5816 3373 5871; x_wconf 88' lang='lat' dir='ltr'><strong>iu</strong></span> <span class='ocrx_word' id='word_1_798' title='bbox 3432 5814 3614 5881; x_wconf 69' lang='lat' dir='ltr'><strong>Belgio</strong></span> 
     </span>
    </p>
   </div>
   <div class='ocr_carea' id='block_1_117' title="bbox 2026 5905 3612 5974">
    <p class='ocr_par' dir='ltr' id='par_1_117' title="bbox 2026 5905 3612 5974">
     <span class='ocr_line' id='line_1_117' title="bbox 2026 5905 3612 5974; baseline -0.003 -9"><span class='ocrx_word' id='word_1_799' title='bbox 2026 5927 2192 5974; x_wconf 82' lang='lat' dir='ltr'><strong>quam</strong></span> <span class='ocrx_word' id='word_1_800' title='bbox 2230 5907 2588 5966; x_wconf 78' lang='lat' dir='ltr'><strong>lcrvcutiorcs</strong></span> <span class='ocrx_word' id='word_1_801' title='bbox 2622 5907 2933 5964; x_wconf 76' lang='lat' dir='ltr'><strong>Culrittisla:</strong></span> <span class='ocrx_word' id='word_1_802' title='bbox 2954 5909 3227 5964; x_wconf 81' lang='lat' dir='ltr'><strong>obsistunt</strong></span> <span class='ocrx_word' id='word_1_803' title='bbox 3268 5925 3332 5962; x_wconf 80' lang='lat' dir='ltr'><strong>uc</strong></span> <span class='ocrx_word' id='word_1_804' title='bbox 3366 5905 3612 5964; x_wconf 48' lang='lat' dir='ltr'><strong>faetet-uti</strong></span> 
     </span>
    </p>
   </div>
  </div>
