4064 6418
331 315 434 378 233

1377 290 1810 374 euersam
1844 300 1940 372 ET
1973 311 2214 374 GOARI
2258 315 2502 380 nom.

3483 313 3590 376 236

338 428 472 501 μετὰ
529 427 698 482 λίθων
755 425 1051 498 λαμπρῶν.
1088 424 1228 482 llinc
1258 427 1302 482 si
1339 427 1433 480 τοῦ
1467 427 1560 480 ἐπὶ
1593 427 1907 488 κανυιλείου

2022 425 2208 482 iisdem
2225 428 2581 484 librariorum
2607 426 2738 482 vitio
2755 434 2809 481 et
2835 424 3092 483 aliiuitate
3113 440 3308 480 vocum
3329 427 3586 481 mendum
3629 467 3648 479 κ

337 521 612 591 ὸφφὶκιον,
646 533 705 575 ut
741 519 908 581 habet
944 521 1166 574 Nicetas
1197 521 1250 572 in
1279 519 1497 586 Alexio,
1524 535 1607 584 ιιι,
1640 520 1696 584 ‘5,
1730 535 1910 574 came-

271 681 278 688 _
341 614 460 669 rarii
492 628 622 669 cum
678 612 966 668 Gunthero
1015 613 1095 666 vel
1125 611 1438 666 cancellarii-
1477 627 1603 666 cum
1637 610 1911 667 Radevieo

341 705 617 775 proprium
647 704 842 759 debeat
864 718 1135 767 asserere,
1158 719 1347 772 aequus
1371 704 1542 758 lector
1559 703 1908 772 judicaverit.

346 800 472 854 Illud
494 797 661 852 circa
677 795 882 851 Leonis
900 797 1140 851 Armenii
1164 805 1407 865 tempora
1439 796 1613 864 primo
1631 796 1910 851 inventum

346 894 421 948 vel
463 893 715 946 auditum
760 906 828 945 ex
849 889 1184 958 Theophane
1211 899 1266 944 et
1291 888 1538 944 Cedreno
1566 888 1618 942 in
1643 889 1761 958 ejus
1792 889 1911 942 Vita

349 985 600 1053 conjicio.
635 983 835 1038 Munus
888 983 1050 1036 etiam
1105 983 1352 1050 ejusdem
1396 980 1499 1035 fuit
1522 981 1910 1048 imperatorum

349 1073 838 1145 subscriptionibus
867 1073 1138 1128 attestari.
1173 1070 1265 1126 Sic
1293 1087 1418 1126 cum
1444 1071 1914 1137 subscripsissent

348 1172 548 1217 octava:
572 1161 764 1232 synodi
790 1160 989 1216 actioni
1013 1159 1242 1214 decimae
1276 1160 1633 1229 imperatores
1653 1157 1912 1224 Basilius,

347 1256 731 1310 Constantinus
755 1263 810 1307 et
842 1253 975 1317 Leo,
995 1254 1235 1308 exaratis
1268 1252 1525 1306 nimirum
1556 1261 1684 1306 ante
1715 1251 1912 1319 scripta

351 1350 566 1402 nomina
600 1349 880 1412 crucibus,
913 1349 975 1399 τὸ
1001 1347 1098 1416 τῆς
1119 1347 1341 1416 γραφῆς
1381 1346 1676 1421 ὑπόλοιπον
1703 1345 1914 1414 γέγρα-

349 1463 414 1510 φε
435 1440 808 1511 Χριστοφόρος
859 1441 1307 1510 πρωτασηκρήτη
1317 1459 1340 1503 ς
1403 1440 1499 1492 xui.
1525 1439 1617 1491 ἐπὶ
1638 1437 1735 1491 τοῦ
1764 1455 1918 1492 κανι-

347 1535 550 1588 uls-foe.
581 1532 692 1586 Hoc
721 1541 806 1586 est
857 1531 1152 1600 unicuique
1198 1531 1406 1585 nomini
1443 1530 1650 1598 scripto
1677 1530 1790 1598 ipse
1815 1545 1914 1584 sua

351 1643 512 1681 manu
561 1625 833 1696 adiunxit,
876 1626 937 1678 ἐν
972 1624 1202 1694 Χριστῷ
1251 1623 1372 1692 Θεῷ
1409 1623 1601 1686 πιστὸς
1636 1622 1912 1692 βασιλεύς.

2012 518 2300 588 irrepsisse
2326 520 2678 590 conjicimus.
2711 519 2906 590 Coum]

2083 609 2265 666 Ρ.15.
2305 611 2530 680 Magnus
2573 611 2809 681 bajulus.
2867 611 3200 682 Paedugogus
3240 612 3323 665 vel
3353 613 3596 680 impera-

2014 702 2170 766 toris,
2202 718 2326 756 cum
2371 702 2563 771 junior
2603 713 2771 766 esset,
2812 703 2897 756 vel
2945 702 3182 756 ﬁliorum
3217 702 3590 772 imperatoris.

2013 790 2440 863 Moschopulus:
2481 793 2832 862 Παιδαγωγδς
2859 797 2954 848 καὶ
2981 795 3358 865 παιδοτρίϐης,
3382 796 3410 846 6
3437 795 3592 862 λεγό-

2018 901 2178 953 μενος
2222 885 2489 954 βαῖουλος.
2556 887 2881 960 Cedrenus:
2937 886 3218 948 82266616;
3260 887 3287 938 6
3335 884 3596 955 βασιλεὺς

2004 977 2301 1053 βΑντίοχον
2334 979 2694 1046 πραιπόσιτον
2730 979 2823 1033 καὶ
2857 978 3169 1048 πατρίκιον,
3202 979 3293 1031 τὸν
3339 977 3594 1046 βαῖουλον

2015 1067 2181 1120 αὐτοῦ
2209 1071 2398 1123 παπᾶν
2428 1072 2674 1140 ἐποίησε.
2712 1073 2885 1126 litiam
2914 1071 3090 1127 Latini
3131 1073 3232 1127 hoc
3265 1070 3586 1125 vocabulum

2016 1158 2121 1212 hac
2163 1158 2387 1212 notione
2414 1168 2771 1227 usurparunt.
2808 1158 2998 1227 Lupus
3027 1158 3395 1212 Ferrariensis
3420 1157 3588 1225 epist.

2015 1251 2082 1304 54
2122 1267 2135 1302 :
2173 1248 2293 1302 Non
2327 1266 2448 1321 ergo
2480 1251 2829 1304 admittentur
2859 1270 2887 1303 a
2920 1251 3065 1304 vobis
3116 1251 3427 1313 monitores,
3460 1264 3601 1317 quos

2016 1341 2227 1411 bajnlos
2259 1342 2461 1413 vulgus
2509 1343 2762 1411 appellat,
2801 1359 2863 1397 ne
2905 1343 3136 1413 gloriam
3184 1353 3417 1396 vestram
3455 1342 3596 1393 inter

2016 1451 2071 1486 se
2102 1436 2203 1503 ipsi
2235 1411 2568 1503 partiuntur.
2619 1411 2976 1501 Hincmarus,
3011 1436 3273 1512 epist..2,
3328 1435 3395 1488 ad
3423 1433 3595 1488 Caro-

2018 1527 2128 1580 lum
2165 1526 2426 1581 Crassum
2473 1528 2610 1597 imp.
2641 1544 2690 1584 c.
2724 1529 2800 1584 2:
2838 1527 2966 1582 Istis
2995 1527 3306 1596 juvenibus,
3347 1528 3596 1597 fidelibus

2017 1619 2147 1688 ﬁliis
2181 1619 2386 1682 vestris,
2443 1622 2655 1690 regibus
2689 1626 2910 1687 nostris,
2943 1634 3188 1675 maturos
3218 1639 3281 1675 ac
3317 1621 3599 1690 prudentes

348 1719 510 1773 Addit
561 1719 676 1773 haec
731 1716 1082 1787 Bullengerus
1127 1717 1374 1772 auctoris
1429 1716 1596 1772 tacito
1652 1717 1908 1770 nomine:
1947 1730 1990 1788 Β
2019 1719 2178 1780 alque
2208 1711 2408 1766 sobrios
2437 1713 2644 1780 bajulos
2674 1715 2898 1783 singulis
2960 1715 3290 1778 constituite,
3315 1714 3474 1783 211
3513 1715 3602 1781 qui

348 1811 606 1879 Μανουὴλ
655 1806 769 1878 εἶχε
801 1811 862 1863 τὸ
891 1808 1120 1876 σύνηθες
1149 1807 1486 1877 κανίκλωμα
1515 1809 1609 1860 καὶ
1637 1806 1732 1859 τοῦ
1757 1807 1911 1876 βασι-

348 1905 484 1966 λέως
508 1901 835 1971 ὑπογραφὴν
885 1899 1110 1971 ταύτην,
1149 1900 1415 1972 Μανουὴλ
1449 1902 1508 1953 ἐν
1537 1901 1764 1970 Χριστῷ
1791 1899 1912 1970 Θεῷ

349 1995 538 2070 ςπιστὸς
563 1995 838 2064 βασιλεὺς,
858 1993 950 2047 καὶ
979 1993 1223 2048 κάτωθεν
1249 1994 1662 2066 ἁπῃωρημένην
1685 1992 1834 2061 βοῦλ)
1847 2009 1914 2045 αν

347 2086 555 2158 χρυσῆν
613 2085 699 2137 διὰ
737 2085 976 2156 μετάξης
1029 2085 1232 2151 ὀξείας,
1265 2089 1359 2140 καὶ
1394 2085 1593 2152 ἔξωθεν
1624 2085 1682 2137 τὸ
1710 2085 1797 2138 διὰ
1818 2083 1913 2136 τοῦ

347 2181 436 2232 ἐπὶ
467 2177 776 2233 κανικλείου
836 2178 930 2231 καὶ
963 2179 1297 2232 δικαιοδότου
1326 2177 1628 2248 Θεοδώρου.
1667 2176 1822 2243 Quod
1862 2179 1912 2231 in

351 2272 821 2327 Christianissima
876 2272 1026 2326 curia
1077 2281 1456 2342 exsequuntur
1488 2270 1790 2334 secretarii,
1826 2268 1913 2321 ubi

349 2364 609 2433 principis
628 2364 1023 2435 subscriptione
1051 2364 1282 2419 inferius
1297 2365 1378 2418 vel
1397 2380 1424 2418 a
1454 2374 1606 2434 tergo
1634 2362 1914 2432 proprium

352 2471 547 2509 nomen
591 2467 889 2524 apponunt.
946 2455 1020 2508 Ex
1065 2456 1148 2512 his
1200 2457 1268 2511 de
1323 2456 1557 2510 canicleo
1589 2469 1641 2511 et
1665 2457 1914 2510 canicula

351 2547 591 2602 collectis
616 2563 646 2601 a
677 2547 931 2624 Gr’etsero
958 2549 1198 2620 copiosis
1233 2549 1565 2604 testimoniis
1604 2548 1917 2605 desiderata

356 2643 441 2696 lux
475 2641 729 2696 accessit.

425 2775 484 2830 Ρ.
520 2776 604 2829 12.
640 2775 1102 2849 [Συμπένθερος.
1141 2777 1239 2844 Qui
1279 2777 1444 2831 lilium
1476 2778 1559 2832 vel
1594 2778 1755 2831 tiliam
1790 2777 1921 2833 alte-

374 2867 476 2921 rius
507 2869 612 2922 lilio
644 2869 727 2923 vel
755 2869 877 2924 lilize
904 2868 957 2922 in
986 2868 1390 2923 matrimonium
1426 2867 1591 2933 locat,
1620 2869 1678 2922 lit
1702 2869 1750 2924 ei
1782 2887 1919 2938 συμ-

367 2961 638 3030 πένθερος.
697 2961 970 3018 lunumeri
1021 2977 1154 3017 vero
1209 2964 1578 3019 aconsoceris
1605 2961 1916 3032 hujusmodi

355 3052 590 3108 distincti
625 3053 938 3124 dignitatem
969 3055 1197 3110 caniclei
1230 3054 1602 3110 obtinuerunt.

421 3184 540 3239 Ibid
593 3184 1284 3257 [Ὀχούμενοᾳϐοπυριο
1325 3187 1490 3242 lectio
1531 3188 1849 3259 corrigitur,
1877 3189 1923 3242 si

351 3277 910 3348 legatur-6X66pvoc.
975 3278 1096 3336 Ista:
1145 3295 1276 3334 vero
1330 3280 1729 3336 emendationis
1765 3281 1927 3336 insti-

320 3368 567 3436 tuendae
625 3375 754 3422 sunt
814 3369 1076 3425 rationes.
1129 3370 1334 3434 Prima,
1381 3372 1524 3440 quod
1561 3372 1820 3427 inusitata
1852 3374 1944 3429 sit~~

349 3457 539 3513 Graeca
595 3459 810 3528 phrasis
839 3461 904 3515 ad
939 3462 1146 3532 adepta:
1192 3463 1472 3533 dignitatis
1536 3464 1797 3518 indicium
1830 3467 1926 3518 ἐπὶ

353 3551 443 3603 τοῦ
481 3551 795 3605 κανικλείου
824 3553 1091 3622 ὀχεῖσθαι.
1118 3553 1370 3610 Secunda
1406 3556 1572 3626 quod,
1602 3571 1724 3611 cum
1757 3556 1924 3610 inter-

356 3657 474 3710 pres
501 3642 802 3698 reddiderit
827 3647 914 3699 hic
939 3647 1007 3710 ad
1039 3647 1352 3718 dignitatem
1379 3648 1544 3710 evehi,
1570 3648 1620 3701 in
1646 3664 1925 3704 commcn-

355 3735 732 3804 tariisabsque
791 3745 1013 3793 auctore
1069 3741 1676 3808 esposuitcaniclcum.
1712 3752 1769 3796 ut
1796 3759 1924 3812 equo

356 3828 640 3893 veheretur,
684 3828 736 3882 in
784 3829 980 3896 palatio
1043 3829 1136 3899 jus
1199 3832 1480 3888 habuisse.
1542 3832 1753 3896 Tertia,
1801 3851 1923 3889 cum

361 3918 605 3984 praesenti
638 3919 745 3974 hoc
785 3920 961 3989 capite
994 3928 1212 3974 constet
1270 3932 1549 3977 auctorem
1605 3910 1928 3993 paulo’post

365 4011 720 4066 Andronicum
789 4012 1081 4077 seniorem,
1114 4015 1180 4067 de
1229 4029 1340 4084 quo
1374 4015 1615 4084 scripsit,
1650 4013 1922 4079 ﬂoruisse,

365 4119 461 4155 non
483 4103 841 4172 incongruum
861 4113 942 4157 est
970 4119 1092 4158 eum
1115 4105 1185 4158 de
1208 4116 1486 4160 coaetaneo
1509 4107 1613 4161 sibi
1651 4108 1920 4172 canicleo,

367 4194 447 4262 qui
478 4209 744 4248 consocer
781 4195 1134 4264 imperatoris
1191 4196 1381 4261 fuerit,
1410 4198 1674 4254 habuisse
1708 4215 1918 4254 serum-

366 4300 511 4338 nem:
551 4286 604 4340 is
647 4297 828 4340 autem
875 4287 977 4340 fuit
1005 4288 1321 4358 Νικηφόρος
1359 4292 1386 4343 6
1424 4291 1698 4361 Χοῦμνος,
1757 4309 1916 4362 quem

367 4372 623 4444 Gregoras
673 4377 727 4430 in
773 4378 1085 4433 Andronico
1137 4381 1172 4434 I.
1230 4396 1324 4447 vn,
1381 4397 1433 4449 p.
1477 4381 1578 4436 168
1620 4391 1728 4437 vet.
1761 4383 1916 4442 edit.,

365 4465 668 4537 Νικηφόρον
723 4469 815 4520 τὸν
876 4471 968 4521 ἐπὶ
1021 4471 1115 4523 τοῦ
1178 4472 1492 4526 κανικλείου
1557 4474 1822 4536 nominat,
1853 4474 1919 4527 de

365 4567 465 4618 quo
520 4553 950 4620 Cantacuzenus,
987 4573 1022 4620 l,
1081 4559 1175 4612 H:
1223 4560 1280 4613 '0
1320 4561 1414 4613 ἐπὶ
1453 4561 1546 4614 τοῦ
1611 4563 1921 4615 κανικ).εέου

288 4631 296 4637 ’
366 4640 667 4714 Νικηφόρος
698 4644 726 4696 6
770 4645 1015 4715 Χοῦμνος
1049 4649 1210 4716 σοφὸς
1235 4650 1375 4718 ἀνὴρ
1415 4651 1510 4703 καὶ
1541 4649 1844 4713 θαυμάσιος
1864 4653 1923 4704 ἐν

365 4735 637 4803 φρονήσει,
702 4736 903 4806 πολλῆς
927 4754 984 4790 τε
1016 4738 1314 4792 ἀπολαύων
1364 4742 1500 4810 πρὸς
1535 4740 1803 4811 βασιλέως
1832 4743 1920 4794 εὖ·

364 4826 501 4884 uola;
530 4842 590 4878 τε
621 4826 715 4878 καὶ
766 4830 950 4898 τιμῆς,
979 4830 1045 4881 δι’
1085 4829 1152 4898 ῆν
1181 4833 1275 4884 καὶ
1306 4831 1404 4900 τὴν
1431 4833 1600 4886 αὑτοῦ·
1640 4832 1919 4903 θυγατέρα

365 4914 590 4985 Εἰρήνην
609 4918 686 4987 τῷ
719 4919 817 4988 υἱῷ
839 4920 1002 4974 αὑτοῦ
1021 4921 1262 4994 δεσπότῃ
1301 4918 1525 4996 Ἰωάννῃ
1561 4927 1698 4995 πρὸς
1736 4928 1916 4995 γάμου

365 5012 640 5062 κοινωνίαν
673 5011 875 5081 ἤγαγεν
898 5013 927 5064 6
963 5012 1240 5082 βασιλεύς.
1275 5014 1342 5067 Ει
1367 5013 1618 5083 quamvis
1643 5016 1917 5069 Pontanus

363 5100 628 5172 interpres
662 5105 788 5156 olim
827 5105 1019 5172 legerit
1049 5105 1344 5176 ὀχούμενος
1379 5122 1440 5158 ac
1470 5106 1772 5164 reddiderit
1800 5111 1913 5162 vehi

359 5196 580 5260 solebat,
638 5197 844 5250 nullum
877 5207 1058 5252 tamen
1125 5195 1246 5266 ejus
1274 5197 1539 5253 sententia
1559 5201 1918 5268 consequitur

357 5301 598 5351 sensum,
634 5286 962 5358 Nicephorus
993 5291 1082 5360 qui
1106 5289 1340 5344 eanicleo
1360 5302 1585 5358 proterat
1612 5301 1660 5345 et
1693 5293 1804 5345 vehi
1834 5309 1918 5346 so-

355 5379 509 5434 lebat.
551 5380 679 5435 Eam
704 5386 898 5436 obrem
931 5399 1106 5438 novus
1130 5385 1452 5440 scholiastes
1489 5384 1743 5455 ascripsit
1773 5402 1915 5441 mar-

355 5473 504 5543 gini:
554 5477 822 5545 interpres
875 5478 1001 5547 legit
1049 5480 1366 5548 ὀχούμενος,
1425 5481 1610 5544 male;
1684 5498 1806 5535 nam
1836 5492 1918 5536 est

353 5571 379 5620 6
407 5570 676 5637 Χοῦμνος.
719 5570 944 5634 Ultima,
974 5587 1094 5640 qua:
1125 5573 1276 5626 litem
1319 5587 1535 5627 omnem
1583 5574 1816 5641 dirimit,
1846 5591 1912 5629 ex

305 5691 308 5694 ι
357 5661 533 5727 Regiis
583 5661 985 5729 exemplaribus
1033 5664 1259 5732 petitur.
1287 5665 1339 5718 in
1376 5665 1574 5736 quibus
1613 5683 1720 5720 non
1757 5667 1911 5738 ὀχού-

355 5770 526 5818 μμης,
579 5755 670 5808 sed
711 5758 738 5808 6
784 5753 1032 5822 Χοῦμνος
1077 5755 1363 5809 manifeste
1434 5759 1664 5826 legitur;
1722 5773 1773 5813 ct
1835 5744 1900 5814 ex

689 5849 952 5906 Plu-non.
1001 5849 1116 5907 Gn.
1163 5848 1426 5928 CLVII,

2023 1803 2227 1856 oderint
2277 1805 2560 1858 avaritiam
2607 1816 2654 1859 et
2687 1823 2773 1859 eos
2806 1806 2957 1859 verbo
2980 1815 3028 1858 et
3068 1806 3304 1872 exemplo
3333 1807 3602 1872 iustitiam

2021 1896 2239 1964 diligere
2281 1897 2526 1962 doceant,
2587 1899 2872 1952 secundant
2920 1898 3251 1967 Scripturam
3303 1903 3600 1952 dicentem:

2026 1991 2234 2060 Diligite
2290 1991 2586 2058 justitiam,
2667 1994 2760 2062 qui
2807 1993 3074 2061 judicatis
3124 2005 3344 2047 terram.
3392 1992 3594 2067 Eadem

2023 2084 2184 2148 epist.
2219 2097 2269 2135 c.
2303 2081 2335 2135 6
2367 2100 2380 2134 :
2420 2081 2533 2152 Ipsi
2570 2094 2743 2138 autem
2782 2083 2956 2154 bajuli
2985 2103 3298 2154 magnopere
3321 2088 3597 2152 providere

2023 2183 2205 2236 debent
2234 2199 2296 2236 ne
2333 2199 2488 2248 super
2518 2183 2688 2237 socios
2717 2199 2838 2236 suos
2862 2200 2915 2238 se
2945 2183 3226 2250 extollant,
3261 2183 3352 2236 sed
3383 2181 3592 2254 {agant}

2027 2271 2177 2333 iuxta
2209 2270 2544 2342 Scripturam
2588 2273 2848 2327 dicentem
2881 2289 2898 2326 :
2938 2273 3188 2339 (Quanto
3242 2290 3466 2342 magnus
3519 2289 3594 2338 es,
3628 2322 3630 2325 .

2026 2363 2248 2417 humilia
2296 2373 2346 2417 te
2374 2365 2423 2417 in
2460 2365 2724 2430 amnibus,
2760 2377 2808 2419 et
2863 2381 3041 2418 coram
3075 2364 3178 2417 Deo
3229 2364 3457 2417 invenies
3475 2381 3602 2434 gra-

2027 2455 2173 2508 tiam.
2193 2472 2211 2504 ι
2234 2453 2380 2509 Idem
2411 2455 2574 2524 epist.
2594 2456 2647 2519 '5,
2668 2455 2746 2508 c.l
2780 2473 2792 2509 :
2815 2453 3069 2525 Legimus.
3088 2457 3348 2525 quomodo
3369 2456 3604 2510 Alexan-

2028 2546 2119 2596 der
2139 2545 2190 2598 in
2221 2547 2446 2612 pueritia
2474 2563 2568 2599 sua
2591 2545 2771 2599 habuit
2796 2546 3036 2614 bajulum
3070 2548 3276 2600 nomine
3297 2547 3600 2612 Leonidem,

2029 2640 2206 2693 citatis
2269 2639 2501 2694 moribus
2549 2651 2595 2693 et
2638 2631 2985 2707 incomposita
3051 2642 3257 2696 incessu
3295 2641 3602 2704 notabilem,

2029 2749 2146 2801 qua:
2175 2747 2305 2798 puer
2331 2733 2486 2801 quasi
2527 2734 2609 2786 lac
2650 2733 3012 2787 adulterinum
3046 2751 3234 2804 angens
3268 2735 3332 2788 ab
3361 2751 3422 2789 eo
3452 2751 3601 2789 sum-

2027 2821 2177 2889 psit.-
2217 2819 2365 2876 Unde
2408 2822 2463 2874 in
2501 2823 2687 2876 adulta
2723 2808 2876 2876 (Itale
2923 2825 3134 2892 sapiens
3161 2833 3209 2878 et
3234 2841 3326 2878 rex
3367 2826 3516 2894 [ortis
3549 2841 3602 2880 se

2029 2916 2198 2980 ipsum
2231 2914 2639 2983 reprehendebat
2661 2926 2709 2970 et
2738 2917 2907 2970 vitare
2942 2917 3163 2979 volebat,
3194 2919 3287 2971 sed
3311 2929 3365 2971 ut
3390 2919 3601 2988 legitur,

2032 3021 2146 3057 eum
2186 3007 2364 3058 omnia
2410 3022 2570 3075 regna
2609 3006 2812 3072 vicerit,
2845 3008 2900 3059 in
2941 3006 3038 3060 Itoc
3092 3025 3146 3060 se
3202 3009 3368 3073 ipsum
3403 3010 3606 3064 vim-ere

1953 3087 1997 3143 C
2031 3113 2130 3149 non
2167 3097 2360 3164 potuit.
2401 3096 2597 3151 Gnn'rs.

2096 3189 2399 3261 [Βαΐουλο;,
2450 3193 2540 3260 qui
2615 3190 2848 3258 βάγυλος
2903 3183 3123 3263 quoque
3173 3191 3600 3262 Theophani.iu

2027 3281 2209 3336 Leone
2254 3281 2590 3352 Copronymi
2626 3279 2690 3334 F.
2741 3283 3029 3346 srribitur,
3088 3283 3386 3355 ἐπίτροπος
3421 3285 3607 3339 καλεῖ-

2025 3388 2137 3433 ται,
2165 3371 2243 3426 ait
2285 3371 2578 3442 Gregoras,
2609 3389 2684 3438 tv,
2718 3373 2770 3428 9.
2807 3373 3192 3444 Moschopulus
3249 3377 3604 3445 παιδαγωγὸν

2026 3464 2121 3515 καὶ
2153 3463 2510 3534 παιδοτρίϐην
2532 3465 2632 3531 τὸν,
2657 3465 2906 3535 βατουλον
2929 3468 3149 3523 asserit.
3191 3466 3266 3521 De
3298 3467 3605 3546 Thcodgio

2025 3557 2320 3612 Theodosii
2338 3556 2581 3614 Junioris
2623 3560 2807 3632 bajnlo
2829 3560 3187 3632 Theophanes
3213 3570 3269 3616 et
3297 3563 3604 3631 Cedrenus,

2027 3650 2079 3703 in
2105 3663 2266 3717 quem
2315 3663 2416 3704 nos
2462 3650 2589 3718 alia,
2627 3651 2892 3723 pluraque
2928 3653 3010 3706 vir
3057 3653 3463 3710 eruditissimus
3498 3653 3604 3709 Fa-
3651 3691 3675 3709 .

2029 3740 2218 3795 brotus
2272 3742 2514 3813 collegit,
2549 3759 2614 3799 ae
2648 3759 2678 3798 a
2720 3745 2962 3800 Meursio
3022 3746 3262 3800 diversa.
3297 3746 3420 3802 llaec
3447 3747 3605 3802 nobis

2027 3834 2117 3900 qui
2152 3849 2354 3902 pueros
2407 3849 2522 3889 non
2547 3835 2790 3905 regimus
2831 3836 2898 3890 de
2944 3835 3132 3906 bajnlo
3158 3837 3314 3904 satis,
3365 3853 3433 3892 ne
3465 3835 3606 3892 forte

2027 3921 2204 3977 aliena
2257 3924 2400 3978 dicta
2462 3925 2568 3981 huc
2596 3937 2960 3996 congerentes
3020 3928 3252 3996 infames
3310 3929 3472 4000 bajuli
3511 3931 3607 3984 lia-

2029 4029 2173 4068 mus.
2201 4013 2374 4071 (ἔθη.

2029 4127 2093 4199 (ι)
2130 4129 2548 4186 CATALOGUS
2602 4130 2910 4187 AUCTIOR
2953 4132 3251 4188 CODINEO
3322 4135 3405 4190 AC
3477 4137 3604 4194 MU-

2163 4199 2346 4255 ΤΑΤΟ
2385 4199 2716 4256 NONNIIIIL
2750 4199 3006 4258 ORDINE
3040 4203 3468 4274 DISPOSITUS,
3560 4205 3576 4213 ’

2097 4329 2160 4368 ex
2194 4324 2319 4369 octo
2341 4315 2563 4370 circiter
2595 4316 2780 4386 Regiis
2808 4316 2941 4399 bISS
2960 4319 3024 4372 ad
3058 4317 3285 4375 invicem
3320 4322 3534 4379 collatis

2643 4398 2983 4456 exscriptus.

2099 4485 2166 4530 α’.
2201 4479 2228 4530 6
2254 4478 2541 4548 δεσπότης.
2604 4478 2668 4548 β’.
2701 4479 2730 4531 6
2759 4479 3236 4552 σεϐαστοκράτωρ.
3305 4482 3373 4551 γ’.
3421 4487 3448 4538 6
3479 4489 3604 4540 καί-

2029 4586 2153 4640 σαρ.
2177 4571 2240 4625 δ’.
2271 4571 2299 4622 6
2339 4572 2883 4641 πανυπερσρὁστος.
2921 4573 2982 4630 ε’.
3012 4576 3040 4627 6
3082 4579 3602 4650 πρωτοϐεστιάριος.

2027 4668 2104 4725 ς’.
2139 4661 2167 4713 6
2202 4661 2378 4730 μέγας
2402 4661 2550 4728 δούξ.
2576 4663 2637 4726 ζ’.
2661 4663 2688 4714 6
2721 4667 2892 4732 μέγας
2925 4666 3260 4734 δομέστικος.
3298 4675 3367 4738 η’.
3393 4672 3423 4723 6
3458 4689 3601 4742 πρω-

2024 4752 2361 4823 τοστράτωρ.
2392 4752 2457 4806 θ’.
2492 4756 2519 4805 6
2556 4753 2734 4824 μέγας
2769 4755 3081 4826 λογοθέτης.
3119 4762 3215 4813 t'.6
3242 4761 3413 4829 μέγας
3439 4779 3605 4832 στρα·

2023 4845 2381 4916 τοπεδάρχης.
2417 4846 2506 4899 ια’.
2530 4849 2557 4900 6
2596 4848 2766 4913 μέγας
2792 4851 3214 4918 πριμμικήριος.
3247 4851 3333 4918 ιβ’.
3371 4854 3398 4902 6
3429 4853 3606 4920 μέγας

2024 4938 2403 5002 κονοσταῦλος.
2429 4944 2519 5005 ιγ’.
2553 4939 2580 4990 6
2607 4940 2698 4991 ἐπὶ
2729 4938 2824 4992 τοῦ
2857 4940 3187 4995 κανικλείου.
3241 4939 3324 4996 ιδ’.
3372 4945 3401 4996 6
3454 4961 3603 5013 πρω-

2021 5027 2367 5088 τοσέὸαστος.
2405 5034 2486 5080 ιε’.
2511 5029 2538 5078 6
2569 5027 2662 5078 ἐπὶ
2687 5029 2911 5098 κέρνης.
2947 5035 3043 5094 ις’.
3100 5031 3128 5082 6
3168 5033 3604 5107 παρακοιμὼμε-

2023 5136 2110 5180 νος
2131 5119 2228 5186 τῆς
2268 5118 2510 5188 μεγάλης
2553 5119 2865 5188 σφενδόνης.
2920 5121 3008 5183 ιζ’.
3037 5123 3066 5174 6
3099 5126 3602 5198 παρακοιμὼμενος

2020 5209 2114 5263 τοῦ
2147 5210 2429 5273 κοιτῶνος.
2471 5207 2563 5278 ιη’.
2592 5212 2621 5263 6
2655 5210 2829 5280 μέγας
2863 5210 3132 5281 βαῖουλος.
3205 5216 3296 5272 t0'.
3351 5222 3379 5273 6
3415 5239 3603 5292 κουρο-

2023 5300 2291 5368 παλάτης.
2325 5308 2396 5353 κ’.
2428 5301 2457 5353 6
2497 5301 3058 5375 πρωτοὸεστιαρίτης.
3087 5303 3190 5360 κα’.
3231 5304 3264 5361 '6
3284 5308 3602 5380 δομέστικος

2020 5394 2117 5459 τῆς
2150 5390 2436 5460 βασιλικῆς
2465 5392 2765 5464 τραπέζης.
2798 5392 2904 5463 κβ’.
2929 5397 2956 5447 6
2985 5396 3077 5450 ἐπὶ
3105 5400 3403 5471 τραπέζης.
3434 5409 3537 5468 κγ’.
3573 5406 3601 5454 6

2019 5483 2309 5553 ὶογοθέτης
2342 5481 2435 5535 τοῦ
2466 5483 2710 5539 Γενικοῦ.
2743 5483 2845 5540 κδ’.
2893 5488 2921 5541 6
2954 5487 3126 5558 μέγας
3161 5491 3392 5552 παττὶας.
3447 5489 3545 5546 κε’.
3570 5495 3601 5544 6
3635 5557 3646 5562 _
3677 5538 3683 5544 .

2019 5576 2280 5644 ἔπαρχος.
2348 5571 2462 5636 κε’.
2495 5573 2522 5625 6
2574 5576 2746 5644 μέγας
2773 5578 3157 5652 δρουγγάριοις
3188 5584 3285 5649 τῆς
3320 5583 3598 5654 βασιλικῆς

2023 5668 2232 5737 βίγλης.
2262 5665 2365 5729 κζ’.
2389 5666 2418 5717 6
2445 5667 2614 5735 μέγας
2647 5669 3061 5742 ἑταιρειάρχης.
3120 5671 3227 5742 κη’.
3252 5675 3280 5726 6
3310 5674 3600 5748 λογοθέτης

2015 5759 2104 5814 τοῦ
2147 5758 2368 5829 δρόμου.
2435 5759 2539 5812 κο’.
2596 5763 2622 5812 6
2667 5761 2873 5826 ὕπατος
2924 5764 3029 5816 τῶν
3078 5765 3403 5834 φιλοσόφων,
3465 5766 3532 5823 λ’.
3569 5769 3597 5820 6

3083 5860 3122 5918 8
