4064 6426
516 353 625 419 2ίῖ
680 412 694 421 .

1590 366 1672 425 IN
1714 369 2027 434 LIBRUM
2078 378 2176 436 DE
2241 377 2573 440 OFFlClIS
2608 382 2722 445 ΟΡ.

3646 396 3733 461 Ξὲ48

525 481 598 529 ris
630 476 884 528 verticem
946 475 1224 531 translatis
1282 476 1455 531 oculis
1478 490 1684 535 sertum
1750 500 2072 555 gemmeum,

2190 507 2283 554 τος
2331 493 2648 563 περιείλησε
2679 493 2769 547 τὸν
2796 494 2978 563 λύγον.
3006 496 3176 568 Cujus
3198 500 3304 555 alia
3335 501 3488 560 lectio
3514 507 3637 564 inter
3658 530 3727 566 ra-

517 565 716 622 cassidi
744 566 823 618 vel
849 563 968 633 ejus
996 568 1270 629 stemmati
1300 568 1568 635 eminens,
1600 572 1679 627 vel
1733 576 1798 629 ad
1841 578 2086 633 dextram

517 674 702 712 aurem
728 658 1003 711 volitantis
1028 658 1199 712 instar
1258 661 1458 729 pluma:
1518 662 1776 730 allixum,
1838 669 2091 735 φοίνικας

515 750 593 803 vel
630 751 872 819 φοινίκιαι
901 751 1183 815 vocitabis,
1209 757 1362 822 quasi
1414 771 1691 820 gemmeus
1751 760 1946 829 capitis
2007 764 2087 817 vel

508 858 726 896 coronae
779 843 987 897 botros.
1051 842 1125 897 Ita
1177 846 1370 899 scribit
1411 846 1681 917 Georgius
1703 847 1961 905 Coresius
1996 852 2085 907 :id

510 943 781 987 testantur
815 935 1037 1004 antiqua
1087 934 1404 990 Grzecorum
1442 938 1834 1008 imperatorum
1870 944 2085 998 numis-

511 1036 673 1078 mata.
703 1024 900 1097 Coan’.j

524 1101 529 1105 φ
576 1118 714 1172 Ibid.
750 1118 968 1190 Ὶόὖχον
997 1121 1090 1173 τοῦ
1116 1122 1376 1177 δεσπότου
1412 1124 1527 1176 sive
1554 1123 1775 1193 ρουχίον
1797 1134 1881 1180 est
1909 1127 2080 1196 ipsis-

502 1211 641 1264 sima
674 1213 1071 1273 Germanorum
1109 1216 1301 1269 vocula
1342 1215 1483 1270 rock.
1535 1214 1752 1271 Nicetas
1785 1218 1838 1272 in
1864 1220 2078 1274 Andro-

501 1320 623 1357 nico
653 1304 690 1358 l.
729 1321 804 1358 II:
837 1304 1117 1375 Φοροῦντα
1151 1308 1345 1377 ῥοῦχον
1379 1312 1600 1378 σχιστὸν
1652 1310 1815 1379 μέχρι
1846 1312 2077 1384 καὶτῶν

498 1397 765 1463 γονάτων.
794 1397 1088 1468 llelgaldus
1113 1399 1165 1451 in
1193 1400 1299 1451 vita
1327 1401 1471 1468 regis
1504 1399 1751 1457 Roberti:
1781 1401 1992 1455 Exuens
2021 1419 2076 1456 se

498 1492 802 1544 uestimento
858 1508 1141 1559 purpureo,
1199 1492 1336 1561 quod
1396 1494 1574 1562 lingua
1621 1495 1819 1548 rustica
1877 1494 2071 1547 dicitur

498 1598 672 1637 racus.
709 1583 847 1637 Hinc
876 1590 1037 1639 etiam
1073 1585 1342 1638 rec/aetum
1380 1601 1480 1638 vox
1517 1592 1721 1655 saepius
1773 1587 1936 1641 obvia
2012 1589 2067 1641 in

497 1675 654 1729 libris
689 1676 1003 1741 ritualibus,
1058 1679 1361 1743 praesertim
1401 1677 1684 1733 Remanis.
1736 1677 1865 1731 inde
1901 1679 2067 1732 etiam

498 1769 818 1835 ρουχαρεῖον
850 1769 1177 1832 vestiarium,
1212 1785 1310 1822 vox
1348 1778 1534 1824 nostro
1590 1785 1811 1840 quoque
1857 1771 2067 1826 (Συάίηο

499 1870 777 1929 usurpata.
810 1859 1014 1915 Cns'rs.

574 1951 719 2005 Ibid.
752 1951 1022 2024 [Despotaa
1079 1955 1274 2024 ροῦχον
1314 1953 1631 2026 Itujitsmodi
1668 1957 1784 2011 sive
1821 1958 2067 2024 ἱμάτιον,

494 2046 537 2099 si
571 2046 923 2115 imperatorio
949 2064 1054 2100 non
1079 2049 1345 2103 absimilis
1374 2062 1457 2104 est
1497 2049 1707 2115 formae,
1745 2051 1949 2115 σάκκος
2013 2054 2066 2105 iu

493 2141 761 2195 secuturis
790 2139 1025 2206 dicetur,
1066 2142 1246 2195 tunica
1274 2143 1529 2196 nimirum
1564 2160 1595 2198 e
1647 2144 1837 2199 villoso
1894 2146 2070 2199 serico

492 2226 654 2281 nullis
673 2228 830 2296 plicis
858 2230 1176 2297 conspicua.
1215 2232 1308 2285 sed
1338 2234 1489 2287 circa
1515 2242 1708 2303 pectus
1736 2242 1809 2288 et“
1853 2234 2072 2289 lumbos

491 2318 758 2384 strictior,
794 2321 960 2388 paulo
999 2321 1159 2375 latior
1190 2324 1335 2377 circa
1389 2324 1577 2393 pedes,
1641 2333 1811 2380 totum
1873 2341 2073 2395 corpus

492 2410 758 2464 ambiens.
781 2408 850 2464 Ut
872 2408 1038 2476 illam,
1059 2413 1215 2468 clade
1248 2415 1300 2467 in
1328 2416 1468 2469 bello
1493 2425 1736 2485 accepta,
1770 2417 1944 2471 tristis
1967 2437 1993 2469 ει
2014 2434 2073 2472 se

493 2498 1008 2567 ahjeceritJoannes
1035 2503 1259 2572 dcspota
1281 2505 1559 2561 Michaelis
1572 2505 1855 2577 PalanIOgi
1885 2508 2070 2575 frater,

490 2600 676 2644 narrat
715 2589 989 2661 Gregoras
1021 2610 1050 2647 v
1084 2597 1181 2652 ult.
1212 2596 1413 2670 Cosm]

563 2681 648 2738 Ib.
699 2684 884 2749 Ῥἕζας
906 2696 963 2742 et
983 2691 1432 2769 cepa-cpiarum,
1464 2693 1849 2760 interpretatur
1877 2694 2073 2749 Junius

493 2778 715 2832 lacinias
741 2788 798 2833 et
828 2780 1103 2835 lemniscos
1131 2784 1407 2839 militares.
1436 2785 1636 2840 Cns'rs.

567 2866 711 2923 Ibid.
734 2868 981 2942 [Regiam
1011 2874 1713 2946 Sandionysiaciabbatiam
1731 2896 1797 2936 eo
1821 2884 1925 2936 line
1950 2897 2073 2950 pro-

490 2958 665 3015 fectus
698 2970 756 3015 ut
785 2961 1049 3020 Mannelis
1078 2967 1437 3033 imperatoris
1463 2968 1692 3025 llelenes
1754 2973 2072 3041 imperatri-

490 3052 592 3112 cis.
623 3051 877 3127 Joannis
910 3057 1125 3125 imperii
1186 3060 1426 3130 collegio,
1489 3060 1758 3117 Theodori
1807 3064 2067 3133 despotic.

489 3145 783 3201 Andronici
815 3147 1247 3202 αὑθεντοπούλου
1284 3151 1710 3223 Palteologorum
1747 3170 1813 3209 eo
1878 3172 1958 3209 ms
2008 3155 2068 3211 S.

487 3235 728 3306 Dionysii
765 3254 1014 3308 operum,
1042 3244 1186 3310 quod
1223 3242 1438 3299 Manuel
1470 3248 1764 3314 praedictus
1789 3256 2066 3300 coa-taneo

489 3328 593 3381 sibi
620 3328 1098 3386 Christianissimo
1145 3332 1480 3389 Francorum
1546 3337 1655 3405 regi
1706 3338 1946 3397 donavit.
1979 3354 2072 3391 ex-

489 3432 706 3485 pressas
735 3417 1005 3475 ad'vivum
1036 3422 1245 3492 efﬁgies
1277 3464 1292 3488 ,
1330 3426 1517 3480 vultus
1546 3468 1560 3489 ,
1589 3438 1905 3490 stemmata,
1973 3444 2070 3498 ge-

491 3522 614 3565 stus
640 3547 655 3572 ,
684 3524 862 3565 vestes
892 3550 908 3576 ,
940 3515 1171 3569 vestium
1214 3518 1448 3581 colores,
1475 3517 1732 3583 formam,
1752 3530 2069 3573 ornamenta

490 3599 875 3670 conspicerem
932 3605 1195 3661 attentius
1244 3617 1300 3661 et
1352 3608 1724 3675 observarem,
1789 3614 2067 3680 perspecta

490 3695 716 3748 coccina
742 3694 982 3765 despoue
1012 3700 1192 3752 tunica
1226 3699 1497 3769 ligataque
1514 3701 1580 3755 ad
1604 3700 1801 3756 collum
1826 3701 2066 3769 ejusdem

490 3787 691 3840 coloris
714 3789 999 3858 chlamyde
1032 3828 1046 3850 .
1081 3790 1237 3860 cujus
1299 3793 1489 3847 dextra
1540 3808 1668 3862 pars
1721 3796 1772 3846 in
1818 3797 2066 3848 dextrum

493 3882 783 3935 humerum
817 3882 1113 3936 revolvitur
1149 3924 1164 3950 ,
1198 3886 1250 3940 in
1299 3886 1480 3940 tunica
1522 3886 1605 3955 (ea
1636 3888 1822 3942 talaris
1873 3899 1954 3943 est
2002 3890 2066 3942 ad

490 3972 632 4027 sacci
660 3973 904 4045 modum)
941 3990 1121 4029 ramos
1158 3991 1354 4030 aureos
1396 3978 1755 4033 animadverti
1802 3982 2069 4050 depictos,

490 4060 937 4133 chlamydemque
964 4062 1198 4134 Phrygio
1227 4081 1508 4138 aureoque
1538 4085 1703 4138 opere
1755 4088 2066 4140 respersam

493 4162 661 4207 totam
691 4194 707 4220 ,
732 4171 826 4224 per
855 4159 1025 4225 spatia
1049 4159 1295 4224 mundam
1326 4159 1378 4212 in
1423 4162 1612 4216 orbem
1654 4162 1843 4218 relicta
1877 4164 2070 4234 bicipi-

460 4242 640 4313 tibus
678 4243 882 4310 aquilis
927 4259 1066 4312 auro.
1090 4248 1293 4314 pariter
1318 4251 1594 4317 expressis
1619 4252 1670 4305 in
1709 4268 1773 4307 ea
1808 4252 2071 4323 fulgenti—

496 4338 617 4389 bus.
652 4336 730 4388 Au
764 4350 928 4389 aurea
985 4339 1207 4392 ramalia
1244 4343 1478 4395 radicum
1517 4343 1691 4398 instar
1723 4362 1817 4415 per
1843 4355 2070 4411 vestem,

494 4427 660 4480 nullis
687 4436 865 4481 tamen
892 4429 1087 4498 aquilis
1110 4442 1381 4498 ornatam,
1417 4438 1686 4505 serpentia
1711 4439 1888 4506 ῥίζας,
1915 4440 2069 4507 aqui-

2199 582 2310 637 rias
2347 584 2542 637 scribit
2565 584 2644 654 τῷ
2672 585 2772 653 μὲν
2799 590 3101 659 ταμπαριῳ
3148 591 3243 645 τοῦ
3275 598 3517 662 σώματος
3554 605 3731 670 περιείο

2195 670 2328 735 Ima
2352 674 2443 727 τὸν
2463 675 2649 744 λύγον.
2676 677 2740 733 Ut
2767 690 3047 745 gereretur
3066 683 3145 736 vel
3170 698 3366 754 corpus
3389 689 3619 754 ambiret,
3632 693 3728 747 haec

2193 764 2295 816 alia
2318 766 2602 836 scriptoris
2632 766 2877 835 ejusdem
2908 771 3071 824 verba
3101 772 3378 829 declarant
3400 777 3436 830 l.
3470 793 3527 832 ut
3552 797 3565 833 :
3601 782 3729 833 Χλα-

2195 853 2338 922 μύδα
2365 856 2679 926 ᾐσθημένος
2708 860 3070 931 ἀστειοτέραν
3130 864 3259 932 περὶ
3288 865 3378 918 τὸν
3405 866 3572 933 δεξιὸν
3590 864 3723 940 ὦμον

2191 949 2746 1019 περονουμένην,καὶ
2784 953 3047 1019 ἀφιεῖσαν
3104 955 3403 1026 ἐλευθέραν
3451 963 3544 1026 τὴν
3590 966 3733 1032 χεῖρα

2188 1035 2329 1087 κατὰ
2353 1036 2412 1088 τὸ
2439 1038 2730 1109 πόρπημσ..
2762 1040 2860 1096 Ubi
2895 1058 3026 1096 vero
3048 1047 3360 1115 ταμπαρίου
3394 1048 3509 1103 vice
3537 1056 3732 1106 ταππά-

2186 1143 2301 1194 ριον
2324 1128 2405 1181 vel
2435 1130 2734 1202 ταόϐἀριον
2759 1133 3049 1203 legendum
3081 1146 3241 1204 putat
3287 1138 3550 1197 Meursius
3602 1145 3736 1199 nullo

2185 1226 2430 1281 auctore,
2472 1230 2726 1290 nugatur.
2755 1222 2953 1295 Cosa]

2250 1307 2444 1365 Junius
2509 1312 2559 1364 in
2620 1314 2831 1369 Codino
2898 1318 3186 1375 confundit
3236 1327 3554 1395 margaritas
3623 1343 3735 1384 cum

2178 1402 2467 1470 margellts,
2505 1412 2558 1457 et
2584 1405 2633 1458 id
2668 1410 2811 1476 quod
2840 1425 2906 1463 ex
2956 1414 3231 1481 margellis
3253 1427 3489 1481 constat,
3517 1435 3633 1472 cum
3657 1421 3738 1475 illo

2175 1491 2317 1560 quod
2338 1505 2552 1549 constat
2578 1512 2639 1550 ex
2664 1500 2995 1567 margaritis,
3023 1518 3147 1557 cum
3179 1513 3362 1560 tamen
3389 1508 3532 1561 haud
3554 1511 3733 1577 exiguo

2174 1582 2489 1640 discrimine
2522 1588 2745 1643 distent.
2786 1590 2921 1645 Nam
2953 1596 3210 1665 margella
3254 1598 3527 1665 signiﬁcat
3584 1600 3736 1666 l)co-

2174 1676 2387 1729 rallium
2418 1678 2749 1750 lapidemﬁ)
2776 1683 2961 1737 ﬂorem
2996 1701 3090 1739 seu
3124 1687 3344 1741 herbam
3368 1691 3735 1759 anagallidemv

2172 1780 2289 1833 qua:
2318 1768 2510 1822 rubore
2534 1772 2815 1826 corallium
2850 1777 3131 1839 mentitur.
3179 1778 3414 1855 Gallice.
3456 1782 3741 1871 morgeulllf

2110 1867 2147 1919 Β
2177 1873 2271 1911 seu
2309 1862 2639 1931 morgellina,
2673 1867 2826 1930 quasi
2868 1884 3087 1924 morsus
3118 1872 3357 1941 gallina).
3386 1872 3632 1944 Egineta
3660 1862 3743 1926 κᾶ-

2177 1950 2682 2022 ραλλίανθρροιῐοι.
2714 1960 2767 2026 5)
2798 1960 2851 2012 ld
2887 1963 3029 2030 quod
3070 1963 3258 2018 liorem
3285 1976 3341 2020 et
3399 1966 3628 2034 lapidem
3656 1983 3742 2020 eoo

2173 2042 2385 2095 rallium
2409 2046 2669 2103 imitatur.
2700 2048 2752 2122 4)
2772 2050 2963 2106 Omnis
2995 2055 3207 2123 generis
3241 2056 3482 2124 pretiosa
3502 2067 3555 2111 et
3577 2059 3742 2112 disco-

2174 2133 2307 2188 loria
2341 2150 2655 2193 assumenta
2689 2144 2930 2197 vestibus
2960 2146 3254 2214 superaddi
3287 2149 3471 2202 solita.
3502 2150 3745 2220 Μιργέλ-

2177 2226 2287 2279 λεον
2315 2244 2456 2297 saepe
2490 2231 2632 2286 idem
2669 2235 2937 2304 signiﬁcat
2960 2241 3103 2306 quod
3138 2240 3421 2309 margella.
3448 2240 3746 2310 Aliquando

2173 2322 2508 2385 margellium
2542 2332 2626 2378 est
2656 2325 2869 2381 limbria
2898 2344 2991 2382 seu
3029 2322 3228 2385 limbus
3258 2348 3324 2385 ex
3365 2334 3627 2403 margella
3652 2348 3743 2387 seu

2174 2412 2421 2468 corallio.
2458 2413 2871 2486 Mosehopulus:
2906 2420 3080 2490 Λῶμα
3135 2422 3196 2474 τδ
3228 2424 3328 2477 ἀπ’
3380 2425 3557 2496 ἄκρου
3611 2426 3750 2487 τινος

2174 2501 2539 2569 ἐκτεταμένον
2566 2507 2658 2556 καὶ
2690 2508 2855 2559 οἱονεὶ
2924 2509 3106 2578 ὁρίζον
3136 2512 3295 2581 αὐτὸ,
3355 2515 3429 2578 ὡς
3454 2516 3513 2569 τὸ
3569 2518 3755 2577 κοινῶς

2173 2589 2464 2658 λεγόμενον
2500 2596 3157 2668 μαργέ).λιον.).ωμάτιον,
3217 2607 3449 2672 parvula
3516 2608 3751 2674 ﬁmbria,

2172 2700 2366 2751 parvus
2398 2685 2589 2741 limbus
2625 2704 2713 2740 seu
2738 2690 3014 2744 limbulus.
3039 2691 3207 2747 Porro
3237 2710 3269 2749 a
3298 2696 3471 2767 λῶμα
3496 2700 3559 2751 τὸ
3581 2698 3757 2766 λωμά-

2172 2792 2283 2827 τιον
2300 2785 2484 2830 natum
2516 2778 2730 2833 videtur
2761 2780 3302 2853 Cermanicumsom,
3324 2805 3503 2854 suum,
3526 2789 3756 2857 ﬁmbria,

2173 2866 2202 2917 λ
2228 2868 2281 2918 in
2301 2865 2339 2919 S
2365 2878 2588 2924 mutato.
2611 2870 2897 2926 Balsamon
2934 2876 2999 2926 ad
3020 2874 3088 2929 Ξῖ
3111 2892 3382 2933 canonem
3407 2880 3752 2936 Trullanum:

2187 2958 2351 3010 Ἀλλὰ
2392 2960 2461 3012 τὰ
2501 2962 2771 3032 πολυτελῆ
2836 2966 3226 3034 χρυσοΰφαντα
3289 2970 3649 3040 ἐπιϐλήματα
3698 2975 3761 3023 τὰ

2174 3047 2488 3116 δημοτικῶς
2521 3050 2791 3121 λεγόμενα
2839 3056 3169 3123 μαργέλλια,
3196 3061 3521 3129 γράμματα
3554 3065 3649 3117 καὶ
3680 3064 3765 3115 ἀν-

2177 3140 2403 3203 τεπανα,
2440 3144 2534 3193 xxi.
2568 3145 2633 3195 τὰ
2679 3145 2743 3196 ὲκ
2778 3147 3047 3215 κογχύλης
3087 3151 3512 3221 πορφυρίζοντα
3555 3155 3760 3224 ἱμάτια.

2172 3230 2479 3287 Crammata
2500 3246 2546 3287 et
2577 3237 2851 3304 antipana,
2877 3239 3031 3307 quasi
3066 3243 3227 3308 panni
3260 3247 3470 3309 pannis
3507 3247 3763 3316 oppesiti,

2172 3336 2222 3378 et
2243 3344 2506 3395 purpurea
2529 3331 2858 3383 vestimenta.
2888 3334 3029 3386 Puto
3050 3333 3346 3401 legendum
3372 3339 3645 3407 γάμματα
3675 3352 3765 3406 pro

2172 3418 2479 3487 γράμματα
2510 3438 2524 3473 :
2553 3437 2673 3473 nam
2708 3433 2874 3475 vestes
2903 3436 3187 3491 gemmata:
3232 3439 3385 3482 notae
3430 3441 3566 3484 sunt
3627 3429 3764 3499 apud

2171 3509 2407 3574 Graecos,
2442 3522 2494 3565 et
2523 3504 2584 3563 in'
2612 3510 2949 3567 Balsamonis
2979 3516 3167 3570 meleta
3216 3518 3287 3572 de
3320 3523 3762 3586 patriarcharum

2175 3601 2467 3672 privilegiis
2498 3605 2665 3660 babes
2726 3606 3009 3675 στιχάριον
3060 3609 3149 3661 διὰ
3200 3614 3561 3683 γαμμάτων.
3621 3612 3766 3667 Idem

2170 3691 2456 3748 Balsamou
2492 3696 2560 3749 ad
2594 3713 2858 3751 canonem
2901 3699 2965 3752 16
2999 3700 3226 3754 concilii
3290 3708 3559 3775 septimi,
3621 3706 3763 3775 quod

2170 3798 2251 3842 est
2278 3790 2579 3842 secundum
2608 3789 2927 3858 .Nictenum,
2980 3792 3107 3845 οὔτε
3137 3796 3262 3848 τινὰ
3293 3798 3617 3870 ἑτερόχροα
3645 3800 3769 3851 ἐπι-

2172 3879 2427 3949 ϐλήματα
2452 3883 2854 3951 προσετίθεσαν
2882 3888 2940 3939 ὲν
2971 3890 3082 3949 τοῖς
3109 3886 3313 3957 ἄκροις
3380 3893 3501 3946 τῶν
3536 3893 3772 3963 ἱματίων

2172 3972 2344 4038 ἤγουν
2380 3974 2710 4041 μαργέλλια.
2742 3975 2843 4029 Ubi
2877 3964 3241 4035 doctissimus
3287 3984 3378 4037 vir
3453 3983 3774 4039 Centianus

2173 4063 2441 4119 lierretus
2473 4068 2536 4117 ad
2563 4068 2860 4136 marginem
2900 4079 3088 4125 notat:
3143 4072 3449 4140 Μαργέλια
3480 4078 3590 4145 (sie
3630 4078 3773 4131 enim

2174 4154 2385 4224 scribit)
2425 4168 2550 4223 puta
2580 4156 2775 4210 dictum
2811 4174 2923 4212 esse
2957 4176 2988 4212 a
3035 4160 3257 4224 Grecis,
3325 4177 3607 4235 corrupta
3662 4168 3778 4220 dic-

2177 4250 2332 4314 tione,
2367 4251 2523 4319 quasi
2558 4253 2896 4321 marginalia.
2931 4254 3031 4308 Cui
3081 4257 3438 4325 conjectura:
3472 4264 3613 4331 quid
3639 4260 3780 4315 veri-

2174 4342 2584 4396 similitudiuem
2612 4345 2888 4412 conciliet,
2928 4347 3061 4399 nihil
3100 4349 3257 4403 video
3294 4363 3517 4419 praeter
3591 4352 3778 4407 nomi—

2177 4448 2304 4485 num
2338 4436 2628 4502 quamdam
2663 4436 3073 4491 similitudincm
3106 4456 3120 4503 ;
3166 4448 3218 4493 et
3253 4444 3396 4509 quia
3452 4445 3511 4499 in
3551 4445 3789 4515 margel-

491 4521 572 4574 l-is
597 4535 724 4573 vero
744 4521 995 4589 prima-va
1014 4521 1379 4579 Romanorum
1398 4528 1547 4596 signa
1576 4528 1831 4583 militaria
1850 4548 2072 4602 στρατη-

2185 4522 2249 4576 lis
2275 4533 2329 4577 et
2368 4526 2661 4593 margeliiis
2696 4540 2998 4593 versamur,
3036 4529 3267 4584 Cedreni
3302 4533 3514 4590 locum
3549 4537 3609 4591 in
3681 4535 3783 4591 Mi-

492 4611 715 4681 ξςατίκια
751 4628 1026 4679 vocarent,
1056 4615 1259 4670 dubius
1292 4616 1523 4684 primum
1546 4619 1695 4672 haesi.
1724 4619 1897 4675 Sensu
1920 4638 2074 4676 men-

495 4704 964 4772 tisquedubietate
984 4721 1139 4775 teque
1174 4706 1335 4760 docto
1378 4722 1443 4761 ac
1488 4709 1617 4761 mihi
1651 4710 1915 4767 benevolo
1970 4714 2073 4784 Cy—

496 4788 615 4854 rillo
647 4798 935 4867 Campanae
960 4788 1178 4853 Chiensi
1203 4798 1434 4864 detecta,
1468 4799 1694 4855 dubium
1723 4802 1812 4855 ille
1847 4805 2074 4871 probato

492 4908 656 4947 sensu
697 4891 926 4960 depulit.
969 4889 1074 4956 Tu,
1112 4891 1308 4956 lector,
1340 4893 1537 4946 eruditi
1586 4890 1750 4966 224,
1792 4894 2075 4964 Graecique

491 4984 591 5039 tiri
648 4982 975 5036 auctoritate
1034 4981 1275 5044 laudata,
1326 4979 1551 5036 lacinias
1672 4982 2073 5052 lemniscosque

492 5072 756 5126 militares
791 5072 1031 5141 antiquis
1060 5070 1320 5125 Romanis
1357 5071 1652 5143 relinques,
1690 5082 1742 5127 et
1793 5074 1846 5125 in
1882 5088 2073 5128 recen-

490 5165 626 5217 tiore
657 5154 969 5217 Crazcarum
1000 5164 1229 5217 vestium
1265 5180 1363 5219 usu
1399 5180 1509 5220 non
1539 5166 1641 5220 nisi
1696 5166 1839 5233 quod
1875 5167 2071 5221 oculus

488 5255 668 5307 cernit
700 5264 753 5307 et
783 5256 923 5306 ratio
962 5256 1157 5309 suadet
1185 5256 1493 5311 adnotabis.
1544 5254 1743 5329 Ceam]

562 5343 708 5398 Ibid.
761 5345 1090 5414 Ταμπεὶριον
1142 5361 1242 5421 pro
1272 5348 1591 5417 ταππάριον
1614 5346 1728 5404 sive
1750 5348 2065 5418 ταόὄάριον,

490 5443 552 5489 ut
582 5438 924 5505 μαμπάριον,
968 5436 1307 5505 μαππάριον,
1334 5438 1609 5505 ὀμφίκιον,
1643 5439 1918 5509 ὀφφίκιονε
1966 5442 2069 5497 lta-

491 5526 653 5582 licum
702 5530 937 5586 tabarro.
970 5530 1187 5596 penula,
1224 5530 1481 5598 chlamys.
1515 5531 1721 5586 ϐδεῖτε.

546 5616 935 5686 [Ταμπάριον,
968 5617 1210 5689 chlamys
1261 5620 1603 5689 imperatoria
1647 5622 1712 5674 ad
1767 5623 1931 5689 pedes
1965 5622 2062 5677 de-

490 5708 686 5771 ﬂuens,
712 5709 961 5763 militaris
997 5726 1384 5781 nonnunquam
1404 5722 1457 5766 et
1481 5713 1717 5765 brevior.
1768 5712 1983 5767 Nicetas
2010 5714 2061 5766 in

497 5798 743 5854 Mauucle
777 5799 1076 5869 Coninsno,
1112 5803 1145 5858 l.
1174 5820 1249 5859 tv:
1272 5805 1350 5874 Τῇ
1383 5803 1481 5873 μὲν
1506 5804 1737 5873 χλαμύδι
1755 5804 1848 5857 τοῦ
1884 5804 2068 5872 σώμα-

2183 4616 2373 4670 chaele
2431 4615 2750 4675 Stratiotico
2852 4621 3184 4689 imperatore
3268 4627 3654 4684 ascribamus
3736 4636 3793 4682 ct

2182 4708 2543 4777 explicemus.
2578 4712 2650 4763 Τό
2686 4729 2742 4764 τε
2770 4714 2878 4786 γὰρ
2907 4714 3201 4793 λεγόμενον
3237 4723 3610 4790 στρατήγιον
3651 4724 3793 4777 ἀνα.-

2180 4802 2547 4872 καθαὶρεσθαι
2577 4805 2861 4872 ἐκέλευσε,
2889 4809 2981 4860 καὶ
3012 4808 3112 4871 τὰς
3148 4809 3257 4861 τῶν
3298 4813 3571 4867 πολιτῶν
3615 4833 3797 4883 κεφα-

2178 4891 2277 4954 λὰς
2309 4897 2635 4957 σκέπεσθαι,
2669 4897 2743 4967 μὴ
2776 4897 2866 4950 διὰ
2920 4899 3271 4967 γραμμάτων
3305 4901 3395 4963 ὡς
3455 4907 3587 4973 νῦν,
3654 4906 3800 4960 ἀλλὰ

2175 4983 2261 5035 διὰ
2291 4985 2852 5063 μαργελ).ογράμμων
2877 4989 3104 5042 ὀθονίων
3145 4991 3210 5043 ὲκ
3268 4990 3503 5060 βύσσου
3576 5016 3803 5069 πορφυ-

2179 5076 2277 5144 ρᾶς
2306 5075 2723 5147 ὲξυιρασμένων.
2746 5079 2921 5134 Iussit
2958 5081 3122 5152 (idem
3161 5081 3567 5159 Stratioticus)
3596 5108 3804 5161 expur-

2173 5171 2290 5239 gari
2322 5171 2652 5239 strategium,
2683 5181 2815 5234 cte.,
2841 5183 2888 5226 et
2912 5177 3085 5241 capita
3106 5176 3297 5228 civium
3336 5182 3454 5249 legi
3487 5182 3668 5253 225
3694 5201 3803 5239 non

2176 5255 2423 5310 litteratis
2457 5257 2627 5325 pileis,
2664 5268 2720 5311 ut
2761 5275 2897 5312 nunc
2952 5261 3116 5315 moris
3182 5272 3280 5327 est,
3351 5269 3459 5319 sed
3530 5272 3805 5341 margellu

2172 5345 2455 5412 ﬁmbriatis
2492 5347 2663 5399 linteis
2700 5362 2764 5400 ea:
2804 5349 2954 5416 bysso
3015 5366 3279 5419 purpurea
3355 5360 3561 5415 textis.
3617 5362 3802 5427 Quem

2172 5440 2353 5492 locum
2415 5440 2681 5509 interpres
2730 5442 2960 5496 Cedreni
2989 5459 3048 5497 se
3097 5460 3207 5498 non
3258 5457 3481 5514 capere
3547 5442 3808 5524 ingenue

2174 5531 2491 5597 confitetur,
2515 5541 2569 5585 et
2609 5548 2741 5587 sane
2763 5532 3005 5589 diﬂicilis
3056 5538 3148 5590 est
3190 5551 3413 5605 ;quem
3473 5545 3806 5612 planiorem

2173 5623 2351 5683 reddit
2388 5623 2477 5676 illa
2509 5622 2733 5679 Meursii
2772 5626 3110 5694 emendatio,
3174 5631 3800 5709 μαργε).λογράμμων

2172 5732 2267 5785 pro
2300 5716 2802 5786 μεγαλογράμμων.
2830 5716 2942 5787 Ego
2968 5720 3201 5774 libenter
3234 5735 3339 5789 pro
3372 5724 3478 5777 διὰ.
3505 5734 3813 5803 γραμμὰ-

2172 5822 2282 5860 των
2317 5806 2549 5873 legerem
2584 5805 2672 5860 διὰ
2709 5808 3017 5873 γαμμάτων
3079 5827 3093 5864 :
3143 5825 3267 5865 nam
3292 5819 3359 5866 ut
3418 5828 3626 5877 vestes
3665 5823 3806 5879 olim
