2032 3209
110 202 162 235 ⁵249

659 196 853 227 GRETSERI
881 195 928 224 ET
949 193 1070 223 GOARl
1089 188 1208 220 ΝΟΤξΕ.

1691 186 1744 216 Ξῇῦ

114 262 264 294 gammatw,
275 258 315 285 sic
328 261 355 284 et
375 260 531 290 tegumenta
547 255 643 289 capitis
664 258 797 288 gnmmata
817 253 899 279 fuisse
916 253 937 280 Α
953 247 1071 276 tribunal
1089 254 1202 274 causam
1220 245 1320 273 refero.
1346 244 1387 272 llli
1408 244 1430 271 si
1460 242 1565 278 vulgari
1584 242 1742 270 Gra'corum

116 303 251 331 videntur.
270 302 370 330 Fateor
393 306 484 329 tamen
500 305 526 327 et
541 300 583 327 hic
596 305 624 327 et
641 300 705 326 alibi
723 300 813 325 forsan
839 298 901 323 reti-

116 349 173 375 neri
189 355 270 383 posse
283 347 436 382 γράμματα
452 353 500 380 pro
511 346 652 379 γάμματα,
663 352 724 371 cum
747 344 826 369 ctiam
844 343 902 368 alim

118 395 222 425 litterae,
251 393 402 428 pra-sertitn
430 394 459 424 A,
471 392 592 419 vestibus
619 391 692 417 assui
719 390 848 419 solerem,
874 393 902 413 ut

121 441 227 475 p'anum
243 440 273 466 lit
288 447 319 465 ex
345 438 535 472 imperatorum
551 437 635 463 tribus
652 436 827 466 imaginibus,
843 441 902 468 qua:

122 486 268 520 Niceplioro
289 484 415 519 Gregors
440 488 642 518 praeponuntur.
658 483 759 508 (iners,

153 530 183 558 P.
200 531 241 558 l5.
253 530 284 567 [Α
298 530 552 565 margine,dictione
565 529 670 560 Latina,
681 527 844 562 μαργέλλῑον
857 527 903 552 ilo—

123 577 208 603 rixam
227 576 327 608 Graeci,
351 584 401 602 nec
424 575 528 602 corallii
545 575 659 609 pretium
681 575 721 600 vel
739 574 902 607 margellinm

122 626 289 648 venustatem
308 621 450 647 attendunt
465 620 557 654 (prout
575 619 720 651 Meursius,
738 623 763 644 et
779 618 824 652 qui
840 625 901 643 eum

122 666 289 697 exscribunt.
304 665 569 699 comminiscuntur),
582 668 610 689 ut
622 671 652 690 ea
666 670 731 689 voce
745 662 828 688 vestis
845 661 904 687 lim-

122 711 183 738 bum
208 715 236 738 et
252 714 430 737 assumentum
446 710 628 744 quodcumque
645 708 763 734 discolor
775 707 816 733 vel
837 714 905 733 auro

125 762 239 789 textum,
262 764 352 791 panno
375 756 589 790 superadditum,
602 758 764 789 exprlniaut.
780 754 807 780 ld
825 754 903 786 ipsa:-

123 808 178 830 mi-t
194 811 210 830 a
226 803 353 830 Gretsero
373 807 434 837 post
453 802 600 829 Meursium
624 803 767 836 exscriptm
786 800 906 827 auctori-

125 856 194 878 ιειρλ
210 849 360 885 evincunt.]
376 850 458 877 Gorn.

160 897 232 923 Ibid.
250 897 381 928 Κάλτςαι,
401 897 501 931 caligce,
526 904 557 923 ex
572 896 669 923 Latino
692 895 794 922 calceus
823 895 906 928 magis

121 950 204 977 quam
220 942 316 976 caliga.
330 942 363 969 Et
374 942 490 969 sumitur
502 942 545 969 hic
560 950 613 968 non
628 949 675 976 pro
687 941 792 972 calceis,
802 941 846 967 sed
859 947 908 974 pro

123 989 248 1015 braccis:
267 995 329 1015 nam
347 988 429 1014 calcei
439 988 495 1023 jam
514 992 677 1022 sequuntur.
694 987 793 1020 Caligm
818 989 907 1012 tamen

123 1043 224 1068 nomen
244 1035 326 1062 etiam
341 1034 463 1063 calceum
493 1035 636 1061 militarem
666 1034 809 1068 signiﬁcat.
843 1032 910 1058 llinc

124 1080 206 1115 βουλὴ
217 1080 345 1114 χαλίγων,
353 1085 460 1107 senatus
469 1080 616 1113 caligarum
626 1088 673 1106 seu
684 1080 827 1113 caligatus,
839 1079 909 1112 apud

125 1127 252 1158 Dionem,
262 1126 280 1153 l.
294 1134 388 1159 vattt,
401 1133 523 1154 scomma
537 1126 563 1152 in
578 1131 713 1157 senatum,
731 1126 802 1159 quod
815 1124 910 1158 enling

125 1172 182 1199 sive
197 1172 298 1200 calceis
312 1173 474 1200 militaribus
488 1177 619 1199 uteretur.
637 1173 682 1199 Sic
694 1172 780 1205 caliga
793 1171 910 1197 sumitur

126 1218 159 1244 ab
169 1218 318 1252 interprete
332 1223 425 1245 nostro
437 1218 497 1245 Act.
514 1227 566 1245 xn:
580 1218 673 1245 Calcea
689 1222 711 1243 te
727 1217 826 1251 caligas
839 1221 909 1241 tuas.

128 1261 219 1289 Graece
235 1263 365 1297 ὑπόδησαι
381 1264 414 1289 τὰ
434 1264 562 1290 σανδάλιά
576 1273 633 1295 σου,
652 1263 755 1296 subliga
788 1262 911 1288 smtdalia

132 1315 184 1335 tua.
200 1308 301 1336 Gaz-rs.

171 1354 239 1381 Ibid.
252 1354 402 1390 [Nusquam
421 1356 524 1381 calceus
541 1355 664 1386 Latinus,
678 1356 720 1381 vix
746 1355 831 1389 caliga
848 1354 910 1380 item

142 1400 240 1433 Latina,
257 1402 479 1428 imo-certissime
495 1402 624 1428 Italorum
640 1401 712 1428 ealze
728 1409 822 1428 vorem
846 1400 912 1426 κᾶλ-

142 1446 197 1475 τξαι
209 1446 304 1473 Graecis
315 1446 424 1473 dedere.
443 1445 496 1473 Ncc
510 1447 617 1472 braccas
632 1446 733 1480 itaque,
748 1446 839 1471 minus
857 1445 912 1470 cal-

139 1500 201 1523 ceos,
222 1493 269 1519 sed
287 1492 326 1518 vel
343 1493 442 1526 caligas
462 1493 494 1518 ad
513 1500 605 1523 suram
623 1500 710 1526 usque
734 1492 912 1519 ascendentes

138 1538 173 1564 vel
186 1539 305 1573 integras
320 1546 415 1565 ocreas
428 1539 572 1572 signiﬁcat.
591 1538 661 1566 Usus
678 1539 804 1573 loquendi
820 1545 913 1564 recen-

136 1584 184 1610 tior
201 1592 314 1612 sensum
330 1585 441 1611 allatum
460 1585 565 1619 probat,
581 1586 797 1619 conﬁrmantth
811 1587 835 1612 in
856 1586 912 1611 vul-
927 1596 948 1624 ρ

133 1630 242 1665 gat-ibus
266 1630 362 1657 lexicis
378 1630 559 1665 Hieronymus
588 1631 741 1658 Germanus
771 1638 797 1659 et
819 1633 912 1660 Simon

135 1676 254 1709 Portius,
270 1677 317 1712 qui
339 1677 402 1705 licet
418 1679 535 1713 κὰρτζαι
551 1680 733 1706 eommuniori
754 1681 914 1713 pronuntia-

133 1723 198 1750 tioni
226 1723 360 1751 calamum
389 1730 565 1758 exatquantes
582 1726 704 1752 scribant
733 1727 917 1759 (subslilttttnt

132 1769 206 1795 enim
221 1769 347 1796 hodierni
365 1778 378 1803 ρ
390 1771 447 1796 vice
460 1770 485 1801 λ,
498 1775 524 1797 et
539 1769 632 1805 ἦροεν,
648 1779 701 1797 non
717 1769 808 1805 ἦλθεν,
826 1773 917 1807 appiu-

135 1813 191 1847 ράν,
210 1821 266 1840 non
284 1814 404 1849 ἁλμυρόν
418 1814 581 1849 proferunt).
599 1816 659 1841 usui
677 1821 765 1841 tamen
784 1820 810 1841 et
826 1817 917 1841 sensui

132 1859 249 1891 reddita,
267 1860 310 1887 hic
326 1859 420 1887 Latina
437 1868 503 1887 voce
520 1861 635 1892 tibialia,
653 1861 697 1888 ille
722 1861 812 1887 ltalica
834 1862 918 1894 calze,

129 1908 253 1936 calcette.
269 1906 326 1933 suis
340 1906 449 1933 calculis
465 1911 639 1934 attestantur.
654 1906 729 1933 Com
747 1906 754 1942 ]

166 1951 357 1981 Ib.At6o.léa.
373 1951 539 1980 Vocabulum
559 1953 610 1979 llOC
626 1953 768 1987 aliquoties
785 1953 854 1984 apud
866 1952 919 1978 Co-

131 2000 227 2028 llinum
240 1999 346 2034 legitur.
366 1999 490 2030 Διὸολέος
501 1999 570 2026 idem
582 1999 652 2033 quod
664 1999 785 2029 διπλοῦς.
803 1998 853 2024 Pro
867 2006 920 2032 quo

132 2052 245 2074 veteres
259 2045 375 2078 διϐολος,
401 2050 430 2072 ιιι
445 2045 548 2077 δζὸοὶος
563 2046 670 2080 χλαῖνα.
687 2045 796 2076 Junius,
812 2045 921 2071 διϐολέα

131 2094 306 2127 ὑποδήματα,
332 2093 420 2119 bilices
450 2093 541 2123 calcei,
558 2097 584 2119 et
600 2093 817 2123 διόοὶ.έος,ὺὶ[ἰ.τ,
838 2092 864 2118 id
881 2096 922 2118 est

132 2145 248 2166 ornatus
261 2139 372 2166 bicolor:
385 2140 456 2165 licio.
469 2139 522 2166 Sed
538 2143 566 2165 ιιι
583 2139 626 2166 dic
640 2139 771 2169 6t60).éo;,
788 2147 835 2165 seu
852 2138 922 2164 διϐο-

131 2186 190 2218 λέα,
221 2186 326 2219 quoties
345 2185 415 2219 apud
432 2185 564 2211 Codinum
598 2185 729 2217 occurrit,
755 2185 822 2211 nillil
849 2185 920 2211 aliud

131 2239 191 2258 esse
206 2238 291 2264 quam
309 2230 406 2257 bicolor
417 2238 465 2257 seu
477 2230 590 2264 duplicis
608 2230 715 2256 coloris.
730 2229 833 2256 Gasrs.

167 2275 378 2312 Ibid.[At60)té¢
402 2277 507 2310 quoties
533 2280 657 2303 occurret
685 2277 754 2310 apud
780 2276 924 2307 Codinum,

132 2331 184 2350 non
200 2330 260 2349 uno
271 2321 351 2349 modo
371 2323 498 2357 intellige,
515 2322 561 2349 sed
577 2323 716 2348 bicolorem
733 2327 877 2354 vestem,v.
896 2330 921 2357 ε.

133 2369 215 2403 cujus
239 2375 302 2402 pars
323 2368 408 2395 media
428 2368 526 2395 coloris
545 2369 635 2401 unius,
645 2369 756 2395 alterius
769 2373 810 2395 est
827 2369 923 2399 altera,

133 2411 247 2448 qualem
261 2414 419 2449 plerumque
432 2415 651 2442 scabiniurbium
663 2419 761 2449 gerunt
773 2415 798 2441 in
810 2414 923 2446 Galliis;

134 2463 175 2488 vel
189 2460 274 2494 cujus
289 2469 395 2495 pannus
407 2462 524 2488 exterior
538 2462 631 2496 hujus,
648 2462 798 2488 subductus
811 2461 923 2488 alterius

132 2513 176 2537 est
190 2507 296 2536 coloris
310 2517 318 2540 ;
340 2508 380 2534 vel
396 2515 456 2542 quae
467 2508 576 2534 detnutn
594 2508 621 2534 in
637 2507 924 2534 versicolores'ttenias

133 2559 175 2581 est
191 2558 283 2587 secta,
299 2557 327 2579 et
342 2561 371 2580 ex
385 2554 425 2580 eis
440 2553 551 2581 fasciuta
569 2559 596 2580 et
612 2558 750 2586 contexta,
766 2561 815 2588 pro
829 2552 925 2580 Helve—

132 2600 241 2625 liuer
257 2605 349 2625 more..
358 2597 456 2633 Gom.]

169 2643 409 2678 1ιίά.Χρώματος
426 2644 522 2677 ὀξέος,
534 2644 559 2671 id
574 2649 625 2676 est,
640 2645 826 2676 rubentissinu',
838 2646 925 2679 inquit

133 2689 258 2717 Junius:
280 2690 327 2725 ὀξύ
344 2691 416 2718 enim
440 2691 493 2717 vim
515 2690 672 2718 intendendi
692 2692 783 2718 habet.
812 2693 881 2718 llinc
899 2693 925 2719 in

134 2736 237 2763 codice
248 2740 288 2763 est
300 2736 448 2768 ovalalta,
469 2744 586 2771 purpura
604 2739 785 2771 exquisitioris
803 2738 923 2765 luminis.

170 2781 260 2816 226
269 2779 352 2816 [Ιὺὶιι.
368 2782 437 2808 Num
461 2783 607 2809 cmcutiunt
626 2783 724 2811 Junius
742 2788 768 2811 et
783 2793 924 2819 sequaces,

136 2826 184 2859 qui
202 2826 348 2855 discrimen
363 2827 434 2854 inter
448 2828 553 2855 colores
568 2837 667 2863 ponere
680 2836 818 2864 nequeant
828 2832 838 2857 ‘I
848 2832 926 2858 Alius

136 2877 180 2898 est
198 2871 273 2899 enim
296 2881 447 2908 purpureus
462 2875 503 2901 vel
524 2879 553 2901 ιιι
575 2867 803 2903 commentarium
831 2878 927 2904 scribit

96 2941 109 2948 ,
140 2917 341 2946 rubentiuinms
358 2920 446 2953 color,
464 2920 534 2948 alius
548 2919 690 2948 violaceus.
708 2922 746 2949 Ad
762 2923 924 2955 bnpliiorum

957 295 1048 329 lingua
1065 293 1227 321 sententiam
1243 292 1398 322 enuntiem,
1413 292 1532 325 primum
1550 289 1689 319 κόκκινον,
1702 295 1747 314 se-

959 341 1079 368 cundum
1097 339 1144 372 ὀξύ
1172 338 1295 367 sancient
1316 337 1491 369 vocandum;
1509 332 1746 368 suﬂ'rligabuntur—

958 395 1012 422 que
1041 386 1224 420 Hieronymus
1247 385 1404 412 Germanus
1420 388 1447 410 et
1475 383 1570 410 Simon
1597 380 1703 407 Portius
1718 379 1745 405 in

959 432 1053 460 lexieis
1065 430 1294 458 Gnecobarbaris.
1310 428 1415 463 Decipit
1430 428 1522 462 itaque
1536 426 1609 454 Junii
1622 426 1746 452 testimo-

958 478 1033 505 nium
1047 485 1060 502 ιι
1076 477 1203 504 Gretsero
1215 476 1371 510 probatum,
1388 475 1432 502 ubi
1449 474 1504 501 ait:
1520 473 1558 499 Τὸ
1575 472 1621 504 ὀξύ
1634 471 1683 498 vim
1701 470 1744 496 in-

959 522 1080 550 tendendi
1096 521 1183 549 habet.
1207 520 1306 555 Goan.]

994 568 1035 596 Ib.
1047 568 1202 599 Μουζάκιον
1213 572 1254 594 est
1267 567 1420 599 mosaicum,
1434 566 1563 593 musicum
1575 572 1638 597 opus
1649 570 1657 589 :
1669 566 1748 589 erant

958 623 1023 651 ergo
1035 615 1122 643 calcei
1132 614 1176 642 isti
1190 613 1255 648 picti
1272 614 1350 648 quasi
1365 613 1398 640 de
1415 612 1533 643 musivo,
1550 611 1614 645 quia
1629 611 1748 644 punctu-

960 663 992 690 lis
1018 661 1229 689 versicoloribus
1256 659 1424 687 interstincti
1450 662 1541 685 erant.
1572 655 1746 683 liecentiores

958 708 1044 736 Cra-ci
1072 705 1202 741 μουσιοῦν
1228 704 1275 732 καὶ
1292 704 1336 730 διὰ
1364 704 1484 738 μαντίων
1506 699 1687 730 καλλωπίζειν
1704 698 1747 725 di-

959 758 1035 780 cunt.
1060 753 1094 779 Et
1111 756 1142 779 ut
1167 751 1214 778 hic
1244 751 1328 777 habes
1356 749 1521 783 ὑποδήματα
1541 745 1689 780 μουζάκια,
1710 744 1751 771 sic.

958 800 1028 835 apud
1041 798 1204 826 Trebellium
1220 796 1372 825 Pollionem
1387 795 1413 822 in
1427 793 1502 822 'l‘etr.
1514 793 1580 821 Jutt.
1595 796 1637 819 est
1652 798 1752 818 corona

958 846 1091 880 picturata
1107 845 1139 872 de
1151 852 1251 871 musca.
1270 843 1373 871 Gnsrs.

995 891 1160 919 Ibid.Mirus
1170 890 1323 918 tessellator
1336 887 1480 918 Meursius.
1490 887 1537 921 qui
1551 885 1659 913 musivo
1671 880 1754 918 epeia

961 939 1067 965 calceos
1077 937 1181 964 atlabre
1192 935 1362 970 compositos
1375 934 1482 961 vendit.
1496 933 1530 959 At
1541 939 1596 959 non
1613 929 1754 964 composi-

963 990 1015 1017 tos,
1029 984 1133 1018 inquiet
1147 983 1228 1014 alius,
1245 981 1293 1009 sed
1311 981 1398 1016 pictos
1415 979 1495 1015 quasi
1513 979 1544 1005 de
1568 978 1679 1008 mus-luo,
1703 982 1752 1001 ceu

963 1030 1100 1065 punctulis
1114 1027 1328 1056 versicoloribus
1345 1026 1544 1055 interstinctos.
1569 1023 1680 1050 Rectius
1694 1029 1755 1048 om-

963 1077 1027 1104 nino
1039 1076 1118 1103 tictos
1141 1074 1264 1102 dixisset.
1287 1072 1358 1106 Quid
1377 1073 1459 1107 igitur
1474 1071 1636 1105 ὑποδήματα
1653 1067 1755 1103 31.0qu-

962 1122 1030 1150 κιαῖ
1047 1121 1140 1149 Genus
1166 1118 1324 1147 Saracenici
1343 1116 1535 1148 calceamenti,
1550 1115 1630 1150 cujus
1653 1121 1719 1142 usus
1736 1121 1751 1139 a

962 1168 1064 1196 Graecis
1098 1165 1260 1201 peregrinos
1286 1172 1378 1191 mores
1404 1163 1484 1190 facile
1513 1160 1683 1195 imitantibus
1695 1164 1756 1187 erat

960 1215 1016 1250 jam
1026 1213 1125 1242 Codini
1136 1217 1258 1247 tempere
1269 1211 1295 1238 in
1307 1210 1410 1238 curiam
1422 1209 1475 1236 (ΣΡ.
1483 1209 1617 1240 invectus,
1625 1206 1758 1241 crepidis-

957 1268 1016 1295 'que
1043 1259 1179 1287 tibialium
1197 1265 1273 1285 mare
1299 1265 1349 1285 ceu
1372 1256 1457 1284 levior
1474 1263 1505 1283 ac
1525 1255 1633 1283 mollior
1646 1253 1757 1280 cothur-

963 1315 1016 1334 nus
1026 1305 1225 1334 soletimmitti.
1244 1304 1331 1332 Gotn.

999 1353 1043 1381 Ib.
1059 1351 1310 1386 Πτεργιστηρίων.
1328 1349 1410 1376 Forte
1438 1349 1580 1384 legendum
1595 1347 1760 1382 πτερνῑστή-

965 1409 1030 1435 ρων,
1047 1408 1061 1426 a
1078 1403 1152 1427 recto
1171 1398 1349 1432 πτερνιστήρ,
1367 1396 1471 1423 Gnsrs.

1000 1444 1235 1481 [Πτερνιστηρῑων
1250 1442 1392 1471 retinenda
1421 1443 1513 1472 lectio.
1529 1449 1579 1469 nec
1594 1440 1753 1474 πτερνιστή-

966 1502 1020 1528 ρων
1036 1491 1228 1520 subslituenda
1244 1499 1251 1517 :
1270 1490 1390 1524 gaudent
1404 1489 1475 1516 enim
1491 1487 1577 1516 Graeci
1592 1486 1696 1514 neutris
1709 1486 1760 1512 hu-

963 1539 1081 1573 iusmodi
1099 1546 1114 1565 a
1141 1536 1304 1564 masculinis
1329 1535 1470 1562 derivatis.
1497 1534 1543 1561 Sic.
1558 1533 1652 1560 dicunt
1672 1532 1760 1566 φοίνι-

969 1592 1016 1615 κες
1026 1587 1053 1610 et
1068 1582 1198 1618 φοινίκια,
1213 1582 1304 1617 χεῖρες
1312 1585 1339 1607 et
1351 1580 1443 1615 χέρια,
1458 1578 1537 1610 πόδες
1550 1582 1576 1605 et
1592 1576 1681 1608 πόδια,
1701 1580 1755 1606 etc,

968 1630 1067 1666 Genu]
1533 1648 1535 1650 ,

1004 1676 1045 1703 Ib.
1068 1675 1139 1703 Sella
1172 1674 1234 1709 equi
1262 1674 1321 1701 sive
1344 1672 1504 1707 ephippium
1527 1670 1566 1706 (ν.
1593 1668 1757 1697 Meursinm.

970 1722 1069 1757 Gotn.)
1086 1731 1093 1755 ;
1108 1721 1284 1757 ιδρομάχιον,
1311 1723 1338 1747 et
1354 1724 1460 1755 tegmen
1486 1717 1581 1746 sudori
1597 1715 1721 1744 cavendo
1732 1719 1759 1742 et

972 1771 1005 1798 ab
1022 1769 1101 1803 equis
1118 1767 1249 1795 arcendo.
1266 1766 1369 1794 Gnsrs.

1008 1815 1037 1843 P.
1062 1814 1106 1842 M.
1131 1813 1199 1850 [Cur
1221 1812 1359 1840 Meursius
1374 1810 1524 1847 str_agulam
1550 1808 1678 1845 ephippia
1699 1807 1763 1839 sub-

970 1866 1085 1897 stratam
1101 1860 1134 1887 ad
1152 1858 1352 1895 prohibendum
1373 1857 1437 1891 equi
1454 1856 1582 1884 sudorem
1600 1855 1630 1882 τὸ
1643 1855 1757 1890 ἱδρυμά-

970 1916 1029 1943 χιον
1044 1910 1173 1941 exponat,
1186 1913 1240 1933 non
1253 1904 1350 1931 video:
1362 1903 1408 1938 qui
1426 1909 1544 1936 namque
1557 1901 1671 1936 depicta:
1683 1901 1710 1927 in
1723 1908 1754 1926 ea

971 1952 1137 1981 et'l‘ulsissent
1160 1950 1282 1986 aquilae?
1301 1949 1410 1977 Clarius
1426 1951 1501 1976 certe
1520 1948 1608 1975 nitent
1624 1947 1651 1974 in
1668 1947 1730 1974 aliis
1742 1954 1757 1974 c

972 1999 1038 2027 sella
1056 1997 1239 2033 pendentibus
1259 1996 1442 2027 ornamentis,
1458 2002 1519 2029 quae.
1540 1994 1652 2028 propius
1677 2001 1761 2021 exsu-

972 2047 1081 2073 dantem
1094 2076 1103 2084 ‘
1114 2051 1215 2079 equttm
1236 2042 1374 2077 attingunt
1396 2044 1424 2068 et
1439 2040 1500 2075 ejus
1514 2042 1664 2074 extergunt.
1677 2037 1763 2064 sudo-

973 2101 1041 2120 rem.
1054 2089 1161 2125 Goxn.]
1475 2120 1491 2127 -

1010 2136 1178 2171 lllargellium
1203 2127 1247 2161 hic
1274 2137 1316 2161 est
1330 2135 1502 2168 segmentum
1521 2129 1622 2158 diversi
1647 2128 1763 2159 coloris.

973 2184 1048 2212 sellae
1068 2189 1133 2210 ante
1156 2186 1184 2209 et
1195 2185 1268 2209 retro
1299 2180 1443 2207 insertum.
1470 2179 1549 2205 Errat
1565 2176 1674 2207 Junius,
1701 2182 1763 2202 cum

974 2231 1056 2257 verba
1073 2229 1125 2257 ista
1138 2229 1186 2254 καὶ
1203 2228 1243 2259 εἰς
1258 2227 1292 2253 τὰ
1307 2226 1427 2260 τέσσαρσι
1445 2225 1515 2259 μέρη
1532 2223 1651 2258 seiungit
1665 2230 1680 2249 a
1699 2228 1765 2256 pro-
1793 2238 1797 2242 -

942 2273 965 2301 Ῐ)
980 2277 1052 2304 xime
1068 2274 1294 2303 antecedentibus
1310 2281 1317 2306 ;
1332 2273 1424 2308 itaque
1434 2271 1528 2303 vi-rtit,
1544 2270 1586 2305 vel
1603 2269 1694 2303 potius
1703 2276 1766 2303 per-

979 2321 1070 2353 vertit,
1082 2320 1115 2347 ad
1129 2325 1244 2356 quatuor
1257 2327 1317 2346 vero
1333 2319 1417 2345 latera
1433 2316 1559 2352 sagmatis
1573 2314 1704 2342 sudatorii
1719 2314 1768 2340 Ita-

979 2368 1039 2394 bcns
1057 2367 1137 2394 etiam
1162 2371 1262 2394 textum
1276 2374 1289 2392 ε
1305 2364 1459 2400 margaritis
1478 2366 1538 2389 ante
1557 2366 1582 2389 et
1605 2369 1672 2396 pune
1689 2381 1696 2393 ,
1712 2365 1767 2387 etc.

978 2414 1081 2442 Gaz-rs.
1425 2444 1433 2455 ‘
1750 2436 1752 2440 ,

1014 2461 1086 2489 Ibid.
1123 2460 1308 2496 Κοπριτόριον
1330 2457 1390 2486 'vox
1414 2465 1488 2485 mere
1504 2456 1611 2488 Latina,
1636 2461 1769 2487 cooperta-

978 2509 1059 2535 rium.
1079 2507 1181 2535 Plinius
1197 2505 1380 2540 caoperculum
1401 2503 1479 2531 dixit.
1499 2502 1578 2529 Errat
1602 2501 1708 2533 Junius,
1721 2499 1768 2533 qui

980 2553 1173 2589 κοπριτούριον
1183 2552 1269 2580 edidit
1280 2552 1416 2584 vertitque
1430 2548 1598 2584 postilenam.
1616 2547 1673 2574 Viri
1686 2547 1769 2577 docti,

980 2600 1069 2635 inquit
1079 2598 1261 2630 Glossarium,
1274 2600 1403 2631 putarunt
1416 2593 1609 2629 κοπριτούριον
1622 2602 1678 2621 esse
1695 2592 1769 2620 Cra:-

980 2655 1039 2674 cam
1052 2653 1151 2677 vocem,
1170 2643 1246 2678 παρὰ
1258 2643 1307 2678 τῆς
1326 2642 1430 2677 κόπρου
1446 2640 1493 2668 καὶ
1504 2640 1599 2677 οὐρᾶς,
1613 2640 1658 2667 sed
1675 2639 1770 2666 analo-

979 2693 1023 2728 gia
1042 2694 1169 2726 repugnat
1185 2696 1194 2716 :
1211 2694 1273 2716 tunc
1292 2689 1361 2715 enim
1380 2687 1559 2723 κοπριοὺριον
1575 2687 1650 2722 foret.
1675 2685 1771 2719 Itaque

980 2746 1032 2765 non
1050 2736 1169 2772 estquod
1185 2735 1375 2770 [imocaudium
1388 2735 1597 2768 interpretentu;
1620 2736 1644 2760 et
1659 2730 1769 2766 puslile-

981 2793 1042 2811 nam
1059 2792 1115 2811 ene
1129 2784 1229 2810 dicant.
1248 2782 1310 2809 Haec
1328 2782 1432 2818 spicu'a
1447 2780 1473 2808 in
1484 2771 1596 2807 Juniuui
1610 2778 1714 2805 directe
1726 2775 1770 2802 di-

980 2835 1054 2858 recta
1072 2834 1145 2861 sunt,
1175 2836 1190 2855 a
1208 2828 1364 2863 prolessore
1380 2827 1506 2855 Leidensi
1529 2826 1556 2853 iu
1585 2822 1767 2859 professorem

981 2878 1045 2905 olim
1057 2877 1225 2904 Leidensem.
1238 2874 1339 2903 Gnu'rs.

1018 2923 1162 2953 [Meursius
1186 2921 1387 2954 cooucrtorium,
1402 2924 1429 2948 et
1445 2926 1477 2947 ex
1488 2918 1574 2947 Plinio
1588 2915 1771 2951 coeperat/unt
