4064 6444
486 384 597 445 255
1516 450 1523 457 .
1600 394 1680 452 IN
1726 392 2032 453 LIBRUM

2147 394 2164 453 ζ
2202 394 2532 457 OFFlCilS
2570 398 2676 457 ΟΡ.
3622 404 3725 466 Ξῖρδ

484 502 535 552 in
568 501 885 555 Photiannm
924 502 1360 558 Nomocanonetu
1399 507 1562 562 babes
1597 507 1824 576 ἀληθινὰ
1857 507 2053 571 omas-
2082 511 2125 565 Α
2160 512 2349 579 ράνεος
2368 512 2550 587 color,
2591 512 2688 567 sed
2721 513 2955 579 medius,
3010 515 3107 584 qui
3142 516 3440 573 subvirtdis
3470 527 3526 573 et
3582 535 3727 587 pom

486 611 650 661 ματα,
685 594 1036 647 calceamenta
1060 611 1325 664 purpurea
1355 608 1401 651 et
1442 600 1548 653 veri
1578 600 1813 654 luminis.
1839 598 1905 651 de
1928 598 2053 666 qni-
2162 601 2295 657 folio
2329 584 2546 666 similis,
2582 603 2839 672 prasinus
2863 612 2919 660 et
2950 605 3199 675 glaucus,
3226 616 3336 661 cert
3370 608 3434 661 de
3484 584 3616 661 mer.
3654 608 3727 660 ita

482 684 582 734 bus
613 681 775 733 etiam
810 680 1078 751 Corippus
1110 686 1254 739 laud.
1290 686 1481 740 Justini
1521 704 1581 746 ιι.
1619 688 1738 741 104.
1776 687 1982 741 Gens.
2162 708 2245 745 me
2281 709 2415 748 usus
2440 703 2641 749 etcum
2666 696 2963 765 baphiariis
2989 697 3192 752 Graecis
3225 698 3561 767 colloquium
3591 700 3722 753 cdo-

548 771 609 825 P.
642 775 724 827 H.
749 773 973 845 [lterum
999 776 1134 830 falso
1156 780 1493 833 rerilumim's
1522 781 2054 848 sivesplen'didiuimi
2161 785 2295 837 cuit.
2328 783 2467 840 Hinc
2494 788 2619 856 quia
2663 787 2713 840 in
2748 798 3043 858 utrumque
3070 789 3330 855 declinat,
3367 790 3559 845 scribit
3613 805 3727 844 uno

480 866 687 921 ruboris
722 869 845 923 fuco
899 872 1068 927 dictio
1096 875 1221 938 ὀξύς
1262 878 1521 932 inficitur.
1570 877 1719 932 Itane
1745 895 1887 933 unus
1912 879 2047 932 dua-

2157 877 2277 932 loco
2303 879 2489 933 Simon
2544 878 2799 934 Portius:
2836 879 3067 935 Glaucus
3113 882 3402 950 πράσινος,
3466 880 3729 947 γλαυκός,

476 974 596 1012 rum
634 959 960 1031 dictionum,
1002 981 1138 1034 quas
1168 969 1204 1036 ἦ
1260 970 1525 1037 particula
1582 972 1910 1040 disiunctiva
1967 971 2052 1025 di-
2158 969 2210 1021 in
2239 968 2346 1022 alio
2375 970 2630 1038 γερανιὸς
2665 970 2942 1040 (corrupta
2979 972 3356 1040 pronuntiatio
3408 982 3515 1034 est,
3558 970 3734 1039 ἡερά-

476 1051 781 1115 scrimjnat,
822 1054 1098 1124 colligitur
1125 1061 1365 1114 sensus?
1393 1062 1485 1129 qui
1537 1064 1872 1130 pertinacius
1904 1078 2047 1117 asse-

2154 1078 2274 1125 νεος
2301 1062 2440 1129 vice)
2477 1063 2726 1126 κυάνεος,
2766 1063 3033 1130 γλαυκόςε
3066 1065 3276 1129 caesius,
3308 1079 3559 1137 cyaneae,
3581 1070 3735 1118 censi

477 1146 672 1209 ruerit,
716 1146 1111 1217 roloresipsos
1166 1152 1443 1220 inspiciat.
1483 1155 1539 1209 in
1589 1172 1690 1209 ms.
1727 1155 1928 1208 Tiliani
1984 1155 2050 1208 li-
2081 1224 2087 1228 _
2160 1165 2241 1209 tus
2270 1155 2433 1210 color.
2471 1156 2545 1211 De
2579 1157 2780 1228 glauco
2805 1166 2857 1211 et
2887 1159 3049 1213 caesio
3076 1159 3262 1212 colore
3295 1158 3433 1212 ulvae
3466 1157 3734 1225 salicique

476 1235 621 1289 mine
662 1238 1017 1304 imperatoris
1072 1243 1271 1313 effigies
1319 1247 1542 1299 rubrum
1593 1258 1831 1301 ostentat
1883 1249 2051 1301 vesti-
2154 1248 2415 1315 persimili
2475 1249 2747 1303 Antonius
2802 1250 3092 1321 Thylesius
3148 1250 3354 1304 Lazaro
3410 1249 3576 1302 Baifio
3633 1250 3732 1302 az!-

476 1340 741 1393 mentum,
804 1332 857 1384 in
892 1333 1323 1405 Sandionysiaco
1376 1340 1693 1393 violareum.
1751 1340 2051 1409 Utrobique
2150 1338 2510 1407 junctus;de
2551 1349 2767 1402 veneto,
2826 1356 2986 1409 quem
3042 1340 3334 1408 Hispanice
3370 1339 3521 1392 verde
3552 1338 3616 1392 de
3674 1340 3733 1392 la

473 1420 719 1487 ejusdem
775 1431 857 1477 est
918 1427 1199 1496 principis,
1232 1427 1496 1484 Mauuelis
1536 1431 1832 1486 nimirum:
1877 1432 2052 1486 viola-
2154 1446 2272 1481 mar
2308 1432 2549 1498 exponit,
2578 1430 2886 1498 Calcpinus.

477 1526 636 1565 ccum
672 1513 853 1581 itaque
882 1517 1024 1571 sicut
1056 1531 1110 1573 et
1140 1536 1471 1591 purpureum
1502 1525 1604 1579 sibi
1639 1524 2052 1593 assumitimpe-

2224 1520 2307 1603 Ib.
2346 1520 2633 1592 [Τιμήσας
2684 1522 3263 1591 σεϐαστοκράτορας.
3323 1522 3398 1576 De
3434 1536 3545 1591 quo
3612 1522 3734 1591 ipse

479 1614 650 1659 rator.
724 1608 789 1657 At
816 1609 1074 1677 desinite,
1108 1615 1173 1667 de
1210 1630 1318 1683 quo
1374 1632 1577 1679 sermo,
1609 1626 1663 1671 ct
1698 1617 2049 1686 imperatoris
2151 1616 2586 1681 Cantacnzenus,
2617 1631 2690 1680 tv,
2721 1618 2775 1671 5.

476 1700 783 1754 communis
820 1712 905 1754 est
957 1704 1177 1757 cabailis
1224 1716 1469 1771 ornatus,
1517 1709 1576 1761 τὸ
1631 1709 1823 1778 ροὗχον
1883 1708 2048 1762 αὐτοῦ

472 1790 662 1861 ὥσπερ
692 1794 785 1845 καὶ
819 1796 874 1847 τὸ
903 1796 1214 1865 βατιλικόνε
1267 1800 1338 1854 ita
1374 1817 1549 1871 nuper
1579 1812 1789 1856 auctor.
1820 1800 2045 1857 Joannis

471 1885 690 1955 eo'legre
710 1894 902 1955 printer
925 1891 1037 1946 haec
1063 1892 1284 1961 effigies,
1315 1894 1454 1948 sicut
1480 1904 1533 1949 et
1558 1905 1778 1964 paterna
1820 1894 2039 1950 Manne-

469 1977 537 2030 lis
572 1977 945 2047 imperatoris.
974 1983 1059 2036 cui
1094 1992 1254 2048 astat,
1295 1985 1594 2040 violaceam
1619 1996 1822 2041 vestem
1852 1994 2045 2041 osten-

470 2077 543 2119 tat
575 2068 627 2120 in
651 2068 866 2122 laudato
900 2070 957 2126 S.
997 2072 1235 2143 Dionysii
1271 2090 1374 2129 ms.
1400 2075 1542 2144 Ergo
1571 2077 1808 2145 despotm
1833 2075 2044 2129 καϐϐά-

465 2159 576 2211 διον
606 2158 697 2223 ὀξὺ
731 2161 1011 2234 ἢὲρυθρῦν
1038 2183 1048 2217 :
1084 2166 1346 2232 Cabades,
1379 2167 1625 2236 inquam,
1659 2168 1924 2221 violaceus
1949 2178 2043 2219 aut

466 2265 788 2319 purpureus.

534 2343 620 2399 Ib.
656 2342 796 2409 [Τοῦ
850 2348 1148 2416 Καίσαρος
1177 2351 1277 2419 ἐπὶ
1324 2349 1443 2404 τῶν
1502 2351 1723 2417 ἑορτῶν
1770 2351 2041 2418 ζητεῖται.

467 2433 760 2507 Βιιροτίιιιι·
796 2440 886 2493 ille
916 2440 1151 2496 Cassaris
1215 2443 1429 2499 habitus
1481 2458 1509 2493 a
1556 2443 1727 2497 Barda
1785 2445 1839 2497 in
1875 2444 2046 2512 publi-

465 2543 532 2580 (το
588 2530 932 2600 solemnique
982 2548 1241 2601 processu
1284 2535 1351 2589 ad
1418 2536 1705 2590 ecclesiam
1764 2536 1852 2589 die
1905 2536 2043 2591 festo

467 2630 713 2685 gestatus
740 2624 881 2691 apud
930 2624 1168 2678 Leonem
1203 2626 1637 2682 Grammaticum
1672 2630 1723 2682 in
1780 2629 2044 2684 Michaele

468 2710 757 2783 Theophili
790 2716 876 2771 F.:
902 2718 1078 2788 Βάρδα
1106 2719 1161 2771 δὲ
1197 2720 1291 2772 τοῦ
1330 2722 1622 2791 ,Καίσαρος
1654 2722 1711 2773 ὲν
1760 2725 1827 2791 τῇ
1881 2739 2045 2790 προε-

465 2806 647 2860 ὶεύσει
681 2808 1029 2880 διερχομένου
1063 2812 1204 2879 μετὰ
1267 2794 1686 2883 σιταρπιμαγγίου
1718 2813 1888 2877 ὀξέος.
1948 2813 2045 2868 Est

478 2914 607 2953 sero
638 2902 1056 2971 σκαραμάγγιον
1076 2904 1260 2958 tunica
1294 2904 1510 2959 Persica
1534 2920 1670 2959 auro
1698 2904 1920 2966 intexta,
1949 2918 2043 2958 ea-

465 2992 588 3045 dem
622 3008 747 3047 cum
785 2998 1093 3057 scaranico.
1126 2997 1190 3050 de
1222 3012 1332 3065 quo
1374 2996 1605 3053 inferius
1643 3006 1857 3052 auctor.
1890 2996 2041 3065 Sug-

465 3086 604 3152 gerit
658 3094 943 3155 propterea
974 3088 1174 3141 Caesari
1213 3089 1388 3143 eidem
1442 3089 1760 3144 Pliilotbeus
1795 3090 2039 3144 amicus:

465 3176 685 3247 Αὔριον.
721 3174 765 3231 ὦ
810 3180 1069 3243 δέσποτα,
1123 3180 1420 3250 περιϐαλοῦ
1463 3181 1553 3234 τὸν
1609 3179 2046 3251 χρυσοπερσικὸν
2074 3191 2116 3247 c

465 3283 561 3318 σου
591 3267 930 3337 χιτωνίσκον,
963 3270 1054 3321 καὶ
1087 3268 1283 3338 δφθητι
1324 3271 1437 3331 τοῖς
1486 3270 1702 3338 ἐχθροῖς
1755 3286 1870 3322 σου.
1912 3268 2045 3320 Ἀπὸ

466 3358 759 3427 προσώπου
793 3377 885 3412 σου
919 3360 1227 3428 φεύξονται.
1263 3360 1371 3414 Τοῦ
1403 3361 1558 3430 ἡλίου
1590 3361 1645 3413 δὲ
1668 3360 2047 3423 ἀνατείλαντος

466 3445 618 3517 ἵππῳ
645 3449 838 3511 ὲπιῦὰς
874 3449 1209 3517 παρεγένετο
1239 3450 1374 3519 πρὸς
1396 3449 1493 3519 τὴν
1522 3450 1721 3520 κόρτην
1751 3449 1844 3503 τοῦ
1896 3449 2048 3520 βασι-

467 3540 600 3600 λέως
624 3539 761 3608 μετὰ
786 3540 976 3608 στολῆς
994 3539 1275 3609 λαμπρᾶς.
1316 3540 1513 3594 Vocem
1552 3541 1721 3612 κὸρτη
1751 3543 2044 3607 tentorium

469 3632 557 3685 hic
598 3632 841 3685 indicare
871 3631 1370 3687 demonstrabimus
1396 3632 1547 3687 alibi.

537 3724 694 3794 231
734 3723 878 3779 Ibid.
921 3722 1255 3796 [Γαμϐρῶν.
1284 3722 1401 3777 Non
1460 3740 1674 3793 generos
1725 3725 1909 3787 modo,
1950 3724 2045 3780 sed

468 3828 523 3872 et
549 3818 738 3872 lenii-os
772 3824 826 3869 et
858 3832 1092 3870 uxorum
1125 3816 1346 3885 fratres,
1382 3818 1476 3886 qui
1511 3826 1565 3871 ct
1600 3816 1956 3886 ἀνδράδελφοι
1995 3825 2050 3870 et

471 3908 924 3977 γυναικάδελφοι,
960 3908 1135 3964 δι’κεὶ
1184 3919 1383 3964 vocant
1436 3909 1747 3978 γαμϐρούς.
1810 3908 2051 3963 Monitus

467 3999 636 4053 semel
669 4010 921 4053 sexcenta
962 4000 1198 4068 reperiet
1234 3998 1379 4068 apud
1411 4013 1603 4055 eorum
1660 3998 1955 4055 historicos
1995 4007 2049 4052 et

466 4092 896 4161 iurisconsultos
933 4092 1271 4149 testimonia.

538 4184 598 4237 P.
654 4183 742 4238 15.
773 4182 1282 4255 [Χρυσοκόκκινα.
1310 4184 1457 4238 Auro
1484 4182 1744 4237 nimirum
1772 4181 2051 4249 rubroque

466 4274 647 4327 serico
677 4275 961 4338 disnncta,
995 4276 1111 4330 sive
1143 4274 1306 4331 simul
1334 4284 1479 4329 texta
1504 4275 1618 4329 sive
1648 4288 1750 4327 acu
1779 4271 2045 4343 pingente

467 4366 672 4419 addita.
692 4364 889 4437 δοκι]

540 4454 682 4509 Ibid.
716 4455 853 4510 Nota
888 4472 1084 4513 cruces
1138 4458 1190 4511 in
1226 4458 1384 4527 pileis
1430 4473 1754 4527 generorum
1808 4458 2042 4528 impera—

469 4546 757 4608 toriorum,
774 4557 828 4601 et
844 4547 1061 4615 quidem
1086 4564 1193 4601 non
1211 4564 1273 4601 ex
1298 4550 1664 4617 qualicunque
1683 4550 1926 4616 materia,
1946 4548 2042 4604 sed

468 4655 533 4694 ex
602 4640 912 4707 margaritis
935 4639 1234 4695 confectas.
1269 4639 1336 4694 Ut
1362 4641 1540 4710 placet
1569 4642 1656 4696 hic
1678 4657 1799 4697 mos
1831 4641 2043 4697 nostris

468 4733 873 4788 stauromacliis
902 4733 924 4787 ?
959 4732 1165 4787 Gus'rs.

554 4821 781 4895 [Cruces
806 4824 1054 4893 quinque
1078 4824 1297 4881 circiter
1328 4824 1557 4895 gemmis
1588 4824 1872 4892 conﬂatas,
1905 4835 1959 4883 et
1980 4828 2046 4882 ad

472 4915 664 4970 circuli
725 4915 931 4986 (qualis
965 4925 1021 4970 et
1069 4917 1349 4971 Gallorum
1393 4917 1680 4987 comitum)
1736 4928 1899 4988 caput
1926 4934 2047 4972 am—

473 5010 673 5064 bientis
691 5020 930 5078 quatuor
946 5019 1153 5079 partes,
1188 5010 1423 5065 frontem
1447 5010 1733 5075 nimirum,
1751 5019 2045 5080 utramque

469 5115 656 5153 aurem
688 5110 741 5155 et
762 5102 999 5170 occiput,
1028 5102 1474 5173 circumpositas.

537 5191 620 5246 Ib.
650 5190 1181 5262 [Fbpov¢.Taeiiiain
1207 5196 1442 5265 intellige
1462 5195 1694 5250 frontem
1719 5195 2051 5251 circumcin-

470 5292 711 5352 gentem,
735 5299 909 5352 nuper
940 5286 1208 5341 circulum
1235 5288 1460 5347 dictam,
1492 5298 1547 5340 et
1596 5302 1707 5341 ora:
1737 5287 1859 5355 pilei
1884 5287 2048 5356 junc-

471 5382 604 5438 tam,
640 5374 756 5428 sive
787 5375 863 5428 illi
898 5378 1113 5445 penitus
1170 5378 1561 5446 agglutinetur,
1625 5377 1739 5431 sive
1769 5392 1835 5430 ex
1894 5385 2049 5445 parte

470 5467 738 5535 superiori
826 5468 1076 5523 nonnihil
1137 5468 1442 5532 dissideat;
1527 5484 1691 5539 quam
1750 5478 2045 5538 propterea

470 5558 742 5627 Gregoras
766 5559 803 5613 I.
831 5576 883 5625 v,
910 5561 1053 5627 κατὰ
1077 5561 1178 5630 τὴν
1205 5561 1355 5613 κάτω
1383 5560 1480 5613 καὶ
1502 5560 1691 5630 κοίλην
1716 5562 2046 5628 ἐπιφάνειαν

471 5653 769 5706 κυκλίσκον
794 5653 1118 5723 χρυσοειδὲα
1147 5660 1323 5707 vocat.
1350 5649 1485 5706 Vide
1513 5662 1695 5707 notam
1725 5652 1778 5705 in
1808 5666 2047 5721 sequens

474 5754 637 5811 caput
664 5744 728 5797 ad
761 5759 815 5811 p.
848 5745 934 5797 19.
1052 5754 1055 5757 '
1354 5764 1355 5767 η
1556 5762 1559 5765 ·

545 5834 625 5888 lb.
660 5834 1026 5904 [Ὴεράνεαι.
1063 5837 1171 5894 Nec
1204 5837 1468 5895 caeruleus
1499 5851 1595 5891 nec
1625 5837 1815 5893 viridis
1842 5846 1925 5892 est
1956 5837 2048 5907 ὴε·

2225 1705 2307 1759 Ib.
2338 1706 2629 1778 [Ἕχοντα
2658 1708 2872 1774 ἀετοὺς
2900 1707 3372 1776 συρματεΐνους.
3392 1706 3578 1761 Talem
3622 1706 3723 1759 de-

2080 1841 2119 1894 Β
2153 1800 2324 1870 pingit
2385 1800 2674 1869 Gregoras,
2706 1816 2781 1864 Iv,
2811 1801 2860 1861 i,
2897 1802 2951 1854 in
2987 1800 3146 1867 cujus
3200 1800 3422 1862 κυανοίς
3485 1798 3731 1863 πεδίλοις

2154 1892 2249 1945 καὶ
2269 1895 2593 1959 χρυσοϋφεῖς
2618 1894 2705 1961 ὲνη
2717 1911 2744 1961 ρ
2752 1893 2974 1961 μέζοντο
2995 1893 3161 1947 ἀετοί.

2222 1982 2304 2037 Ib.
2335 1982 2462 2054 [Εἰς
2498 1983 2645 2050 ἀέρα
2665 1984 3070 2039 κόκκινον-,Ιιε
3104 1992 3161 2037 ιιι
3192 1983 3245 2037 ἰη
3271 1984 3436 2051 plano
3466 1997 3564 2037 seu
3593 1996 3729 2037 scu-

2153 2074 2267 2128 tulo
2298 2074 2467 2128 rubeo
2498 2090 2676 2129 aureae
2699 2074 2926 2145 depicta:
2958 2074 3137 2129 forent
3171 2075 3391 2142 aquilae.
3423 2089 3545 2141 quae
3574 2074 3730 2127 dein-

2150 2179 2280 2233 ceps
2308 2165 2512 2233 glaucis
2557 2163 2754 2219 calceis
2815 2173 3210 2241 assuerentur;
3276 2174 3331 2217 et
3364 2150 3553 2217 'dictio
3608 2163 3725 2233 ἀήρ

2152 2257 2293 2311 idem
2322 2257 2411 2311 hic
2441 2255 2645 2310 indicet
2666 2255 2811 2326 quod
2847 2257 2900 2309 in
2925 2255 3308 2324 superioribus
3335 2256 3561 2324 κάμπος
3610 2255 3727 2325 ἠως

2152 2348 2361 2411 πεδίον,
2392 2346 2555 2412 panni
2587 2345 3015 2400 versicoloribus
3047 2344 3235 2414 figuris
3265 2344 3506 2413 insigniti
3546 2344 3728 2411 plani-

2153 2441 2270 2504 ties,
2303 2440 2350 2492 le
2383 2438 2509 2507 fond
2555 2438 2711 2490 d'une
2763 2438 2998 2491 brodert'e
3042 2452 3108 2489 ou
3139 2436 3296 2490 d’une
3345 2435 3527 2503 esto/fe
3553 2436 3589 2489 ὰ
3631 2451 3723 2487 ra—

2151 2547 2322 2599 mage.
2355 2545 2385 2585 a
2419 2530 2583 2597 figura
2618 2530 2671 2582 in
2708 2528 2979 2581 umbonem
3038 2526 3311 2580 desinente
3360 2526 3580 2595 penitus
3636 2525 3723 2579 di~

2152 2624 2368 2679 stincta.
2391 2618 2588 2692 Ceam]

2223 2714 2305 2769 Ib.
2334 2713 2530 2768 Iunius
2559 2713 2754 2776 κῶνος,
2801 2727 2901 2781 ego
2950 2712 3155 2781 ὁμοίως
3213 2726 3278 2765 ex
3339 2708 3555 2763 duobus
3608 2705 3718 2761 Ba-

2152 2809 2347 2863 varicis
2374 2808 2656 2862 codicibus
2682 2824 2695 2863 :
2734 2822 2853 2876 qua:
2885 2807 3152 2875 scriptura
3179 2820 3435 2874 germana
3466 2810 3574 2857 est.

2224 2900 2308 2955 Ib.
2344 2900 2692 2968 Χαρτάριον,
2771 2898 3022 2967 χαρτίον
3069 2898 3333 2953 scutulam
3375 2897 3719 2967 quadratum.

2150 2994 2344 3059 Junius
2372 2995 2527 3048 vertit
2564 2993 2883 3062 quatit-arias
2910 3001 3156 3051 tesseras,
3190 2992 3373 3060 aitque
3400 2999 3719 3058 corruptum

2151 3102 2213 3140 ex
2249 3087 2432 3140 Italico
2462 3098 2514 3139 et
2541 3086 2751 3139 Gallico
2779 3086 3057 3151 quartiers.
3095 3084 3298 3136 GRETS.

2228 3177 2539 3250 [Χαρτάρια
2585 3175 2792 3230 scutata
2822 3189 2979 3242 posse
3032 3173 3141 3228 dici
3202 3173 3392 3242 probo,
3457 3170 3725 3240 quadrata

2145 3271 2346 3341 jngiter
2406 3270 2628 3323 infitior.
2668 3268 2973 3336 Χαρτάριον
3026 3267 3171 3320 enim
3225 3268 3437 3320 bractea
3477 3274 3583 3327 est,
3647 3265 3726 3316 ια-

2149 3365 2318 3426 mina,
2362 3361 2629 3416 scutulum
2670 3374 2999 3429 quacunque
3058 3357 3230 3427 ﬁgura
3294 3355 3720 3419 conformatum,

2150 3455 2307 3509 alteri
2339 3456 2415 3507 rei
2446 3463 2673 3507 ornatus
2708 3466 2835 3521 ergo
2866 3448 3368 3519 superponendum.
3405 3445 3607 3517 Goan.]

2222 3546 2435 3601 Charm
2458 3545 2715 3613 plumbea:
2747 3543 2890 3612 apud
2924 3542 3275 3597 Anastasium
3326 3541 3380 3592 in
3419 3538 3614 3609 Sergio
3668 3548 3726 3594 et

2150 3637 2412 3706 Gregorio
2437 3636 2502 3691 Ill
2536 3644 2663 3692 sunt
2712 3635 2906 3705 tegulae
2939 3634 3228 3703 plumbeae,
3258 3633 3459 3701 quibus
3491 3631 3724 3685 aediﬁcia

2152 3735 2315 3782 tecta.
2337 3725 2526 3793 Itaque
2556 3725 2690 3779 nihil
2722 3725 2787 3778 ad
2813 3725 3113 3794 χαρτάιριον
3147 3733 3201 3777 et
3227 3724 3449 3794 χαρτίον
3473 3731 3724 3777 nostrum

2152 3820 2330 3875 facere
2358 3818 2627 3873 videntur.
2659 3818 2777 3871 Mox
2823 3818 2941 3887 lego
2975 3833 3096 3871 cum
3140 3819 3263 3872 cod.
3310 3816 3473 3871 Boico
3518 3815 3728 3882 disiun-

2150 3915 2276 3970 ctim
2316 3913 2455 3981 μετὰ
2486 3912 2684 3981 ραφήν.
2716 3911 2771 3965 In
2815 3910 2985 3963 altero
3022 3918 3106 3963 est
3143 3910 3532 3979 καταγραφήν.
3564 3908 3729 3962 Forte

2152 4008 2243 4063 bic
2265 4007 2427 4061 etiam
2458 4004 2770 4074 disjunctim
2801 4004 2943 4056 κατὰ
2970 4003 3191 4074 γραφήν
3214 4000 3566 4055 scribendum
3600 4000 3725 4065 crit,

2152 4100 2197 4155 si
2222 4096 2358 4153 forte
2377 4098 2462 4152 cui
2487 4096 2657 4165 magis
2679 4095 2892 4165 placeat
2912 4094 3097 4164 γραφὴ
3122 4108 3286 4162 quam
3310 4094 3482 4161 ραφή.
3518 4091 3725 4145 Gusrs.

2225 4192 2365 4247 Ibid.
2399 4191 2583 4263 [Κατὰ
2611 4189 2835 4257 ῥαφὴν.
2868 4187 3053 4242 Lectio
3108 4195 3189 4241 tot
3210 4188 3271 4249 in
3324 4184 3730 4253 exemplaribus

2155 4287 2295 4341 inter
2322 4301 2383 4340 se
2411 4283 2625 4338 collatis
2648 4290 2860 4351 reperta
2891 4280 3171 4334 retinenda
3199 4296 3212 4331 :
3250 4277 3461 4333 suturis
3488 4290 3727 4343 namque

2152 4379 2300 4434 velut
2324 4377 2723 4431 deformitatem
2756 4388 2938 4430 secum
2970 4371 3274 4426 ferentibus
3334 4378 3567 4423 ornatus
3597 4368 3727 4421 addi

2154 4469 2457 4527 consuevit.

2218 4562 2378 4633 233
2410 4558 2550 4613 Ibid.
2585 4556 3049 4630 [Τετράστυλον.
3112 4552 3340 4607 Videtur
3384 4566 3505 4605 esse
3557 4564 3732 4618 augu-

2147 4658 2284 4714 stius
2311 4664 2364 4708 et
2383 4650 2635 4708 ornatius
2667 4648 2885 4719 aliquod
2915 4644 3295 4716 fastigium,ad
3322 4644 3560 4711 aliquam
3591 4642 3732 4696 aula:

2122 4778 2127 4785 ε
2157 4747 2346 4817 palatii
2378 4754 2585 4814 partem
2633 4752 2872 4813 quatuor
2907 4739 3181 4793 columnis
3218 4737 3273 4790 in
3330 4734 3567 4789 sublime
3595 4748 3724 4787 ere-

2147 4849 2317 4904 ctum,
2349 4838 2414 4892 ad
2441 4834 2612 4905 quod,
2645 4833 2736 4902 qui
2765 4833 2977 4901 equites
3014 4830 3195 4883 aulam
3227 4844 3292 4881 ex
3326 4826 3608 4896 privilegio
3632 4838 3732 4893 pe-

2148 4944 2363 4985 netrare
2387 4934 2656 4997 poterant,
2678 4924 2836 4993 cquis
2863 4922 2915 4975 in
2936 4931 3135 4976 terram
3168 4936 3227 4976 se
3254 4919 3537 4974 demittere
3562 4915 3731 4985 regiae.
3755 4912 3758 4914 ⁷

2147 5017 2450 5088 maiestatis
2491 5014 2734 5070 colendae
2790 5013 2959 5082 gratia
3001 5009 3490 5080 compellebantur.
3526 5002 3729 5074 ϐολιιά

2218 5109 2305 5164 Ib.
2337 5109 2476 5177 Lege
2533 5104 2756 5169 πεζεύει
2789 5105 3015 5157 κάκεῖσε
3043 5102 3165 5155 κατ’
3199 5099 3494 5167 ἀναλογίαν
3517 5096 3612 5150 τοῦ
3636 5097 3733 5148 τό·

2150 5221 2254 5257 που
2299 5196 2693 5269 τετραστύλου.
2744 5195 3005 5251 Ambulat
3073 5200 3129 5248 et
3173 5193 3301 5246 illuc
3335 5191 3406 5245 ob
3462 5190 3727 5244 rationem

2148 5301 2368 5364 prOpter
2399 5304 2563 5359 quam
2594 5286 2660 5341 ad
2681 5285 3041 5353 Tetrastylum
3060 5285 3304 5339 ambulat
3333 5283 3628 5347 ;nimirum
3660 5281 3731 5335 ob

2149 5386 2411 5441 bonorem
2439 5379 2808 5450 imperatoris.
2839 5378 2931 5446 qui
2962 5377 3074 5432 illic
3100 5391 3341 5446 praesens
3372 5383 3477 5430 est.
3514 5374 3727 5428 Gns'rs.

2222 5476 2282 5530 P.
2310 5474 2396 5529 16.
2422 5471 2559 5544 [Τοῦ
2584 5469 2965 5538 κοπριτορίου
2985 5469 3078 5521 καὶ
3099 5467 3206 5521 τοῦ
3226 5465 3426 5519 ἐπάνω
3447 5464 3728 5517 σκεπίου.

2152 5567 2563 5638 Epliippiarium
2596 5564 2899 5633 stragulum
2928 5572 2981 5615 et
3007 5561 3151 5615 aliud
3185 5559 3442 5627 superius
3473 5566 3729 5625 tegumen

2151 5664 2279 5711 sunt
2312 5654 2547 5715 diversa,
2580 5652 2723 5721 quod
2761 5667 2929 5705 unum
2966 5664 3162 5719 nempe
3195 5648 3371 5717 majus
3398 5648 3596 5708 altero,
3643 5643 3733 5698 vel

2153 5763 2322 5804 unum
2353 5746 2502 5814 pacis
2530 5754 2776 5813 tempore
2804 5745 2875 5799 sit
2902 5748 3309 5806 ornamentum,
3333 5739 3478 5793 aliud
3504 5739 3559 5792 in
3590 5736 3735 5792 bello

2156 5840 2227 5895 sit
2251 5836 2376 5907 equi
2411 5836 2713 5890 munimen.
