4064 6436
292 326 381 397 257
1363 336 1746 402 GRETSEHI
1785 340 1880 401 ET
1922 339 2160 401 GOARl
2201 341 2418 401 NOT/E

3453 341 3558 405 258

354 451 436 505 Ib.
467 448 719 515 Πεζεύει.
750 450 807 505 ld
832 458 935 515 est,
970 448 1028 503 in
1066 455 1261 503 terram
1291 462 1357 502 ex
1383 465 1514 522 equo
1546 451 1746 517 desilit,
1801 458 1862 505 ut
1893 455 1934 509 Α
1966 450 2136 505 uister
2155 450 2478 520 dignitatem
2510 447 2879 520 spectantiusn
2917 449 3092 505 oculis
3127 449 3553 515 manifestaret;

289 542 448 615 pedes
479 542 722 596 incedat.
745 540 943 613 Goan.]

353 634 438 689 Ib.
495 632 957 696 Αὑθεντόπουλος.
1017 632 1337 703 Quanquam
1388 632 1729 689 Glossarium
1780 632 1862 686 in.

285 730 612 795 terpretatur
642 726 828 778 herum
858 725 1136 790 minorem,
1166 727 1323 794 quasi
1360 725 1593 795 adjectio
1630 725 1723 778 illa
1763 724 1862 779 de-

282 827 464 888 cerpat
485 815 688 885 aliquid
714 816 780 869 de
804 815 1224 885 signiﬁcatione,
1249 815 1298 869 id
1332 825 1510 870 tamen
1542 825 1863 885 perpetuum

281 924 389 965 non
417 920 516 973 est,
553 920 613 963 ut
644 904 809 976 Supra
835 907 899 962 ad
933 924 986 978 p.
1026 909 1108 973 l4,
1144 908 1491 963 notabamus.

350 1000 431 1055 Ib.
462 999 587 1061 Μᾶς
620 1008 678 1053 ει
712 999 832 1062 σᾶς,
880 1012 979 1066 pro
1030 997 1132 1067 μοῦ
1164 1008 1219 1054 ει
1276 998 1371 1055 σοῦ
1432 1006 1562 1054 sunt
1614 997 1863 1053 barbara

280 1091 505 1147 Gracia
536 1090 916 1145 suaveolentes
946 1088 1179 1143 ﬂosculi.
1217 1088 1425 1144 Gas'rs.

292 1174 312 1189 .
354 1203 517 1279 [Vere
547 1214 773 1259 nasutus
788 1203 947 1258 etiam
974 1202 1219 1257 barbara
1244 1202 1466 1258 Gracia
1488 1215 1647 1257 voces
1682 1203 1787 1271 μᾶς
1810 1208 1864 1252 et

284 1301 384 1361 σᾶς
407 1313 512 1352 non
539 1295 641 1366 μοῦ
658 1305 713 1349 ει
737 1295 962 1358 σοῦ,εε‹1
988 1294 1146 1364 ἡμῶν
1172 1303 1225 1348 et
1247 1294 1400 1363 ὑμῶν
1417 1296 1533 1349 vice
1551 1293 1864 1349 odorabitur

281 1391 556 1460 usurpari.
581 1389 717 1443 Aliis
747 1400 932 1443 autem
965 1403 993 1440 a
1027 1388 1368 1443 nominativo
1400 1388 1557 1457 ὲμεῖς
1606 1397 1662 1441 ει
1718 1389 1862 1449 tua;

280 1502 378 1539 nos
414 1494 465 1539 et
490 1500 574 1537 vos
608 1481 830 1536 casibus
857 1480 1071 1535 cunctis
1102 1480 1443 1544 deserviunt,
1481 1479 1860 1549 mutilatisque

280 1591 382 1643 per
430 1574 751 1643 apbaresim
782 1573 920 1640 ἐμᾶς
943 1584 997 1626 ει
1029 1572 1161 1634 sed;
1193 1572 1579 1643 relinquuntur
1606 1587 1620 1637 ;
1660 1569 1858 1626 simul-

279 1682 391 1735 que
418 1666 566 1719 vides
608 1663 703 1717 τοῦ
759 1664 821 1716 σύ
876 1665 1057 1719 minus
1124 1664 1435 1719 anomalum
1472 1678 1594 1719 esse
1650 1663 1858 1733 plurale

277 1760 425 1821 ὲσεῖς
453 1771 615 1827 quam
683 1756 864 1824 ὑμεῖς,
901 1771 964 1810 ac
1014 1756 1135 1810 ideo
1193 1756 1573 1812 suaveolentes
1608 1756 1853 1811 barbara

274 1850 500 1906 Cra-eia
523 1848 801 1911 flosculos,
834 1848 985 1903 nullo
1036 1847 1194 1917 pretii
1223 1862 1411 1903 eorum
1436 1848 1647 1902 delectu
1684 1845 1850 1912 facto,

276 1959 390 1999 non
422 1957 544 1998 esse
575 1951 777 1996 temere
807 1942 1180 2010 protereudos.
1210 1940 1407 2011 Cosa]

356 2057 441 2112 Ib.
478 2057 751 2124 Αὐθέντης
793 2056 1061 2111 dominus.
1114 2055 1251 2110 Hinc.
1302 2057 1604 2123 αὐθεντεῖν,
1660 2055 1854 2110 αὐθεν-

278 2152 476 2214 τεύειν,
512 2150 873 2216 αύθεντίζειν,
902 2151 1265 2204 authenticum
1294 2150 1531 2213 reddere,
1564 2151 1857 2204 auctorita-

288 2256 401 2308 tem,
425 2242 529 2296 vim
561 2253 607 2296 et
645 2247 806 2294 robur
844 2242 1059 2305 addere,
1084 2251 1142 2293 ut
1168 2241 1338 2309 valeat
1366 2252 1412 2295 et
1442 2240 1589 2310 rejici
1615 2258 1715 2294 non
1739 2258 1859 2310 pos-

286 2336 368 2389 sit.
426 2334 491 2389 Et
518 2335 604 2389 cui
638 2350 748 2389 non
781 2344 909 2389 sunt
937 2336 1135 2388 audita
1159 2332 1453 2389 Justiniani
1502 2334 1853 2394 Aut/lentiore.

281 2444 420 2495 quas
474 2429 589 2497 ipse
616 2427 858 2497 Νεαράς,
891 2426 994 2481 hoc
1026 2436 1109 2481 est
1158 2427 1438 2492 Novellas,
1500 2426 1859 2496 indigitavit?

282 2520 621 2575 Anthentica
647 2517 944 2590 Scriptura
972 2535 1142 2574 sacra
1168 2521 1412 2574 omnium
1446 2534 1539 2573 ore
1585 2527 1859 2574 teruntur.

350 2610 521 2666 Graei
577 2626 722 2665 nunc
768 2612 1002 2680 ἀφένδης
1062 2611 1308 2665 scribunt
1365 2620 1421 2665 et
1480 2612 1859 2680 pronuntiant,

281 2714 337 2759 et
402 2707 714 2771 cciruptius
799 2703 974 2758 adhuc
1037 2704 1230 2772 efendi.
1316 2702 1558 2758 Transiit
1634 2714 1862 2773 utraque

280 2812 381 2851 vox
438 2796 503 2849 ad
556 2794 797 2851 Turcas:
853 2811 974 2849 nam
1045 2795 1150 2851 illis
1198 2796 1421 2865 aphendi
1475 2796 1559 2850 vel
1612 2794 1784 2864 efendi
1808 2796 1861 2849 in

281 2903 382 2943 usu
441 2897 545 2953 est,
606 2897 740 2943 teste
790 2887 1121 2943 Leunclavio
1168 2888 1222 2943 in
1271 2887 1626 2944 Onomaslieo
1659 2888 1865 2943 Musul-

282 2981 557 3034 niannico.
599 2980 868 3048 Ἀφένδρα
928 2979 1168 3033 domina.
1228 2980 1406 3034 Dousa
1464 2982 1517 3035 in
1569 2981 1861 3035 Itinerario

279 3073 597 3144 Cpolitano:
631 3071 748 3126 Nisi
807 3071 1015 3127 Grtrcos
1048 3072 1315 3126 interdum
1351 3074 1470 3128 vino
1525 3075 1854 3145 deposueris,

280 3170 384 3221 nisi
416 3168 595 3222 σταῖεο
618 3184 758 3222 more
795 3156 1253 3239 πολυχρονιάσῄς,
1285 3168 1496 3237 ἀφένδι,
1531 3170 1859 3223 exclamave-

281 3262 377 3323 ris,
409 3262 577 3316 oleum
618 3271 665 3316 et
696 3279 907 3332 cperant
937 3262 1253 3332 perdideris.
1292 3260 1429 3316 Hinc
1458 3261 1716 3316 αὑθεντία
1765 3263 1860 3317 do—

284 3357 528 3413 minatio.
560 3357 761 3412 Gnsrs.

897 3442 1129 3547 CAPLl'l‘
1170 3490 1234 3545 V.

287 3608 677 3679 Explicationes
709 3617 755 3660 et
790 3609 1175 3679 observationes
1209 3605 1349 3658 circa
1361 3603 1693 3679 reliquorum
1732 3616 1864 3679 pro:-

357 3670 529 3732 cermu
566 3680 858 3731 aulicorum
882 3677 1140 3747 insignia,
1182 3691 1299 3746 qua:
1349 3670 1584 3729 Codinus
1623 3674 1799 3742 capite
1826 3670 1859 3725 4

355 3750 679 3819 exsequitur.

356 3863 415 3917 l'.
449 3863 539 3918 l7.
572 3861 670 3935 [Τὸ
699 3860 997 3915 σκιάδιον.
1028 3859 1236 3929 Capitis
1268 3860 1502 3929 tegimen
1537 3858 1859 3912 honoratius

222 3986 225 3991 ‹
282 3968 336 4009 ει
363 3955 498 4009 aula
529 3956 844 4024 proceribus
892 3967 1217 4007 concessum
1263 3950 1504 4005 σκιάδιον
1532 3959 1691 4003 vocat
1724 3963 1858 4002 auc-

288 4058 369 4100 tor
391 4044 656 4100 cumJure
678 4044 791 4101 GR.
825 4061 877 4114 p.
906 4043 1029 4108 l86,
1057 4041 1274 4097 Nicetas
1304 4042 1459 4096 πῖλον
1481 4052 1536 4096 ει
1560 4042 1855 4109 κάλυμμα,

286 4138 555 4206 Gregoras
582 4135 923 4202 καλύπτραν.
950 4131 1206 4186 Formam
1243 4131 1332 4185 hic
1376 4130 1623 4200 depingit
1651 4129 1859 4183 ultimis

286 4227 528 4281 historia
560 4240 671 4281 sua
703 4225 919 4279 verbis:
962 4224 1097 4292 Περί
1119 4240 1184 4291 γε
1230 4221 1340 4293 μὴν
1373 4222 1474 4288 τῆς
1497 4221 1589 4272 ἐπὶ
1616 4219 1860 4288 κεφαλῆς

286 4321 605 4390 καλύπτρας
647 4320 739 4372 ἐπὶ
794 4320 901 4372 τῶν
955 4318 1054 4388 μὲν
1104 4319 1375 4387 πρότερον
1429 4314 1696 4386 βασιλέων
1736 4313 1858 4377 ἔθος

284 4416 409 4476 τοὺς
438 4413 533 4483 μὲν
549 4412 725 4481 χρόνῳ
750 4409 1166 4478 προϐεϐηκότας
1188 4411 1244 4462 ὲν
1262 4411 1376 4470 τοῖς
1402 4406 1696 4477 βασιλείοις
1723 4405 1858 4475 χρῆ-

1966 557 2073 611 qua
2128 544 2337 595 ratione
2403 539 2621 596 Nicetas
2649 542 2789 595 idem
2840 542 2891 596 in
2926 541 3117 597 Alexio
3167 542 3432 599 Manuelis
3485 543 3550 601 Ρ.

1970 634 2359 703 συγκλητικῶς
2392 634 2773 703 ἐξυφατμένον
2803 635 2901 704 τῆς
2949 634 3197 703 κεφαλῆς
3261 636 3555 705 κάλυμμα,

1966 742 2065 795 pro
2104 736 2416 795 maguatum
2454 725 2842 795 (συγκλητικοί
2900 726 3047 779 enim
3102 740 3211 778 non
3270 738 3557 782 senatores

1969 820 2150 882 modo,
2180 819 2273 873 sed
2304 828 2357 872 et
2383 833 2639 886 proceres
2670 817 2849 871 cuncti
2881 816 3162 884 dicuntur)
3194 826 3242 869 et
3261 817 3554 884 oﬁiciorum

1968 912 2226 965 varietate
2265 911 2426 964 variis
2459 910 2721 963 coloribus
2760 918 2810 963 et
2849 910 3074 962 materia
3135 910 3340 963 diversa
3402 924 3554 964 com-

1968 1003 2093 1073 poni
2125 1020 2190 1055 ex
2222 1004 2569 1057 assuetudine
2601 1001 2906 1056 allirmavit.
2941 1000 3255 1070 Logothcta
3297 1001 3425 1070 pilei
3457 1002 3554 1055 de-

1967 1094 2320 1162 scriptionem
2345 1101 2470 1147 uota
2493 1091 2721 1145 inferior
2752 1093 2817 1146 ad
2847 1108 2899 1161 p.
2932 1092 2994 1145 l9
3020 1092 3319 1147 exhibebit.
3347 1091 3547 1164 Gosn.]

2039 1184 2182 1240 Ibid.
2245 1184 2761 1238 Κλαπωτόνσιιιιιὶιιε
2778 1185 2981 1254 ubique
3013 1186 3179 1239 vertit
3215 1202 3549 1255 squameum,

1967 1294 2143 1348 exque
2176 1278 2382 1330 Arabia
2407 1287 2459 1331 et
2489 1276 2649 1347 Syria
2684 1277 2959 1331 cunabula
3013 1279 3269 1332 accersit.
3300 1276 3551 1333 Ridicule

1966 1385 2217 1440 prorsus,
2249 1370 2375 1438 quia
2427 1379 2509 1423 est
2542 1385 2639 1421 vos
2684 1386 2835 1423 more
2884 1367 3100 1433 Latina,
3152 1370 3419 1421 clavatum
3449 1386 3549 1423 seu

1967 1464 2228 1525 clavatus,
2270 1462 2424 1530 παρὰ
2457 1462 2519 1513 τὸ
2544 1460 2757 1522 κλάπος
2788 1460 2902 1514 sive
2925 1460 3150 1524 κλάδος,
3178 1464 3377 1515 clavus.
3410 1460 3552 1514 Hinc

1967 1553 2317 1626 χρυσόκλαδα
2375 1562 2428 1609 ει
2480 1554 3012 1624 χρυσοκλαὸαρικά,
3048 1553 3394 1623 chrysoclava
3448 1568 3549 1607 seu

1966 1645 2261 1709 auriclava,
2293 1646 2361 1699 de
2389 1645 2592 1714 quibus
2631 1650 2744 1712 jam
2801 1660 2969 1714 supra
3012 1646 3078 1699 ad
3109 1660 3160 1711 p.
3193 1644 3247 1699 5.
3289 1644 3405 1697 Viri
3457 1659 3552 1697 ao-

1966 1740 2059 1800 cti,
2095 1738 2272 1806 inquit
2318 1737 2760 1799 Glossarium,“
2812 1748 2895 1792 est
2942 1736 3162 1799 Junius,
3192 1747 3383 1807 putant
3437 1752 3551 1790 esse

1957 1845 2131 1883 vocem
2170 1830 2407 1881 Arabum
2438 1839 2487 1883 et
2515 1827 2793 1897 Syrorum,
2827 1845 2943 1898 qua
2977 1845 3113 1883 mere
3141 1828 3338 1881 Latina
3366 1837 3469 1892 est,
3500 1837 3551 1880 et

1957 1920 2113 1975 aliter
2142 1921 2566 1987 interpretantur
2591 1936 2752 1989 quant
2772 1920 3050 1974 debebant.
3083 1923 3255 1986 Quam
3286 1922 3549 1975 benevole

1959 2010 2218 2065 transfert
2247 2009 2314 2065 ad
2357 2011 2546 2079 plures
2574 2010 2722 2080 quod
2762 2012 2936 2066 solius
2962 2009 3110 2065 Junii
3136 2014 3251 2065 est!
3295 2020 3348 2066 et
3379 2028 3544 2081 quam

1956 2105 2131 2159 amice
2161 2104 2253 2157 hic
2281 2113 2335 2156 et
2364 2101 2490 2156 alibi
2544 2103 2898 2172 gravissimos
2950 2103 3068 2172 ejus
3118 2103 3305 2172 lapsus
3340 2102 3544 2172 tangit!

1960 2192 2163 2261 ubique
2186 2192 2332 2261 quod
2375 2190 2577 2246 Junius
2644 2191 2919 2255 deliravit,
2956 2193 3057 2247 hoc
3086 2193 3188 2246 viri
3224 2192 3369 2246 docti
3405 2192 3550 2247 lece-

1960 2293 2107 2338 runt.
2136 2284 2333 2340 Gners.

2031 2375 2403 2446 [Κλαπωτόν.
2429 2376 2634 2446 Duplex
2676 2378 2826 2430 illum
2860 2393 3112 2441 aureum,
3146 2395 3312 2435 unum
3345 2382 3549 2440 ductile

1962 2485 2291 2538 purumque,
2352 2470 2511 2538 quasi
2546 2470 2783 2524 solidum
2816 2487 2829 2536 ;
2871 2471 3019 2526 aliud
3069 2473 3272 2527 ductile
3301 2477 3545 2544 quidem,

1964 2562 2057 2616 sed
2093 2562 2255 2616 molis
2308 2570 2493 2617 lusum
2539 2571 2595 2616 et
2624 2578 2899 2632 pressum,
2927 2565 3101 2619 serica
3127 2566 3212 2620 ﬁla
3243 2570 3548 2625 circumve-

1964 2654 2079 2708 stit.
2133 2652 2380 2708 Primum
2418 2653 2604 2723 σύρμα
2661 2665 2765 2721 est,
2799 2672 2859 2708 or
2894 2658 3048 2721 trait,
3084 2659 3388 2714 secundum
3420 2661 3549 2716 κλα-

1965 2746 2144 2798 πωτόν
2182 2756 2311 2799 seta
2332 2746 2809 2815 circumpositum,
2829 2764 2889 2799 or
2918 2747 3028 2815 ﬁte.
3057 2749 3261 2821 σολυμ]

2039 2835 2125 2890 Ib.
2153 2837 2490 2901 Δικανίκιον,
2558 2839 2721 2907 παρὰ,
2759 2840 2822 2891 τὸ
2848 2840 3241 2911 6!xq,'passim
3303 2847 3548 2900 occurrit

1968 2931 2108 3000 apud
2162 2931 2455 2986 Codinum.
2508 2929 2705 2985 Junius
2736 2933 2941 3001 ubique
2970 2935 3423 3005 vertitsceptrum
3453 2940 3550 3007 ju-

1969 3022 2186 3077 diciale.
2232 3022 2414 3077 Potest
2433 3039 2535 3077 vox
2560 3023 2674 3092 ipsa
2692 3022 2880 3079 Graca
2906 3026 3130 3079 retineri
3154 3044 3170 3092 ;
3198 3040 3373 3096 potest
3402 3032 3550 3084 dica-

1883 3135 1931 3198 ρ
1973 3116 2174 3168 nicium
2202 3114 2536 3185 simpliciter
2565 3116 2706 3169 verti
2744 3126 3030 3185 sceptrum.
3075 3118 3390 3188 Aliquando
3419 3139 3543 3176 cum

1968 3209 2036 3262 de
2065 3209 2395 3279 patriarchis
2453 3215 2507 3262 et
2535 3209 2812 3278 episcopis
2877 3224 3060 3265 sermo
3099 3221 3203 3278 est,
3244 3222 3307 3265 ut
3333 3229 3386 3282 p.
3422 3216 3543 3279 105,

1962 3301 2168 3353 rectius
2199 3299 2528 3354 redderetur
2567 3302 2780 3369 pedum.
2819 3298 2875 3353 ln
2901 3301 3285 3373 Turcogracia
3319 3318 3549 3361 vocatur

1959 3392 2271 3445 δεκανίκιον
2301 3392 2432 3462 (nisi
2474 3391 2548 3446 sit
2574 3392 3011 3461 typographicus
3045 3394 3222 3465 error)
3256 3412 3309 3466 p.
3338 3397 3427 3462 15,
3450 3400 3544 3454 ubi

1960 3486 2028 3539 de
2081 3483 2364 3538 Gennadio
2434 3484 2747 3553 patriarcha
2807 3493 2862 3538 et
2892 3485 3223 3554 imperatore
3268 3487 3544 3545 Turcico:

1973 3578 2156 3641 Ἰδίαις
2221 3578 2383 3646 χερσὶ
2448 3577 2683 3630 δέδωκεν
2740 3577 2892 3647 αὑτῷ
2969 3579 3278 3633 δεκανίκιον
3345 3582 3545 3636 πολλοῦ

1958 3670 2133 3735 ἄξιον,
2184 3671 2304 3741 ἦτοι
2362 3670 2561 3742 ῥάϐδον
2624 3671 2877 3742 ἀργυρᾶν
2924 3677 3545 3748 περικεχρυσωμὲνην,

1960 3762 2195 3831 ὡραίαν.
2263 3761 2317 3815 In
2356 3761 2565 3830 scripto
2622 3760 2861 3828 quodam
2901 3760 3374 3820 GracooBarbaro
3418 3767 3457 3824 l.
3505 3785 3545 3824 ιι
3597 3760 3606 3769 ’

1959 3853 2398 3908 Turco-Gracia
2470 3864 2695 3907 vocatur
2781 3854 3062 3923 δικανίκη.
3168 3858 3545 3932 Ποιμαντικὴν

1962 3948 2157 4017 ράὗδον
2177 3954 2337 3998 vocat
2356 3945 2633 4013 Gregoras
2662 3945 2702 4001 l.
2733 3961 2809 3999 vi.
2844 3945 3045 4000 GnE'rs.

2034 4036 2671 4111 Ιὸὶιι.[’Δπὸτῆ;δίκης,
2699 4037 2967 4104 ajustitia
2992 4054 3091 4091 vox
3120 4039 3349 4095 deducta
3375 4040 3545 4109 justi-

1962 4130 2051 4184 tia
2077 4144 2295 4197 quoque
2327 4139 2380 4181 et
2412 4128 2701 4196 potestatis
2733 4129 2786 4181 in
2817 4129 2956 4183 alios
2982 4129 3302 4185 exercenda
3322 4134 3545 4202 symbo-

1962 4221 2073 4275 lum
2110 4219 2482 4287 quodcunque
2529 4217 2824 4285 signiﬁcat.
2871 4219 2981 4273 lloc
3018 4219 3071 4272 in
3110 4235 3234 4290 rege
3260 4230 3541 4290 sceptrum

1961 4319 2067 4371 est,
2103 4311 2155 4362 in
2187 4310 2446 4379 pontiﬁte
2486 4294 2681 4375 pedum
2713 4309 3010 4377 pastorale,
3066 4311 3121 4365 in
3148 4312 3344 4368 abbate
3372 4315 3541 4370 bacu-

1962 4404 2069 4469 lus,
2099 4404 2155 4458 in
2178 4404 2325 4473 regio
2342 4402 2593 4456 ministro
2613 4401 2878 4464 calamus,
2907 4403 3161 4471 bacillns,
3183 4405 3365 4461 clava:
3398 4423 3540 4465 cun-

288 4506 410 4558 σθαι
446 4504 793 4574 καλύπτραις
826 4501 1137 4572 πυραμίδος
1210 4502 1309 4571 μὲν
1333 4500 1590 4569 ἐχούσαις
1647 4498 1855 4568 σχῆμα,

1962 4498 2063 4553 etis
2092 4497 2213 4552 istis
2244 4495 2618 4566 exprimendis
2678 4509 2779 4548 vox
2811 4495 3114 4549 6tx1letov
3154 4500 3374 4568 propria
3402 4513 3485 4556 est
3520 4522 3535 4567 ;

291 4600 536 4667 σηρικοῖς
559 4596 718 4666 233
748 4594 792 4647 δ’
814 4594 1080 4663 ἐνδύμασι
1108 4593 1252 4646 κατὰ
1272 4594 1331 4645 τὸ
1357 4591 1623 4659 ἀνάλογον
1645 4590 1862 4658 ἑκάστῳ

285 4686 498 4753 ἀξίωμα
537 4685 1005 4753 καλυπτομέναις,
1049 4683 1162 4735 ὅσοι
1183 4681 1227 4735 δ’
1264 4683 1321 4735 ὲν
1378 4682 1585 4751 ἡλικίᾳ,
1637 4682 1860 4743 τούτους

290 4775 344 4826 δὲ
372 4775 587 4837 πάντας
620 4772 879 4837 καθάπαξ
902 4772 1211 4825 ἀκάλυπτον
1268 4771 1409 4841 ἔχειν
1446 4772 1545 4842 τὴν
1594 4771 1857 4841 κεφαλήν.

289 4865 439 4921 Unde
469 4881 592 4919 cum
623 4865 690 4919 ad
712 4865 906 4935 ephebi
930 4874 1142 4919 atatem
1178 4864 1463 4933 processit,
1494 4872 1622 4918 tunc
1650 4871 1859 4918 tantum

282 4959 518 5027 tlespota
548 4973 644 5028 per
674 4971 879 5011 morem
919 4955 1001 5011 l‘as
1033 4967 1111 5010 εει
1150 4965 1290 5009 tecto
1343 4956 1520 5025 rapite
1551 4956 1604 5009 in
1657 4958 1861 5024 palatio

282 5052 433 5107 cerui
461 5067 475 5104 :
512 5066 645 5115 puer
674 5050 821 5103 enim
858 5049 1079 5104 nonnisi
1107 5038 1298 5118 aperto
1323 5060 1594 5110 versatur,
1627 5050 1701 5101 ait
1726 5065 1859 5104 auc-

284 5152 369 5194 tor
390 5140 567 5210 capite
602 5139 885 5208 superiore
913 5157 927 5193 :
971 5137 1091 5191 Ἐπὶ
1119 5139 1363 5209 κεφαλῆς
1397 5138 1477 5192 ἔτι
1511 5140 1627 5202 νέος
1659 5140 1760 5207 μὲν
1785 5138 1861 5193 ὢν

280 5234 310 5285 ὁ
346 5232 615 5303 δεσπότης
648 5235 809 5300 φορεῖ
829 5231 887 5283 ἐν
917 5230 997 5301 τῷ
1048 5232 1298 5301 παλατίῳ
1328 5232 1502 5285 οὐδέν.
1568 5230 1702 5285 Pilei
1760 5232 1859 5286 de-

281 5324 544 5394 scriptam
594 5339 622 5377 a
648 5321 888 5393 Gregora
938 5323 1170 5377 formam
1209 5322 1425 5377 dixerat
1478 5322 1607 5376 olim
1640 5321 1857 5379 Nicctas

281 5417 581 5472 Andronici
611 5416 647 5469 Ι.
680 5432 716 5469 ιι
751 5432 779 5468 a
812 5416 1057 5471 barbaris
1084 5408 1367 5485 acceptam
1397 5434 1413 5471 :
1459 5416 1618 5469 Πῖλον
1651 5417 1859 5487 βαρϐα-

285 5508 439 5578 ρικὸν
466 5508 535 5575 τῇ
561 5506 769 5576 κεφαλῇ
796 5504 1181 5575 περιθέμενος,
1214 5504 1272 5567 ὃς
1292 5506 1371 5568 εἰς
1410 5506 1506 5570 ὀξὺ
1538 5507 1720 5575 λήγων
1757 5526 1855 5559 πυ-

286 5596 471 5666 ραμίδι
513 5592 786 5647 εἴκασται.
830 5593 1091 5663 Proprius
1150 5605 1329 5649 tamen
1359 5604 1413 5650 et
1465 5596 1754 5652 familiaris
1785 5600 1857 5653 ita

285 5683 533 5738 redditus
564 5691 671 5748 est,
707 5692 764 5736 ut
788 5698 893 5737 non
927 5683 1126 5748 forma,
1164 5685 1260 5738 sed
1293 5687 1536 5741 materia
1566 5689 1857 5744 colorum—

283 5791 390 5846 que
423 5776 541 5845 ejus
570 5779 831 5831 varietate
858 5788 1083 5831 senator
1116 5778 1345 5847 quilibet
1375 5789 1426 5833 et
1492 5782 1704 5836 aulicus
1757 5784 1855 5837 mi-

1962 4600 2016 4644 et
2059 4589 2248 4644 Latine
2285 4588 2533 4643 redditur
2592 4587 2940 4642 commodius
2981 4590 3129 4658 virga
3176 4592 3257 4645 vel
3323 4593 3539 4649 baculus

1962 4696 2128 4749 quam
2164 4689 2450 4749 sceptrum.
2483 4676 2758 4733 Seribitur
2787 4689 2837 4735 et
2869 4680 3178 4734 δεκανίκιον
3207 4694 3262 4739 ει
3293 4685 3540 4740 δεκανίκι

1963 4771 2132 4826 dictio
2156 4787 2184 4824 a
2218 4771 2391 4841 priori
2429 4778 2722 4826 truncata:
2751 4786 2858 4825 non
2884 4773 3167 4842 δεκανίκη,
3202 4784 3261 4828 ιιι
3304 4778 3535 4833 barbare

1966 4861 2261 4919 Meursius.
2303 4862 2493 4917 Simon
2559 4862 2779 4917 Portius
2814 4863 3100 4918 δικανίκιι
3145 4866 3366 4935 ῥάϐδος,
3404 4869 3541 4938 βάκ-

1962 4974 2109 5025 τρον,
2127 4956 2420 5028 βακτηρία,
2443 4955 2626 5023 ξύλον,
2644 4955 2883 5009 baculus.
2903 4957 3270 5019 Consecratus.
3292 4960 3538 5028 inquam,

1963 5049 2204 5114 baculus,
2243 5048 2461 5117 qualem
2501 5049 2893 5103 caduceatores
2919 5050 3094 5102 nostri
3126 5051 3395 5119 gerebant
3426 5058 3538 5122 pri-

1963 5144 2153 5204 mitus,
2175 5142 2242 5195 de
2269 5156 2381 5210 quo
2406 5139 2700 5209 Gregorius
2723 5138 2930 5193 Turon.
2961 5155 3055 5205 vn,
3074 5141 3142 5196 ω
3170 5161 3182 5196 :
3212 5143 3361 5198 Misit
3391 5144 3542 5201 Cun-

1963 5234 2219 5288 dobaldus
2249 5234 2382 5285 duos
2409 5234 2604 5301 legatos
2625 5233 2693 5283 ad
2734 5248 2901 5301 regem
2931 5250 3050 5287 cum
3077 5237 3236 5307 virgis
3268 5255 3544 5295 consecra-

1964 5328 2050 5391 tis,
2089 5326 2245 5393 juxta
2287 5326 2443 5377 ritum
2477 5320 2828 5387 Francorum,
2870 5337 2925 5379 ut
2956 5328 3161 5383 scilicet
3184 5348 3289 5385 non
3330 5336 3544 5387 contin-

1962 5426 2208 5499 gerentur
2229 5415 2293 5468 ab
2326 5415 2473 5480 ullo;
2505 5416 2720 5484 qualem
2751 5417 2914 5490 235
2955 5421 3115 5475 elia-n
3151 5433 3349 5492 gerunt
3370 5440 3547 5481 mare-

1961 5508 2123 5562 scalci
2149 5548 2165 5573 ,
2206 5507 2393 5577 regius
2425 5507 2661 5577 dapil‘er,
2705 5512 3020 5579 praetoriani
3051 5514 3349 5583 immunes,
3380 5531 3547 5586 appa-

1961 5600 2182 5663 ritores,
2210 5609 2314 5653 etc.
2346 5597 2494 5655 Gosa
2525 5597 2545 5670 ]

2031 5690 2096 5745 P.
2143 5693 2234 5745 17.
2275 5691 2382 5747 Pro
2432 5692 2657 5763 κόμσων
2700 5693 2903 5753 Junius
2958 5698 3151 5753 eodem
3197 5712 3364 5752 sensu
3402 5699 3541 5766 κόμα

1963 5802 2101 5840 πων.
2129 5786 2324 5840 Ganrs.
3573 5783 3583 5791 ’
