4064 6412
535 312 645 375 263

1624 316 1706 376 IN
1740 315 2047 378 LIBRUM
2094 319 2191 380 DE
2225 320 2567 381 OFFICIIS
2609 323 2719 383 ΕΡ.

3683 329 3802 400 ,264

539 425 629 486 Π,
678 425 735 479 in
786 424 1027 479 triclinio
1067 409 1414 496 iinperatoris
1450 426 1699 482 vestiunt
1761 430 2122 484 auabatbram
2155 441 2198 494 Α
2233 433 2570 488 Describitur
2604 437 2917 492 accuratius
2940 452 2967 489 a
3012 437 3276 510 Gregora,
3311 455 3385 506 vr,
3422 443 3472 507 l,
3506 442 3802 502 Muzalonis

540 520 738 588 βλατίῳ
770 517 1024 587 κοκκινῳ.
1055 516 1277 580 Junius,
1301 520 1464 573 linteo
1496 520 1750 575 coccino:
1789 521 1882 575 sed
1923 523 2119 578 melius

535 627 711 679 panno
740 611 1000 665 coccineo.
1029 610 1091 664 C.
1123 609 1156 664 6
1192 619 1340 666 tenet
1371 612 1668 680 imperator
1702 627 1864 666 manu
1892 614 2117 668 sinistra

537 703 758 771 βλάτιον
815 702 1013 755 κώδιιιι
1070 703 1298 766 ἐοικόςε
1353 704 1443 756 ubi
1492 703 1719 774 βλάτιον
1764 714 1846 758 est
1877 706 2120 759 volumen

535 793 651 846 sive
676 792 1009 846 involucrum
1041 793 1340 862 obligatum
1370 795 1606 849 mantili.
1643 795 1696 848 ld
1718 794 1793 848 ita
1816 809 1959 858 esse,
1989 811 2122 848 ocu-

535 885 913 954 lis.inspicere
945 896 1097 954 potes
1126 887 1177 939 in
1227 887 1406 942 tribus
1441 887 1774 956 imaginibus
1823 887 2119 952 imperato-

532 992 653 1029 rum
681 976 839 1030 initio
869 976 1144 1047 Gregoraa,
1177 989 1234 1031 et
1265 978 1318 1032 in
1358 993 1580 1032 nummo
1611 978 1924 1041 Theodosii,
1957 996 2115 1048 quem

531 1083 663 1125 tom.
709 1072 776 1126 Ill
809 1073 876 1126 de
918 1071 974 1125 S.
1007 1073 1203 1138 Cruce,
1236 1088 1274 1139 t,
1311 1074 1394 1134 14,
1432 1074 1798 1141 vulgavitnus.
1843 1073 1908 1128 C.
1949 1078 1984 1127 4
2019 1075 2114 1128 Ita-

529 1165 626 1218 bes
662 1166 904 1218 σκιάδιον
948 1165 1168 1234 βλάτιον
1207 1166 1470 1218 διόολέον.

604 1255 678 1308 De
723 1258 891 1310 blatio
924 1257 994 1309 ita
1033 1255 1274 1309 Junius:
1313 1256 1557 1320 Βλάτιον,
1595 1274 1687 1326 per
1716 1274 1975 1327 syncopen
2020 1274 2113 1323 pro

535 1349 808 1418 βολάτιον,
843 1348 996 1417 παρὰ
1022 1350 1083 1399 τὸ
1117 1347 1353 1417 βάλλειν,
1389 1359 1462 1401 est
1491 1351 1595 1404 tela
1641 1366 1730 1403 seu
1764 1350 1964 1402 textilis
2001 1367 2114 1401 ma-

529 1440 666 1494 teria
687 1439 884 1508 qumvis
919 1447 968 1490 et
1006 1455 1136 1503 opus
1172 1449 1394 1497 textum.
1423 1439 1528 1491 sive
1557 1438 1819 1502 unicolor,
1845 1441 1949 1491 sive
1973 1439 2112 1490 διϐο-

528 1529 671 1598 λέος,
695 1530 830 1581 bilis:
850 1538 898 1583 et
927 1530 1148 1594 bicolor,
1178 1530 1280 1583 sive
1297 1530 1595 1598 τριδολέον,
1625 1532 1774 1584 ινὶίὶτσ
1795 1541 1844 1584 et
1861 1532 2105 1595 tricolor,

525 1623 633 1674 sive
669 1621 994 1686 πολύμιτον,
1033 1621 1319 1675 multitium
1370 1633 1524 1691 atque
1567 1624 1896 1679 multicolor.
1938 1625 2110 1694 Atque
2145 1641 2160 1656 ο

526 1712 648 1764 hinc
680 1711 924 1780 βλάτινος
963 1714 1184 1766 textilis.
1223 1711 1346 1765 "ac
1370 1713 1478 1766 ille.
1507 1711 1610 1766 Sed
1645 1716 1786 1768 unde
1811 1716 1974 1787 liabet
2006 1716 2107 1769 iste

2223 525 2517 594 logotltette
2562 526 2846 596 fungentis
2882 527 3059 583 dﬂicio
3095 531 3155 583 τὸ
3214 533 3481 587 σκιάδιον.
3518 530 3632 590 Ἦν
3688 538 3744 592 δέ
3772 542 3803 592 ὁ

2220 619 2526 682 Μουζάλων
2570 621 2739 690 τιμήν
2791 638 2914 674 τινα
2961 623 3165 692 ταύτην
3201 625 3340 695 ἔχων
3378 627 3673 697 ἐξαίρετον,
3705 633 3805 700 μόο

2220 727 2308 772 νος
2345 712 2458 759 τῶν
2493 711 2666 762 πάλαι
2696 713 2757 762 τὸ
2810 714 3000 781 ὅμοιον
3041 715 3193 784 αὐτῷ
3238 717 3652 788 προειληφότων
3683 722 3800 787 ἀξί-

2221 816 2368 867 ωμα,
2401 799 2724 870 καλύπτραν
2759 806 2948 872 φορεῖν
2976 805 3071 856 ἐπὶ
3107 806 3352 875 κεφαλῆς
3383 811 3798 881 χρυσοκσκκίνῳ

2221 890 2651 959 κεκαλυμμένην
2685 887 2968 962 ἐνδύματι,
2993 893 3142 948 ὄσον’
3170 898 3230 950 τὸ
3259 897 3373 952 ἄνω
3400 887 3498 953 καὶ
3547 903 3684 972 πρὸς
3729 909 3794 974 τῇ

2219 982 2485 1049 πυραμίδι
2521 985 2620 1053 τῆς
2676 986 3004 1053 ἐπιφανείας
3038 988 3252 1058 σχῆμα,
3286 993 3344 1043 ὲν
3373 991 3552 1062 τούτῳ
3588 997 3801 1063 παραλ-

2218 1071 2524 1127 λάττουσαν
2575 1078 2722 1146 μόνῳ
2762 1077 2860 1130 τοῦ
2921 1083 3316 1151 παραπλησίαν
3349 1079 3491 1136 εἶναι
3530 1084 3794 1150 καθάπαξ

2158 1180 2161 1182 '
2217 1169 2281 1237 τῇ
2313 1168 2422 1219 τῶν
2444 1167 2538 1220 τοῦ
2567 1167 2833 1236 βασιλέως
2873 1173 3136 1239 ἐγγόνων,
3167 1176 3250 1226 ὃτι
3278 1175 3353 1245 μὴ
3383 1177 3479 1228 καὶ
3514 1177 3613 1247 τὴν
3650 1179 3802 1231 κάτω

2216 1264 2310 1311 καὶ
2343 1261 2535 1332 κοίλην
2581 1265 2912 1331 ἐπιφάνειαν
2945 1263 3058 1336 εἶχε
3097 1267 3412 1330 κυκλίσκοις
3447 1272 3804 1340 πεποικιλμέ-

2217 1370 2314 1420 νην
2356 1357 2749 1424 χρυσοειδὲσιν,
2783 1358 2920 1412 ἀλλὰ
2969 1359 3119 1423 λείαν
3168 1361 3392 1424 τελέως.
3452 1362 3802 1417 Confereuda

2220 1444 2335 1497 haec
2392 1461 2517 1499 cum
2557 1446 2718 1501 dictis
2765 1449 2929 1517 hujus
2967 1460 3022 1503 et
3065 1451 3370 1520 superioris
3419 1452 3615 1518 capitis
3671 1461 3803 1504 nota

2215 1535 2838 1604 prima._Castamonitaa
2893 1538 3186 1606 logotltette
3241 1540 3506 1594 inusitata
3563 1536 3801 1605 insignia

2215 1625 2476 1678 describit
2536 1623 2752 1679 Nicetas
2813 1625 3009 1680 Isaacii
3045 1627 3259 1695 Angeli,
3302 1629 3336 1680 Ι.
3379 1643 3473 1680 tu:
3531 1624 3801 1697 ΙΙρσῖέναι

2215 1719 2325 1787 γὰρ
2355 1717 2451 1770 καὶ
2483 1719 2698 1786 φάλαρα
2744 1719 2993 1790 ὀξυδαφῆ
3028 1720 3176 1784 αὐτῴ
3208 1721 3472 1772 ἐνέδωκεν
3499 1720 3664 1790 ἔχειν,
3694 1715 3801 1774 τοῦ

527 1796 966 1874 ειιιιιιιβολάτιον
993 1823 1020 1860 a
1051 1806 1305 1875 βάλλεινῗ
1341 1809 1413 1861 Ex
1439 1823 1546 1875 quo
1577 1808 1878 1876 scriptore?
1910 1825 1972 1860 ex
2001 1823 2109 1874 quo

2219 1809 2368 1880 ἱεροῦ
2411 1813 2795 1881 σχοινίσματος
2845 1788 3290 1881 ὅντιήπρότερον,
3339 1815 3436 1866 καὶ
3498 1788 3799 1883 ἐφεστρίδα

526 1897 704 1951 lcxico
731 1897 754 1950 ?
783 1913 847 1950 ex
881 1914 988 1966 quo
1010 1898 1324 1967 glossario?
1352 1897 1525 1952 Multo
1551 1899 1884 1968 probabilius
1905 1899 2107 1951 dicitur

525 1987 746 2043 Graecos
801 1988 1050 2041 Latinam
1092 2004 1282 2042 vocem
1319 1989 1570 2042 blatteam
1608 1991 1658 2042 in
1706 2005 1859 2043 suam
1914 1989 2106 2042 civita-

526 2091 634 2135 tem
689 2081 990 2143 ascivisse;
1025 2081 1107 2133 vel
1168 2080 1383 2150 βλάτιον
1417 2077 1447 2134 a
1493 2080 1666 2134 πλατύ
1712 2080 2004 2142 formasse,
2049 2086 2106 2132 ut

525 2174 798 2241 signiticet
845 2173 1106 2242 quidquid
1167 2173 1336 2228 latum
1391 2183 1444 2228 et
1491 2187 1796 2244 expansum
1829 2183 1934 2227 est.
1967 2172 2106 2227 Iliuc

523 2264 773 2317 blattium
819 2265 960 2328 auri,
993 2265 1228 2333 argenti,
1267 2265 1420 2326 ferri,
1453 2267 1678 2319 chartze.
1718 2265 1825 2319 Nec
1872 2275 1957 2318 sat
1986 2265 2104 2318 scio

524 2371 592 2411 an
637 2371 742 2410 non
774 2357 880 2410 huc
922 2355 1108 2410 itidem
1163 2355 1326 2409 fariat
1367 2355 1755 2411 Germanicum
1802 2355 1960 2421 blatt,
1993 2369 2103 2425 quo

523 2449 894 2515 signiﬁcamus
927 2447 1097 2501 latum
1126 2457 1180 2500 et
1213 2461 1505 2501 extensum.
1544 2447 1751 2502 Gners.

593 2537 902 2610 [Βλάτινον,
940 2539 1331 2608 bombycinum.
1372 2538 1600 2591 Βλατίον
1649 2548 1829 2592 autem
1889 2552 2102 2607 pannus

523 2631 756 2689 sericus,
785 2631 952 2685 vestis
977 2631 1303 2700 bombycina
1331 2640 1434 2693 est,
1460 2630 1793 2699 quandoque
1839 2631 1993 2698 placa
2020 2647 2103 2683 ra-

523 2733 715 2786 saque,
747 2698 1143 2786 nonnunquam
1181 2718 1348 2770 variis
1397 2718 1587 2786 tiguris
1635 2712 1924 2784 delineata,
1964 2734 2100 2773 non-

523 2821 806 2872 nunquam
841 2820 977 2858 auro
1021 2806 1338 2858 intertexta.
1371 2805 1467 2858 His
1487 2805 1621 2858 locis
1652 2820 1786 2857 auro
1810 2821 1914 2858 non
1946 2805 2101 2858 intel-

523 2896 708 2965 ligitur
741 2895 1053 2966 coniugata,
1109 2893 1392 2947 Clioniatae
1463 2893 1516 2947 in
1553 2896 1742 2948 Alexio
1793 2895 2097 2957 Contneno,

522 2989 558 3044 Ι.
585 3005 644 3043 ιιι
678 2989 805 3042 ἄνευ
834 2989 945 3040 τῶν
971 2987 1210 3056 βλατίων
1237 3005 1250 3051 ;
1283 3003 1406 3042 nam
1441 2988 1547 3040 alia
1584 2988 1743 3041 tertio
1779 2987 2101 3054 simpliciter

524 3082 684 3135 liabet
714 3081 855 3149 πλὴν
907 3080 1017 3132 τῶν
1059 3079 1309 3148 σηρικῶν
1354 3081 1616 3148 νημάτων
1668 3089 1858 3147 pra'ter
1902 3081 2098 3134 sericas

524 3182 790 3232 texturas,
811 3147 872 3222 id
904 3177 988 3224 est
1015 3147 1353 3237 bombycino:
1384 3147 1586 3236 pannos
1623 3186 1636 3233 ;
1670 3167 1902 3223 Cetlreni
1928 3170 1980 3222 iu
2012 3169 2096 3222 Ti.
2131 3147 2172 3203 (οἶ

523 3262 677 3314 berio
707 3259 908 3314 tertio:
933 3258 1138 3321 Στολὰς
1169 3258 1495 3327 σωληνωτὰς
1525 3261 1632 3312 ἀπὸ
1655 3259 1906 3330 βλαττίου
1939 3264 1989 3330 (τ
2016 3278 2104 3330 ge-

523 3351 718 3415 minat)
764 3349 940 3414 ὀξέος,
999 3359 1163 3402 vestes
1211 3350 1601 3404 canaliculatas
1654 3352 1886 3406 violaceo
1938 3355 2106 3408 serico

519 3440 792 3509 confectus
817 3457 835 3506 ;
860 3439 1060 3494 Codint
1094 3440 1261 3510 paulo
1292 3441 1524 3498 inferius
1552 3442 1621 3495 τὰ
1659 3444 1909 3513 συνήθως
1955 3447 2107 3498 πολι-

522 3534 796 3602 τευόμενα
827 3531 1030 3604 βλατία
1058 3533 1356 3588 scribentis
1387 3551 1401 3588 :
1437 3533 1580 3588 inter
1605 3547 1895 3591 consuetos
1923 3548 2103 3591 autem

526 3624 796 3680 tnultitios
838 3624 925 3678 vel
959 3634 1138 3679 textos
1169 3640 1384 3694 pannos
1429 3629 1588 3680 r’asos
1639 3627 1820 3695 plures
1857 3646 1883 3680 a
1919 3629 2106 3696 figuris

439 3764 448 3768 _
524 3716 654 3768 nttdi
691 3717 1131 3784 conspiciuntur.
1173 3716 1269 3771 llis
1301 3728 1481 3772 tamen
1515 3719 1636 3774 aliis
1659 3734 1689 3772 a
1716 3717 1904 3775 Niccta
1932 3722 2104 3790 scrip-

523 3807 594 3861 tis
627 3822 764 3861 auro
796 3807 963 3877 238
999 3809 1248 3862 noscitur
1302 3820 1556 3863 ornatum
1619 3819 1676 3863 et
1730 3810 2102 3866 intermistum

526 3896 766 3964 βλατίον.
796 3896 1001 3950 Βλατία
1037 3899 1209 3951 πολλὰ
1239 3901 1440 3968 χρυσᾶ,
1485 3915 1609 3968 qua:
1639 3899 1745 3952 alia
1783 3901 1944 3955 lcetio
1976 3904 2104 3955 red-

518 3987 606 4040 dit
640 3988 845 4058 σηρικὰ
868 3987 1266 4059 διαπλεχθέντα
1289 3993 1478 4062 χρυσῷ
1503 4010 1516 4045 :
1543 3993 1671 4046 item
1703 3996 1842 4062 μετὰ
1869 3994 2102 4062 βλατίων

518 4077 765 4146 χρυσῶν,
803 4073 919 4131 alia
945 4077 1106 4133 lectio
1145 4078 1377 4141 πέπλοις
1413 4081 1778 4149 χρυςοῦφέσι.
1821 4080 1927 4136 Ubi
1967 4083 2102 4149 legi-

517 4179 607 4220 tur
638 4169 914 4237 ἁμφόδους
941 4169 1194 4233 ἐπίπλοις
1225 4171 1318 4224 καὶ
1345 4171 1553 4242 τάπησι
1607 4173 1962 4243 διεκόσμουν,
1995 4175 2099 4227 alia

523 4253 686 4312 lectio
745 4261 898 4326 μετὰ·
940 4258 1174 4328 βλατίων
1231 4261 1477 4330 χρυσῶν.
1555 4261 1784 4329 Insuper
1836 4264 2101 4333 τρυφῶσα

524 4350 688 4420 ἐσθής
717 4350 960 4418 quodam
997 4351 1117 4406 loco
1150 4353 1430 4415 scribitur,
1459 4369 1621 4419 quem
1669 4353 1772 4407 alia
1818 4355 1979 4409 lectio
2011 4371 2103 4408 ex-

524 4444 672 4510 ponit
717 4442 914 4511 βλατία
943 4445 1122 4514 χρυσᾶ
1180 4445 1271 4497 καὶ
1299 4445 1532 4510 ὲξὰμιτα
1563 4447 1657 4498 καὶ
1686 4446 1850 4514 ἕτερα
1885 4447 2100 4517 βλατία.
2133 4486 2179 4540 0

525 4535 769 4604 Denique
793 4539 1210 4608 περιπόρφυρος
1253 4536 1459 4601 πέπλος
1492 4539 1634 4608 apud
1673 4555 1798 4594 eum
1827 4557 2102 4595 memora-

430 4656 434 4660 -
521 4637 615 4680 tttr
667 4627 925 4694 χρυσέοις
985 4628 1225 4697 βλατίοις
1269 4631 1362 4682 καὶ
1401 4630 1680 4698 ἐξαμίτοις
1718 4625 2106 4693 κατάστικτος.

529 4716 601 4772 De
635 4718 802 4772 blatio
833 4717 1104 4775 Meursius
1158 4722 1322 4774 nimis
1348 4722 1559 4789 jejune,
1595 4720 1886 4777 Gretserus
1921 4724 1986 4776 ad
2021 4741 2110 4778 sa-

522 4810 795 4874 tietatem,
830 4801 1094 4869 adversus
1128 4813 1429 4866 Meursiuni
1456 4822 1509 4865 et
1537 4811 1760 4867 Iunium
1791 4833 1803 4868 :
1847 4831 1948 4869 nos
1971 4828 2108 4870 tem-

494 4914 808 4974 iperanter,
845 4916 908 4959 ut
936 4921 1003 4961 eo
1043 4907 1258 4974 prolato
1283 4903 1575 4958 confestim
1615 4922 1936 4974 purpureum
1967 4925 2105 4977 pan-

522 5012 650 5049 num
675 4997 838 5050 menti
871 5013 976 5051 non
997 4995 1366 5062 objiciendum
1398 5013 1831 5066 suggeret‘etnus.

594 5087 651 5139 P.
695 5087 781 5142 18.
817 5087 1242 5159 [Ἐγκοπτούς.
1277 5085 1424 5152 Quos
1458 5089 1714 5142 nimirum
1762 5090 1917 5145 initio
1955 5094 2110 5161 capi-

531 5177 599 5230 tis
630 5181 944 5244 corruptius
975 5177 1188 5231 dixerat
1243 5178 1621 5248 ίνοκ-ιπητούς.
1653 5178 1787 5236 Vide
1822 5193 2010 5238 notam
2055 5186 2109 5240 in

527 5269 628 5320 ItOC
663 5279 826 5337 caput
851 5269 915 5321 ad
949 5283 1002 5336 p.
1032 5270 1127 5323 'l7.

597 5360 742 5414 Ibid.
774 5361 915 5434 [Τοῦ
951 5359 1020 5413 δὲ
1053 5355 1392 5418 δικανικιόι)
1441 5367 1647 5422 αὑτοῦ.
1685 5365 2110 5426 Pt-otostratoris

525 5452 780 5506 baculum
829 5466 1097 5508 met'uorat
1127 5454 1420 5524 Gregoras,
1471 5475 1565 5520 ιιι,
1607 5460 1669 5513 14
1703 5475 1718 5513 :
1762 5464 1858 5525 Ὃς
1891 5467 1981 5515 καὶ
2007 5465 2106 5535 τὴν

531 5546 1091 5618 πρωτοστρατορικὴν
1123 5548 1278 5616 παρὰ
1317 5549 1584 5618 βασιλέως
1641 5552 1869 5622 ὕστερον
1906 5572 2108 5623 παρει-

521 5636 708 5704 ληφὼς
738 5632 804 5706 ἦν
839 5637 1169 5709 βακτηρίαν.

594 5727 652 5781 Ρ.
692 5727 774 5782 ID.
815 5727 956 5801 [Τοῦ
1003 5732 1273 5802 μεγάλου
1316 5737 1640 5802 λογοθέτου
1700 5739 1759 5790 τὸ
1808 5738 2109 5835 σκιάδιοέ.

2215 1903 2477 1971 τοιαύτην
2505 1905 2561 1956 ἐν
2591 1905 2666 1974 τῷ
2713 1905 2967 1957 ἱππεύειν
3004 1904 3336 1970 κεκτῆσθαι,
3373 1907 3464 1958 καὶ
3491 1905 3577 1958 διὰ
3610 1905 3799 1975 βαφῆς

2215 1999 2408 2066 ὁμοίας
2455 2000 2922 2069 ἐπισημαίνεσθαι
2961 2001 3086 2062 τοὺς
3135 1998 3338 2067 τόμους
3364 2001 3470 2052 τῶν
3514 2001 3799 2070 δημοσίων

2214 2089 2387 2157 λόγων
2420 2092 2512 2144 καὶ
2540 2092 2606 2143 τὰ
2628 2093 2979 2160 γραμμάτια.

2285 2183 2368 2238 Ib.
2395 2186 2925 2252 Βερικοκκόχροον.
2963 2185 3184 2258 [Malum
3239 2188 3621 2241 Armeniacum
3663 2186 3799 2240 Cri-

2213 2276 2401 2345 spinus
2432 2272 2618 2332 censet
2644 2293 2771 2332 esse
2817 2278 3162 2348 βερίκοκκον,
3189 2281 3447 2342 arbricot,
3472 2281 3622 2335 vocis
3651 2281 3801 2335 allu-

2213 2368 2372 2422 sione
2405 2369 2685 2438 deceptus,
2728 2385 2833 2438 qua
2885 2370 3088 2425 certius
3122 2371 3175 2436 in
3230 2386 3474 2424 errorem
3494 2372 3798 2436 “abductus

2212 2460 2406 2516 luisset
2434 2463 2478 2515 si
2531 2462 2878 2515 arbricoccoli
2911 2463 3151 2514 Italicum
3182 2463 3232 2513 in
3264 2472 3496 2515 mentem
3532 2477 3800 2516 revocas-

2211 2562 2314 2608 set.
2376 2550 2540 2607 Favet
2591 2553 2937 2608 Democritus
2975 2552 3222 2621 Geopon.
3257 2553 3291 2607 1.
3341 2571 3372 2608 x
3424 2554 3568 2621 apud
3602 2553 3795 2608 Meur-

2211 2645 2354 2700 sium
2388 2662 2402 2699 :
2439 2646 2799 2714 Ἀρμενιακόν
2827 2646 2943 2697 ἐστι
2974 2644 3035 2696 τὸ
3065 2645 3410 2715 βερίκοκκον.
3443 2645 3796 2714 Suﬂ‘ragatur

2214 2737 2403 2791 Simon
2438 2737 2658 2792 Portius
2688 2757 2701 2792 :
2732 2737 3042 2809 Βερίκωκον
3073 2740 3376 2809 (corrupte)
3409 2740 3794 2793 Armeniacnm

2211 2831 2433 2886 malum.
2466 2830 2828 2901 Ἀρμενιακδν
2857 2829 3049 2900 μῆλον.
3083 2833 3275 2886 Obstat
3300 2831 3498 2887 Suidas
3525 2850 3538 2886 :
3570 2832 3798 2885 Κοκκύ-

2213 2921 2359 2990 μηλα
2389 2918 2531 2985 εἶδος
2568 2923 2824 2993 ὀπωρῶν,
2855 2924 2921 2976 τὰ
2954 2923 3089 2994 παρ’
3119 2925 3255 2992 ἡμῖν
3309 2924 3579 2993 λεγόμενα
3644 2924 3800 2995 βερί-

2210 3031 2410 3067 κοκκα.
2443 3014 2787 3084 Κοκκὺμηλα
2815 3030 2940 3068 vero
2965 3023 3091 3069 sunt
3120 3029 3317 3084 pruna,
3349 3010 3634 3083 de'quibus
3662 3013 3799 3066 Dio-

2212 3105 2476 3168 scorides,
2513 3121 2554 3170 t,
2581 3105 2704 3172 157,
2731 3105 2812 3160 vel
2842 3105 2996 3174 juxta
3038 3104 3304 3160 Mattltioli
3329 3105 3625 3160 editionetn
3659 3104 3794 3160 174.

2212 3195 2516 3265 Βερίκοκκα
2550 3198 2732 3265 itaque
2761 3213 2956 3264 pruna,
2995 3206 3047 3250 at
3081 3211 3187 3251 non
3221 3197 3498 3265 quaslibet,
3545 3197 3640 3250 sed
3667 3213 3798 3265 qute

2207 3295 2509 3338 nascuntur
2538 3285 2590 3338 in
2627 3301 2756 3353 agro
2790 3285 3154 3351 Datnasceno,
3176 3286 3509 3357 δαμασκηνά
3535 3291 3792 3356 proprie.

2209 3375 2284 3428 Ea
2313 3391 2442 3431 vero
2476 3387 2607 3431 sunt
2638 3377 2873 3432 ﬂatntnei
2901 3380 3104 3435 roloris
3135 3381 3187 3434 in
3214 3381 3397 3435 album
3431 3381 3791 3448 declinantis,

2208 3483 2331 3522 cum
2364 3469 2444 3522 ori
2484 3479 2699 3524 matura
2750 3485 3028 3541 manuque
3078 3474 3320 3528 nondum
3374 3482 3624 3529 contacta
3661 3490 3796 3529 rore

2208 3561 2392 3614 nativo
2417 3571 2469 3616 et
2500 3562 2600 3617 levi
2644 3564 2871 3633 picturae
2917 3566 3043 3622 fuco
3070 3576 3460 3637 resperguntur
3489 3563 3558 3622 ad
3577 3577 3790 3632 cutem,

2208 3662 2260 3706 et
2281 3664 2408 3708 sunt
2457 3657 2828 3724 φλογὸλευκα,
2877 3668 2932 3712 et
2965 3669 3025 3713 ut
3069 3675 3191 3713 cum
3234 3661 3534 3730 bapltiariis
3580 3659 3790 3716 Graecis

2209 3737 2424 3806 loquar,
2454 3744 2927 3814 ἀσπροφεσκὲτια.
2971 3746 3088 3802 Uno
3118 3751 3286 3803 verbo
3315 3750 3430 3819 ipsa
3483 3750 3792 3820 βερίκυκκα

2207 3840 2335 3884 sunt
2368 3823 2804 3907 βερῶιοκκόχρσα
2829 3838 2972 3906 μέσα
3001 3841 3254 3892 κοκκίνου
3291 3841 3384 3894 καὶ
3409 3841 3630 3904 λευκοῦ,
3659 3857 3784 3910 qua:

2207 3919 2450 3990 Geopon.
2497 3935 2684 3979 auctor
2718 3927 2822 3980 hoc
2840 3943 3012 3982 seusu-
3032 3945 3288 3998 germane
3312 3932 3585 3985 vocaverit
3613 3932 3791 4002 δαμα-

2209 4013 2384 4082 σκηνὰ
2432 4014 2806 4085 βερικοκκίας.

2277 4105 2358 4165 Ib.
2387 4104 2839 4177 [Διαγελάστου.
2877 4111 3130 4168 Nonnulli
3180 4117 3443 4188 principis
3489 4120 3782 4191 imagini-tn

2205 4205 2264 4250 ut
2291 4198 2617 4252 arridentem
2656 4211 2712 4255 ct
2744 4219 2936 4258 serena
2970 4209 3254 4274 majestate
3281 4225 3566 4266 coruscam
3601 4214 3786 4283 διαγέ-

2206 4287 2404 4340 λαστον
2431 4291 2746 4344 vocant.An
2786 4308 2892 4346 non
2927 4296 3108 4350 verius
3127 4297 3478 4364 διαγέλαστον
3507 4319 3603 4357 ceu
3638 4307 3784 4361 risus

2205 4387 2258 4430 et
2294 4377 2490 4431 laetitia:
2520 4379 2571 4430 in
2598 4383 2974 4448 spectantibus
2991 4395 3216 4440 causam
3239 4389 3262 4441 ?
3285 4399 3576 4461 utrumque
3602 4395 3787 4450 riden-

2208 4470 2356 4522 dum.
2389 4470 2462 4520 Τὸ
2490 4470 2846 4538 διαγελάστου
2865 4475 3008 4529 enim
3039 4478 3102 4531 ad
3129 4482 3415 4536 materiam
3445 4484 3646 4549 ὑελίου,
3673 4504 3782 4543 non

2209 4560 2275 4613 ad
2315 4562 2695 4628 imperatorem
2722 4563 2946 4632 βασιλέα
2971 4569 3195 4624 referes.
3217 4573 3287 4624 At
3335 4591 3460 4629 cum
3499 4577 3788 4635 ὑποῡέλιον

2209 4652 2531 4721 pigmentum
2585 4656 2910 4712 meta/ticum
2943 4661 3034 4726 sit,
3078 4665 3436 4731 quod.bé).tov
3471 4685 3692 4738 quoque
3716 4675 3788 4727 ob

2210 4745 2619 4802 similitudinem
2645 4766 2768 4806 cum
2795 4753 2933 4807 vitro
2956 4766 3326 4826 nuncupatur.
3345 4759 3431 4814 διὰ
3451 4763 3627 4816 ὑέλισν
3649 4780 3790 4832 quo-

2209 4853 2317 4906 que
2340 4881 2353 4902 ,
2389 4833 2547 4908 quasi
2579 4842 2670 4894 διὰ
2711 4845 2888 4898 ὑελίου
2917 4862 2981 4900 αις
3018 4849 3156 4903 vitro
3187 4851 3504 4920 conﬂatum,
3536 4855 3643 4909 diei
3690 4873 3791 4926 po-

2215 4930 2332 4983 luit.
2374 4931 2508 4986 lliuc
2533 4934 2645 5010 δια-
2683 4936 2950 5004 ῦέλιστον,
2977 4951 3028 4992 et
3071 4942 3140 4995 ob
3193 4945 3514 5011 prolationis
3549 4947 3789 5001 allintta-

2211 5032 2318 5076 tem
2353 5023 2691 5090 διαγέλιστον
2723 5025 2963 5096 (Portius
2997 5034 3144 5086 enim
3209 5035 3324 5103 ipse
3378 5039 3630 5107 γερανιός
3669 5041 3791 5093 vice

2211 5107 2473 5175 ἡεράνεος
2499 5119 2555 5163 et
2585 5107 2731 5176 γιαλί
2773 5115 2889 5167 vice
2909 5115 3043 5177 ὑελί,
3073 5120 3218 5186 quod
3254 5121 3550 5183 σδιὺέλιον,
3571 5125 3792 5188 scribit)

2214 5208 2265 5252 et
2305 5201 2521 5254 tandem
2557 5202 2936 5269 διαγέλαστον,
2965 5220 3023 5262 ιιι
3066 5209 3364 5278 jucundius
3425 5217 3697 5282 quoddam
3730 5229 3790 5272 et

2213 5286 2419 5355 gratius
2450 5298 2628 5342 ortum
2659 5300 2762 5346 est.
2857 5320 2866 5324 -

2286 5376 2451 5446 239
2478 5378 2533 5432 P.
2583 5380 2674 5438 20.
2717 5384 2929 5454 [Τοῦτο
2955 5387 3229 5450 ﬁlatim.
3268 5389 3331 5444 Ni
3357 5392 3510 5461 juxta
3562 5394 3790 5464 Regium

2218 5478 2510 5538 utrumque
2535 5473 2774 5527 codicem
2816 5477 2876 5528 οὐ
2913 5481 2974 5530 τὸ
3006 5480 3226 5549 βλατίον
3258 5488 3599 5553 reposueris,
3630 5488 3798 5554 locus

2216 5571 2510 5629 corruptus
2543 5575 2596 5616 et
2632 5580 2826 5620 sensus
2858 5584 3175 5637 perseverat
3223 5576 3597 5646 imperfectus.

2289 5648 2372 5702 Ib.
2404 5655 2765 5711 Δικανίκιον.
2792 5658 3038 5730 [Virgam
3065 5680 3284 5720 auream
3315 5682 3414 5721 ceu
3453 5671 3672 5737 proprie
3707 5671 3791 5724 in-

2223 5745 2377 5811 signe
2425 5749 2646 5816 gerebat
2696 5754 2823 5807 olim
2853 5771 2978 5810 cura
3023 5757 3244 5826 palatii,
3301 5764 3391 5831 qui
3443 5767 3791 5830 curopalates
