4064 6422
336 391 450 456 ξοδ

1433 394 1822 456 GBETSERI
1866 390 1962 456 ET
1997 393 2232 454 GOARI

3491 391 3596 455 266
3622 408 3629 409 ί

340 508 481 573 apud
517 503 909 562 Cassiodorum
968 505 1099 565 “v'ar.
1135 521 1205 561 vn
1241 505 1313 561 5:
1353 505 1500 559 Illud
1556 522 1760 575 quoque
1787 522 1918 561 con-
1946 518 1993 578 Α
2022 508 2249 573 hebant;
2284 507 2419 561 nihil
2445 509 2584 561 enim
2638 505 2785 559 aliud
2808 513 2882 560 est
2921 519 3080 575 quam
3110 504 3362 573 superula
3391 505 3600 560 thoraci

343 601 542 667 sidera,
580 618 688 671 qua
718 603 1117 673 gratiﬁcatione
1148 603 1415 661 tracteris.
1470 612 1527 655 ut
1580 620 1741 656 aurea
1774 604 1915 672 virga

342 696 622 750 decoratus
653 696 792 750 inter
824 697 1071 765 obsequia
1097 710 1378 751 numerosa
1419 705 1541 749 ante
1566 696 1719 764 pedes
1747 697 1918 765 regios

342 787 543 854 primus
571 787 800 842 videaris
826 788 1084 849 incedere,
1121 787 1198 842 vel
1223 790 1303 840 uti
1330 788 1445 855 ipso
1473 788 1766 842 testimonio
1789 788 1918 840 vici-

350 878 537 931 nitatis
563 891 760 935 nostrae
815 895 1162 951 agnoscamus
1197 880 1294 933 tibi
1335 879 1540 947 palatia
1571 880 1914 934 commisisse.

347 970 414 1023 At
440 968 517 1024 nil
549 980 784 1025 mentem
838 980 1070 1039 occupat
1114 978 1211 1023 aut
1264 969 1686 1023 admirationem
1737 978 1922 1025 movet

348 1060 404 1114 in
435 1061 741 1131 principum
791 1062 962 1118 curiis
993 1062 1098 1117 nisi
1147 1063 1292 1132 quod
1345 1076 1573 1128 novum,
1619 1062 1918 1131 insuetum,

345 1162 441 1209 aut
470 1153 624 1208 facile
652 1163 831 1223 potest
873 1156 1003 1209 oriri
1034 1170 1099 1211 ae
1130 1155 1295 1210 elabi.

420 1244 505 1300 Ib.
538 1245 997 1317 [Χρυσάσπρον.
1043 1247 1289 1317 Ἀσπρος
1320 1248 1582 1303 candidus
1609 1256 1692 1303 est
1719 1248 1922 1303 Graecis

346 1339 793 1403 recentioribus;
830 1340 971 1407 apud
1013 1354 1148 1408 quos
1183 1340 1345 1394 etiam
1376 1349 1690 1407 argenteam
1741 1356 1925 1396 mone-

347 1438 458 1483 tam
498 1430 737 1500 quinque
762 1430 846 1484 vel
865 1445 961 1485 sex
994 1430 1333 1484 minutorum
1366 1432 1723 1487 denariorum
1761 1432 1922 1502 pretii

348 1520 557 1587 ἄσπρον
585 1522 654 1574 ob
684 1520 981 1575 candorem
1035 1521 1236 1576 dictam
1272 1523 1496 1579 audies:
1540 1540 1602 1579 ea
1656 1534 1738 1580 est
1765 1526 1924 1594 quin-

351 1626 495 1666 cunx
530 1612 847 1679 Francicus,
903 1629 975 1666 un
1004 1612 1179 1681 blanc,
1208 1614 1348 1681 piece
1379 1617 1441 1669 de
1464 1633 1721 1687 monnoge
1768 1618 1924 1671 blan-

349 1703 461 1766 clte,
486 1702 539 1757 in
563 1718 671 1773 quo
699 1719 872 1759 suave
896 1721 1100 1762 sonans
1126 1723 1232 1763 vox
1262 1707 1470 1762 Gallica
1503 1709 1560 1762 in
1595 1725 1759 1765 sensu
1792 1725 1921 1766 cum

349 1794 534 1851 Graeca
597 1798 945 1852 concordiam
980 1798 1101 1863 init,
1144 1800 1429 1871 etignaraa
1473 1803 1676 1857 mentis
1704 1804 1918 1873 asperi-

348 1897 536 1953 tatem,
560 1889 768 1959 ἄσπρον
793 1890 946 1960 quasi
1013 1908 1262 1962 asperum
1298 1894 1365 1949 ab
1393 1895 1602 1963 asperis
1633 1894 1922 1951 characte-

349 1980 502 2035 ribus
534 1991 765 2037 moneta:
794 1981 995 2040 inustis
1016 1984 1224 2041 dictum
1259 1987 1666 2055 contendentis,
1696 1988 1899 2058 arguit.

344 2070 539 2148 ϐολῇ]

416 2166 475 2221 Ρ.
515 2168 606 2221 21.
634 2166 988 2238 Συϐαλταρέα
1046 2168 1380 2235 subalterna,
1417 2170 1750 2237 alternatim,
1781 2170 1922 2226 alter

359 2260 453 2313 sub
503 2258 719 2326 altero;
780 2276 882 2317 vox
938 2277 1004 2317 ex
1067 2259 1267 2317 Latino
1346 2264 1617 2319 vocabqu
1675 2265 1912 2321 detorta.

352 2351 547 2408 Gasrs.

418 2443 727 2517 [Corrupta
758 2461 859 2502 vox
885 2446 994 2502 ἀπὸ
1022 2448 1117 2503 τοῦ
1151 2448 1449 2519 συμϐάλλω
1470 2449 1761 2515 committo,
1795 2466 1922 2505 con-

344 2538 527 2610 iango,
586 2540 914 2595 commisceo.
980 2541 1184 2597 Calami
1243 2557 1373 2612 ergo
1427 2542 1748 2597 bacqurum
1794 2558 1918 2599 cum

346 2634 563 2701 quidam
590 2630 799 2689 tortiles
851 2643 1057 2699 essent,
1083 2636 1543 2706 ἐντετυλιγμένοι
1575 2633 1666 2689 διὰ
1702 2652 1920 2705 σχοινο·

354 2725 599 2788 πλοκεου,
626 2714 761 2782 adeo
816 2736 876 2781 ut
933 2725 1145 2782 iunium
1203 2742 1342 2797 opus
1390 2728 1763 2795 imitarentur,
1823 2725 1917 2780 alii

355 2817 493 2871 λεῖοι
523 2817 897 2885 laeves,ultimi
918 2819 1135 2874 tandem
1166 2819 1612 2890 συμϐαλλόμενοι
1640 2837 1707 2875 ex
1735 2821 1923 2891 parti-

347 2910 451 2965 bus
478 2910 543 2965 ad
572 2911 797 2966 invicem
824 2912 1136 2967 commissis
1154 2921 1208 2967 et
1233 2920 1543 2966 storearum
1587 2929 1738 2968 more
1758 2919 1923 2976 textis

345 3003 631 3075 compositi
665 3002 1041 3073 συϐαλταρέοι,
1063 3006 1231 3057 tissus
1253 3020 1313 3058 en
1341 3013 1484 3058 natte
1510 3020 1921 3076 nuncupantur,

345 3095 438 3164 qui
492 3094 695 3150 clarius
730 3093 1143 3163 συμϐαλλωτοί;
1200 3109 1325 3163 quae
1376 3109 1481 3148 vox
1520 3110 1669 3150 mere
1728 3095 1921 3154 Graeca

347 3203 473 3243 cum
507 3188 825 3243 subalternis
874 3187 958 3242 vel
1007 3188 1317 3242 alternatim
1368 3202 1480 3243 uno
1539 3188 1793 3244 videlicet
1822 3192 1925 3246 sub
1955 3213 1996 3270 (ς

348 3279 515 3333 altera
559 3280 771 3348 positis,
804 3279 1010 3333 nullam
1042 3294 1111 3334 ex
1154 3282 1461 3350 proposito,
1512 3282 1611 3337 sed
1639 3281 1921 3339 fortuitam

344 3374 657 3427 aiiinitatem
689 3382 846 3427 nacta
874 3381 977 3428 est.
1003 3371 1205 3444 Cosa.)

419 3466 503 3521 Ib.
539 3465 643 3521 Pro
672 3465 845 3536 μέγας
883 3468 1056 3521 codex
1092 3465 1293 3521 Boicus
1329 3465 1563 3537 μαῦρος,
1600 3468 1749 3539 quod
1769 3468 1926 3526 Grae-

344 3560 426 3615 cis
460 3575 606 3614 nunc
665 3569 747 3613 est
775 3560 1001 3628 nigrant.
1035 3556 1177 3613 Hinc
1218 3558 1431 3614 Pontus
1454 3559 1707 3618 Euxinus
1736 3566 1921 3634 appel-

343 3655 488 3708 latur
513 3652 967 3722 Maurotltalassa,
997 3651 1206 3722 nigrum
1266 3668 1433 3720 mare,
1472 3653 1802 3711 Germanice
1822 3657 1920 3711 das

344 3747 607 3801 scltwarze
628 3762 786 3801 meer.

418 3841 500 3894 Ib.
551 3840 652 3895 Pro
680 3840 1049 3910 χρυσόλευκον
1105 3839 1232 3895 cod.
1295 3839 1498 3896 Boicus
1540 3840 1919 3911 xpucdcnpov'

347 3943 431 3988 est
448 3937 590 3988 enim
616 3950 760 3988 nunc
784 3933 987 3988 Grteeis
1002 3933 1215 4004 ἄσπρον
1235 3933 1435 4001 album,
1460 3942 1513 3989 et
1539 3935 1687 4003 aspri
1712 3934 1922 3989 minimi

350 4041 542 4097 genus,
580 4036 634 4080 et
664 4025 960 4096 ἀσπρεζειν
988 4024 1254 4081 dealbare.

424 4117 505 4172 Ib.
536 4118 716 4172 Habes
747 4117 832 4171 hic
856 4116 1095 4186 βλάτιον,
1133 4116 1226 4171 ubi
1255 4113 1544 4170 manifeste
1571 4116 1791 4185 ponitur
1822 4132 1921 4186 pro

347 4208 460 4262 Iato
490 4210 665 4274 spatio
684 4222 777 4262 seu
802 4221 901 4276 pro
937 4204 1234 4259 latitudine
1266 4204 1534 4260 scaranici
1558 4218 1573 4258 :
1596 4204 1705 4258 Das
1737 4205 1919 4275 breite,

345 4303 407 4355 τὸ
433 4302 607 4354 πλατὺ
632 4299 725 4353 τοῦ
758 4299 1117 4369 σκαρανεκου.
1153 4296 1356 4352 Ibidem
1388 4297 1508 4365 lego
1538 4297 1922 4366 χρυσοκλοιϐα-

351 4396 504 4464 ρικόν
535 4391 948 4455 auriclauatum,
983 4404 1093 4445 non
1131 4388 1732 4460 χρυσοκ).αδάρικον,υι
1761 4389 1922 4444 habet

349 4483 568 4547 Junius,
632 4483 723 4552 qui
758 4497 880 4536 cum
911 4494 1071 4534 aureo
1106 4495 1257 4533 ramo
1293 4493 1391 4533 seu
1433 4480 1735 4532 ramuscula
1771 4494 1920 4532 cum-

2022 598 2340 668 superindui
2377 598 2561 651 solita.
2613 594 2835 651 Notavit
2858 596 3005 651 hunc
3031 596 3289 650 eumdem
3351 611 3596 651 errorem

2022 689 2171 747 Junii
2203 700 2329 745 ante
2358 690 2697 746 Glossarium
2748 688 3272 744 GraecooBarbarum
3328 689 3605 758 Rigaltius

2023 786 2077 839 in
2111 799 2211 839 suo
2232 784 2511 839 Glossario
2536 783 2757 837 Tactieo
2794 782 3198 837 mixobarharo.
3234 781 3297 837 Et
3325 782 3600 852 quamvis,

2024 876 2069 929 si
2099 876 2324 929 verbum
2382 876 2551 930 verbo
2588 875 2723 931 velis
2757 876 3009 941 reddere,
3044 877 3225 944 potius
3259 876 3332 930 sit
3360 876 3600 943 superla-

2000 969 2306 1034 ‘ricarium,
2364 969 2468 1025 hoc
2498 976 2584 1025 est
2613 985 2674 1023 ca
2707 971 2877 1025 vestis
2906 984 3028 1037 qua:
3054 984 3220 1039 super
3255 970 3485 1025 loricam
3520 970 3607 1023 in-

2023 1061 2365 1125 duitur,cum
2384 1061 2643 1132 λώρικον,
2676 1061 2839 1132 240
2869 1062 3146 1130 λωρξκιον,
3168 1062 3403 1133 λωρίκη,
3426 1061 3607 1129 λούρι-

2023 1170 2142 1218 κον,
2175 1155 2453 1224 λουρίκιον
2475 1155 2546 1210 sit
2577 1155 2847 1224 ipsissima
2878 1156 3196 1211 Latinorum
3218 1157 3405 1221 lorica,
3438 1158 3603 1211 latius

2024 1255 2205 1301 tamen
2230 1249 2454 1302 nomina
2497 1250 2612 1303 haec
2646 1249 2735 1303 hic
2763 1260 3117 1319 usurpentur,
3150 1251 3411 1304 nimirum
3445 1251 3610 1305 abso-

2027 1336 2140 1392 lute
2191 1353 2291 1406 pro
2347 1341 2624 1394 thorace:
2690 1356 2875 1407 neque
2927 1343 3071 1396 enim
3129 1342 3428 1396 verisimile
3490 1350 3607 1406 est,

2026 1430 2246 1497 quando
2269 1445 2524 1499 proceres
2564 1435 2616 1484 in
2650 1433 2852 1501 palatio
2880 1434 3218 1502 temporibus
3251 1435 3399 1503 pacis
3423 1444 3603 1500 gesta-

2027 1522 2160 1577 bant
2238 1524 2538 1592 epilorica,
2600 1526 2763 1579 simul
2828 1527 2990 1580 etiam
3072 1535 3316 1596 gestasse
3384 1526 3606 1579 loricas.

2027 1616 2252 1671 Tzetzcs
2316 1616 2368 1671 in
2426 1614 2982 1673 llesiodu'm:X'.:tbv
3029 1622 3121 1672 καὶ
3178 1618 3353 1687 φᾶρός
3400 1621 3517 1671 ἐστι
3546 1619 3607 1670 τὸ

2026 1708 2406 1779 διεσχισμένον
2436 1709 2689 1779 ἱμάτιον,
2748 1709 2775 1761 ὃ
2809 1710 3084 1779 καλοῦμεν
3118 1710 3470 1777 ἐπιλώρικον.
3504 1707 3607 1762 Ubi

2030 1800 2184 1856 vides
2238 1805 2307 1855 ab
2361 1802 2466 1858 hoc
2517 1814 2742 1857 auctore
2787 1804 3098 1872 epilorirum
3160 1802 3345 1855 vocari
3400 1809 3607 1855 vestem

2029 1894 2320 1949 discissam
2350 1912 2364 1960 ;
2410 1894 2591 1965 qualis
2622 1893 2912 1950 Germanis
2952 1904 3037 1950 est
3070 1897 3152 1949 ein
3176 1894 3380 1948 Koller.
3411 1893 3606 1948 Gnsrs.

2098 1984 2160 2039 P.
2189 1986 2278 2039 22.
2304 1986 2580 2058 [Λώρικον
2610 1998 2663 2042 et
2686 1988 2941 2059 λωρίκιον
2976 1990 3143 2043 lorica
3161 1996 3262 2049 est,
3297 1986 3533 2056 pectoris
3556 1996 3611 2040 ct

2028 2077 2178 2133 dorsi
2209 2087 2517 2134 armatura.
2580 2078 2981 2149 Theophanes:
3020 2079 3256 2135 Ἐλαϐον
3284 2082 3350 2132 τὰ
3375 2078 3609 2149 λωρίκιςι

2030 2170 2126 2221 καὶ
2186 2169 2284 2233 τὰς
2341 2172 2573 2235 κασὶδας
2620 2173 2809 2225 αὐτῶν
2857 2174 2954 2226 καὶ
3018 2174 3202 2227 πάντα
3259 2173 3327 2224 τὰ
3357 2172 3607 2241 ἅρματα.

2042 2257 2406 2331 Ἐπιλώρικον
2437 2263 2671 2316 militare
2697 2279 2883 2332 sagum
2903 2270 3006 2326 est,
3035 2262 3409 2318 castrensibus
3438 2271 3611 2315 tesse-

2030 2349 2107 2404 ris
2140 2352 2300 2422 juxta
2338 2360 2550 2406 turmas
2571 2353 2818 2421 singulas
2842 2353 3301 2415 discriminatum,
3327 2362 3388 2407 ut
3407 2352 3609 2405 milites

2032 2441 2407 2498 intcrnoscant
2429 2445 2616 2507 duces,
2651 2461 2880 2515 casaque
2906 2445 3157 2501 d’arrnes.
3192 2445 3377 2499 Armis
3402 2461 3603 2513 super-

2031 2535 2279 2592 induitur
2305 2540 2461 2606 juxta
2510 2549 2774 2610 etymum.
2811 2538 2921 2593 Leo
2949 2541 3001 2593 in
3028 2538 3271 2593 Tacticis
3304 2539 3525 2593 constit.
3554 2537 3609 2602 6,

2031 2631 2323 2700 descriptis
2376 2642 2670 2685 armatura:
2714 2632 2951 2702 singulis
3006 2633 3283 2701 partibus:
3326 2633 3612 2701 Χρήσιμον

2032 2722 2179 2793 ἔχειν
2207 2724 2539 2793 ὲπιλὼρικα,
2565 2725 2651 2776 ὅτε
2684 2724 2869 2793 χρεία,
2897 2724 3294 2793 ὲπενδυὸμενα.
3330 2724 3463 2778 Pars
3493 2724 3612 2795 ejus

2031 2817 2277 2872 anterior
2307 2832 2333 2868 a
2371 2817 2676 2887 posteriore
2718 2818 2906 2872 dissita
2956 2828 3041 2872 cst
3070 2829 3122 2871 ct
3153 2818 3321 2872 libera
3347 2835 3361 2883 ;
3394 2834 3457 2873 ac
3484 2834 3611 2884 pro-

2034 2915 2218 2977 pterea
2243 2907 2623 2976 διεσχισμένον
2651 2909 2868 2975 ἱμάτιον
2893 2920 3054 2961 vocat
3079 2910 3306 2964 Tzetzes
3332 2908 3385 2961 in
3413 2907 3612 2963 Hesio-

2032 3002 2184 3056 dum.
2222 3000 2494 3055 Describit
2546 3000 2763 3056 Nicetas
2796 3003 2847 3055 in
2882 3001 3151 3066 Manuelc,
3202 3002 3240 3055 I.
3286 3016 3360 3066 vt,
3401 3002 3608 3071 regium

2033 3094 2350 3163 hujusmodi
2391 3108 2617 3163 sagum:
2661 3094 3020 3164 Θεασάμενος
3053 3094 3112 3147 δὲ
3141 3094 3361 3164 Γαϐρᾶς
3396 3095 3463 3165 ἢν
3493 3089 3613 3163 εἷχε

2034 3188 2262 3243 στολάδα
2298 3190 2325 3241 ὁ
2373 3187 2628 3258 βασιλεὺς
2680 3187 2779 3259 τὴν
2822 3190 3013 3257 χροιὰν
3075 3188 3461 3258 χολοὸἀφινον,
3494 3189 3612 3242 Οὐκ

2033 3280 2375 3350 εὐσύμϐολον
2439 3281 2498 3333 τὺ
2529 3281 2729 3351 χρῶμα
2789 3280 2969 3347 τοῦτο,
3026 3283 3215 3352 φησὶν,
3286 3277 3608 3350 ὧβασιλεῦ,

2030 3371 2168 3426 ἀλλὰ
2220 3374 2314 3426 καὶ
2365 3372 2488 3425 λίαν
2546 3374 2690 3425 κατὰ
2719 3375 2819 3443 τὴν
2873 3374 3024 3443 ὥραν
3075 3374 3168 3427 τοῦ
3214 3376 3455 3444 πολέμου
3487 3377 3611 3438 ταῖς

2032 3460 2271 3526 ἀγαθαῖς
2334 3462 2529 3532 τύχαις
2583 3465 2974 3533 ἀντιπρᾶττον.
3033 3458 3207 3526 Αὐτὸς
3232 3466 3277 3518 δ’
3341 3466 3437 3518 ἐπὶ
3493 3468 3609 3527 τοϊς

2030 3553 2346 3622 εἰρημένοις
2397 3554 2572 3624 βραχὺ
2628 3559 2723 3610 καὶ
2765 3556 3124 3626 βεϐιασμένον
3171 3557 3475 3624 μειδιάσας,
3509 3558 3609 3627 τὴν

2032 3645 2405 3715 ἑπιθωράκιον
2446 3650 2642 3718 στολὴν
2672 3651 2872 3713 ἀποδὺς
2911 3651 3108 3720 ἐκείνῳ
3134 3651 3318 3705 δίδωσι
3353 3653 3611 3723 πυρφὺρᾳ

2010 3740 2132 3791 εκαὶ
2169 3742 2357 3811 χρυσῷ
2384 3741 2798 3814 διηνθισμένην.
2828 3744 2893 3797 At
2936 3761 3039 3799 non
3065 3754 3367 3800 castrorum
3396 3757 3608 3801 tantum

2032 3840 2089 3884 et
2110 3834 2350 3897 militias,
2387 3848 2575 3888 verum
2610 3851 2829 3906 quoque
2858 3839 3008 3905 pacis
3037 3848 3088 3891 et
3108 3839 3275 3892 curia:
3308 3839 3609 3894 vestimen-

2031 3932 2144 3978 tum
2163 3934 2247 3991 est
2263 3925 2590 3997 ὲπιλώρικον
2614 3944 2628 3993 ;
2650 3928 2797 3982 unde
2817 3936 2869 3980 et
2887 3928 3249 3998 quodcunque
3268 3930 3606 3999 huiusmodi,

2030 4019 2073 4073 si
2114 4017 2280 4073 modo
2336 4018 2571 4073 scissum
2611 4028 2693 4073 est
2725 4027 2779 4073 et
2814 4020 3075 4084 divisum,
3116 4021 3220 4085 tale
3266 4036 3464 4076 nomen
3491 4038 3610 4078 sor-

2030 4111 2185 4166 titur.
2208 4110 2437 4167 Tzetzes
2475 4111 2715 4167 citatus:
2778 4111 2957 4180 Φᾶρός
2984 4114 3099 4165 ἐστι
3149 4114 3209 4181 τὸ
3230 4113 3609 4184 διεσχισμένον

2034 4202 2274 4271 ἱμάτιον,
2311 4201 2340 4255 ὃ
2372 4201 2649 4273 καλοῦμεν
2676 4202 3030 4275 ἐπιλώρικον,
3074 4207 3169 4258 καὶ
3217 4207 3329 4258 πᾶν
3376 4208 3437 4258 τὸ
3463 4206 3608 4261 οὕτω

2028 4296 2428 4366 διεσχισμένον.
2473 4296 2679 4352 Auctor
2718 4312 2957 4367 quoque.
2991 4313 3117 4353 cum
3160 4298 3357 4368 placet,
3404 4302 3609 4357 asserit

2028 4388 2116 4443 hic
2146 4389 2279 4458 geri.
2309 4388 2445 4445 Cum
2514 4390 2769 4445 bellicum
2808 4400 2892 4446 est
2942 4400 3152 4447 tantum
3182 4404 3235 4447 et
3294 4403 3605 4449 castrorum

2031 4480 2338 4550 proprium,
2394 4480 2651 4537 κλίϐανον
2678 4495 2772 4538 aut
2803 4484 3085 4538 κλιόἇνιον
3113 4486 3320 4540 dictum
3365 4489 3608 4557 reperies

347 4593 444 4644 que
495 4575 650 4643 pictis
699 4572 954 4627 heliribus
1018 4571 1250 4626 miriﬁce
1283 4586 1344 4625 se
1394 4570 1656 4625 oblectat.
1718 4571 1922 4626 Ibidem
1959 4571 2171 4639 Dapud
2200 4570 2437 4626 Leonem
2478 4572 2536 4627 in
2591 4573 2829 4629 Tacticis
2876 4585 2926 4631 et
2987 4576 3234 4631 Nicetam
3287 4576 3608 4632 Grmcobar-

350 4672 499 4738 lego:
570 4666 695 4718 Ἐπὶ
754 4663 949 4734 θρόνου
1011 4662 1219 4733 χρυσοῦ
1276 4663 1579 4723 ἀναϐατοῦ,
1636 4662 1702 4716 In
1734 4663 1924 4718 throno

349 4776 509 4813 aureo
540 4758 775 4821 sublimi,
805 4758 860 4811 in
907 4771 1058 4825 quem
1090 4770 1182 4824 per
1209 4755 1416 4825 aliquos
1454 4754 1651 4825 gradus
1684 4756 1928 4809 ascendi-

358 4866 465 4910 tur.
507 4853 780 4910 Lectionis
818 4834 1053 4922 vulgata:
1101 4846 1259 4920 aptus
1303 4864 1500 4905 sensus
1528 4849 1679 4904 reddi
1714 4849 1922 4919 nequit.

351 4948 552 5003 Gners.

424 5040 510 5097 Ib.
540 5039 976 5112 [Substantivum
999 5036 1272 5093 ἀνάϐατον
1304 5038 1623 5107 fermentum
1648 5044 1749 5102 est,
1774 5035 1921 5105 quod

352 5148 417 5189 eo
442 5132 917 5203 turgent,;inlletur
943 5141 998 5186 et
1018 5132 1279 5186 ascendat
1300 5144 1508 5185 massa.
1538 5127 1677 5184 Hine
1702 5144 1919 5200 azyma,

352 5223 606 5280 sacriﬁcii
659 5224 767 5278 ritu
806 5222 999 5279 Latino
1028 5222 1287 5278 celebrati
1329 5222 1637 5284 materiam,
1662 5219 1926 5274 λειπανά-

352 5319 513 5384 ϐατα,
568 5320 767 5389 ἐιυίδιιε
809 5317 1141 5372 fermentum
1176 5314 1352 5379 deest,
1384 5312 1695 5368 vocitavere
1720 5310 1922 5366 Grzeci.

354 5410 696 5479 Adjeetivum
747 5407 1020 5481 ἀναϐατός
1050 5407 1254 5460 throno
1298 5418 1575 5458 annexum
1626 5403 1921 5458 scansilcm

353 5515 480 5556 eum
531 5508 586 5554 et
607 5499 901 5559 elevatum,
922 5506 977 5551 ut
1009 5497 1067 5548 ὲν
1089 5492 1387 5563 προκόψει,
1409 5492 1477 5547 de
1500 5506 1608 5561 qua
1639 5504 1740 5547 nos
1768 5491 1923 5556 alibi.

351 5594 709 5649 demonstrat.
746 5587 948 5660 Ceam]
1744 5584 1745 5587 J

424 5690 488 5751 Ρη
516 5687 610 5740 29...
652 5684 1014 5756 Ἐπιλὼρικον
1050 5697 1144 5737 seu
1177 5679 1526 5750 ἐπιλούρικον
1557 5686 1612 5733 et
1645 5675 1925 5745 ὲπιλουρί-

357 5801 498 5836 κιον.
532 5780 646 5835 Viri
676 5781 841 5842 docti,
883 5778 1065 5846 inquit
1097 5774 1466 5835 Glossarium,
1501 5769 1556 5823 id
1594 5778 1677 5824 est
1704 5766 1924 5829 Junius,

357 5879 770 5946 interpretantur
831 5879 1143 5939 praetextam
1178 5868 1424 5927 vittatam
1473 5861 1629 5923 loris.
1674 5858 1797 5914 Non
1832 5862 1925 5914 de-

674 5972 947 6030 PATRUL.
993 5970 1107 6029 Gn.
1150 5964 1388 6027 CLVII.

2031 4662 2229 4718 barum
2264 4661 2385 4719 Ioco
2427 4666 2686 4734 superius
2744 4666 3015 4723 adducto:
3061 4668 3209 4722 Ἰδὼν
3230 4660 3292 4747 βξ
3326 4669 3355 4721 ὁ
3390 4656 3610 4739 Γαϐρ’ἄς

2028 4756 2120 4809 καὶ
2149 4756 2209 4808 τὸ
2240 4758 2429 4811 ἐπάνω
2463 4758 2743 4826 κλίϐανον,
2789 4760 2817 4813 ὃ
2852 4762 2880 4813 ὁ
2938 4759 3196 4829 βασιλεὺς
3224 4751 3437 4815 ’ἐπάνω
3492 4763 3606 4814 τῶν

2029 4848 2298 4918 ἁρμάτων
2367 4851 2535 4904 αὐτοῦ
2580 4852 2789 4922 ἐφόρει.
2847 4852 2917 4906 At
2972 4854 3038 4907 de
3067 4853 3286 4927 clibano
3313 4846 3465 4906 alibi.
3496 4853 3609 4906 Cur

2030 4947 2288 4992 caeterum
2325 4948 2519 4995 auctor
2564 4939 2937 5009 ὲπιλούρικον,
2967 4940 3057 4993 alii
3109 4954 3238 4994 vero
3271 4940 3606 5008 ὲπιλώρικον

2026 5032 2296 5098 scribant,
2321 5033 2630 5099 expositum
2663 5031 2904 5101 reperies
2932 5030 3235 5099 superioris
3256 5032 3452 5101 capitis
3476 5040 3604 5086 nuta

2028 5126 2172 5193 adp.
2208 5124 2296 5180 Μ.
2370 5185 2384 5200 ο
2575 5156 2579 5165 υ

2100 5219 2180 5274 Ib.
2219 5219 2360 5291 [Τοῦ
2401 5216 2673 5288 μεγάλου
2731 5216 3134 5285 ἑταιριάρχου.
3202 5215 3360 5271 Hunc
3390 5232 3609 5288 quoque

2026 5313 2246 5384 cingulo
2265 5311 2488 5365 militari
2510 5309 2777 5379 (pretioso
2799 5310 2988 5378 utique
3014 5318 3067 5363 et
3090 5309 3415 5379 conspicuo)
3440 5311 3582 5364 dona

2029 5409 2144 5455 tum
2191 5397 2439 5468 suggerit
2490 5396 2709 5452 Nieetas
2743 5397 2796 5451 in
2847 5396 3041 5453 Alexio
3082 5398 3363 5465 Manuelis,
3390 5396 3461 5451 F:
3498 5398 3611 5451 Kal.

2028 5490 2244 5560 τὴντῆς
2274 5487 2661 5560 ὲταιραρχειας
2686 5488 2865 5558 ζώνην
2894 5487 3061 5558 [χειν.

2104 5582 2188 5636 Ib.
2227 5581 2741 5655 [Χρυσοηέρανον.
2778 5583 2942 5638 Aurei
2977 5583 3268 5653 glaucique
3296 5576 3499 5634 coloris
3527 5577 3609 5631 in-

2030 5672 2361 5725 termistum.
2384 5669 2584 5742 Coae]

2104 5762 2191 5818 Ib.
2226 5763 2555 5829 Φακεωλίς,
2582 5774 2638 5819 et
2668 5766 2809 5821 infra
2855 5782 2909 5822 e.
2930 5767 2963 5822 6
2982 5767 3307 5836 φακεώλιον,
3345 5761 3610 5817 scribitur

2031 5855 2195 5911 etiam
2232 5854 2522 5925 φακεόλιον
2549 5865 2601 5911 ct
2637 5859 2941 5927 φακιόλιον.
2973 5858 3173 5914 Junius
3216 5857 3417 5925 ubique
3447 5852 3611 5910 vertit

3214 5957 3252 6016 9
