4064 6432
372 384 483 457 Ξῦξ)

1468 390 1851 449 GuETSEuI
1898 391 1985 449 ET
2028 388 2263 450 GOARI
2304 378 2540 451 Nora.

3541 376 3644 444 2ῗο

377 521 567 566 ratur;
600 516 685 564 est
716 506 863 563 enim
899 506 1060 561 trulla
1092 521 1188 562 seu
1226 506 1426 559 trutlcn
1462 521 1555 560 seu
1617 504 1809 558 trutlos
1843 505 1957 559 for-
1985 512 2029 566 Α
2060 516 2195 575 guut
2220 507 2371 561 vocis
2425 504 2589 574 hujus
2649 516 2893 557 sensum.
2962 498 3262 554 Siromastc
3313 496 3641 553 s’romasten

380 601 469 653 nix
505 598 619 654 sive
649 598 1075 660 concameratio,
1130 606 1193 653 ut
1247 604 1400 667 patet
1432 612 1498 651 ex
1552 597 1761 651 Codiuo
1810 598 1848 650 Ι.
1890 596 1958 651 de

377 691 646 763 Originib.
677 690 1003 761 Cpolitanis,
1031 690 1118 745 ubi
1146 690 1261 759 agit
1284 688 1350 745 de
1372 689 1532 744 trulla
1560 688 1763 759 Magnae
1788 690 1959 745 ecrle-

376 786 473 840 sia:
495 792 811 839 constructa
846 799 874 837 a
913 780 1222 838 Iustiniano
1271 793 1325 837 et
1378 792 1629 852 reparata
1657 798 1688 835 a
1712 779 1956 836 Justina.

381 875 513 932 Hinc
541 877 705 930 etiam
733 877 977 946 synodus
1028 874 1293 929 Trullana
1347 889 1445 929 seu
1482 875 1535 927 in
1584 872 1795 936 Trulla,
1826 873 1957 943 quia

378 969 561 1024 habita
591 979 675 1023 est
707 969 757 1023 iu
782 970 1074 1023 secretario
1118 969 1327 1038 palatii,
1357 967 1501 1037 quad
1563 967 1867 1030 trullatum,
1900 974 1957 1020 ut

377 1063 455 1118 sic
473 1060 679 1126 dicam,
697 1075 793 1115 seu
824 1069 1271 1114 cancameratum
1296 1066 1433 1113 erat.
1466 1057 1643 1113 Verbo
1670 1057 1959 1128 τρουλλοῦ-

380 1156 501 1210 σθαι
526 1169 626 1224 pro
641 1152 1145 1221 truttam’wdiﬁcare
1177 1153 1342 1207 utitur
1360 1151 1598 1207 Codiuus
1619 1152 1657 1205 l.
1679 1166 1727 1205 c.
1749 1149 1954 1207 Gnms.

452 1246 722 1318 [Τροῦλαν
767 1248 885 1302 sive
912 1244 1179 1316 τροῦλλαν
1208 1254 1264 1301 et
1319 1244 1579 1313 τροῦλλον
1602 1258 1958 1299 concamera-

380 1350 492 1393 tum
522 1353 661 1408 opus
694 1336 898 1393 referre
921 1337 1105 1391 nullus
1136 1336 1371 1405 ignorat.
1400 1334 1532 1388 Eam
1571 1335 1643 1389 ob
1672 1349 1785 1389 rem
1826 1334 1952 1403 pilei

375 1446 487 1500 qua
524 1430 795 1485 clauditur
843 1439 897 1484 et
948 1429 1104 1498 quasi
1159 1435 1597 1491 concameratur,
1632 1441 1741 1480 non
1794 1427 1955 1481 modo

380 1536 647 1577 summam
675 1527 880 1589 partem
912 1518 1117 1588 τροῦλα
1168 1518 1462 1588 significat,
1502 1517 1598 1573 sed
1658 1526 1833 1571 totum
1871 1517 1955 1585 pi~

379 1615 547 1677 leum,
574 1612 666 1683 qui
699 1621 843 1667 totus
885 1611 1127 1681 τροῦλα;
1176 1611 1338 1680 cujus
1368 1610 1790 1679 descriptionem
1820 1608 1955 1665 satis

381 1707 558 1775 ample
590 1704 874 1775 posuimus
906 1704 1104 1773 capitis
1163 1702 1470 1772 superioris
1503 1701 1651 1757 notis
1686 1703 1862 1768 prima
1899 1709 1954 1757 et

382 1800 657 1865 secunda;
688 1799 904 1868 ἁὴρίιιιο
944 1796 996 1849 in
1025 1795 1267 1850 secunda
1323 1803 1685 1858 memoratus,
1745 1804 1827 1850 est
1856 1793 1950 1865 qui

2058 602 2309 668 exploro,
2344 608 2397 653 et
2444 599 2591 653 velut.
2640 592 3250 661 κλεπτοτελωνούμενον
3294 592 3350 644 in
3388 591 3641 647 absentis

2059 691 2275 747 Tzetzis
2304 690 2641 745 carminibus
2672 687 2835 760 (Chii.
2867 687 2951 748 i5,
2985 685 3069 741 tit.
3093 684 3220 755 492)
3245 683 3352 736 νοῶ
3383 685 3478 736 καὶ
3502 701 3639 752 κρα-

2056 783 2153 836 τῶ.
2177 782 2570 838 Mercatoribus
2593 795 2656 835 ex
2691 780 2917 837 Oriente
2943 788 3157 834 merces
3214 778 3641 847 expartantibus

2059 889 2168 929 non
2198 875 2348 944 prius
2375 875 2504 930 licet
2538 890 2632 930 eas
2664 874 2718 929 iu
2743 888 2909 929 naves
2934 886 3234 941 congerere
3286 869 3371 925 vel
3397 886 3426 923 e
3472 877 3637 939 portu

2058 967 2352 1031 abducere,
2384 983 2552 1037 quam
2608 966 2967 1035 vectigalibus
3027 963 3348 1032 colligendis
3396 962 3638 1033 prmfecti

2058 1075 2275 1129 sagmas
2303 1076 2497 1115 omnes
2528 1069 2583 1115 et
2611 1075 2739 1114 vasa
2770 1060 3105 1119 examinent,
3165 1073 3229 1113 ne
3287 1057 3642 1126 pretiOsim'cs

2059 1152 2141 1206 vel
2190 1151 2467 1222 exportari
2509 1151 2813 1220 prohibitas
2872 1152 2975 1205 sub
3036 1150 3321 1204 vilioribus
3369 1162 3416 1204 ct
3477 1149 3642 1202 licitis

2055 1244 2638 1308 occultentilli,utita
2670 1242 2755 1297 vel
2810 1244 2876 1297 de
2934 1244 3281 1312 vectigalium
3335 1243 3509 1312 pretio
3551 1243 3646 1296 de-

2059 1336 2310 1392 fraudent
2335 1339 2415 1392 vel
2441 1337 2857 1406 principilegem
2880 1336 3069 1390 ferenti
3097 1336 3352 1390 subtilius
3385 1336 3639 1391 illudaut.

2058 1427 2366 1498 Explorant
2400 1428 2588 1497 itaque
2639 1428 2923 1499 publicani
2957 1434 3176 1498 sagmas
3217 1439 3269 1482 et
3293 1438 3473 1482 strues
3521 1444 3642 1481 sar—

2057 1519 2324 1585 cinarias,
2356 1529 2412 1575 et
2446 1520 2731 1589 colligatus
2767 1521 3123 1590 quantumvis
3170 1520 3524 1573 strictissime
3559 1521 3640 1572 vel

2057 1610 2645 1682 tenacissimejunctas
2663 1613 2827 1682 longo
2849 1623 3118 1681 acutoque
3142 1611 3283 1667 ferro
3306 1612 3640 1681 perfodiunt,

2056 1714 2107 1761 et
2139 1721 2304 1760 sensu
2330 1703 2472 1759 duce
2506 1705 2953 1774 experientiaque
3005 1706 3291 1774 magistra,
3352 1704 3497 1773 quod
3531 1704 3644 1773 ipse

2056 1797 2175 1853 visu
2201 1813 2322 1852 sum
2347 1807 2625 1868 expertus,
2652 1814 2782 1851 num
2833 1797 3011 1852 serica
3049 1799 3133 1852 [ila
3165 1798 3313 1850 verbi
3361 1812 3528 1851 causa
3546 1799 3648 1852 Sttl)

382 1891 587 1947 dicitur
613 1890 665 1943 in
696 1888 945 1958 praesenti
975 1888 1145 1958 ἄκρον
1181 1885 1279 1939 τοῦ
1338 1886 1606 1952 σκιαὸίου,
1642 1886 1808 1955 γῦρος
1858 1889 1956 1957 τῆς

2071 1890 2363 1960 gossipinis
2410 1890 2493 1944 vel
2530 1890 2745 1945 metalla
2777 1890 2877 1945 sub
2898 1904 3037 1944 cera:
3088 1904 3267 1944 massa
3305 1888 3529 1948 lateant,
3569 1890 3647 1941 in~

381 1985 637 2054 τρούλης.
670 1983 821 2038 GOAR
848 1981 867 2053 ]

454 2080 515 2133 P.
562 2080 653 2133 ‘23.
710 2075 943 2154 Variant.
988 2074 1075 2130 hic
1110 2074 1338 2129 codices
1403 2072 1577 2134 Boici,
1656 2080 1717 2127 ut
1774 2070 1959 2125 notavi

388 2174 513 2226 alim
553 2172 605 2224 in
648 2169 795 2224 natis
831 2171 897 2221 ad
930 2166 1227 2221 Codiuum.
1267 2166 1372 2221 Sed
1412 2181 1498 2220 res
1540 2166 1674 2219 tanti
1709 2172 1959 2227 nonest;

390 2266 599 2330 vulgata
628 2262 790 2316 lectio
827 2260 994 2329 proba
1029 2259 1182 2312 mihi.

457 2355 517 2411 P.
554 2355 645 2409 ει.
680 2354 1031 2408 Siromasten.
1072 2351 1269 2405 Junius
1295 2364 1402 2405 non
1457 2357 1603 2404 recte
1636 2348 1961 2419 interpreta-

389 2459 476 2504 tur
503 2449 725 2517 ferream
752 2446 980 2508 clueant,
1015 2456 1074 2498 ut
1106 2451 1254 2513 patet
1286 2458 1351 2497 ex
1382 2459 1432 2498 c.
1468 2443 1538 2497 25
1568 2441 1958 2509 Numerorum,

387 2544 480 2597 ubi
499 2540 775 2609 Scriptura
794 2539 859 2592 de
885 2538 1118 2591 Phinces
1142 2553 1157 2590 :
1183 2536 1292 2588 Καὶ
1311 2534 1492 2589 λαϐὼν
1520 2536 1890 2606 σειρομάστην
1904 2537 1963 2588 ὲν

391 2637 459 2705 τῇ
494 2635 662 2704 χειρί,
695 2640 809 2687 etc.
837 2630 947 2682 Καὶ
976 2629 1353 2698 ἀπεκέντησεν
1374 2628 1746 2696 ἀμφοτέρους,
1777 2629 1869 2680 τόν
1903 2644 1962 2679 τε

388 2730 674 2797 ἄνθρωπον
702 2726 794 2777 τὸν
841 2718 1188 2793 Ἰσραηλξτην
1220 2724 1316 2774 καὶ
1346 2722 1447 2790 τὴν
1477 2723 1717 2789 γυναῖκα
1744 2721 1835 2773 διὰ
1862 2722 1963 2791 τῆς

392 2823 603 2893 μήτρας
632 2819 821 2885 αὐτῆς.
854 2815 971 2870 Non
1002 2829 1130 2884 ergo
1159 2814 1257 2867 fuit
1288 2813 1461 2877 clava,
1488 2811 1585 2867 sed
1613 2813 1695 2866 vel
1719 2812 1959 2881 jaculum

386 2914 473 2967 vel
510 2906 684 2967 hasta.
742 2910 876 2963 lliuc
906 2907 1097 2976 Aquila
1148 2906 1309 2959 vertit
1360 2906 1568 2967 κοντόν,
1601 2905 1963 2975 Symmachus

384 3007 540 3077 δόρυ.
602 3006 826 3073 Vulgata
888 3001 1093 3057 editio:
1152 3003 1376 3068 Arrepto
1431 3000 1658 3066 pugione
1728 3000 1961 3067 confodit

391 3100 591 3153 ambos.
652 3096 871 3151 Notavit
914 3097 1059 3148 hunc
1116 3092 1266 3147 Junii
1300 3106 1540 3145 errorem
1589 3088 1859 3159 Rigaltius
1908 3090 1958 3142 in

386 3191 628 3246 Glo‘ssar.
665 3205 718 3243 v.
785 3187 1132 3242 Siromastes.
1179 3184 1335 3253 Apud
1367 3184 1696 3243 Cedreaum,
1740 3199 1794 3250 p.
1831 3183 1956 3246 700,

388 3282 496 3337 Leo
527 3281 845 3336 Melissenus
878 3277 1123 3347 increpat
1178 3276 1401 3331 fratrem
1452 3274 1612 3345 25.3
1666 3274 1958 3344 Theoguo-

389 3384 556 3439 stum,
590 3390 655 3427 ne
684 3371 999 3441 imperatori
1042 3370 1364 3433 maledicat;
1422 3383 1529 3422 non
1561 3370 1955 3437 obtemperanti

391 3471 647 3543 imposuit
677 3468 885 3537 aliquot
923 3465 1109 3534 plagas
1139 3478 1237 3517 seu
1270 3462 1429 3527 ictus,
1456 3462 1549 3515 τὸν
1584 3464 1958 3531 σειρομάστην

390 3566 647 3626 ἐντείνας.
707 3560 767 3614 S.
815 3558 1197 3628 Hieronymus,
1256 3555 1418 3625 epist.
1472 3554 1578 3608 55:
1655 3553 1778 3624 Legi
1819 3554 1959 3607 enim

387 3661 696 3715 siromasten
762 3653 1003 3717 Phineas,
1054 3650 1421 3703 austeritatem
1490 3647 1693 3712 Heliae;
1754 3648 1844 3701 ubi
1904 3656 1961 3701 et

388 3754 501 3822 ipse
529 3764 622 3820 pro
648 3750 801 3802 hasta
826 3746 1035 3800 videtur
1066 3745 1394 3798 siromasten
1430 3742 1699 3809 accipere.
1728 3739 1953 3817 Joseph.

389 3842 569 3912 Amiq.
604 3856 677 3904 tv,
710 3839 765 3900 6,
801 3837 962 3891 vertit
991 3834 1351 3903 rompkwam:
1396 3832 1579 3884 Παίων
1608 3833 1674 3901 τῇ
1711 3832 1961 3903 ῥομφαία

392 3937 703 3990 ἀπέκτεινε·
750 3929 1058 4001 Hesychius
1086 3928 1163 3981 ait
1213 3925 1584 3995 σειρομάστην
1644 3940 1765 3980 esse
1821 3921 1961 3987 εἶδος

390 4027 611 4096 λόγχης.
665 4024 723 4078 S.
790 4023 936 4077 Hier.
968 4022 1022 4075 in
1080 4035 1130 4073 c.
1192 4018 1228 4072 2
1270 4017 1498 4093 Malaph.
1559 4018 1956 4088 interpretatur

391 4118 758 4187 σειρομάστην
778 4114 1083 4182 pugionem,
1108 4118 1168 4164 ut
1198 4118 1252 4165 et
1283 4110 1448 4165 Num.
1486 4125 1612 4175 xxv;
1647 4118 1703 4164 at
1734 4108 1801 4163 lll
1828 4110 1958 4179 Reg.

394 4210 477 4267 18.
507 4218 560 4263 ct
614 4208 650 4262 l.
692 4206 782 4269 IV,
817 4222 867 4261 c.
902 4205 988 4269 fl,
1018 4204 1249 4258 hastam.
1288 4203 1488 4258 Suidas
1531 4219 1545 4258 :
1582 4203 1963 4275 Σειρομὰστης

390 4298 531 4364 εἶδος
561 4302 836 4364 ἀκοντίου,
873 4300 1065 4369 λόγχη.
1120 4295 1361 4353 Joannes
1415 4297 1642 4352 Tzetzes
1684 4316 1698 4351 :
1769 4299 1964 4352 Πολλοὶ

394 4392 493 4464 μὲν
515 4393 575 4446 τὸ
601 4391 848 4445 ἀκόντιον
880 4391 1113 4445 καλοῦσι
1155 4390 1533 4460 σειρομάστην
1601 4390 1792 4461 ὥσπερ
1860 4392 1963 4444 κάν

390 4488 456 4555 τῇ
481 4484 665 4543 Φινεὲς
705 4485 907 4537 νοεῖται
941 4482 1180 4553 ἱστορίᾳ,
1215 4494 1346 4545 etc.,
1414 4483 1627 4551 κυρίως
1684 4483 1741 4536 δὲ
1809 4484 1967 4554 σιδή-

393 4594 509 4645 ριον
542 4576 650 4630 τῶν
676 4575 931 4629 τελωνῶν
962 4575 1224 4644 ὑπάρχει,
1255 4575 1330 4637 ὡς
1370 4574 1543 4644 μέγας
1571 4575 1856 4638 ὀϐελίσκος
1882 4594 1966 4638 τις
2000 4593 2051 4653 D

391 4661 439 4737 ᾧ
471 4670 802 4738 πλήττοντες
832 4670 959 4731 τοὺς
986 4668 1223 4730 σάκκους
1250 4669 1320 4721 τὰ
1378 4668 1971 4737 κλεπτοτελωνούμενα

390 4762 575 4814 νοοῦσι
599 4763 697 4815 καὶ
743 4761 1059 4830 κρατοῦσιν.
1106 4759 1331 4814 Videtur
1355 4763 1603 4815 omnium
1639 4763 1973 4816 commodis-

393 4856 537 4910 sime
570 4854 705 4908 verti
750 4853 922 4923 .apud
965 4853 1347 4921 (juropalatam
1409 4854 1572 4906 telum
1641 4870 1737 4908 seu
1793 4856 1972 4925 pugio,

393 4946 840 5016 quandoquidem
872 4948 1189 5002 siromastes
1221 4945 1503 5000 ferebatur
1534 4961 1563 4998 a
1590 4962 1787 5017 magno
1818 4959 1977 5002 tzau-

392 5040 476 5095 sio
505 5054 572 5094 ex
605 5040 825 5094 sinistra
855 5051 1007 5109 parte
1053 5054 1224 5097 zance.
1260 5040 1349 5093 Ait
1383 5040 1626 5095 Codinus
1662 5040 1809 5094 hunc
1841 5042 1980 5095 siro-

395 5132 795 5202 mastenvulgo
822 5132 1006 5187 vacari
1070 5130 1320 5187 satibam.
1360 5129 1469 5185 Leo
1509 5133 1640 5199 imp.
1674 5131 1969 5189 Caustitut.

395 5225 465 5279 7:
500 5224 595 5289 Εἰς
624 5226 688 5279 τὸ
727 5224 888 5296 ῥῖψαι
915 5224 1159 5295 μηκὸθεν
1207 5226 1496 5294 ριπτάριον
1529 5227 1626 5279 καὶ
1660 5224 1976 5294 ματζοὸἂρ-

392 5315 604 5382 ϐουλον,
634 5318 773 5387 ὅπερ
806 5318 1032 5386 λέγεται
1062 5318 1159 5371 νῦν
1194 5316 1393 5370 σαλίὸσ
1428 5318 1460 5387 ἢ
1495 5318 1591 5371 καὶ
1625 5318 1976 5389 τζηκούριον.

391 5407 728 5465 Glossarium
762 5411 957 5464 scribit
1000 5408 1509 5479 μαρτζομάόουλον.
1564 5410 1879 5482 Anonymus
1911 5413 1977 5465 de

392 5499 536 5553 bello
560 5513 754 5553 sacro:
786 5499 1025 5563 Σαλὶδας
1058 5495 1207 5568 εῐχον
1256 5501 1581 5567 τουρκικάς.
1615 5499 1811 5556 Junius
1849 5503 1982 5556 dicit

392 5590 623 5644 σαλίὸαν
672 5606 795 5647 esse
824 5606 1013 5647 vocem
1064 5591 1379 5646 Arahicam.
1421 5595 1489 5645 At
1546 5596 1826 5662 quomodo
1879 5596 1983 5650 scit

389 5695 515 5737 esse
545 5682 859 5743 Arabicam.
893 5696 1019 5737 cum
1050 5684 1261 5737 nesciat
1309 5682 1441 5752 quid
1496 5684 1812 5753 signiticet?
1859 5684 1977 5740 Non

389 5775 535 5830 enim
571 5784 656 5829 est
692 5776 950 5831 militaris
974 5776 1154 5839 clava,
1183 5787 1243 5830 ut
1276 5788 1401 5830 ante
1454 5777 1718 5831 diximus.
1761 5778 1970 5832 Gaers.

412 5901 421 5906 ς
471 5865 756 5941 [Indicant
776 5871 871 5940 qui
898 5869 1538 5938 Mcursiumsctptuutur,
1576 5882 1628 5924 at
1671 5886 1777 5923 non
1814 5871 1975 5924 attin—

2066 1981 2296 2050 quirunt
2325 1989 2381 2035 et
2406 1982 2821 2050 deprehendunt
2845 2000 2858 2048 ;
2880 1992 2939 2035 ut
2960 1980 3149 2036 fraude
3180 1991 3459 2048 comperta
3482 1982 3646 2033 multa

2069 2074 2384 2143 pecuniaria
2411 2074 2495 2129 vel
2525 2072 2840 2129 verberibus
2872 2074 3126 2129 dolorum
3150 2073 3388 2129 artifices
3419 2075 3653 2141 punian-

2068 2172 2181 2232 tur,
2213 2181 2277 2221 ac
2304 2167 2593 2237 regiojure
2624 2166 2980 2221 detineantur
3008 2182 3219 2222 merces
3243 2176 3297 2221 et
3322 2166 3651 2221 addicautur

2070 2259 2227 2314 ﬁsco.
2251 2259 2514 2317 Verutum
2543 2269 2727 2316 autem
2760 2261 2893 2317 illud
2928 2261 3147 2332 longius
3183 2270 3236 2315 ct
3297 2262 3538 2325 acutius,
3587 2278 3654 2315 ex

2070 2353 2253 2422 aliqua
2282 2369 2406 2408 cum
2432 2355 2673 2423 pugione,
2701 2354 2825 2418 telo,
2853 2353 3008 2406 hasta
3074 2353 3456 2417 similitudine,
3485 2371 3656 2420 σειρο-

2074 2448 2284 2517 μὰστης
2314 2449 2394 2501 vel
2424 2447 2771 2515 σειρομάστις
2803 2445 2954 2499 audit
2979 2464 2992 2499 :
3028 2449 3154 2514 quia
3179 2460 3306 2500 vero
3332 2449 3655 2517 praecipitem

2072 2550 2441 2593 mercatorum
2490 2539 2542 2591 in
2575 2539 2933 2608 expartandis
2984 2540 3259 2594 mercibus
3319 2541 3656 2609 diligentiam

2071 2632 2323 2701 reprimit
2345 2641 2399 2684 et
2416 2630 2636 2684 fraudes
2658 2641 2899 2697 coercet,
2921 2631 3145 2685 σαλιϐαν
3168 2632 3250 2687 vel
3271 2633 3524 2703 σαλιϐἀρι
3543 2639 3655 2686 vul-

2071 2738 2173 2794 gus
2231 2722 2492 2792 appellat,
2546 2725 2754 2792 [renum
2812 2724 3084 2778 videlicet.
3129 2723 3291 2781 llisce
3359 2730 3659 2795 perspectis

2072 2815 2150 2869 nil
2184 2814 2518 2869 diﬂicultatis
2545 2823 2790 2870 remanet
2843 2814 2897 2869 in
2932 2814 3128 2869 Tzetze
3164 2818 3659 2886 absqueinterprc-

2074 2909 2283 2961 talione
2305 2923 2334 2960 a
2360 2906 2598 2975 Rigaltio
2619 2905 2863 2960 Meursio
2885 2918 2938 2960 et
2966 2908 3247 2969 Gretscro,
3272 2909 3545 2971 relato,nil
3566 2913 3659 2965 oh-

2074 2996 2357 3050 scuritatis
2384 2996 2435 3048 in
2462 2994 2758 3064 Hesychia,
2784 2996 2857 3047 nil
2888 2996 3031 3063 quod
3059 3011 3265 3049 moram
3296 2999 3459 3051 faciat
3482 3001 3653 3054 inCo-

2073 3086 2557 3156 dino.llcsychius
2595 3103 2608 3138 :
2642 3088 3016 3157 Σειρομὰστης
3067 3088 3261 3151 σκεῦός
3281 3107 3333 3141 τι
3386 3091 3661 3163 σιδηροῦν,

2073 3180 2210 3250 ὅπερ
2233 3181 2282 3233 ol.
2313 3180 2933 3250 τελιῖιναιπρὺςὲρευναν
2978 3181 3182 3251 ἔχουσι,
3230 3182 3399 3253 λαϐὴν
3445 3184 3661 3255 ξυλίνην

2070 3273 2211 3343 ἕχον.
2231 3272 2497 3327 Curillud
2532 3273 2583 3325 in
2607 3289 2742 3328 zona
2787 3284 2939 3344 gerat
2993 3275 3266 3341 lzausius,
3300 3278 3427 3332 alihi
3484 3281 3661 3336 discu-

2072 3365 2259 3419 timus.
2297 3363 2496 3434 (Ξυμιῖ

2142 3452 2227 3507 1b.
2279 3454 2613 3523 Ἀμηρὰλιος
2655 3467 2708 3510 et
2766 3458 3059 3529 ἀμηρὰ).ης
3081 3458 3362 3530 praztertus
3388 3466 3569 3529 utaris,
3594 3483 3663 3520 ex

2075 3552 2315 3607 Arabico
2338 3554 2513 3606 amira
2543 3569 2639 3609 seu
2670 3558 2895 3620 antirus,
2931 3557 3111 3627 inquit
3139 3557 3359 3626 Junius,
3385 3572 3439 3615 et
3473 3563 3662 3617 Graeco

2075 3644 2223 3707 ἅλιος
2256 3646 2523 3700 marinus.
2558 3646 2755 3702 Credat
2780 3650 2872 3718 qui
2904 3653 3049 3705 volet
3083 3670 3096 3706 :
3132 3667 3233 3722 ego
3256 3669 3540 3709 assensum
3565 3672 3663 3710 co-

2071 3735 2256 3793 hibeo.
2291 3738 2535 3794 Transiit
2558 3756 2657 3794 vox
2691 3741 2804 3798 hrcc
2839 3742 2903 3796 ad
2939 3743 3148 3809 Gallos,
3191 3746 3355 3802 Italos
3386 3760 3440 3802 et
3496 3749 3663 3810 alias.

2072 3832 2274 3899 quibus
2300 3834 2499 3886 amiral
2525 3843 2608 3887 est
2637 3834 2931 3903 pra-fectus
2982 3840 3150 3894 maris
3196 3856 3291 3894 seu
3340 3843 3661 3898 thalassiaro

2074 3922 2233 3978 chus.
2262 3924 2415 3989 Quod
2449 3939 2645 3979 nomen
2678 3927 2793 3981 sive
2832 3929 3077 3982 absolute
3104 3946 3203 3999 pro
3235 3934 3485 4002 print-ipe
3520 3952 3652 4002 gen-

2077 4016 2145 4071 lis
2169 4016 2283 4071 sive
2310 4032 2409 4085 pro
2441 4016 2699 4085 prtefecto
2749 4023 2917 4076 maris
2966 4023 3290 4091 aeripiatur,
3348 4029 3575 4082 tuiiitice
3626 4049 3653 4081 a

2074 4108 2285 4164 Latinis
2312 4111 2681 4179 scriptoribus
2703 4114 2971 4176 variatur,
3011 4118 3294 4169 utastcndi
3338 4118 3500 4189 244,
3523 4131 3655 4176 [ι’Πὶ.

2076 4200 2118 4254 ll
2144 4200 2210 4255 de
2242 4202 2300 4256 S.
2322 4203 2517 4268 Cruce,
2539 4221 2587 4259 c.
2612 4206 2701 4261 1?.
2720 4204 2968 4277 Ἀμηρᾶς
2987 4210 3235 4278 princeps
3262 4219 3363 4271 est,
3392 4216 3651 4268 usitatum

2076 4307 2277 4347 nomen
2310 4296 2452 4364 apud
2483 4295 2895 4353 Mahametauas
2924 4301 3147 4365 Arabes,
3171 4312 3226 4355 ut
3255 4312 3309 4355 ct
3343 4304 3617 4375 ἁμηρειῖος
3638 4348 3652 4372 ,

2077 4386 2329 4452 quamvis
2360 4398 2412 4441 et
2438 4390 2540 4442 hoc
2567 4388 2668 4443 sub
2701 4405 2882 4443 amera
2908 4391 3147 4445 minores
3193 4394 3360 4450 duces
3419 4399 3661 4452 (lt-natet.

2078 4478 2393 4547 Sigebertus
2423 4480 2473 4533 in
2534 4480 2852 4536 Chronico:
2914 4480 2981 4536 In
3050 4501 3207 4555 regno
3267 4488 3661 4544 Saracenorum

2079 4581 2309 4639 quatuor
2342 4583 2602 4644 primores
2644 4578 2854 4639 statuit,
2891 4580 2979 4648 qui
3050 4582 3259 4636 amiraei
3315 4584 3657 4648 vocabantur,

2078 4667 2187 4734 ipse
2205 4682 2321 4721 vero
2344 4670 2545 4721 amiras
2572 4668 2860 4723 vocabatur
2886 4671 2963 4724 vel
2990 4676 3441 4743 protosymbulus.

2150 4757 2236 4813 Ib.
2306 4760 2441 4813 Ἐπὶ
2496 4761 2616 4815 τῶν
2659 4762 2950 4829 δεήσεων.
2990 4763 3063 4819 Ita
3087 4783 3312 4821 omnino
3349 4770 3658 4839 lugendum,

2077 4861 2131 4906 et
2151 4852 2281 4905 illud
2301 4853 2394 4906 ἐπὶ
2416 4855 2523 4908 τῶν
2544 4855 2812 4909 δικάσεων
2840 4857 3027 4924 procul
3053 4860 3423 4929 relegandum.
3455 4864 3659 4921 Gaz-z'rs.

2153 4946 2241 5001 lb.
2309 4946 2700 5019 [Χειρόρτιον.
2769 4947 2956 5001 Simon
3028 4950 3657 5020 Portitts:Cltirotltecn,

2078 5041 2324 5110 χερὸκτι,
2361 5043 2604 5111 χερόρτι,
2639 5041 2962 5111 χειροοήκη.
2990 5042 3297 5112 Ἐγχείριον
3342 5047 3661 5118 διεσχισμὲο

2081 5150 2179 5201 νην
2205 5136 2283 5196 et;
2314 5134 2578 5185 δάκτυλον
2607 5133 2821 5186 vacavit
2840 5131 3056 5189 Nicetes
3078 5136 3130 5188 in
3159 5136 3348 5191 Alexio
3381 5138 3662 5197 Cuntncua

2080 5224 2118 5278 l.
2148 5238 2204 5278 ιιι
2237 5246 2251 5279 :
2295 5227 2354 5277 Ἦ
2392 5226 2435 5279 δ’
2466 5228 2606 5307 αὑτὴ
2639 5228 2734 5278 καὶ
2756 5226 2920 5296 δορὰν
2964 5231 3348 5299 χρυσόπαστον
3390 5237 3663 5307 ἐγχείριον

2082 5318 2300 5385 ἔχουσα,
2331 5319 2722 5388 διεσχισμὲνην
2755 5318 2809 5382 ἐς
2838 5319 3127 5386 δάκτυλον,
3162 5326 3460 5396 κονητεναν
3508 5324 3659 5398 εἶχεν

2083 5408 2294 5478 ὅρνιθα,
2324 5412 2417 5462 καὶ
2447 5410 2665 5474 ἐξιοῦσα
2701 5411 2839 5480 πρὸς
2904 5413 3079 5484 θήραν
3124 5418 3403 5483 ἐπέκλωζέ
3456 5438 3515 5472 τε
3566 5424 3661 5474 καὶ

2092 5500 2392 5565 ὲπεῦώῦζε.
2425 5500 2681 5569 Vulgaris
2716 5513 2897 5561 textus
2957 5508 3115 5562 habet
3149 5527 3162 5562 :
3210 5510 3268 5561 Ἢ
3306 5511 3361 5563 δὲ
3404 5511 3541 5579 αὑτὴ
3600 5515 3661 5562 τ),

2090 5597 2399 5665 χειρνερτιον
2438 5598 2820 5665 χρυσόπαστον
2890 5600 3111 5669 ἔχουσα,
3166 5602 3551 5672 διεσχισμένην
3584 5606 3659 5666 εἷς

2089 5686 2371 5753 δάκτυλον,
2399 5693 2688 5759 κονητίναν
2720 5686 2866 5759 εἶχεν
2901 5692 3115 5761 ὄρνιθα.
3140 5691 3328 5760 Carpit
3358 5693 3442 5746 bis
3481 5696 3660 5748 verbis

2087 5778 2308 5833 Nicetes
2357 5781 2619 5834 indecens
2679 5782 3045 5851 imperatricis
3097 5783 3340 5837 factum:
3399 5790 3659 5854 probrum

2088 5883 2267 5926 tamen
2304 5888 2414 5942 quo
2454 5887 2597 5940 eam,
2638 5876 2782 5931 velut
2820 5893 2945 5932 res
2976 5878 3114 5949 ipsa,
3140 5878 3372 5945 populus
3424 5880 3664 5938 insccta-
