4064 6446
380 345 484 416 231

1484 344 1563 404 IN
1611 341 1914 405 LIBRUM
1959 335 2056 400 DE
2090 339 2418 399 OFFICIIS
2452 340 2562 401 (ΞΡ.

3537 339 3699 425 2⁸12,

381 467 566 532 batur,
597 481 703 521 non
737 467 968 524 advertit
1005 463 1278 535 interpres
1330 459 1554 520 Nicone.
1623 461 1828 517 Locum
1893 473 1961 512 ne
1993 463 2032 518 Α
2067 455 2200 511 baro
2231 469 2284 512 ct
2347 455 2640 512 Mcorsium
2703 455 2757 510 in
2805 471 2905 512 suo
2985 455 3452 515 Graeco-Barbare
3487 459 3650 520 Glos—

381 561 667 628 lgnoretur
718 559 974 612 adduco:
1043 559 1276 611 relatum
1341 556 1615 612 antecedit
1687 555 1958 624 proxime.

383 650 556 703 Ἔνιοι
601 649 655 702 δὲ
687 649 792 701 τῶν
835 649 1112 718 ἀγοραῖων
1156 651 1250 702 καὶ
1308 650 1376 704 τὰ
1412 648 1632 720 μιμηλὰ
1665 647 1776 700 τῶν
1816 657 1957 713 πτη.

380 744 506 806 νῶν,
542 744 633 795 καὶ
665 743 764 795 ὄπα
796 744 826 810 ἡ
854 741 1019 809 φύσις
1076 741 1358 812 ὲστὸμωσε
1397 741 1533 811 προς
1581 737 1958 810 μουσουργιαν

378 839 465 889 ἀεὶ
506 836 635 905 μίαν
665 835 1063 898 ὑποϐάλλοντες
1093 835 1353 906 μάθησιν,
1387 834 1482 888 καὶ
1539 831 1746 902 ταύτην
1779 832 1956 884 κοινὸ-

376 925 585 988 λεκτοῖι,
621 924 766 996 ᾄδειν
796 927 889 978 ἐπὶ
918 926 1208 979 στενωπῶν
1229 928 1322 978 καὶ
1350 925 1600 997 τριόδων.
1649 944 1666 976 ι
1698 921 1956 995 Πολιτικὴ

377 1021 438 1071 τὸ
463 1020 668 1071 δίκαιον
707 1037 724 1069 ι
764 1019 1174 1083 ﬁstulosus“.
1206 1015 1546 1073 Edocuerunt
1573 1027 1629 1071 ut
1685 1026 1952 1082 canerent,

376 1111 631 1164 Meretrix
660 1112 886 1178 pretium
920 1127 938 1164 :
1007 1111 1382 1180 subintelliges
1408 1151 1423 1172 ,
1475 1111 1624 1178 exige
1681 1109 1956 1178 prostituti

377 1203 636 1270 corporis.
669 1199 846 1256 Vertit
869 1203 1138 1270 interpres
1162 1204 1380 1269 inepte:
1412 1201 1640 1255 Politica
1658 1201 1955 1270 justitiam,

377 1297 665 1365 πολιτικήν
687 1289 960 1364 siquidem
983 1303 1180 1348 vocant
1213 1294 1462 1348 hodierni
1498 1293 1820 1346 meretricem
1851 1307 1952 1346 ceu

360 1371 490 1441 tota
543 1389 678 1442 urbe
735 1387 953 1456 publice
1021 1387 1426 1456 exliositamac
1489 1387 1586 1442 tuti
1653 1388 1823 1440 curiae
1885 1387 1955 1442 ob

377 1481 626 1548 corporis
659 1481 1031 1549 prustibulum
1068 1491 1277 1546 notam,
1315 1480 1453 1535 Galli
1512 1481 1834 1534 courtisane.
1867 1480 1956 1534 Al-

375 1587 532 1626 καιον
554 1570 604 1624 id
624 1572 862 1640 estquod
888 1581 1082 1627 auctor
1106 1589 1212 1625 non
1235 1587 1343 1626 uno
1363 1572 1483 1626 loco
1504 1580 1661 1626 vocat
1679 1569 1954 1640 δικαέωμα

377 1658 603 1732 pretium
619 1664 745 1731 jure
776 1662 1115 1742 reddendum.
1143 1661 1339 1737 Ceam]

454 1775 544 1828 Ib.
585 1776 692 1831 Pro
727 1778 949 1848 χαρτίον
979 1777 1267 1848 legendum
1296 1778 1512 1833 videtur
1563 1777 1802 1849 χασδίον,
1833 1793 1955 1848 qua:

378 1883 482 1922 vox
512 1879 715 1925 vestem
749 1887 813 1925 ex
843 1872 967 1941 pilis
1018 1871 1102 1926 vel
1166 1873 1309 1927 villis
1359 1871 1664 1928 ennl‘ectam
1709 1873 1954 1928 denotat.

378 1961 473 2015 Est
499 1962 850 2033 ειχασείδιον
901 1965 1044 2034 apud
1098 1954 1418 2020 Acltmetem
1474 1965 1856 2034 Oniropolatu,
1901 1981 1953 2020 c.

376 2054 504 2119 22.0,
530 2055 619 2109 ubi
656 2056 903 2110 invenies
939 2057 1185 2127 χασειδιοι
1207 2057 1312 2109 ἀπ’
1372 2057 1559 2127 ἐρίων.
1621 2057 1680 2112 lu
1743 2059 1956 2128 synodo

377 2148 739 2204 Florentino:
804 2148 1030 2204 Sedebat
1078 2151 1131 2203 in
1159 2166 1290 2220 equo
1349 2151 1722 2220 pulcherrimo,
1785 2152 1954 2222 nigro,

377 2244 471 2295 καὶ
499 2243 932 2313 εὑτρεπισμένου
965 2243 1084 2310 μετ’
1117 2242 1350 2312 ὲρνθροῦ
1402 2243 1496 2298 καὶ
1535 2245 1951 2314 χρυσοῦφὰντου

377 2335 620 2404 χασδίου,
652 2336 739 2404 qui
762 2345 982 2388 ornatus
1009 2337 1301 2389 eratrubro
1319 2348 1366 2388 et
1397 2337 1574 2390 aureis
1621 2336 1730 2403 ﬁlis
1759 2337 1954 2404 infecto

380 2436 709 2496 tegumenta;
745 2437 802 2482 ιιι
826 2429 1049 2497 proinde
1078 2429 1231 2484 locus
1263 2429 1366 2483 iste
1394 2427 1588 2482 Codini
1620 2429 1690 2482 ita
1724 2429 1957 2481 redden-

377 2520 482 2573 dus
524 2519 804 2573 videatur:
847 2519 1196 2573 Scaranicum
1221 2521 1335 2589 ejus
1369 2520 1615 2574 indutum
1649 2536 1739 2572 seu
1763 2520 1959 2588 sufful-

379 2623 490 2665 tnm
526 2621 602 2665 est
631 2610 806 2681 panno
827 2627 892 2666 ea:
915 2612 1038 2682 pilis
1068 2629 1156 2667 seu
1183 2612 1310 2667 lana
1351 2613 1611 2681 confecto.
1645 2610 1852 2666 Gna'rs.

453 2726 708 2800 [Χασδίον
730 2727 974 2782 villosum
1011 2729 1256 2784 sericum.
1295 2727 1494 2785 Vocem
1538 2727 1706 2784 refert
1737 2729 1956 2785 concilii

378 2821 679 2875 Flurentiui
755 2831 934 2876 textus
1003 2821 1248 2886 Graccus,
1313 2839 1500 2877 verum
1551 2823 1620 2878 ab
1658 2823 1960 2892 interprete

378 2917 640 2968 omissam
682 2932 695 2968 :
746 2917 807 2968 '0
855 2915 952 2982 μὲν
1005 2916 1264 2986 βασιλεὺς
1328 2915 1624 2982 ἐκαθέζετο
1667 2917 1753 2983 ἐφ’
1785 2917 1958 2970 ἵππου

375 3007 712 3076 ὡραιοτάτου
753 3010 980 3080 μέλανος
1037 3011 1131 3064 καὶ
1163 3011 1603 3082 εὐτρεπισμένου
1663 3011 1800 3079 μετὰ
1836 3013 1959 3082 ἐρυ-

377 3095 510 3172 θροῦ
543 3103 636 3157 καὶ
683 3104 1097 3172 χρυσιιῦφάντου
1146 3104 1392 3173 χασδὶου.
1456 3101 1727 3158 Insidebat
1797 3105 1959 3173 impe-

377 3207 524 3249 rator
545 3211 676 3265 equo
702 3195 1052 3264 pulcherrimo
1095 3197 1264 3266 nigro,
1295 3197 1387 3265 qui
1435 3211 1697 3265 purpureo
1741 3205 1788 3249 et
1827 3211 1958 3248 auro

378 3297 518 3342 texto
535 3287 781 3358 bombyce
801 3288 1148 3341 Iteteromallo
1171 3298 1472 3342 constratas
1491 3298 1625 3342 erat.
1647 3288 1699 3341 In
1712 3297 1919 3356 terpres
1940 3301 1958 3340 :

378 3381 762 3447 Quipurpureo
809 3395 1076 3449 aureaque
1137 3381 1420 3434 intertexto
1481 3389 1786 3434 constratas
1844 3386 1960 3432 erat

379 3483 693 3543 legumento.
709 3470 886 3525 Nihilo
909 3473 1104 3527 melius
1126 3473 1217 3541 qui
1243 3473 1653 3542 posuitornatus
1671 3483 1784 3526 erat
1803 3473 1960 3525 rubro

377 3578 427 3618 et
453 3563 753 3632 aureis/ili:
778 3563 967 3632 infecto
995 3575 1330 3629 legumento.
1396 3563 1640 3618 Pessime
1703 3565 1954 3619 omnium

380 3659 474 3727 qui
504 3656 723 3725 χασδίον
747 3671 981 3724 pannum
1013 3672 1079 3710 ex
1108 3657 1257 3724 pileis
1286 3673 1375 3711 seu
1394 3657 1520 3712 lana
1549 3663 1839 3726 contectum
1865 3673 1962 3727 pu-

381 3759 480 3816 tat,
508 3759 562 3803 et
587 3748 934 3816 ἐνδεδυμένον
958 3749 1239 3818 suffultam
1277 3750 1462 3804 vertit.

452 3859 538 3915 Ib.
578 3857 854 3933 [Χρυσοῦν
887 3860 920 3931 ἢ
959 3861 1236 3930 ἀργυροῦν
1276 3860 1532 3914 πετάλων
1583 3860 1959 3932 ζωγραφικὸν,

379 3968 570 4006 aurum
608 3953 690 4006 vt-l
713 3963 987 4023 argentum
1020 3953 1290 4020 foliatam,
1334 3954 1628 4007 subtilibus
1696 3954 1957 4008 nimirum

381 4044 660 4101 bracteolis
690 4045 836 4114 aperi
863 4046 1088 4115 pictorio
1119 4056 1414 4102 tenuatum.
1461 4043 1666 4117 Goau.]

452 4159 536 4215 Ib.
559 4160 866 4214 Φωσσάτον.
901 4159 1176 4215 Scribitur
1203 4159 1365 4214 etiam
1391 4161 1683 4228 φοσσάτον,
1721 4141 1750 4216 a
1784 4161 1957 4218 fossa.

379 4253 608 4324 I'roprie
625 4253 897 4323 signiﬁcat
932 4262 1114 4309 castra
1161 4252 1325 4308 fossis
1383 4254 1614 4322 uumita,
1652 4255 1777 4308 item
1805 4270 1962 4310 exer-

379 4348 550 4401 citum
583 4347 786 4416 ipsum.
840 4345 1273 4416 Moschopulus:
1330 4349 1604 4402 Φοσσάτον
1631 4349 1660 4400 ὁ
1708 4349 1958 4416 στρατός.

381 4437 523 4492 llinc
540 4439 896 4505 φοσσατεύειν
922 4437 1038 4492 sive
1056 4454 1158 4506 φου
1168 4438 1419 4492 suadent
1436 4440 1721 4493 exercitum
1744 4440 1953 4504 ducere,

380 4541 437 4583 et
474 4527 822 4597 φοσσατικῶς
850 4528 1025 4581 instar
1053 4531 1337 4582 eaercitus.
1370 4529 1498 4584 inde
1537 4529 1700 4585 etiam
1732 4533 1977 4584 trausla-.

381 4630 496 4676 tum
520 4629 624 4685 est,
661 4619 963 4689 praesertim
996 4636 1024 4673 a
1044 4619 1280 4684 Latinis,
1305 4624 1371 4675 ad
1399 4622 1577 4676 fossas
1601 4637 1960 4692 quascunque

381 4712 703 4768 munitionis
741 4711 903 4784 2&5
931 4727 1096 4767 causa
1129 4710 1327 4769 factas.
1362 4713 1634 4768 Robcrtus
1679 4712 1747 4767 de
1779 4713 1961 4769 Monte

379 4807 437 4861 iu
470 4788 742 4860 Chronico
773 4822 788 4860 :
824 4803 936 4858 Rea:
969 4803 1230 4859 Henricus
1258 4805 1379 4872 fecit
1419 4813 1620 4876 [ossata
1644 4806 1756 4860 alta
1782 4818 1830 4860 et
1847 4806 1960 4858 lata

379 4902 520 4954 inter
557 4897 846 4953 Franciam
882 4907 930 4953 et
958 4897 1348 4952 Normanniam
1383 4897 1453 4952 ad
1478 4899 1750 4969 prwdones
1777 4915 1963 4959 arcen-

379 4993 499 5045 dos.
550 4991 800 5046 Andreas
840 4990 1130 5062 presbyter
1177 4991 1233 5044 in
1313 4991 1586 5046 Chronico
1651 4990 1952 5045 Bavarico:

382 5080 744 5149 Ratispoute‘a
764 5089 916 5148 porta
949 5078 1008 5134 S.
1053 5078 1200 5134 Petri
1239 5097 1401 5152 usque
1424 5090 1631 5150 portam
1660 5082 1959 5136 occidenta-

383 5173 483 5226 lem
505 5173 764 5241 [ossatum
791 5177 1024 5228 exterius
1072 5177 1188 5246 (der
1213 5176 1642 5247 stadtgrabenﬁn
1701 5186 1808 5230 toto
1833 5193 1958 5246 per-

315 5287 333 5298 ’
383 5265 584 5334 ﬁcitur.
644 5266 894 5321 Invenies
954 5267 1140 5322 itidem
1196 5271 1501 5336 φουσσάτον
1562 5278 1617 5325 et
1661 5269 1954 5337 φουσάτον.

375 5354 524 5423 Quin
557 5365 612 5410 et
633 5356 864 5426 simplex
889 5357 1210 5412 vocabulum
1244 5360 1390 5428 fossa
1439 5376 1599 5415 suum
1663 5360 1874 5427 fecere;
1901 5371 1955 5417 et

380 5447 622 5516 φουσσᾷν
642 5448 840 5518 fodere,
865 5448 1062 5518 fossam
1083 5451 1275 5517 facere.
1303 5451 1500 5506 Eadem
1525 5453 1749 5507 nonione
1788 5470 1954 5510 usur-

380 5549 512 5608 pant
535 5539 768 5605 σέδετον,
789 5555 884 5610 pro
915 5542 1111 5597 castris
1129 5543 1361 5597 scilicet.
1385 5546 1581 5601 Suidas
1613 5562 1628 5600 :
1654 5547 1873 5600 Σέδετον
1894 5547 1957 5600 τό

382 5632 692 5700 φωσσάτον.
713 5632 793 5687 Ab
814 5632 1002 5689 eadem
1026 5634 1246 5688 notione
1265 5645 1345 5689 est
1363 5636 1639 5708 ἄπληκτον
1662 5639 1954 5710 (signitit-at

381 5723 523 5776 enim
554 5723 758 5795 castra)
805 5734 859 5781 et
911 5726 1265 5793 ἁπληκώειν,
1305 5743 1370 5781 ex
1428 5727 1624 5785 Latino
1653 5734 1950 5802 applicare,

381 5820 557 5867 castra
615 5816 825 5871 metari.
880 5813 1011 5873 Vide
1067 5815 1374 5893 Itigaltium
1429 5821 1482 5876 in
1522 5836 1624 5878 suo
1672 5823 1946 5880 Mixoltar-

1984 4497 2037 4557 D

2065 550 2212 605 sario

2131 641 2191 696 P.
2219 641 2310 699 25.
2342 633 2635 712 Prtefectus
2669 639 2852 711 alogii.
2885 639 2998 696 Non
3028 642 3162 697 satis
3199 643 3385 698 mirari
3421 659 3644 712 possum

2060 736 2189 804 quid
2218 733 2452 790 Junioiu
2484 743 2718 789 mentem
2751 735 2978 800 venerit,
3012 747 3064 789 ut
3097 751 3282 790 vocem
3327 737 3518 806 ἄλογον
3577 737 3646 791 ab

2059 827 2284 883 Hebraea
2317 829 2671 899 halac.(quod
2731 839 2814 885 est
2845 830 2922 884 ire
2953 829 2971 900 )
3003 831 3311 894 deduxerit,
3355 847 3479 884 cum
3520 830 3644 887 luce

2060 921 2265 976 clarius
2305 921 2372 974 sit
2403 922 2597 990 ἄλογον
2624 935 2746 977 esse
2773 938 2962 977 vocem
2996 922 3456 994 Grzccam,quasi
3493 923 3644 978 dicas

2060 1015 2379 1069 irrationale
2411 1030 2556 1083 ;quo
2591 1016 2808 1070 nomine
2865 1017 3200 1092 recentiores
3259 1017 3430 1071 Grtcci
3483 1034 3643 1086 equos

2059 1109 2387 1178 signiﬁcant.
2423 1110 2743 1180 Anonymus
2763 1109 2902 1179 apud
2931 1109 3221 1177 ltigaltium
3248 1131 3260 1164 :
3296 1109 3502 1172 ’Δλογα
3525 1109 3642 1170 ζῶα

2057 1203 2357 1269 νωτοφόρα,
2391 1201 2689 1270 ἀχθοφόρα.
2715 1201 2780 1254 Ει
2806 1201 3052 1255 absolute
3083 1217 3179 1270 pro
3201 1203 3356 1270 equis
3391 1202 3641 1256 invenies

2057 1294 2200 1363 apud
2235 1293 2583 1357 Mauriciunt,
2604 1292 2842 1347 Leonem
2873 1303 2927 1348 et
2962 1293 3322 1364 aliothaque
3343 1292 3642 1350 Iunianum

2059 1385 2593 1454 halocumablegotur
2617 1385 2684 1439 ad
2709 1386 2965 1440 nuutimn
2990 1402 3084 1440 seu
3125 1387 3412 1454 viatorem,
3451 1403 3639 1456 quem,

2060 1487 2118 1532 ut
2143 1477 2344 1532 Junius
2367 1478 2562 1545 inquit,
2594 1477 2787 1531 Turcae
2857 1477 3132 1546 appellant
3173 1478 3352 1531 Itulac.

2133 1571 2220 1626 Ib.
2255 1571 2504 1625 Matzuca
2543 1567 2708 1626 Iunio
2741 1571 3018 1632 estclava,
3048 1587 3112 1625 ex
3141 1571 3328 1626 Italico
3362 1571 3543 1626 Massa
3560 1576 3644 1630 vel

2058 1666 2241 1738 potius
2266 1665 2472 1720 Gallico
2506 1665 2741 1730 Massue,
2790 1675 2845 1720 ιιι
2903 1666 3101 1734 inquit.
3161 1666 3430 1721 Set-ibitur
3474 1670 3640 1724 etiam

2063 1757 2406 1829 ματζούκιον.
2449 1757 2650 1811 Ibidem
2683 1757 2926 1824 στηλειόν
2957 1759 3166 1827 act-ipio
3197 1776 3296 1828 pro
3334 1772 3500 1816 conto
3545 1779 3642 1816 seu

1986 1815 2032 1874 Β
2062 1851 2246 1907 hastili
2274 1861 2556 1915 matzuca),
2607 1851 2700 1905 der
2742 1852 2858 1905 stiel
2893 1868 2911 1917 ;
2947 1853 2998 1906 in
3049 1854 3206 1921 cujus
3275 1855 3477 1910 vertice
3522 1865 3644 1910 erat

2062 1947 2294 2017 βουτίον,
2331 1946 2506 2008 bulla,
2545 1962 2678 2010 cupa
2731 1960 2824 1999 seu
2866 1944 3092 2012 capella.
3130 1945 3404 2000 Scribitur
3424 1963 3646 2018 quoque

2061 2039 2277 2110 βουτέον
2303 2047 2509 2103 seu,ut
2551 2037 2841 2107 Ri’galtius,
2891 2039 3154 2109 βούττιον,
3216 2042 3436 2112 βούτζη,
3489 2045 3646 2114 βούτ-

2059 2132 2195 2197 ζιον,
2228 2131 2441 2202 βούττις
2473 2149 2488 2196 ;
2519 2145 2641 2200 qua:
2673 2146 2778 2184 nou
2817 2141 3026 2185 tantum
3062 2148 3256 2202 cupam
3297 2152 3394 2189 seu
3450 2138 3644 2205 cupel-

2058 2227 2187 2289 iam,
2224 2224 2316 2279 scd
2352 2226 2467 2292 ipsa
2484 2224 2646 2278 etiam
2681 2223 2888 2293 integra
2909 2240 3035 2280 vasa
3059 2227 3268 2281 vinaria
3311 2230 3644 2295 significant,

2059 2322 2120 2367 ut
2143 2322 2194 2367 te
2217 2311 2270 2368 iu
2303 2311 2596 2367 Glossariis
2628 2329 2688 2366 su
2717 2329 2742 2365 s
2771 2326 3056 2368 auctorum
3110 2317 3436 2376 testimoniis
3481 2322 3645 2375 dace-

2061 2405 2197 2458 lntut
2219 2400 2508 2473 Rigaltius,
2539 2403 2805 2458 Meursius
2831 2419 2883 2458 et
2910 2406 3268 2462 Casaubonus
3299 2425 3329 2464 a
3353 2411 3643 2480 lCapitoli-

2064 2511 2190 2548 tmtn
2213 2505 2266 2549 et
2304 2495 2548 2549 Flavium
2588 2492 2882 2560 Vopiscum
2927 2512 2980 2566 p.
3017 2497 3145 2564 412,
3203 2499 3328 2554 5‘22.
3350 2499 3644 2558 Germanis

2065 2586 2193 2640 inde
2223 2587 2370 2639 venit
2402 2588 2601 2649 butten,
2631 2586 2698 2640 de
2729 2603 2857 2641 vase
2880 2589 3196 2655 dorsuario,
3225 2604 3336 2661 quo
3365 2610 3484 2648 uvae
3524 2595 3642 2665 jam

2062 2695 2091 2733 a
2126 2678 2612 2733 viudt-tniaturilms
2642 2689 2862 2734 resectae
2895 2697 2992 2750 per
3019 2682 3324 2740 destinatos
3355 2687 3420 2740 ad
3449 2689 3497 2740 id
3539 2689 3645 2742 bo-

2062 2774 2236 2828 mines
2260 2773 2592 2842 colliguntur
2622 2781 2675 2824 et
2711 2773 2775 2826 ad
2811 2774 3051 2829 torcular
3079 2774 3402 2831 deferuntur
3427 2799 3439 2832 :
3466 2797 3642 2850 quau-

2061 2884 2224 2940 quam
2259 2867 2434 2920 bullus
2463 2865 2642 2919 itidem
2685 2875 2881 2921 vocant
2941 2866 3045 2921 alia
3100 2867 3378 2926 dorsualia
3431 2863 3642 2929 instru-

2062 2972 2266 3023 menta,
2309 2961 2374 3014 ad
2409 2960 2819 3016 similitudinem
2852 2961 3046 3015 vinarii
3078 2962 3224 3018 illius
3253 2963 3416 3020 facta.
3454 2969 3645 3033 Quid?

2063 3055 2204 3122 quod
2235 3053 2404 3107 Grzcci
2438 3067 2631 3120 cupam
2664 3067 2885 3122 quoque
2921 3053 2971 3106 in
3006 3068 3162 3108 suam
3185 3055 3422 3126 linguam
3459 3067 3641 3114 trans-

1987 3158 2031 3222 ρ
2065 3148 2326 3209 tulerunt,
2368 3145 2568 3198 κοῦποι.
2595 3145 2854 3199 Adfertur
2915 3145 3078 3200 etiam
3109 3143 3402 3215 ⁸βούτινον,
3457 3150 3643 3208 butina

2064 3255 2160 3309 pro
2190 3241 2401 3308 lagona.
2437 3237 2599 3291 liutto
2625 3253 2795 3292 sacrm
2825 3239 3147 3307 supellectili
3195 3241 3515 3308 adjungitur
3573 3247 3645 3301 ab

2063 3331 2352 3387 Anastasio
2382 3333 2433 3385 in
2461 3329 2643 3386 Leone
2679 3329 2746 3384 IV
2779 3349 2790 3383 :
2816 3330 3027 3385 Obtulit
3055 3333 3102 3384 iu
3129 3333 3347 3389 basilica
3393 3337 3445 3390 b.
3496 3337 3644 3394 Petri

2063 3423 2576 3492 apostolibullonent
2605 3421 2668 3474 de
2715 3432 2933 3490 argento
2986 3423 3296 3490 purissimo.
3338 3425 3526 3496 Igitur,
3585 3437 3645 3485 ut

2063 3518 2190 3572 hinc
2227 3517 2507 3579 abeamus,
2534 3525 2720 3568 contus
2745 3515 2996 3569 dicunicii
3019 3517 3431 3587 protalogazoris
3475 3520 3646 3578 lialzc.

2063 3611 2150 3665 bat
2177 3609 2228 3662 in
2259 3609 2460 3662 vertice
2491 3607 2722 3677 βουτεον,
2769 3607 2819 3661 id
2883 3608 3141 3662 nimirum
3191 3612 3335 3678 quod
3385 3610 3642 3669 Germani

2063 3703 2254 3756 dicunt
2276 3702 2356 3755 eiu
2377 3699 2672 3767 kiippeleiu.
2716 3697 2916 3752 Verum
2953 3702 3066 3754 haec
3095 3701 3280 3756 omnia
3309 3718 3562 3757 eversum
3603 3711 3644 3760 it

2064 3793 2356 3855 Meursius,
2389 3791 2480 3860 qui
2517 3791 2569 3845 iu
2603 3790 2883 3847 Glossario
2914 3807 2966 3846 ν.
3007 3792 3245 3862 βουλὶιον
3293 3793 3525 3849 afﬁrmat
3567 3797 3642 3850 le-

2062 3885 2297 3954 gendum
2319 3898 2426 3937 non
2463 3881 2673 3954 βουτίον
2699 3883 2794 3944 sed
2830 3883 3094 3953 βουλλίον,
3127 3886 3274 3954 quod
3301 3897 3382 3940 est
3429 3888 3645 3940 orbicu-

2063 3976 2440 4042 lus,circulus.
2469 3975 2576 4029 Sed
2607 3992 2730 4030 cum
2763 3977 2864 4030 hoc
2898 3977 3017 4031 sine
3060 3976 3226 4031 ullius
3294 3993 3397 4032 ms.
3437 3979 3645 4036 eudicis

2063 4071 2392 4124 auctoritate
2419 4078 2656 4134 asserat,
2689 4084 2798 4122 non
2835 4079 2920 4124 est
2951 4084 3054 4123 cur
3118 4080 3319 4127 nostra:
3371 4072 3643 4150 lectionis,

2061 4177 2185 4231 qua:
2209 4162 2420 4217 calamo
2441 4163 2680 4216 exaratis
2698 4163 3112 4233 exemplaribus
3129 4165 3378 4233 fulcitur,
3417 4184 3519 4223 nos
3550 4179 3645 4223 aut

2064 4256 2439 4324 pmniteataut
2473 4255 2671 4324 pigeat,
2695 4256 2799 4310 nisi
2827 4257 2951 4325 quis
2996 4259 3149 4312 tnalit
3193 4259 3392 4328 legere,
3423 4261 3644 4327 τουφίον

2059 4344 2393 4414 ﬂammulam
2419 4349 2634 4413 a'tuplia
2653 4360 2748 4398 seu
2770 4344 2904 4400 tufa.
2927 4345 3125 4400 Suidas
3147 4364 3160 4399 :
3182 4349 3446 4410 Στειλειὺς
3464 4351 3524 4402 τὸ
3546 4350 3644 4420 τῆς

2061 4437 2248 4504 ἀξίνης
2279 4437 2574 4500 ξύλονωιε.
2609 4437 2732 4490 stirl
2745 4454 2814 4490 an
2843 4441 2935 4491 der
2955 4448 3069 4492 amt.
3106 4438 3172 4492 Et
3197 4439 3334 4494 forte
3365 4442 3454 4496 hic
3477 4447 3644 4498 etiam

2062 4528 2414 4585 scribendum
2445 4528 2726 4594 στειλεῖος,
2759 4545 2868 4582 non
2894 4530 3160 4598 στηλειός.
3185 4529 3386 4586 Gnu'rs.

2135 4621 2278 4675 Ibid.
2318 4620 2462 4693 ['H-r
2491 4620 2796 4688 ἰδιωτικῶς
2844 4622 3106 4677 καλοῦσι
3137 4622 3510 4692 ματζοῦκαν.
3566 4626 3647 4680 Ita

2061 4719 2144 4768 est
2175 4729 2188 4764 :
2229 4712 2378 4764 clava
2416 4710 2699 4774 ἰδιωτιγῶς
2729 4721 2781 4765 et
2821 4713 2979 4780 vulgo
3011 4711 3321 4780 ματζοῦκα,
3347 4724 3402 4768 et
3437 4727 3492 4768 ut
3519 4730 3646 4769 eru-

2063 4807 2174 4860 dite
2202 4805 2518 4866 Gretserus.
2541 4821 2570 4859 e
2596 4805 2804 4860 Gallico
2834 4815 3316 4882 ntassue,vocatur
3353 4824 3369 4865 :
3401 4807 3568 4879 246
3589 4819 3647 4862 at

2063 4911 2176 4953 non
2205 4897 2451 4968 ἰδιωτική
2475 4906 2530 4950 et
2560 4895 2799 4964 vulgaris
2827 4895 2974 4951 clava
2993 4907 3074 4951 est
3087 4895 3211 4952 ἶιωο
3227 4899 3646 4968 πρωταλογὰτο-

2065 5008 2160 5064 ρος
2195 4990 2505 5060 ματζοῦκα,
2537 4990 2631 5045 sed
2653 4990 2972 5058 honoraria,
3006 5007 3181 5062 eaque
3203 4993 3437 5061 capitata
3470 4995 3646 5060 virga,

2065 5099 2229 5153 quam
2272 5083 2616 5153 apparitores
2635 5097 2730 5136 seu
2761 5083 2975 5137 accensi
3009 5094 3226 5154 gestant
3256 5093 3391 5138 ante
3422 5085 3646 5155 princ-io

2072 5191 2191 5246 pes,
2217 5175 2548 5239 cardinales,
2581 5184 2843 5240 rectores,
2868 5175 2922 5228 in
2947 5175 3233 5243 potestatis
3263 5176 3570 5246 symbolum
3591 5190 3645 5235 et

2061 5265 2403 5320 excellentia:
2421 5273 2828 5334 argumentum,
2883 5264 2938 5318 la
2995 5282 3220 5333 masse;
3252 5269 3398 5322 unde
3446 5278 3498 5324 et
3534 5270 3642 5338 ipsi

2063 5356 2258 5411 clavati
2281 5357 2610 5425 apparitores
2659 5363 2715 5410 et.
2748 5356 3006 5428 clavigeri
3056 5361 3264 5413 accensi
3318 5363 3644 5430 nuncupati.

2007 5501 2012 5506 ,
2061 5447 2150 5503 Nil
2186 5447 2371 5518 itaque
2397 5448 2487 5502 hic
2508 5449 2574 5502 ad
2602 5449 2944 5517 prapositum
2973 5461 3258 5507 castrense
3279 5455 3649 5523 ματζούκιον,

2063 5541 2130 5595 de
2160 5556 2265 5609 quo
2290 5539 2556 5612 Rigaltius
2585 5551 2640 5595 et
2664 5541 2955 5606 Meursius,
2988 5545 3081 5613 qui
3115 5545 3434 5626 ματζούὲην
3457 5556 3512 5603 et
3541 5566 3644 5618 μα-

2061 5635 2344 5705 τουκάκην
2372 5634 2647 5692 Theodori
2667 5639 2954 5707 cujusdam
2973 5653 3280 5706 cognomen
3301 5644 3448 5711 apud
3475 5641 3655 5700 Nieem

2063 5739 2171 5784 tam
2207 5731 2261 5784 in
2293 5731 2561 5787 Mauuelis
2590 5732 2629 5788 Ι.
2665 5749 2738 5787 vn
2760 5749 2884 5788 cum
2919 5735 3243 5804 appellativa
3261 5737 3365 5792 hac
3395 5739 3658 5796 dictione-

2061 5823 2588 5899 teuiergconfundit.
2610 5823 2690 5883 Ad
2713 5825 3038 5898 rem.Vtrgae
3051 5827 3218 5902 hujus
3244 5831 3498 5912 capitatae
3522 5848 3639 5890 ma-
