4064 6418
256 409 387 473 ιΞἹ3

1379 399 1770 463 GRETSERI
1814 397 1904 456 ΕΤ
1942 394 2173 457 Cllle
2216 390 2449 451 ΝΟἸῚΞ·

3447 376 3551 440 ΞΗ

202 518 213 528 ⁸
256 516 545 573 .nubrium
583 510 842 571 scribitur
874 521 1118 570 correete
1153 513 1307 584 οτηλε
1322 513 1419 578 ιός,
1440 512 1584 583 quod
1619 507 1868 563 columel-

1998 520 2559 591 mcasionemquzerit.
2592 517 2806 583 Quanto
2850 515 3203 571 verisimilius
3260 514 3553 569 deduceret

263 614 401 675 ,lam
434 610 701 675 imitetur,
742 611 995 677 quamvis
1030 609 1170 678 apud
1192 607 1502 677 Crispinum
1522 605 1730 661 securis
1751 617 1861 655 ma-

266 700 554 769 .ttuhrium
594 698 873 761 στειλειός,
899 698 1157 761 πελειὸς,
1188 697 1424 761 στελεός,
1451 695 1711 755 στειλεόν,
1744 710 1861 747 στε-

285 792 406 845 λεόν
426 800 478 846 et
506 790 720 845 στελειά
748 791 1040 846 scribatur.
1073 790 1293 843 Βουτίον
1322 792 1400 852 εἰς
1433 788 1692 858 τὸάεκρον
1731 786 1861 857 quid

288 885 359 941 sit
383 883 771 953 inquirendum
806 899 821 936 :
852 878 1015 936 buttw
1040 883 1184 935 enim
1212 892 1265 936 et
1334 892 1503 951 cupio,
1557 896 1620 935 ac
1658 881 1865 950 integra

270 991 489 1045 quoque
516 991 640 1027 uasa
667 975 891 1035 vinaria,
918 973 985 1029 de
1015 974 1215 1042 quibus
1237 972 1550 1040 Gretsorns,
1575 973 1863 1037 Meursius,

292 1067 583 1138 Rigaltius.
614 1066 683 1121 ab
713 1067 814 1120 hoc
843 1065 1045 1135 insigni
1083 1065 1433 1120 removenda.
1467 1066 1551 1120 An
1584 1080 1714 1119 vero
1737 1064 1867 1134 βου-

288 1158 402 1211 τιον
427 1157 582 1228 quasi
609 1158 835 1228 φουτίον
860 1156 1248 1212 diminutivum
1284 1156 1511 1226 φοῦτας,
1538 1156 1697 1223 cujus
1728 1157 1869 1211 inter

296 1251 470 1305 varias
494 1250 695 1319 capitis
719 1248 1074 1318 prazcedeutis
1098 1249 1361 1304 lectiones
1386 1259 1467 1303 est
1496 1249 1724 1308 mentio,
1768 1263 1866 1301 eu-

290 1341 380 1411 jus
413 1340 554 1396 idem
579 1351 661 1395 est
682 1355 747 1396 ac
786 1341 990 1410 τούφας
1023 1356 1241 1403 sensus,
1271 1340 1342 1394 ita
1376 1349 1433 1394 ut
1461 1349 1629 1409 caput
1656 1349 1709 1394 et
1751 1339 1871 1409 api-

293 1449 411 1488 cem
439 1418 715 1489 clavicube
738 1434 891 1489 istius
915 1435 1237 1490 crassiorem
1264 1446 1317 1488 et
1340 1443 1646 1489 extremum
1666 1434 1869 1487 nodum

294 1525 682 1595 signiticet?“
715 1529 910 1581 iterum
940 1526 1172 1597 βουτίον,
1200 1526 1343 1595 quod
1370 1526 1549 1580 nodus
1571 1525 1660 1580 ille
1686 1525 1873 1579 oblon-

296 1621 413 1688 gior
434 1618 638 1673 bnttam
667 1629 721 1674 et
750 1632 972 1691 vegetam
997 1636 1098 1676 sua
1126 1619 1299 1690 figura
1333 1619 1620 1675 imitetur?
1648 1620 1730 1673 An
1778 1619 1872 1673 de-

297 1710 458 1777 niquc
489 1708 697 1779 βουτίον
728 1725 837 1765 non
869 1711 923 1765 in
948 1710 1226 1766 claviculas
1246 1712 1511 1780 superiori
1534 1710 1755 1775 vertice,
1780 1710 1875 1765 sed

295 1801 349 1855 in
385 1802 493 1855 imo
523 1810 766 1856 extremo
795 1802 1220 1872 inspiciendum,
1280 1804 1353 1857 ita
1405 1811 1466 1857 ιιι
1505 1804 1652 1858 velut
1703 1818 1764 1857 os
1818 1803 1870 1857 in

1971 619 2040 671 ab
2069 616 2394 671 Germanico
2435 620 2633 682 zangen
2660 612 2684 665 ?

2045 732 2123 787 Ib.
2184 731 2305 784 Τῶν
2372 731 2713 799 μουρτάτων.
2773 724 3050 796 Originem
3115 722 3276 792 hujus
3318 719 3590 776 nominir

1976 841 2087 880 non
2118 823 2393 887 explicant
2424 830 2700 878 auctores.

2053 960 2133 1015 Ib.
2161 959 2284 1014 Τῶν
2311 957 2631 1019 τζακόνων.
2651 956 2858 1012 Nomen
2878 955 2980 1011 hoc
3005 971 3071 1009 ex
3124 952 3350 1007 llebrma
3377 951 3557 1018 lingua

1979 1054 2201 1110 deducit
2228 1052 2427 1107 Junius
2457 1052 2509 1105 in
2540 1051 2710 1105 schol.
2738 1066 2789 1120 ρ.
2814 1050 2945 1112 504,
2980 1048 3245 1118 quidquid
3265 1044 3560 1101 dieatGre—

1979 1162 2160 1219 goras,
2183 1144 2221 1199 l.
2248 1160 2300 1199 tv
2332 1144 2464 1199 hist.
2497 1143 2831 1213 Byzantium.
2861 1142 2951 1210 qui
2983 1157 3122 1210 quos
3155 1148 3364 1194 veteres
3406 1151 3562 1191 voca-

1979 1242 2111 1296 bant
2144 1237 2404 1301 Laconas,
2440 1251 2469 1290 a
2496 1234 2893 1291 recentioribus
2915 1234 3033 1289 istis
3055 1233 3259 1288 Graecis
3287 1230 3561 1285 Tznccnas

1982 1331 2282 1402 appellatos
2316 1327 2527 1399 scribit,
2561 1327 2762 1397 exigua
2793 1341 2964 1396 caque.
2992 1323 3312 1394 quotidiana
3339 1322 3551 1376 littera-

1981 1439 2105 1479 rum
2139 1420 2538 1475 immutatione.
2571 1416 2681 1474 Nec
2705 1418 3041 1472 absterretnr
3070 1415 3286 1478 Junius,
3311 1412 3565 1482 qttumvis

1986 1514 2145 1572 hodie
2170 1527 2391 1583 quoque
2425 1510 2576 1581 regio
2602 1509 2985 1583 Peloponnesi,
3021 1508 3148 1567 olim
3177 1506 3437 1570 Laconia,
3479 1504 3566 1557 di~
3632 1540 3647 1556 .

1985 1616 2144 1662 catur
2178 1601 2473 1664 Tzaconia,
2503 1609 2557 1656 et
2587 1600 2781 1654 incolae
2816 1598 3104 1669 (Pandect.
3140 1594 3305 1650 Ture.
3330 1609 3382 1664 p.
3408 1592 3478 1647 30
3514 1600 3569 1645 et

1984 1699 2250 1766 Tureogr.
2275 1697 2312 1751 Ι.
2341 1708 2436 1765 vn,
2460 1711 2511 1766 p.
2544 1693 2669 1764 489)
2725 1692 2971 1747 Zacones
2995 1705 3088 1745 seu
3110 1688 3388 1743 Tzaeones
3415 1701 3430 1751 ;
3462 1685 3571 1739 val-

1985 1791 2163 1858 deque
2194 1789 2396 1845 usitata
2436 1788 2508 1845 sit
2534 1786 2739 1843 Grecis
2793 1781 3196 1839 recentioribus
3258 1779 3565 1832 litterarum

297 1892 600 1963 acetabulo,
631 1892 800 1948 imum
829 1866 959 1949 illud
982 1866 1329 1950 manubrium
1360 1897 1417 1948 ὲν
1454 1895 1656 1966 βουτίῳ
1686 1909 1784 1950 ceu
1818 1894 1871 1948 in

1998 1880 2065 1935 ΓΖ
2102 1882 2154 1935 in
2187 1880 2418 1935 aliarum
2470 1880 2655 1935 locum
2710 1874 3076 1937 substitutio;
3137 1872 3268 1926 hinc
3323 1867 3569 1934 τζακιζω

296 1985 602 2042 craterculo
628 1994 681 2039 et
710 1985 921 2054 capella
955 1986 1286 2050 includatur,
1315 2000 1426 2057 quo
1456 1994 1508 2040 et
1544 1985 1755 2041 ﬁrmius
1788 1993 1872 2040 te-

1975 1989 2076 2044 pro
2103 1971 2331 2039 λακίζω,
2378 1971 2574 2037 lacero,
2605 1986 2812 2039 rumpo.
2840 1968 3019 2036 Quare
3057 1965 3149 2036 qui
3178 1962 3460 2017 Tzaeones
3503 1959 3573 2014 ab

302 2090 492 2136 neatur
532 2079 685 2145 etei,
714 2079 858 2149 quod
914 2094 1093 2149 panno
1144 2050 1403 2136 coccmeo
1452 2079 1873 2150 superindutum
1980 2065 2212 2120 Heilm-0
2272 2070 2425 2117 ῑιιιειι
2444 2063 2624 2134 [mlius
2647 2076 2811 2132 quam
2844 2074 2874 2113 3
2898 2058 3059 2113 “Cleri
3083 2050 3570 2150 ιπορῐξιηιξξιρῐδοιο

306 2175 375 2228 sit
426 2183 806 2228 ornamentum
839 2187 975 2227 auro
1002 2173 1186 2227 addito
1233 2173 1496 2228 crescat?
1536 2172 1717 2227 Minus
1765 2173 1878 2227 dis-

314 2265 791 2332 pliu-bitindutum
843 2264 976 2319 illud
1029 2265 1403 2330 manubrium,
1448 2265 1493 2319 si
1549 2280 1765 2320 summa
1820 2265 1873 2318 in

312 2366 452 2424 parte
481 2358 1007 2424 caputdeauratum,
1044 2356 1097 2410 in
1148 2356 1255 2410 ima
1307 2357 1677 2411 craterculum
1732 2357 1877 2412 hunc

307 2450 554 2519 proferat,
585 2452 637 2501 in
668 2448 845 2504 media
872 2450 1089 2505 tandem
1143 2449 1285 2519 δὲμα
1337 2450 1541 2519 ὁμοίως
1594 2466 1880 2519 κεχρυσω-

311 2541 487 2610 μένον,
520 2559 623 2594 ιιυιι
654 2542 998 2612 ligamentum
1028 2542 1331 2612 quodlibet,
1357 2545 1454 2597 sed
1488 2543 1782 2608 vinculum,
1812 2543 1884 2596 si-

308 2649 373 2690 ve
403 2636 653 2689 laminam
678 2646 926 2690 auratam
949 2636 1081 2690 illud
1109 2645 1303 2691 ornate
1327 2638 1663 2691 ambientem
1698 2646 1883 2691 osten-

308 2730 684 2794 tet.Bauri§etv
710 2744 872 2798 porro
890 2737 972 2783 est
994 2730 1303 2799 immergere
1321 2730 1399 2783 vel
1420 2730 1883 2786 immittere.vide-

307 2819 439 2875 licet
466 2820 518 2873 iu
547 2837 656 2873 rem
691 2822 1020 2888 profundam
1050 2835 1066 2885 ;
1095 2835 1159 2873 ac
1193 2830 1477 2889 propterea
1533 2822 1882 2874 acetabulum

310 2926 558 2970 aureum,
610 2914 698 2966 cui
750 2914 1040 2968 commissa
1100 2913 1263 2966 fuerit
1315 2922 1557 2967 extrema
1606 2913 1887 2967 claviculae

308 3018 460 3074 pars,
507 3003 724 3073 βουτίου
783 3022 890 3060 non
957 2991 1237 3059 immerito
1280 3020 1481 3060 nomen
1535 3016 1883 3074 assequetur.

381 3096 445 3151 P.
469 3096 562 3151 26.
590 3097 909 3166 Χρυσαψίου
940 3097 1154 3153 Simon.
1198 3096 1418 3153 Portius
1445 3114 1457 3150 :
1482 3098 1741 3166 Χρυσάφι
1769 3098 1886 3152 vice

1981 2158 2187 2212 latione
2218 2158 2393 2211 dictos
2419 2154 2713 2219 eiistimat,
2745 2154 2791 2208 is
2818 2167 3039 2207 curnon
3075 2148 3295 2220 quidvis
3321 2145 3426 2200 sibi
3452 2159 3574 2213 per-

1982 2250 2210 2305 suadeat
2238 2263 2463 2304 causam
2494 2245 2679 2301 dicere
2718 2260 2826 2301 non
2871 2252 3068 2314 potest.

2058 2365 2140 2418 Ib.
2176 2362 2535 2419 Orientalium
2570 2362 2883 2415 tltematttnt.
2910 2358 3101 2414 Exstat
3135 2353 3359 2409 libellus
3423 2349 3568 2407 Con.

1987 2456 2212 2513 stantini
2249 2453 2696 2524 Porphyrogeniti
2723 2451 2858 2521 Περὶ
2892 2447 3150 2518 θεμάτων
3187 2444 3529 2499 ἀνατολικῶν
3554 2430 3614 2504 .”’

1988 2564 2152 2619 quem
2172 2547 2361 2602 διξερε
2390 2555 2445 2601 et
2470 2545 2659 2600 Latine
2688 2545 2856 2599 edidit
2884 2541 3181 2597 Vulcanius
3207 2540 3571 2601 Batavus,no.

1990 2643 2169 2709 lisque
2195 2639 2483 2695 illustravit
2511 2656 2527 2705 ;
2554 2638 2607 2692 in
2641 2638 2821 2707 queis,
2849 2648 3046 2707 printer
3101 2643 3337 2689 cratera:
3381 2630 3578 2685 Varias

1989 2751 2101 2787 esse
2124 2733 2214 2786 τοῦ
2235 2733 2468 2802 Θέματος
2504 2732 2919 2800 significationes
2947 2743 3099 2782 nemo
3155 2728 3388 2795 ignorat.
3420 2724 3579 2779 Clos-

1991 2844 2064 2881 sae
2090 2836 2285 2881 veteres
2319 2826 2587 2879 interdum
2627 2824 3043 2890 interpretantur
3073 2821 3216 2889 Θέμα
3239 2819 3578 2887 positionem,

1994 2919 2486 2983 casum,interdunt
2546 2915 2805 2985 θέματοῦ
2870 2915 3167 2984 ἀνθρώπου
3214 2909 3579 2966 constellatio-

1994 3030 2134 3073 nem,
2156 3012 2298 3082 quod
2317 3011 2451 3065 idem
2476 3018 2554 3063 est
2585 3025 2647 3062 ac
2666 3008 2879 3076 positio,
2918 3008 3188 3060 interdum
3221 3003 3357 3072 legio
3395 3000 3575 3064 τάξις.

1997 3104 2159 3173 θὲμα.
2189 3102 2275 3158 Ea:
2300 3120 2401 3174 quo
2428 3103 2591 3172 liquet
2625 3100 2769 3171 Οέμα
2805 3100 2939 3153 idem
2971 3114 3082 3153 esse
3127 3096 3263 3167 quod
3293 3094 3448 3159 τάξιν
3499 3099 3582 3145 vct

310 3191 626 3262 χριτσάφιον,
644 3188 938 3261 χρονσάρις
957 3191 1200 3262 χρυσίον,
1221 3192 1445 3261 χρυσός,
1466 3206 1678 3244 aurum.
1708 3190 1886 3245 Meur—

1998 3200 2204 3268 τάγμα,
2225 3198 2323 3252 hcc
2344 3206 2421 3251 est
2441 3196 2719 3266 legionem.
2737 3193 2769 3247 .1
2778 3193 3074 3248 ustinianns
3095 3194 3380 3257 imperator
3397 3188 3451 3239 in
3471 3184 3576 3239 No-

310 3284 424 3341 sius
444 3284 851 3354 corruptissime
869 3286 995 3354 legit
1011 3285 1287 3355 χρυσάςρη,
1305 3299 1574 3355 nusquam
1601 3286 1884 3340 usitatum.

311 3375 520 3432 Dicitur
554 3379 793 3446 χρυσάφι
824 3377 976 3446 ﬁlum
1007 3392 1249 3441 aureum,
1279 3385 1333 3430 et
1364 3392 1562 3430 aurum
1597 3377 1887 3447 quodcun-

312 3484 416 3540 que
442 3470 595 3525 alteri
630 3470 705 3525 rei
730 3471 995 3537 additum,
1028 3474 1185 3541 quasi
1220 3473 1582 3542 χρυσαπτόνς
1623 3472 1768 3541 quod
1804 3472 1891 3526 ltic

315 3564 610 3617 etiamnum
642 3564 945 3619 clarissime
990 3566 1435 3634 deprehenditur.
1474 3564 1679 3637 ϐοιιι.]

400 3652 484 3708 Ib.
544 3656 738 3710 Mirum
807 3665 890 3711 est
924 3658 1205 3726 quomodo
1235 3654 1434 3712 Junius
1463 3659 1551 3713 hic
1582 3658 1893 3729 βεστιάριςν

316 3746 697 3817 interpretatus
720 3749 785 3802 sit
812 3749 1143 3812 vestibulum,
1170 3758 1223 3803 et
1242 3749 1332 3803 τὸν
1353 3750 1895 3821 πρωτοδεστιαρξτην

315 3842 597 3908 principem
625 3840 885 3897 vestibuli.
921 3840 1120 3895 Errant
1143 3843 1241 3896 viri
1258 3843 1423 3908 docti,
1454 3842 1505 3896 id
1534 3851 1619 3898 est
1671 3842 1892 3911 Junius,

318 3941 375 3986 ut
397 3933 474 3987 ait
504 3932 793 3994 Meursius.
826 3936 914 4003 qui
936 3936 1013 3989 ita
1052 3936 1513 4004 interpretantur;
1540 3936 1633 3992 ubi
1694 3936 1895 3992 iterum

314 4023 604 4078 Junianum
630 4026 879 4080 delirium
907 4027 1038 4080 viris
1060 4027 1239 4083 doctis
1261 4012 1577 4084 ascribitur.
1614 4029 1719 4084 Sed
1761 4028 1894 4100 quid

316 4117 672 4171 vestiarium?
702 4116 899 4173 Suidas
926 4137 938 4172 :
967 4118 1284 4189 Bantdpttr.
1304 4121 1460 4190 παρὰ
1492 4118 1791 4190 Ῥωμαίοις
1810 4120 1897 4174 τόμ-

316 4224 417 4272 πος
450 4209 577 4263 ἔνθα
601 4210 926 4280 ήάναγκαία
944 4210 1234 4265 ἀπόκειται
1252 4212 1443 4283 ὲσθής⁶
1472 4211 1896 4282 Moscltopulus:

319 4301 513 4353 Βέστια
544 4302 696 4372 παρὰ
726 4302 1021 4371 Ῥωμαίοις
1049 4305 1269 4374 ἱμάτια,
1305 4306 1363 4372 ἐξ
1384 4300 1445 4358 οὗ
1469 4308 1563 4358 καὶ
1587 4304 1900 4377 βεστιάριον

317 4396 543 4464 κυρίως,
590 4395 647 4449 ὲν
677 4388 812 4463 ᾦτὰ
852 4396 1111 4467 βασιλικά
1174 4398 1452 4470 ἐνδύματα
1500 4399 1897 4468 φυλάσσονται.

323 4483 606 4540 Dicebatur
634 4486 873 4541 vestiarii
907 4503 1107 4558 praeses
1164 4490 1331 4544 etiam
1395 4492 1719 4545 abestiarius
1770 4509 1792 4557 ;
1844 4500 1901 4547 et

1995 3292 2139 3346 vellis
2166 3291 2473 3362 plerumque
2521 3289 2630 3343 hinc
2656 3288 2913 3358 τάγματα
2948 3294 3109 3339 vocat
3151 3281 3581 3352 στρατιωτικοὺς

1994 3386 2357 3453 καταλόγους.
2389 3383 2683 3453 Subjungit
2717 3400 2728 3435 :
2766 3382 2883 3446 Quo
2912 3379 2971 3448 ﬁt
3002 3387 3058 3431 ut
3085 3375 3236 3431 Hier.
3262 3374 3458 3442 Wolfio
3478 3389 3584 3425 non

1995 3479 2280 3541 assentiar,
2304 3477 2397 3548 qui
2421 3476 2633 3544 θέματα
2656 3474 2954 3542 provincias
2970 3472 3121 3526 vertit
3156 3470 3209 3523 in
3236 3466 3452 3520 Zonnra
3480 3481 3499 3529 ,'
3526 3472 3582 3518 ut

1996 3588 2089 3625 nec
2134 3570 2438 3624 Enimumlo
2470 3568 2820 3636 Boniﬁdio,et
2847 3563 3056 3618 doctori
3090 3561 3442 3620 innuminato,
3499 3557 3586 3610 cui

1996 3664 2052 3718 id
2073 3672 2342 3732 acceptum
2370 3662 2498 3728 fert,
2515 3662 2605 3731 qui
2630 3658 3066 3727 adnotationibus
3094 3658 3204 3711 suis
3223 3656 3277 3709 in
3291 3654 3383 3724 jus
3403 3651 3593 3708 Oriend

2000 3755 2107 3810 tale
2144 3755 2318 3810 locum
2345 3754 2499 3808 illum
2525 3770 2590 3808 ex
2634 3753 3018 3807 constitutione
3047 3747 3251 3803 Isnacii
3297 3747 3582 3811 Camneni,

2000 3850 2095 3901 nati.
2124 3850 2156 3916 ἠ
2193 3849 2492 3916 σύμφωνος
2542 3846 2844 3908 κατάϐεσις
2898 3843 3011 3897 τῶν
3068 3842 3213 3896 ὅλων
3262 3840 3588 3909 θεματικῶν

1999 3940 2315 4008 παρέστησε
2340 3941 2405 4009 τῇ
2432 3938 2682 4009 βασιλείᾳ
2705 3956 2833 4008 μου,
2860 3938 3244 4003 interpretatur
3271 3932 3589 4003 Θεματικῶν

1999 4031 2401 4101 provincialium
2431 4048 2451 4088 :
2480 4048 2609 4102 quos
2641 4046 2733 4100 ego
2763 4030 2941 4099 potius
2973 4026 3293 4096 legionarios
3323 4025 3585 4078 vertet-im.

2000 4122 2153 4178 Inter
2185 4128 2444 4193 τάγματα
2470 4139 2589 4177 vero
2617 4124 2723 4177 sive
2753 4122 2984 4190 legiones
3014 4117 3304 4187 ειθέματα
3330 4115 3432 4169 ltoc-
3469 4124 3593 4168 tan.

2002 4228 2113 4273 tum
2142 4228 2219 4273 est
2239 4217 2578 4287 di/ferentim,
2599 4216 2739 4286 quod
2764 4216 2860 4270 illa
2889 4216 3109 4284 ﬂorente
3140 4209 3361 4277 imperio
3398 4209 3594 4264 Roma-

2001 4326 2068 4364 no
2098 4318 2153 4363 ut
2171 4310 2334 4380 justte
2363 4309 2591 4379 legiones
2640 4309 2721 4363 ita
2759 4308 2915 4362 dieue
2957 4310 3194 4379 fuerunt,
3243 4325 3362 4381 qua:
3411 4314 3597 4376 postea

2002 4402 2281 4457 imminuto
2308 4413 2655 4473 trnncatoque
2682 4401 2921 4457 Heraclii
2941 4403 3261 4473 temporibus
3294 4403 3473 4458 eodem
3497 4402 3600 4456 im-

2007 4498 2152 4566 perio
2169 4496 2423 4566 θεμάτων
2452 4496 2890 4565 appellationem,
2923 4496 3339 4551 desciscentibus
3369 4512 3404 4572 a
3436 4496 3595 4549 veteri

320 4579 634 4634 vestiarium
662 4582 968 4651 generalitas
993 4585 1242 4653 ταμιεῖον
1278 4584 1585 4653 βασιλικόν,
1638 4587 1886 4640 aerarium

2008 4588 2357 4643 amplitudine
2384 4588 2697 4659 legionibus,
2728 4590 2833 4642 sint
2866 4601 3171 4644 consecuta.
3222 4587 3378 4656 Quod
3420 4588 3599 4658 ipsum

320 4671 755 4742 imperatorium,
782 4675 926 4744 apud
979 4676 1329 4742 Cboniatem,
1383 4679 1590 4733 citante
1633 4676 1897 4749 Rigaltio.

393 4768 451 4824 Ρ.
483 4770 576 4823 27.
602 4768 1030 4840 Tzangratorum
1053 4771 1147 4840 (ita
1172 4771 1377 4842 ubique
1396 4772 1774 4837 scribendum,
1791 4787 1900 4827 non

321 4870 658 4929 tsangatores
689 4862 761 4932 )a
794 4863 1057 4933 tzangris,
1090 4878 1250 4919 arcus
1278 4862 1565 4934 cujusdam
1598 4880 1815 4934 genere,
1846 4873 1905 4919 ιιι

320 4968 386 5007 ει
412 4953 794 5011 Cantacuzeno
824 4957 991 5027 liquet
1023 4958 1059 5012 l.
1094 4974 1134 5022 ι,
1158 4958 1248 5012 ubi
1280 4959 1347 5013 de
1373 4959 1644 5014 machina.
1666 4960 1903 5029 quadam

323 5047 513 5102 bellica
542 5063 709 5118 agens
743 5052 875 5105 dicit
909 5051 960 5104 in
1005 5051 1247 5123 quolibet
1298 5050 1731 5127 καταστρώματι
1785 5050 1906 5120 ejus

321 5142 507 5211 (erant
558 5156 737 5199 autem
762 5144 1046 5217 quinque)
1081 5146 1250 5201 fuisse
1299 5156 1425 5202 octo
1454 5147 1564 5200 τῶν
1599 5149 1663 5198 ἐκ
1728 5144 1904 5213 τόξων

322 5235 631 5288 Δατινικῶν
649 5236 758 5291 τῶν
789 5236 1100 5306 λεγομένων
1119 5236 1412 5309 τζαγγρῶν
1452 5239 1727 5306 ἀφιέντων
1746 5236 1901 5308 βέλη.

324 5327 528 5382 Ibidem
556 5347 569 5385 :
595 5330 704 5384 Καὶ
726 5330 833 5385 τῶν
866 5331 976 5383 ἀπὸ
1005 5332 1114 5384 τῶν
1147 5331 1440 5402 τζαγγρῶν
1465 5332 1779 5400 ἀφιεμένων
1816 5329 1906 5401 βε-

321 5420 453 5476 λῶν.
491 5420 628 5477 Male
650 5438 780 5493 ergo
820 5422 1014 5479 Junius
1047 5440 1101 5494 p.
1132 5424 1238 5479 515
1272 5424 1402 5479 facit
1431 5439 1496 5479 ex
1545 5423 1909 5495 tzangratori-

322 5512 429 5567 bus
457 5514 650 5568 milites
674 5516 997 5583 spatnarios,
1024 5531 1150 5571 cum
1194 5514 1399 5572 fuerint
1427 5517 1697 5586 sagittarii
1722 5525 1775 5571 et
1820 5530 1909 5569 ar-

322 5606 646 5661 citeneutes.
677 5606 814 5663 Male
844 5610 1004 5663 etiam
1038 5624 1237 5664 nomen
1266 5609 1445 5679 ipsum
1479 5609 1701 5663 deducit
1720 5624 1749 5664 a
1778 5622 1908 5664 voce

322 5699 580 5755 orientali
618 5715 929 5771 saga,qua‘,
976 5701 1139 5773 247
1166 5714 1219 5759 ιιι
1268 5705 1465 5774 inquit,
1514 5702 1779 5773 signiﬁcat
1819 5718 1911 5755 eo-

321 5794 490 5857 pinm,
517 5794 739 5845 densum
771 5803 816 5847 et
848 5796 1139 5865 confertum
1162 5812 1294 5851 esse.
1346 5797 1637 5861 Nimirum,
1700 5796 1917 5865 quoties

322 5884 524 5946 Junius
551 5902 660 5948 non
695 5886 1019 5959 habetquod
1062 5888 1227 5958 dicat,
1289 5906 1353 5948 cx
1419 5892 1640 5948 Oriente
1695 5891 1917 5948 dicendi

2010 4691 2244 4738 testatur
2282 4681 2373 4737 hic
2407 4689 2592 4737 noster
2618 4681 2809 4737 dicens
2843 4699 2857 4736 :
2909 4682 3075 4735 Ἀλλὰ
3133 4682 3330 4754 πρώην
3350 4680 3448 4735 καὶ
3476 4683 3602 4733 κατ’

2010 4773 2189 4845 ἀρχὰς
2212 4774 2475 4843 τάγματά
2517 4774 2767 4832 τινακαὶ
2820 4773 3091 4839 λεγεῶνες
3154 4772 3409 4840 ὑπῆρχον
3470 4773 3605 4823 ἁνα-

2008 4867 2401 4939 γεγραμμέναι
2433 4868 2553 4920 κατ’
2578 4866 2753 4930 ἔθνος.
2778 4865 3039 4936 Equibus
3071 4864 3377 4933 legionibus
3416 4878 3601 4915 recent.

2012 4968 2098 5014 set
2127 4960 2395 5029 legionem
2434 4960 2497 5014 ιο
2522 4969 2840 5029 martyrum,
2872 4956 3163 5023 dequihus
3188 4955 3425 5008 Basilius
3452 4970 3467 5008 :
3495 4952 3601 5005 0-5-

2013 5067 2097 5103 τοι
2123 5050 2339 5122 ἡλικίας
2364 5052 2515 5121 ἀκμῇ
2541 5049 2634 5102 καὶ
2664 5048 2894 5117 δυνάμει
2926 5046 3037 5099 τῶν
3061 5045 3183 5102 καθ’
3214 5047 3442 5109 ἑαυτοὺς
3460 5048 3604 5098 πάν-

2017 5161 2130 5197 των
2196 5142 2576 5212 διενεγκόντες
2632 5142 2711 5202 εἰς
2747 5139 2873 5201 τοὺς
2935 5140 3368 5211 στρατιωτικοὺς
3425 5139 3603 5192 τελεῖν

2017 5236 2326 5306 ἐτάχθησαν
2359 5233 2723 5301 καταλόγους,
2753 5232 2861 5288 hoc
2902 5242 3007 5297 cst,
3044 5246 3103 5288 ut
3132 5233 3301 5291 vertit
3348 5233 3601 5298 Budteus,

2016 5331 2073 5386 in
2100 5329 2336 5383 cohortes
2368 5336 2421 5391 et
2441 5342 2683 5385 numeros
2710 5324 2977 5397 legionum
3019 5325 3196 5387 allecti
3252 5336 3391 5381 sunt.
3448 5326 3606 5397 Apud

2018 5420 2406 5493 Cedretiutn'p.
2441 5418 2620 5473 466m
2655 5419 3007 5490 Copronymo
3038 5420 3311 5493 accipitur
3345 5406 3487 5490 οὲμα
3509 5435 3608 5489 pro

2016 5517 2362 5586 praefectura.
2387 5513 2472 5567 ein
2506 5512 2642 5582 pﬂeg
2669 5528 2688 5566 :
2740 5513 2866 5576 τοὺς
2903 5511 3010 5569 ὑπὸ
3039 5513 3179 5583 ϐέμα
3213 5512 3322 5566 τῶν
3385 5512 3610 5582 Θρᾳκη-

2014 5608 2147 5663 σίων
2180 5606 2361 5670 ὄντας.
2396 5605 2566 5661 Paulo
2608 5616 2752 5676 post,
2789 5604 2933 5659 ὥστε
2960 5607 3018 5659 ἐν
3042 5607 3150 5677 ὅλῳ
3184 5604 3262 5674 τῷ
3322 5604 3415 5657 ὑπ’
3445 5605 3613 5659 αὺτὲν

2018 5700 2238 5781 θέματι.
2290 5700 2471 5755 Edidit
2503 5698 2818 5755 Fridericus
2851 5697 3131 5767 Morellus,
3161 5696 3437 5767 professor
3456 5696 3613 5751 Pari-

2018 5794 2239 5859 siensis,
2274 5793 2521 5849 libellum
2554 5791 3036 5852 Graiae-Latinum
3060 5792 3129 5848 de
3157 5788 3606 5849 Occidentalibus

2018 5887 2401 5947 Thcmatibus.
