4064 6418
350 320 449 383 277

1430 326 1819 385 euersam
1866 325 1957 383 E'l‘
2001 316 2237 384 comi
2264 298 2523 384 Nom.

3492 322 3598 385 278

348 440 529 494 vacuis
550 438 733 491 littera
769 439 809 490 Β
840 448 1028 508 quater
1055 440 1348 506 descripta.
1373 456 1494 509 quae
1543 458 1665 495 eum
1710 458 1887 510 πυρεκ

2021 439 2093 508 τῷ
2125 440 2381 509 παριέναι
2406 441 2528 509 μεθ’
2553 441 2721 494 ἵππου
2755 438 2993 508 Ἀραῦος
3017 437 3326 509 ἐριαύχενας
3360 440 3427 491 τὰ
3461 441 3597 493 ἀνά-

346 534 503 602 6όνλῳ,
551 533 767 603 chaiybi
812 548 876 586 ex
915 548 1026 599 quo
1074 534 1350 586 excutitur
1404 532 1548 602 ignis
1602 532 1915 603 (igniarium

345 624 847 695 vocant,fusil)sit
897 636 1006 677 non
1061 625 1356 689 absimilis,
1420 625 1618 678 exinde
1670 623 1915 679 Orientis

344 719 742 786 imperatorum
756 726 996 785 quatuor
1022 716 1282 788 chalybes
1310 717 1571 785 igniarios
1598 719 1650 772 in
1690 718 1917 786 insigni-

345 812 445 864 lius
481 824 668 880 gerere
699 811 995 865 creditum.
1024 812 1119 865 Est
1166 820 1349 864 tamen
1401 812 1580 865 littera
1635 811 1677 862 Β
1720 821 1915 881 quater

344 905 505 972 picta,
531 913 765 972 quatuor
795 892 1138 972 sequentium
1179 904 1468 957 verborum
1510 903 1760 963 initialis.
1822 903 1914 973 βα-

346 997 523 1054 σιλεὺς
554 994 817 1065 βασιλέων
850 995 1150 1063 βασιλεύων
1198 996 1530 1065 βασιλεύσει.
1582 995 1715 1050 Vide
1772 996 1915 1050 Mar-

342 1103 463 1142 cum
501 1086 820 1141 Vulsouium
853 1089 905 1141 in
939 1087 1178 1143 Scientia
1213 1088 1469 1143 Heroica.

417 1180 552 1233 Ibid.
586 1178 944 1248 [Ἔφιππον.
978 1179 1045 1236 Ut
1072 1197 1126 1234 In
1176 1182 1336 1244 mari,
1383 1183 1546 1234 etiam
1582 1182 1731 1250 quod
1758 1181 1917 1237 habet

345 1274 643 1339 ἰιιιινοτοιοτ
696 1272 759 1333 in.
811 1281 957 1326 terra
1005 1272 1196 1336 robur,
1248 1273 1526 1341 edulgeat.
1588 1278 1663 1329 De
1719 1278 1915 1331 vexillo

342 1363 606 1430 ejusmodi
624 1363 841 1417 videtur
860 1362 1079 1418 Nicetas
1097 1365 1315 1420 iocutus
1332 1367 1384 1419 in
1409 1367 1599 1420 Alexio
1623 1380 1693 1420 ﬂ:
1733 1366 1788 1421 Ὀ
1822 1367 1914 1420 τοῦ

350 1454 607 1521 βασιλέως
638 1455 864 1523 στρατὸς
890 1454 988 1517 τὰς
1018 1457 1257 1524 σημαίας
1310 1456 1419 1509 τῶν
1448 1456 1656 1526 ἀψίδων
1707 1455 1915 1511 ἄνωθεν

347 1544 677 1609 ἐστησαν,αἶ
705 1548 830 1609 τοὺς
862 1545 1104 1615 βασιλεῖς
1130 1547 1509 1612 εῐκονίζουσιν.

416 1634 662 1703 1ὺ.”Εχει
694 1637 763 1690 δὲ
780 1638 879 1691 ὑπ’
898 1639 1105 1692 αὐτόν.
1134 1637 1231 1693 Hic
1250 1649 1334 1694 est
1363 1642 1608 1697 omnium
1627 1641 1780 1697 ordo.
1808 1642 1917 1697 Ma-

347 1743 482 1794 {ntus
514 1728 617 1779 dux
651 1731 744 1781 toti
776 1731 937 1783 classi
971 1730 1238 1798 imperat;
1270 1747 1500 1802 magnus
1560 1734 1911 1803 dtungarins,

347 1835 442 1874 ceu
476 1821 619 1873 vices
653 1834 870 1889 gerens,
903 1822 1149 1891 singulos
1182 1823 1485 1878 triremium
1521 1824 1686 1895 250
1739 1827 1915 1880 drun-

344 1926 442 1979 gos
469 1910 682 1963 ordinat
714 1924 727 1969 ;
756 1910 1043 1965 amiralius
1068 1913 1167 1967 loti
1196 1913 1375 1968 navali
1407 1915 1674 1969 exercitui
1739 1916 1913 1970 vexil-

348 2005 456 2054 lum
492 2001 604 2055 sive
636 2002 844 2071 regium
895 2002 1178 2059 ﬂamulum
1244 2006 1504 2075 praelert;
1560 2017 1913 2076 protocomes

350 2092 576 2161 remiges
603 2106 793 2147 omnes
825 2093 929 2146 sub
965 2109 1063 2147 sua
1097 2094 1459 2162 dispositione
1505 2106 1692 2161 tenet;
1745 2097 1913 2151 drun-

352 2184 525 2252 garius
573 2193 781 2238 certqu
830 2185 1135 2240 triremium
1196 2188 1279 2242 vel
1341 2190 1564 2243 navium
1618 2205 1912 2245 munerum

357 2276 628 2339 gubernat,
655 2275 938 2330 duodecim
970 2277 1229 2331 nimirum
1263 2290 1357 2334 aut
1406 2282 1721 2350 quindecim
1749 2299 1765 2348 ;
1818 2296 1916 2337 co-

354 2381 461 2420 mes
483 2377 716 2434 quatuor
750 2369 1393 2439 autquinquetriremes
1440 2375 1731 2443 gubernat.
1788 2374 1915 2430 llaec

348 2473 410 2512 ex
445 2458 724 2529 hucusque
753 2460 985 2528 sparsim
1020 2462 1183 2517 dictis
1212 2482 1227 2518 :
1258 2467 1323 2518 ad
1353 2466 1458 2521 alia
1488 2467 1911 2537 properandum.

413 2572 471 2627 P.
497 2574 582 2628 29.
607 2573 801 2645 [Φέρει
832 2574 947 2644 τὴν
970 2576 1077 2631 τοῦ
1094 2577 1405 2644 ,βασιλέως
1433 2582 1701 2647 σπάθην.
1738 2581 1910 2635 Fran-

344 2664 585 2718 cicorum
612 2667 951 2722 exercituum
984 2683 1201 2724 summo
1242 2672 1461 2738 praetori
1496 2672 1911 2745 f(connestable),

344 2755 438 2823 qui
473 2754 783 2810 (Ira-corum
812 2771 1072 2822 Inagnum
1105 2760 1476 2815 domesticum
1531 2773 1779 2831 exmquat
1820 2776 1918 2833 po-

347 2859 559 2915 testate,
615 2865 677 2903 ac
736 2851 901 2920 regiis
954 2852 1110 2919 equis
1158 2860 1214 2906 et
1272 2853 1631 2923 equisonibus
1659 2853 1918 2924 prml‘ecto

347 2945 534 3013 (grand
564 2944 819 3013 διανεκεῖ),
848 2945 940 3014 qui
971 2954 1424 3011 protostratorem
1453 2948 1505 3001 in
1555 2947 1916 3003 Christianis-

347 3038 485 3088 sima
519 3038 668 3090 curia
698 3037 996 3107 agit,juris
1047 3046 1148 3092 noe
1198 3053 1527 3094 concessum
1574 3052 1633 3094 ut
1685 3051 1917 3111 uterque

2019 550 2188 601 κτορα
2224 533 2318 586 καὶ
2357 534 2568 602 μέλλειν
2600 535 2828 585 εἰσιέναι
2862 532 2949 585 διὰ
2977 533 3076 601 τῆς
3120 530 3293 601 πύλης
3322 532 3440 599 μεθ’
3475 532 3541 602 ἦν
3565 532 3598 598 ἡ

2018 626 2081 676 ἐκ
2110 625 2209 692 τῆς
2239 625 2397 697 ἕδρας
2436 626 2708 689 ἀπόϐασις
2739 626 2951 695 ἐφεῖται
2984 624 3164 695 μόνοις
3190 626 3300 687 τοῖς
3331 623 3599 693 αὐτοκρά-

2016 733 2228 786 τορσιν.
3280 699 3292 709 ⁸

2096 808 2177 862 Ib.
2235 808 2560 881 [Πεζεύειν.
2622 811 2700 864 Ex
2746 824 2888 878 equo
2925 811 2977 863 in
3017 817 3217 863 terram
3250 808 3485 869 desilire,
3547 815 3601 859 et

2019 902 2264 970 πέζευμα
2297 904 2451 958 locus
2492 904 2543 957 in
2575 919 2684 972 quo
2718 904 3055 973 relinquitur
3089 918 3266 972 equus
3290 913 3339 955 et
3368 901 3599 970 pedmns

2018 996 2102 1047 via
2135 996 2441 1049 coniicitur.
2465 996 2616 1050 (ἴση
2646 996 2666 1068 1

2095 1083 2176 1140 Ib.
2212 1086 2483 1153 Στρώσιιῑ
2512 1087 2611 1142 καὶ
2649 1086 2864 1155 συρτά.
2897 1086 3029 1140 Illud
3053 1102 3081 1141 a
3118 1084 3431 1154 στρωννύω,
3455 1086 3598 1151 quml

2017 1189 2100 1232 est
2129 1187 2349 1242 sterno;
2385 1180 2485 1232 hoc
2519 1194 2547 1231 a
2600 1179 2771 1247 σύρω,
2812 1179 2956 1247 quod
2999 1187 3085 1232 est
3138 1178 3312 1232 traho.
3368 1175 3597 1230 Miletum

2016 1284 2237 1338 quoque
2264 1269 2411 1339 equi,
2444 1278 2585 1339 quos
2610 1284 2809 1323 vacuos
2833 1284 3017 1323 secum
3059 1270 3352 1333 ducebant,
3415 1272 3600 1337 appet-

2017 1356 2272 1411 labantur
2314 1362 2517 1421 συρτοί,
2551 1369 2610 1411 ut
2650 1358 2810 1413 docet
2842 1356 3183 1412 Glossarium
3230 1372 3295 1411 ex
3332 1357 3602 1413 Colman-

2019 1450 2115 1506 tini
2144 1449 2403 1504 Tacticis.
2440 1448 2648 1505 GRETS.

2093 1540 2179 1595 Ib.
2218 1541 2461 1613 [Quibus
2513 1552 2895 1597 sternerentur
2940 1542 3217 1612 ephippiis
3248 1552 3302 1597 et
3340 1542 3596 1611 phaleris.

2019 1634 2179 1689 docet
2212 1646 2335 1704 post
2365 1636 2754 1703 Theophanem
2791 1635 3077 1690 Cedrenus
3112 1636 3164 1688 in
3191 1634 3490 1689 Mauricio:
3540 1634 3599 1686 '0

2021 1728 2187 1792 ἵππος
2236 1728 2330 1780 τοῦ
2390 1728 2654 1797 βασιλέως
2710 1730 2739 1781 ὀ
2802 1728 2899 1781 τὸν
2934 1727 3171 1796 χρυσοῦν
3211 1727 3599 1796 περικείμενος

2020 1822 2243 1890 κόσμον.
2270 1820 2473 1875 Descril
2498 1821 2533 1873 il
2568 1822 2722 1874 Anna
2762 1819 2902 1874 Vitae
2934 1822 3102 1888 patris
3139 1821 3175 1874 l.
3222 1837 3268 1874 I:
3341 1821 3478 1890 Ὁρᾷ
3508 1822 3600 1873 τὸν

2024 1913 2328 1981 ἱπποκόμον
2358 1913 2450 1964 τοῦ
2478 1912 2766 1978 Βρυεννεου
2797 1912 2960 1963 ἵππον
2993 1910 3406 1979 ὲπισυρόμενον,
3443 1912 3506 1980 τῇ
3540 1926 3599 1962 τε

2019 2004 2274 2074 ἁλουργῷ
2301 2005 2579 2074 ὲφεστρίδι
2640 2004 3062 2074 κεκοσμημένον
3129 2005 3223 2057 καὶ
3280 2004 3600 2073 κατάχρυσοι

2018 2099 2085 2150 τὰ
2114 2096 2328 2165 φάλαρα
2376 2096 2588 2165 ἔχοντα.
2648 2095 2772 2151 Uno
2819 2096 2986 2151 verbo
3036 2096 3450 2166 χρυσοφάλαρον
3507 2096 3598 2149 τπ-

2018 2206 2122 2242 πον
2158 2198 2314 2244 vocat
2342 2190 2507 2257 paulo
2546 2189 2804 2252 inferius,
2838 2199 2894 2243 ut
2923 2200 2976 2243 ct
3030 2188 3249 2243 Nicetas
3284 2190 3320 2244 Ι.
3360 2205 3432 2241 vn
3493 2187 3601 2241 Ma-

2017 2279 2626 2350 nuelis.Gregoras,tx,
2652 2282 2728 2336 7:
2771 2280 2905 2334 Μετ’
2958 2280 3346 2350 ὲρυθροὸαφῶν
3398 2297 3602 2349 κοσμη-

2022 2373 2231 2442 μάτων·
2266 2382 2400 2428 sect.
2440 2373 2509 2427 10
2546 2388 2562 2425 :
2615 2372 2770 2426 Μετὰ
2793 2371 2900 2425 τῶν
2944 2373 3197 2443 ὲρυθρῶν
3243 2372 3597 2440 ἐφεστρξδων.

2019 2463 2296 2533 Στρώσιον
2339 2473 2542 2529 autem,
2593 2466 2736 2533 quod
2791 2472 2845 2519 et
2908 2464 3188 2532 ἑφεστρίς,
3246 2465 3338 2518 dat
3400 2478 3598 2517 nomen

2018 2570 2181 2625 equo,
2214 2555 2525 2624 diciturque
2558 2557 2894 2625 ὑπόστρωμα
2919 2556 3064 2623 apud
3107 2556 3325 2609 Annam
3374 2555 3599 2608 citatam

2020 2646 2057 2702 l.
2096 2662 2173 2711 tv,
2198 2646 2447 2717 adeoque
2480 2653 2702 2716 longum
2733 2656 2789 2703 et
2824 2646 3083 2701 lateribus
3114 2647 3359 2716 pendens
3402 2646 3604 2701 asserit

2023 2750 2080 2795 ut
2109 2741 2277 2795 etiam
2313 2740 2549 2795 calcaris
2577 2739 2787 2794 ferrum
2817 2738 2891 2791 illi
2922 2737 3123 2793 referat
3155 2736 3384 2791 inﬁxum
3415 2753 3433 2793 ι
3491 2735 3601 2788 Ναὶ

2024 2830 2439 2902 μὴνοκαὶὴτοῦ
2490 2831 2711 2899 μύωπος
2760 2829 2914 2900 ἀκμὴ
2964 2828 3059 2883 τοῦ
3115 2826 3409 2897 ἀριστεροῦ
3443 2827 3602 2889 ποδὸς

2021 2923 2321 2976 ὲνδακοῦσα
2351 2922 2410 2974 τὸ
2440 2924 2609 2991 ἄκρον
2639 2922 2735 2991 τῆς
2786 2920 3122 2990 ἑφεστρεδος,
3178 2920 3207 2973 ὃ
3266 2918 3601 2988 ὑπόστρωμα

2024 3015 2299 3081 λέγουσιν.
2334 3012 2713 3081 ἀκλινέστερον
2734 3012 2825 3064 τὸν
2876 3004 3119 3079 ἱππότην
3156 3009 3350 3062 ἐποίει.
3398 3008 3599 3073 Loqui-

348 3125 553 3191 regium
590 3102 774 3179 ensem
818 3102 1034 3191 tractet,
1075 3128 1168 3181 ille
1198 3128 1417 3196 quidem
1452 3129 1791 3191 nudum,hic
1821 3102 1915 3186 ia-
1943 3111 1984 3169 C
2020 3118 2110 3163 tur
2162 3110 2228 3162 de
2271 3107 2421 3176 regio
2457 3107 2650 3160 eodem
2700 3119 2863 3173 equo,
2902 3118 3064 3173 quem
3129 3102 3166 3156 l.
3205 3119 3227 3155 ις
3282 3110 3598 3156 narraverat

346 3216 473 3284 gina
496 3224 698 3270 tectum
731 3226 785 3271 et
820 3217 999 3271 balteo
1037 3220 1215 3273 serico
1256 3219 1387 3275 liiiis
1432 3221 1616 3278 aureis
1662 3238 1915 3293 resperso

351 3307 701 3374 renidentem;
733 3308 798 3361 de
817 3324 927 3377 quo
956 3309 1029 3361 du
1076 3309 1322 3375 Ilaitlan,
1364 3311 1666 3368 Vulsonius
1712 3325 1765 3369 et
1797 3316 1911 3369 alii.

426 3418 507 3474 Ib.
579 3418 722 3491 [Τοῦ
758 3408 1022 3491 κόμπος
1078 3424 1199 3477 τῶν
1273 3426 1624 3490 βασιλικῶν
1683 3429 1906 3485 ἵππων.

348 3517 493 3571 inter
517 3518 814 3588 στράτορας
851 3522 1234 3587 protestratori
1278 3522 1555 3592 subjectos
1609 3525 1917 3595 prwcipuus

348 3621 427 3663 cst
460 3611 632 3681 κόμης
664 3612 770 3664 τῶν
804 3611 1102 3681 βασιλικῶν
1152 3613 1360 3681 ἵππων,
1391 3614 1536 3671 idem
1588 3618 1682 3687 qui
1736 3620 1916 3690 equiso

351 3716 543 3772 rrgtm.

423 3821 497 3875 Ib.
526 3819 627 3893 [Ὀ
655 3822 1259 3892 πρωτοστράτωράπὸ
1280 3823 1385 3878 τοῦ
1404 3824 1662 3894 χαλινοῦ
1690 3826 1915 3882 λαϐὼν.

354 3913 578 3966 Donatio
606 3913 954 3969 Constantini
992 3932 1007 3970 ι
1072 3916 1263 3985 Ἡμεῖς
1297 3916 1353 3968 δὲ
1412 3918 1710 3988 στράτορος
1750 3919 1915 3985 ὀρφί-

351 4022 465 4057 κιον
518 4006 856 4069 ὑπελθόντες,
929 4008 1023 4059 καὶ
1050 4009 1120 4058 τὰ
1172 4007 1363 4077 χαλινὰ
1386 4006 1477 4059 τοῦ
1526 4007 1694 4060 ἵππου
1750 4008 1917 4061 αὑτοῦ

347 4099 808 4167 κατέχοντες,τῆς
840 4097 1010 4169 αὐλῆς
1042 4099 1153 4151 τῶν
1184 4100 1344 4170 ἱερῶν
1377 4096 1544 4153 αὐτοῦ
1576 4100 1762 4168 ἔξιμεν
1824 4103 1918 4153 ἀλ-

349 4192 615 4261 ακτόρων,
644 4191 784 4242 αἰδοῖ
818 4192 912 4245 καὶ
936 4191 1084 4261 φόϐῳ
1122 4194 1216 4246 τοῦ
1247 4191 1437 4261 κυρίου
1467 4209 1569 4261 μου
1622 4190 1716 4245 τοῦ
1761 4189 1916 4259 ἁγίου

350 4283 693 4352 συνεχόμενοι
721 4283 947 4351 Πέτρου.
988 4281 1203 4338 Nicetas
1242 4284 1295 4337 in
1355 4284 1544 4338 Alexio
1575 4299 1636 4338 ιιι
1674 4302 1688 4338 :
1726 4284 1784 4337 Ὀ
1818 4285 1918 4353 μὲν

347 4374 511 4437 ἵππος
559 4375 888 4442 προσάγεται
948 4376 1097 4446 παρὰ
1149 4375 1243 4428 τοῦ
1294 4377 1775 4447 πρωτοστράτορος
1810 4374 1917 4428 ἀπὸ

348 4466 439 4520 τοῦ
466 4466 683 4537 χαλινοῦ
714 4467 1018 4531 ὲλκυσθείς.

400 4582 483 4638 Ib.
504 4581 600 4657 [Ὀ
613 4582 799 4655 μέγας
815 4583 1263 4652 χαρτουλάριος.
1283 4582 1321 4636 Ε
1339 4581 1799 4637 chartulariorum
1818 4595 1923 4634 nu-

348 4694 496 4732 mero
529 4690 665 4746 pene
694 4676 985 4733 immenso.
1027 4690 1262 4745 quorum
1287 4676 1380 4730 alii
1403 4690 1622 4737 cursus,
1655 4675 1747 4729 alii
1774 4673 1919 4728 sacri

346 4770 601 4833 cubiculi,
615 4768 1108 4837 alii;magistrorum
1124 4768 1362 4836 peditum
1382 4775 1434 4822 et
1451 4766 1813 4837 equitum,liic
1826 4767 1921 4837 qui

347 4863 682 4918 stabulorum
713 4862 1053 4930 intelligitur.
1075 4862 1224 4916 Alias
1243 4864 1519 4931 quodnam
1546 4861 1644 4917 viri
1667 4862 1834 4931 togati
1866 4871 1923 4916 et

351 4956 561 5012 talmlas
590 4955 870 5010 Iractantis
889 4958 955 5009 ad
986 4954 1231 5011 militiam
1251 4970 1422 5024 equos
1452 4963 1507 5009 et
1526 4970 1678 5008 arma
1691 4970 1919 5009 consor-

353 5046 535 5101 tium?
566 5046 823 5117 Suggerit
863 5047 1240 5100 testimonium
1277 5045 1523 5101 Zonaras
1572 5046 1625 5099 in
1691 5044 1919 5100 Isauro:

354 5144 561 5198 Ha.in
615 5143 706 5196 τὸν
765 5142 873 5195 τῶν
934 5142 1227 5212 βασιλικῶν
1290 5143 1472 5196 ἵππων
1527 5141 1924 5195 ἐπιστατοῦντα

352 5235 762 5307 (χαρτουλάριον
794 5236 826 5305 ἠ
874 5234 1164 5305 Ῥωμαίων
1195 5231 1303 5288 οἶδε
1335 5235 1521 5287 τοῦτον
1539 5234 1722 5301 λέγειν
1744 5233 1920 5303 φωνὴ)

352 5330 635 5395 πατρίκιον
687 5328 925 5397 τιμήσας
964 5330 1056 5380 καὶ
1094 5327 1404 5399 στρατηγὸν
1459 5326 1728 5390 Σικελίας.
1786 5325 1924 5381 Pro-

350 5422 455 5476 fert
482 5421 696 5477 Nicetas
724 5420 873 5475 aliud
903 5421 957 5476 in
981 5421 1190 5475 lsaacio
1216 5421 1459 5491 Angelo:
1499 5419 1747 5490 Χοῦμνος
1783 5435 1921 5489 χαρ-

344 5514 629 5583 τουλὰριος
662 5513 740 5569 ὣν
763 5515 871 5568 τῶν
919 5515 1337 5586 ἱπποστάθμων.
1378 5514 1582 5570 Subest
1616 5522 1923 5584 protostra-

347 5606 453 5660 tori
475 5615 528 5660 et
558 5606 930 5663 administrat.
955 5606 1107 5661 Hanc
1130 5607 1318 5677 palatii
1352 5616 1562 5677 portam
1618 5605 1777 5672 nulli,
1813 5606 1919 5661 nisi

343 5699 625 5753 donaverit
655 5696 969 5768 imperator,
1010 5699 1183 5770 equiti
1221 5699 1500 5768 praterire
1527 5698 1673 5754 licet.
1698 5697 1915 5753 Nicetas

348 5793 402 5847 in
427 5789 676 5849 Blauuclc
714 5788 996 5847 εΕἴσεισιν
1026 5791 1282 5863 ἀσμένως
1315 5790 1385 5845 τὰ
1423 5789 1691 5863 βασίλεια.
1736 5790 1827 5845 Ἐν
1856 5789 1913 5845 δὲ

2019 3199 2295 3271 Bryennio
2321 3198 2662 3270 tyrannidem
2690 3197 2847 3267 251
2883 3196 3145 3251 ambienti
3176 3204 3424 3267 ereptum
3458 3197 3597 3263 μετά

2018 3287 2117 3357 τῆς
2142 3286 2557 3357 ἐρυθροϐαφοῦς
2585 3288 2923 3358 ὲφεστρίόος,
2954 3297 3015 3342 nt
3067 3287 3182 3357 ipsa
3225 3285 3425 3341 iterum
3478 3286 3513 3339 Ι.
3546 3298 3597 3338 IV

2021 3386 2274 3433 testatur.

2092 3471 2172 3527 Ib.
2218 3470 2379 3544 [Περὶ
2408 3472 2517 3525 τῶν
2539 3472 2752 3543 συρτῶν
2784 3472 3055 3527 Meursius
3072 3471 3307 3527 erudite.

2092 3564 2171 3617 Ib.
2207 3562 2674 3636 [Καϐαλλαρίκιον
2714 3570 3076 3631 εαιαιίνουιησ,
3108 3566 3388 3619 dentatch
3416 3580 3598 3631 arma,

2020 3656 2248 3725 mauége.
2286 3656 2341 3709 In
2376 3656 2597 3725 palatio,
2632 3657 2678 3710 id
2713 3667 2795 3710 est
2825 3662 2875 3710 in
2911 3672 3051 3710 area:
3085 3666 3265 3725 parte.

2096 3747 2153 3801 Ρ.
2194 3746 2283 3802 50.
2322 3746 2664 3817 [Stragulum
2716 3747 3012 3816 eplaippium
3061 3758 3145 3803 est
3174 3748 3440 3817 σάγισμα.
3490 3748 3598 3803 Leo

2020 3841 2425 3897 Grammaticus
2459 3840 2512 3895 in
2541 3840 2799 3894 Michael:
2846 3839 3131 3908 Theophili
3161 3859 3174 3894 :
3222 3840 3404 3910 Εὗρεν
3438 3841 3600 3892 αὐτὴν

2021 3934 2475 4002 ἐντετυλιγμένον
2504 3932 2560 3984 ἐν
2590 3931 2665 4000 τῷ
2703 3931 3003 3999 σαγίσματι
3045 3931 3139 3984 τοῦ
3170 3932 3347 3997 δεξιοῦ
3404 3933 3597 3999 fume,

2020 4015 2082 4077 οὗ
2111 4023 2361 4093 ἤλαυνεν.
2394 4022 2512 4077 Alia
2548 4023 2688 4090 apud
2714 4022 3035 4076 Meursium.
3066 4022 3216 4076 Goxn
3242 4020 3262 4092 l

2093 4115 2235 4168 Ibid.
2271 4117 2691 4168 Σκαπουλίων.
2727 4113 2801 4168 ita
2841 4114 3135 4183 legendum
3160 4114 3282 4168 loco
3328 4112 3475 4169 illius
3499 4130 3598 4167 tta.-

2023 4207 2159 4259 που).
2174 4210 2279 4259 ’ων.
2309 4205 2515 4260 CRETS.

2095 4298 2237 4354 Ibid.
2295 4299 2742 4371 [Σκίιπουλίων.
2798 4298 3043 4367 Sensus,
3097 4315 3206 4353 non
3234 4300 3384 4355 vocis
3430 4316 3600 4357 sonus

2025 4394 2329 4447 venandus.
2359 4391 2697 4446 Σκαπούλιον
2727 4392 2945 4462 quidem
2982 4392 3186 4447 Latinae
3203 4392 3436 4463 scapulis
3463 4408 3603 4449 sono

2023 4486 2222 4552 simile,
2261 4495 2317 4540 at
2362 4500 2528 4539 sensu
2589 4485 2745 4554 longe
2779 4494 3074 4549 semotum,
3126 4501 3250 4540 cum
3289 4485 3599 4556 oppositam

2023 4577 2139 4634 fere
2176 4576 2431 4632 animalis
2480 4585 2690 4646 partem
2746 4577 2972 4639 referat,
3008 4589 3210 4648 tergum
3250 4578 3497 4633 videlicet
3537 4594 3601 4633 an

2022 4671 2157 4724 imos
2190 4669 2414 4723 lunzbos.
2480 4668 2806 4724 Ξεκάπουλα
2850 4670 3043 4740 vulgus
3100 4670 3344 4741 profert;
3375 4673 3440 4727 de
3475 4674 3602 4741 qui-

2024 4762 2136 4819 bus
2194 4762 2385 4818 Simon
2425 4762 2685 4818 Portius:
2720 4761 3049 4817 Ξεκὰπουλα
3101 4764 3464 4833 οὐροπύγειον
3505 4763 3600 4819 τοῦ

2026 4856 2218 4922 ἵππου,
2253 4865 2455 4926 tergunt
2485 4855 2645 4926 equi;
2680 4869 2781 4908 nos
2815 4854 2865 4907 la
2900 4870 3092 4924 croupe
3123 4856 3196 4908 du
3229 4856 3428 4909 dicunt.
3469 4855 3601 4910 Ilie-

2028 4952 2287 5020 ro‘nymus
2333 4947 2640 5002 Germanus
2677 4946 2731 5000 in
2789 4944 3147 5000 italo-Graeco
3205 4946 3600 5004 vocabulario:

2025 5041 2078 5096 la
2117 5057 2317 5110 groppa
2351 5037 2436 5093 de!
2471 5037 2695 5100 cavallo,
2727 5040 2793 5092 τὰ
2818 5036 3153 5104 ξεκάπουλα.
3187 5039 3389 5095 Auctor
3437 5057 3601 5112 porro

2022 5151 2288 5206 equorum
2315 5134 2525 5197 comiti,
2579 5131 2729 5202 regio
2788 5146 2930 5201 equo
2970 5132 3252 5200 insidenti,
3305 5152 3599 5209 nunquam

2024 5239 2197 5285 totum
2255 5226 2569 5295 ephippium
2627 5223 2880 5291 sagulum
2939 5223 3006 5280 ad
3047 5240 3233 5283 armos
3287 5239 3341 5284 et
3393 5232 3597 5288 collum

2026 5336 2243 5391 usque,
2295 5319 2389 5373 sed
2444 5320 2511 5370 ad
2553 5314 2789 5372 mediam
2843 5327 3053 5373 tantum
3104 5320 3346 5393 ephippii
3410 5326 3597 5380 sedem

2026 5411 2298 5470 substerni
2330 5408 2558 5471 scribit;
2616 5409 2761 5480 quod
2799 5410 2965 5467 etiam
3014 5427 3045 5468 a
3098 5416 3445 5486 pedissequis
3492 5418 3597 5472 ho-

2026 5505 2179 5561 noris
2226 5519 2355 5573 erga
2388 5502 2643 5558 dominos
2708 5519 2871 5560 causa
2911 5506 3161 5564 videmus
3207 5509 3512 5572 observari,
3548 5508 3597 5565 si

2026 5599 2352 5670 quandoque
2384 5597 2582 5651 heriles
2615 5612 2788 5666 equos
2837 5598 3236 5656 conscendant.
3269 5597 3470 5671 Cum]

2096 5690 2182 5744 Ib.
2211 5686 2601 5758 Στρατορίκιον
2625 5688 2762 5743 verti
2798 5704 2918 5743 cum
2949 5688 3258 5753 Glossario,
3302 5688 3513 5754 locum,
3539 5687 3609 5748 in.

2027 5799 2137 5858 quo
2165 5793 2366 5842 strator
2405 5780 2795 5853 imperatorem
2847 5783 2902 5839 in
2934 5796 3136 5852 equum
3172 5781 3462 5839 sublevare
3500 5796 3593 5843 50-.-
