4064 6452
441 320 548 387 ετω

1498 320 1598 385 ,ΙΝ
1644 317 1949 378 LIBRUM
2020 317 2117 375 DE
2160 317 2491 382 OFFlClIS
2531 325 2633 385 (ΖΡ.

3598 324 3703 389 280

442 437 549 503 let;
586 436 688 491 nisi
720 434 892 490 mavis
919 433 1146 490 reddere
1182 432 1360 489 locum
1433 433 1487 488 in
1520 448 1630 504 quo
1678 434 1805 504 equi
1874 442 2017 489 ster-
2053 433 2091 488 Α
2130 432 2410 490 Persarum
2458 440 2536 492 vel
2586 437 2912 493 Part/torum
2982 440 3148 510 fuisse
3227 450 3494 512 gestamen
3545 447 3720 511 magni

439 539 668 584 nuntur.
701 528 901 584 Gnn'rs.

504 622 641 675 Ibid.
669 620 996 692 [Slratorum
1030 622 1177 676 locus
1212 630 1266 683 et.
1296 621 1461 677 statio
1494 631 1578 678 est
1609 619 2017 691 στρατορῐκιον,

436 731 544 771 non
577 716 621 769 is
653 731 761 785 quo
822 694 1225 771 illisublevant
1259 718 1644 785 imperatorem
1700 716 1755 769 iu
1787 730 2019 784 equum,

437 809 694 876 πέζευμσ.
723 809 833 877 jam
879 810 949 863 ab
984 819 1209 863 auclore
1242 825 1524 864 vocatum.

508 899 592 954 Ib.
616 899 993 973 [Ep/tippiaria
1011 901 1141 967 pila,
1160 917 1266 971 qua
1289 903 1630 971 apprehensa
1655 900 1837 955 exsilit
1853 915 2025 971 eques

435 992 491 1047 in
517 1007 744 1061 equum,
776 990 1219 1060 θεικομπὼσιον,
1248 992 1390 1057 quod
1427 992 1498 1046 sit
1523 992 1760 1061 ephippii
1787 992 2023 1061 κόμπος,

434 1084 502 1139 de
539 1098 646 1154 quo
682 1099 866 1153 supra.
902 1084 1315 1138 Adnumeratur
1349 1099 1480 1137 vero
1534 1084 1820 1154 ephippio,
1881 1084 2021 1137 utin

437 1177 661 1231 comitis
712 1191 979 1245 equorum
1013 1176 1105 1245 jus
1167 1184 1432 1239 transeat,
1464 1189 1529 1229 eo
1565 1175 1709 1242 quod
1770 1190 1836 1228 ex
1882 1190 2022 1227 auro

438 1267 636 1337 lapillis
658 1276 856 1323 ornato
884 1267 1077 1321 conﬁci
1107 1267 1328 1321 soleret.
1365 1267 1501 1336 Περὶ
1524 1265 1636 1319 ’ὡν
1667 1266 1885 1336 τρυφῶν
1938 1267 2023 1321 di-

437 1372 587 1416 ctum
619 1370 702 1416 est
731 1358 1094 1432 alibi.Goan.]

511 1452 598 1508 Ib.
630 1451 776 1523 Lego
803 1455 1021 1522 τουφῶν
1050 1470 1148 1524 pro
1202 1453 1540 1523 φορούντων,
1572 1456 1657 1511 vel
1687 1456 1923 1526 φουτῶν,
1956 1457 2025 1511 de

440 1561 549 1615 quo
573 1545 691 1614 .jam
723 1564 891 1613 supra
918 1549 1074 1616 satis,
1108 1564 1158 1602 c.
1189 1550 1245 1604 4.

518 1639 599 1693 Ib.
639 1640 711 1695 De
735 1640 1043 1712 Theophtlo
1070 1643 1198 1711 imp.
1228 1644 1498 1698 acerrimo
1527 1643 1865 1698 iconoclasta
1904 1643 2023 1713 lege

441 1730 768 1795 Cedrenum,
797 1734 1085 1800 Zonaram,
1113 1735 1436 1805 Manassem,
1460 1739 1701 1808 Clycam.
1726 1735 1933 1792 Gaers.

519 1825 664 1880 Ibid.
696 1824 1019 1897 [Θεόφιλόν
1046 1844 1218 1898 φασι.
1260 1829 1545 1896 Dillusius,
1580 1840 1635 1885 at
1690 1831 1744 1884 in
1787 1831 2032 1885 eamdem

445 1926 681 1969 mentem
715 1928 907 1971 narrat
936 1919 1223 1972 historiam
1257 1919 1545 1975 Cedrenus
1578 1940 1591 1975 :
1636 1921 1909 1976 diversam
1944 1922 2039 1975 ha-

412 2006 532 2061 .l:et
565 2006 673 2063 Leo
702 2008 1097 2065 Grammaticus
1122 2011 1174 2068 in
1195 2011 1514 2081 Theophila.
1548 2012 1806 2069 Conferet
1828 2024 2040 2070 utrum-

443 2116 552 2169 que
586 2100 779 2167 lector,
822 2104 914 2158 ubi
950 2106 1040 2161 hic
1082 2107 1258 2163 lucem
1292 2110 1591 2178 aspexerit.
1625 2107 1822 2177 Gosn]

512 2196 575 2251 P.
610 2196 700 2249 5i.
735 2195 1070 2253 Bttcharium
1105 2201 1446 2256 vestiarium.
1470 2202 1676 2259 Csars.

521 2289 659 2343 Ibid.
702 2286 1051 2362 [Vestiarium
1087 2302 1194 2359 est,
1257 2296 1399 2349 sicut
1460 2305 1516 2350 et
1568 2295 1918 2365 βεστιάριονε
1974 2306 2038 2351 ut

443 2383 802 2447 nihilominus
834 2385 1239 2440 subindicatum
1270 2388 1337 2440 ab
1372 2396 1594 2442 auctore
1621 2389 1916 2444 discrimen
1944 2390 2039 2444 in-

444 2485 527 2527 ter
588 2484 881 2542 utrumque
938 2477 1315 2541 observemus,
1373 2480 1664 2534 dicendum
1721 2484 2041 2551 ρουχαρεῖον

443 2581 568 2620 esse
588 2568 1048 2623 eubiculariomm
1072 2572 1330 2625 conclave
1353 2573 1421 2626 ad
1451 2588 1668 2631 sacrum
1694 2574 2033 2628 cubiculum.

444 2655 611 2711 Favet
635 2660 877 2727 synodus
903 2661 1213 2716 Florentina
1248 2664 1452 2718 ultimis
1479 2680 1618 2733 pene
1654 2666 1859 2732 verbis,
1891 2682 2012 2735 quae

445 2764 556 2801 non
616 2750 668 2803 in
724 2766 883 2806 sacro
917 2753 1191 2819 cubiculo,
1225 2756 1317 2810 sed
1348 2757 1400 2811 in
1457 2758 1704 2813 conclavi
1752 2759 2036 2824 viciniore,

447 2845 507 2897 ἰν
532 2843 606 2913 τῷ
632 2846 937 2917 ρουχαρείῳ
954 2847 1047 2901 τοῦ
1078 2848 1360 2918 βασιλέως,
1384 2852 1600 2908 Graecos
1618 2854 1905 2923 pontifices
1960 2865 2041 2911 to-

448 2948 540 2987 mo
563 2936 782 2990 uniouis
807 2938 1217 2995 subscribentes
1238 2943 1568 2999 manifestat.
1594 2945 1792 3017 Cornu]

2131 528 2287 593 pt’etii
2329 544 2395 582 ea:
2454 533 2549 583 hoc
2586 531 2699 585 loco
2735 542 2785 586 et
2810 532 3071 587 similibus
3123 544 3365 603 apparet.
3440 533 3500 587 In
3563 533 3716 589 fastis

2132 618 2337 675 Crzecis
2366 622 2618 692 leguntur
2644 625 2762 679 haec
2790 626 2860 680 de
2882 640 3006 694 rege
3028 625 3299 681 Lazorum
3332 645 3346 681 :
3378 626 3462 679 Τὰ
3481 626 3719 693 τζαγγία

2130 711 2299 779 αὐτοῦ
2326 709 2393 782 ἦν
2426 716 2534 768 ἀπὸ
2561 716 2663 784 τῆς
2709 716 2897 787 χώρας
2944 718 3113 773 αὐτοῦ
3151 720 3406 789 ρουσαῖα,
3470 717 3725 788 Περσικῷ

2133 806 2377 873 σχήματι
2412 806 2605 875 ἔχοντα
2645 810 3030 881 μαργαρίτας.
3062 810 3317 881 Synodus
3365 809 3726 864 Aurelianen-

2132 898 2209 951 sis
2256 914 2381 953 can.
2429 898 2537 954 22:
2575 900 2838 954 Monacbo
2882 902 3121 955 orarium
3170 903 3224 955 in
3265 901 3591 956 monasterio
3647 899 3726 956 uel

2138 1007 2331 1045 zancas
2364 992 2554 1047 habere
2582 1010 2685 1047 non
2724 994 2903 1050 liceat.
2949 994 3149 1051 Gnsrs.

2203 1084 2344 1139 Ibid.
2377 1084 2672 1157 [Τζαγγ-Ια,
2696 1086 2970 1143 Meursius
3002 1096 3225 1158 tzangw,
3246 1087 3337 1142 alii
3370 1087 3733 1143 calceamenta

2135 1177 2438 1231 barbarica.
2500 1178 2671 1247 Cujus
2731 1178 2918 1233 formae
2985 1179 3193 1235 fuerint
3261 1196 3371 1235 non
3424 1186 3731 1246 exponunt.

2132 1269 2247 1324 lllis
2285 1269 2586 1326 etiamnum
2645 1271 2806 1348 hodie
2843 1280 3074 1327 utuntur
3132 1272 3187 1326 in
3246 1272 3466 1326 Oriente
3498 1270 3601 1323 viri
3664 1280 3725 1325 et

2140 1362 2399 1417 mulieres
2457 1363 2814 1431 promiscue;
2853 1373 3091 1435 suntque
3149 1363 3407 1419 cothurni
3455 1378 3520 1417 ex
3574 1362 3733 1418 varie

2136 1454 2402 1508 coloratis
2438 1455 2673 1522 pellibus
2706 1457 2896 1511 tibiam
2924 1457 3173 1526 adusque
3199 1472 3340 1528 genu
3375 1456 3608 1524 pressim
3660 1464 3724 1510 et

2139 1547 2373 1601 strictim
2404 1548 2676 1604 tibialium
2707 1566 2859 1605 more
2898 1551 3217 1615 vestientes,
3258 1550 3453 1620 quales
3478 1549 3591 1620 jam
3624 1565 3732 1605 suo

2142 1647 2386 1706 tempore
2440 1641 2671 1696 usitatos
2727 1641 2991 1696 describit
3054 1642 3354 1711 Procopius
3405 1643 3473 1696 de
3530 1641 3731 1696 aedific.

2071 1735 2113 1792 Β
2142 1728 2437 1787 Justiuiani
2475 1733 2511 1787 l.
2547 1750 2648 1789 m:
2695 1733 3061 1804 ’Υποδήματα
3124 1736 3290 1804 μέχρι
3320 1734 3400 1796 εἷς
3439 1733 3572 1801 γόνυ
3602 1749 3736 1802 φοι·-

2146 1824 2298 1877 νικοῦ
2335 1824 2649 1895 χρώματος,
2687 1826 2723 1881 ἃ
2756 1826 2820 1894 δὴ
2846 1827 3071 1897 βασιλέα
3113 1826 3273 1895 μόνον
3323 1824 3616 1894 Ῥωμαίων
3668 1841 3736 1878 τι

2146 1916 2240 1970 καὶ
2272 1919 2500 1988 Περςῶν
2547 1920 2868 1973 ὑποδεῖσθαι
2915 1921 3098 1990 θέμις.
3144 1919 3281 1974 Hinc
3312 1920 3523 1975 Arabes
3581 1919 3737 1990 Elpi-

2148 2007 2300 2062 dium
2364 2010 2746 2074 imperatorem
2803 2012 2857 2065 in
2918 2012 3099 2066 Sicilia
3160 2012 3533 2067 renuntiaturi
3585 2013 3736 2081 apud

2149 2100 2539 2171 Theophanem
2574 2103 2627 2157 in
2702 2104 2852 2157 Irene
2879 2112 2933 2157 et
2992 2103 3187 2159 Const.
3223 2104 3544 2175 περιέθεντο
3580 2104 3739 2174 αὐτῷ

2145 2195 2407 2263 τζαγγίον
2436 2196 2530 2249 καὶ
2572 2197 2860 2263 στέφανον.
2900 2199 2974 2251 Ex
3040 2198 3146 2265 his,
3185 2213 3309 2267 quae
3362 2197 3638 2254 Meursius
3676 2205 3739 2252 et

2144 2302 2209 2342 ex
2237 2305 2301 2344 eo
2330 2290 2621 2346 Gretserus
2648 2290 2715 2345 de
2742 2292 2933 2360 zangis
2995 2292 3293 2363 congessit,
3350 2292 3512 2361 plana
3562 2291 3740 2347 relin-

2145 2393 2390 2453 quuntur
2414 2394 2466 2438 et
2484 2387 2789 2454 perspicua.
2815 2384 3016 2458 Cosa]

2219 2475 2299 2529 Ib.
2337 2476 2472 2545 Equi
2505 2481 2761 2546 sagmarii
2794 2478 2996 2534 Graecis
3044 2478 3265 2549 quidem
3295 2479 3412 2534 noti
3443 2486 3499 2534 et
3538 2478 3737 2533 usitati

2158 2578 2308 2635 sunt,
2342 2571 2436 2625 sed
2465 2572 2624 2625 educi
2662 2586 2766 2626 uon
2796 2578 3031 2641 possunt
3061 2586 3124 2625 ex
3161 2571 3248 2625 illa
3280 2570 3471 2626 Codini
3503 2570 3740 2627 lectione

2148 2663 2521 2732 τξαγμάριο;,“
2557 2667 2683 2735 quia
2721 2682 2858 2720 vana
2906 2675 3023 2720 est:
3088 2664 3523 2720 substituendum
3580 2665 3735 2719 enim

2149 2754 2488 2824 τζαγγάριος
2524 2757 2605 2811 vel
2690 2757 3050 2827 τζαγκάριος.
3086 2754 3152 2811 Et
3186 2764 3245 2809 ut
3269 2756 3417 2825 prior
3461 2756 3734 2825 scriptura

2151 2848 2499 2912 retineretur,
2534 2863 2639 2901 non
2672 2848 2995 2917 sagmarius,
3027 2854 3086 2900 ut
3111 2844 3331 2912 Junius,
3392 2846 3486 2902 sed
3548 2846 3734 2916 potius

2153 2941 2480 3010 tzngmarius
2524 2941 2844 2994 vertendum
2874 2950 3056 2995 esset:
3090 2954 3214 2993 nam
3247 2939 3553 3007 sagmarius
3583 2937 3734 2994 Grae-

446 3052 455 3060 -
518 3029 883 3101 Ιοὶά.’Σπάθη
907 3041 1119 3100 spatha,
1153 3038 1320 3092 ensis.
1373 3038 1697 3107 Spatharius
1731 3042 1928 3111 ensifer
1957 3044 2040 3098 vel
2071 3068 2112 3127 ο
2151 3033 2230 3088 cis
2267 3049 2373 3086 non
2401 3041 2483 3088 est
2510 3043 2681 3096 sutor,
2710 3049 2833 3087 cum
2858 3048 2886 3087 a
2914 3042 3159 3101 sagmate
3188 3032 3473 3086 formetur.
3509 3030 3605 3084 Est
3629 3046 3732 3083 au-

448 3121 680 3187 sateltes,
742 3127 1173 3195 σωματοφύλαξ.
1232 3130 1766 3199 Protospatharius,
1826 3134 2037 3203 primus

450 3215 595 3268 inter
630 3217 958 3283 spatharios,
995 3219 1610 3297 spatharocandidatus.
1648 3226 2041 3296 Σπαθαροκου-

451 3308 841 3377 δικουλάρῑος,
895 3314 1203 3373 spat/rarius
1263 3316 1646 3373 cubicularius.
1706 3319 2028 3388 Spathatus,

454 3400 647 3464 spatha
684 3401 952 3456 munitus.
987 3403 1201 3456 Σπαθία
1233 3406 1469 3470 spatula.
1532 3406 1607 3462 De
1664 3410 1865 3477 quibus
1916 3410 2040 3465 vide

454 3487 758 3543 Meursiuut
784 3498 838 3544 et
878 3490 1172 3562 Rigaltium
1208 3495 1261 3548 in
1308 3494 1629 3553 Glossariis.
1667 3498 1744 3552 Ex
1808 3500 2041 3569 dialogis

455 3580 518 3635 ὃ.
557 3581 804 3651 Gregorii
837 3599 945 3639 non
982 3586 1205 3655 ignotus
1228 3598 1313 3643 est
1351 3590 1671 3657 Spatharius
1729 3593 1874 3662 regis
1929 3593 2039 3648 To-

456 3673 589 3729 tilae.
623 3674 689 3729 Et
724 3677 869 3745 apud
898 3678 1198 3734 nonnullos
1237 3680 1545 3739 Germanos
1606 3684 2039 3741 instrumentum

456 3765 737 3835 quoddam
770 3767 1065 3823 fossorium
1092 3771 1174 3823 ein
1197 3774 1375 3839 spatii.

529 3858 691 3928 252
718 3859 778 3914 Ρ.
811 3860 898 3915 3i.
944 3860 1219 3931 Τζαγγῖα.
1253 3864 1446 3922 Melius
1490 3866 1745 3937 τζαγκῑα,
1775 3871 2039 3939 τζάγκαι,

460 3962 683 4011 nancta.
728 3952 954 4022 Proprie
985 3957 1153 4012 calcei
1193 3958 1533 4028 imperatorii
1564 3981 1578 4027 ;
1623 3972 1677 4019 et
1707 3965 2036 4032 calcearius,

457 4044 549 4113 qui
574 4060 666 4100 eas
705 4047 1046 4114 conficiebat,
1078 4050 1327 4119 τζαγγάς
1354 4054 1436 4109 vel
1466 4056 1647 4129 potius
1685 4054 1929 4126 τξαγκάς
1960 4059 2044 4114 di-

456 4140 701 4204 cebatur,
732 4156 837 4196 non
870 4151 928 4197 ut
958 4144 1047 4199 alii
1068 4155 1285 4203 sutores
1300 4147 1657 4219 τζάγγαριος,
1678 4166 1773 4205 seu
1806 4150 2042 4220 τζαγκὰ-

460 4247 596 4299 ριος.
638 4232 717 4288 Ita
735 4234 879 4289 enim
902 4236 987 4290 hic
1010 4237 1298 4307 legendum
1320 4251 1549 4309 est,non
1576 4244 1949 4315 τζαγμάριος,
1976 4256 2040 4302 ut

455 4324 622 4379 edidit
648 4325 866 4393 Junius,
887 4329 971 4383 cui
992 4339 1192 4386 tzauca:
1219 4343 1273 4388 et
1297 4335 1509 4389 tzancia
1538 4352 1645 4390 non
1673 4338 1907 4405 placent.
1929 4356 2045 4395 ma—
2070 4374 2080 4381 -

458 4420 542 4489 gis
577 4418 816 4474 arrident
853 4430 1058 4490 Izagga:
1081 4433 1134 4477 et
1162 4404 2041 4494 tzaggia,uttrabeatioccasiOnem
2076 4404 2121 4462 ο

456 4524 659 4563 nomen
692 4511 794 4566 hoc
833 4511 1139 4568 deducendi
1167 4530 1233 4569 cx
1268 4517 1498 4573 Arabica
1534 4519 1740 4587 lingua.
1778 4520 1884 4577 Sed
1938 4522 2042 4591 p0.-

459 4603 568 4656 tior
597 4612 679 4658 est
709 4605 848 4674 apud
876 4621 962 4661 mc
996 4607 1128 4662 fides
1156 4609 1410 4663 codicum
1447 4610 1800 4668 Lautheriani
1837 4625 1892 4671 et
1940 4617 2045 4671 Ba-

457 4698 769 4771 v_aricorum
832 4708 885 4754 et
951 4698 1229 4757 Simeonis
1291 4706 1540 4774 magistri
1620 4707 1922 4764 olIiciorum
1990 4713 2043 4767 in

457 4789 734 4844 Pandecte
766 4789 990 4846 Turcic.
1018 4792 1140 4857 199,
1173 4794 1266 4864 qui
1296 4795 1530 4863 τζαγκία
1560 4806 1613 4852 et
1654 4801 1904 4868 τζάγκας
1942 4818 2043 4855 no-

456 4882 542 4935 bis
589 4882 884 4947 exhibent;
941 4883 1155 4938 tametsi
1218 4888 1388 4938 altera
1445 4887 1608 4941 lectio
1658 4888 1749 4941 illa
1780 4890 2038 4956 τζὰγγπι,

457 4973 694 5041 ﬁant:
725 4974 1065 5044 τζαγγάριος
1099 4976 1419 5045 simpliciter
1440 4980 1591 5049 rejici
1614 4995 1714 5035 nec
1744 4993 1919 5050 potest
1949 4999 2047 5037 nec

459 5070 639 5122 debet.
698 5066 973 5123 Scribitur
1027 5071 1192 5123 etiam
1254 5070 1623 5141 τζαγκάρηςε
1693 5073 1821 5128 hinc
1876 5076 2043 5144 τέχνη

459 5161 837 5230 τζαγγαρική,
872 5178 959 5213 ars
994 5162 1199 5215 sutoria
1238 5200 1251 5214 .
1294 5161 1534 5217 Transiit
1584 5165 1688 5219 hoc
1740 5182 1935 5219 nomen
1978 5168 2044 5222 ad

370 5282 373 5285 ι
463 5254 709 5307 Latinos.
781 5253 1087 5307 Trebellius
1143 5253 1357 5309 Pollio:
1417 5253 1661 5308 Zanchas
1725 5255 1789 5309 de
1844 5259 2044 5310 nostris

464 5347 735 5401 Parthicis
766 5346 917 5413 parin
957 5348 1083 5399 tria.
1132 5346 1233 5400 Ubi
1278 5347 1688 5404 Casaubonus:
1762 5349 2046 5403 Barbarici

467 5437 813 5496 calceamenti
888 5454 1049 5507 genus
1111 5446 1328 5507 tzangas
1397 5452 1671 5494 vocarunt.
1739 5440 1841 5495 Sed
1907 5446 2048 5497 varie

463 5532 715 5586 scribitur
761 5531 855 5582 ltoc
888 5530 1149 5585 'verbum.
1208 5530 1273 5583 In
1324 5517 1523 5585 'codice
1582 5533 1945 5587 Tlteodosiauo
1982 5538 2046 5589 de

467 5623 648 5675 habitu
682 5622 825 5673 intra
859 5623 1035 5673 urbem
1072 5620 1171 5689 leg.
1200 5620 1233 5672 Ε).
1262 5628 1501 5689 (aurigae;
1535 5622 1588 5672 in
1634 5624 1790 5674 tertia
1819 5631 2039 5675 ιεαησίῑι.

471 5711 671 5764 (inertis
706 5713 945 5777 τζὰγγπι
974 5723 1063 5763 aut
1106 5711 1362 5778 τζαγγὶα,
1416 5722 1460 5764 ct
1490 5711 1824 5779 τζαγγάριος
1857 5712 2045 5765 Irarum

481 5805 675 5877 artifex
702 5807 839 5874 apud
874 5804 1111 5859 Tutum
1148 5806 1197 5857 in
1233 5803 1580 5860 Chiliadibus.
1621 5806 1815 5859 Λα·ωηί
1842 5821 2043 5875 zmtgrr.

2148 3137 2256 3182 tem
2288 3129 2477 3198 σάγμα
2520 3128 2603 3181 vel
2651 3127 2791 3197 θήκη
2820 3125 2915 3180 τοῦ
2961 3126 3151 3191 ὅπλου,
3210 3127 3359 3179 theca
3387 3140 3483 3181 seu
3536 3123 3731 3193 vagina

2145 3236 2447 3283 armorum,
2484 3219 2565 3272 vel
2630 3235 2761 3272 onus
2806 3219 3036 3287 Jumenti
3081 3219 3391 3272 sarcinarii.
3436 3217 3575 3272 Hinc
3607 3233 3731 3285 sag-

2144 3311 2316 3363 maria
2334 3316 2574 3379 jumenta
2611 3310 2695 3363 vel
2728 3309 3062 3376 sagmataria
3095 3309 3178 3363 vel
3211 3308 3451 3363 samaria
3489 3307 3723 3368 Crmcis,

2144 3419 2265 3471 quae
2305 3403 2516 3457 nostris
2544 3401 2869 3466 clitellaria;
2908 3400 2974 3455 ad
3014 3415 3248 3469 quorum
3284 3399 3534 3454 ultitnum
3588 3398 3728 3453 allu-

2143 3498 2222 3551 dit
2262 3511 2365 3550 \'ox
2397 3495 2717 3551 Germanica
2759 3511 3092 3560 saum-ross,
3121 3510 3219 3549 seu
3253 3503 3314 3549 ut
3349 3493 3463 3557 alii,
3497 3509 3729 3548 summer

2143 3606 2282 3649 τοδε,
2324 3596 2374 3642 et
2403 3602 2576 3650 suum,
2609 3587 2659 3641 id
2693 3585 2957 3640 nimirum
2986 3584 3137 3655 quod
3194 3582 3513 3653 huiusmodi
3547 3596 3726 3650 equus

2144 3691 2337 3751 gestat.
2378 3679 2574 3736 Suidas
2602 3697 2617 3734 ;
2647 3679 2943 3749 Σαγμάρια
2989 3678 3051 3731 τὸ
3110 3676 3240 3747 παρ’
3267 3676 3401 3747 ἡμῖν
3430 3674 3725 3742 λεγόμενον

2142 3776 2472 3840 τοῦλδον,τὰ
2512 3772 2856 3843 βαστάζοντα
2886 3774 2983 3842 τὴν
3000 3768 3319 3839 ἀποσκευὴν
3372 3768 3468 3821 καὶ
3496 3767 3599 3838 τὴν
3630 3782 3729 3833 με·

2143 3867 2445 3937 τακομιδὴν
2473 3864 2583 3919 τῶν
2604 3864 2954 3933 ἐπιτηδείων.
2999 3845 3300 3916 Mauricius
3338 3862 3482 3930 apud
3537 3857 3728 3928 Rigal-

2147 3960 2319 4013 tium:
2359 3956 2594 4025 Τοῆλδος
2628 3957 2751 4027 ἦτοι
2781 3957 2849 4010 τὰ
2905 3956 3211 4025 σαγμάρια.
3249 3952 3417 4008 idem.
3458 3951 3492 4005 1.
3520 3966 3558 4015 t,
3589 3966 3637 4021 c.
3670 3948 3726 4015 6,

2146 4052 2361 4108 dixerat
2381 4050 2588 4113 ἵππους
2614 4047 3054 4119 σαγματαρίους.
3078 4044 3169 4101 Sic
3190 4043 3432 4099 Isidorus
3460 4043 3725 4097 caballum

2146 4145 2474 4216 sagmarium
2501 4152 2554 4198 et
2585 4141 2787 4195 mulam
2816 4140 3169 4209 sagmarium.
3227 4136 3485 4206 Vegetius
3542 4137 3579 4192 Ι.
3624 4151 3728 4191 lit:

2147 4236 2555 4307 Impedimenta,
2581 4235 2857 4306 sagmarii,
2883 4232 3098 4287 calones
3130 4231 3469 4300 vehiculaque
3519 4231 3572 4284 in
3622 4246 3731 4283 nte-

2146 4331 2235 4384 dio
2297 4331 2637 4384 collocentur.
2711 4327 2823 4382 Nec
2875 4324 3083 4380 Latinis
3155 4324 3323 4394 ignori
3393 4334 3519 4379 sunt
3598 4320 3729 4391 equi

2150 4421 2405 4491 sagmani.
2443 4430 2496 4473 ut
2531 4428 2676 4489 patet
2708 4433 2775 4473 ex
2809 4416 2867 4472 S.
2924 4414 3204 4470 Bernardo
3247 4414 3285 4468 l.
3346 4428 3409 4467 tu
3466 4411 3627 4482 253
3661 4412 3732 4466 de

2148 4513 2481 4567 considerat.
2523 4526 2573 4565 c.
2604 4511 2652 4571 7,
2684 4510 2776 4564 ubi
2811 4508 3037 4564 Vossius
3071 4507 3348 4576 sagmarii,
3380 4505 3510 4561 loco
3538 4505 3731 4572 vulga-

2148 4614 2217 4659 tze
2275 4604 2526 4659 lectionis
2580 4603 2876 4657 sammarii.
2925 4602 3035 4655 Etsi
3081 4601 3135 4653 iu
3187 4598 3395 4653 Latinis
3426 4597 3730 4662 simamarii,

2149 4697 2426 4760 saumarii,
2484 4694 2757 4749 sommarii
2816 4694 2981 4747 lectio
3027 4692 3191 4745 etiam
3258 4689 3475 4745 defendi
3532 4688 3729 4757 possit,

2151 4793 2277 4861 quia
2312 4791 2569 4860 sagmarii
2603 4803 2799 4842 nomen
2834 4788 2984 4841 varie
3010 4784 3148 4839 varii
3177 4789 3545 4849 corruperunt
3573 4791 3628 4836 et
3648 4781 3729 4852 ad

2151 4881 2488 4937 idiotismum
2531 4895 2691 4934 suum
2726 4877 3076 4932 inﬂexerunt.
3131 4873 3271 4929 liinc
3326 4873 3378 4927 iu
3443 4871 3624 4926 libello
3661 4871 3734 4925 de

2154 4971 2436 5026 miraculis
2464 4971 2521 5026 S.
2559 4967 2821 5033 Udalrici,
2854 4983 2955 5021 nec
2983 4966 3272 5036 ineleganti
3306 4974 3359 5019 et
3408 4965 3551 5019 satis
3586 4963 3733 5016 anti-

2150 5079 2280 5133 quo,
2315 5062 2491 5133 inquit
2520 5062 2880 5115 Casaubonus
2915 5060 2969 5112 in
2995 5058 3390 5128 Lampridium,
3424 5045 3734 5110 obtulerunt

2150 5158 2213 5211 de
2244 5173 2362 5210 cera
2396 5166 2650 5227 quantum
2677 5172 2810 5209 unus
2828 5155 2992 5229 fortis
3036 5155 3344 5208 saumarius
3374 5163 3588 5221 portare
3639 5168 3737 5219 po-

2154 5250 2273 5303 tuit.
2304 5248 2533 5303 Deducit
2558 5249 2696 5301 idem
2727 5248 3090 5301 Casaubonus
3115 5247 3419 5312 sagmarius
3442 5261 3468 5297 a
3494 5254 3736 5314 sagmate

2152 5355 2205 5397 ct
2240 5347 2424 5407 recte;
2457 5353 2509 5397 ct
2543 5358 2729 5410 sagina
2756 5340 2832 5393 ait
2869 5354 2991 5394 esse
3024 5338 3073 5392 id
3101 5338 3239 5407 quod
3266 5337 3510 5407 jumento
3564 5339 3738 5406 impo-

2146 5438 2323 5501 nitur,
2383 5446 2438 5489 ut
2471 5434 2682 5487 mollius
2710 5432 2886 5497 -ve_ltat
2934 5440 2982 5484 et
3038 5433 3153 5483 sine
3200 5446 3341 5483 noxa
3388 5447 3508 5483 sua.
3542 5430 3735 5498 Diﬁ‘ert

2151 5546 2335 5599 sagma
2368 5545 2397 5579 η
2420 5526 2577 5591 sella;
2614 5542 2734 5578 nam
2766 5541 2950 5593 sagma
2985 5525 3191 5592 praprie
3206 5532 3281 5575 est
3308 5522 3449 5591 quod
3473 5523 3734 5590 jumcntis

2153 5638 2312 5677 onera
2346 5619 2705 5688 bajulantibus
2764 5618 3095 5685 imponitur;
3148 5616 3282 5669 sella
3336 5633 3590 5686 equorum
3649 5629 3731 5671 est

2159 5711 2235 5763 rel
2267 5711 2491 5762 aliorum
2518 5706 3050 5775 animalium,quibns
3080 5707 3232 5758 homo
3266 5708 3489 5759 vellitur.
3521 5707 3730 5762 Dicitur

2159 5804 2321 5860 etiam
2358 5804 2497 5879 ηππγή
2529 5812 2581 5859 ct
2612 5817 2819 5873 sagum,
2860 5802 3006 5873 quod
3049 5800 3325 5871 signiﬁcat
3383 5814 3547 5857 omne
3605 5816 3736 5873 opt.“
