4064 6420
297 316 397 382 illi

1391 321 1783 384 euersum
1818 280 1914 384 ΕΤ
1949 325 2192 424 coitu
2235 325 2480 388 noris.

3462 281 3568 385 is}.

303 440 588 491 rimentum
617 435 761 507 quod
790 435 1057 506 jumentis
1083 438 1402 508 imponitur.
1472 440 1606 498 Vide
1653 443 1871 498 Casan-
1903 447 1950 505 Α
1979 447 2106 516 ψιίιι
2146 446 2366 516 proprie
2389 461 2560 501 novas
2589 458 2794 514 easque
2823 458 3012 497 sacras
3051 441 3286 505 accipere
3334 440 3564 495 ἱιιιΙὶι-ει.

305 517 429 579 bon.
459 526 523 579 ad
556 524 838 595 Lamprid.
869 526 964 583 l'ol.
1027 529 1154 593 32!,
1188 531 1282 585 sed
1334 532 1486 601 prior
1542 534 1873 604 signiﬁcatio

303 617 475 686 potior
502 626 605 672 est.
638 616 808 672 Graeci
837 618 1061 674 ﬂectunt
1093 621 1284 692 σάγμα
1317 625 1414 676 τοῦ
1439 626 1747 696 σάγματος,
1775 627 1878 681 La-

306 710 400 764 tini
431 725 615 777 sagma
643 727 839 778 sagma:
875 728 891 773 ;
919 729 1036 782 quia
1068 727 1314 785 corrupte
1344 717 1494 786 vulgo
1525 719 1724 772 dicitur
1755 719 1841 773 sal
1861 749 1874 760 -

309 814 442 856 mus.
470 798 644 862 inquit
671 799 858 856 lsidor.
886 801 923 858 l.
946 819 1016 857 xx
1049 802 1280 875 Etymol.
1309 808 1515 864 Gus'rs.

377 890 515 944 Ibid.
544 888 947 962 [Τζαγγάριος.
979 897 1167 952 Simon
1199 901 1419 956 Portius
1450 917 1576 958 cum
1610 915 1834 962 auctore
1866 925 1880 962 :

308 986 558 1052 σκυτεὺς,
588 989 945 1056 σκυτοτόμος,
971 990 1338 1061 ὑποδημάτων
1367 995 1431 1066 δη
1442 999 1728 1068 μιουργός,
1763 1003 1883 1055 cal-

309 1077 590 1145 ceolarius,
629 1088 801 1134 sutor.
834 1082 993 1149 Apud
1026 1083 1416 1154 TheOphanem
1454 1089 1508 1143 in
1561 1089 1880 1148 Justiniano

308 1169 374 1222 τὰ
401 1169 730 1242 τζαγγάρια,
767 1173 1002 1242 afﬁciare
1041 1179 1286 1232 sutoriaz.
1331 1180 1466 1234 Rem
1533 1191 1706 1238 lotam
1758 1202 1887 1256 pro-

313 1265 448 1328 tero,
473 1274 526 1320 et
550 1267 687 1323 alios
720 1267 778 1322 in
812 1271 1003 1325 ordine
1033 1274 1446 1344 ‘compositurus
1476 1287 1626 1332 extra
1649 1280 1879 1335 chorum

312 1361 471 1416 salto.
497 1360 961 1431 Conquerebatnr
993 1367 1227 1436 populus
1251 1368 1307 1423 in
1334 1356 1664 1438 spectaculis
1696 1388 1884 1429 coram

313 1450 638 1520 imperatore
673 1453 740 1509 de
773 1452 1076 1524 Calopodio
1106 1459 1454 1516 cubiculario
1486 1477 1507 1516 :
1558 1465 1882 1520 καλοπὸδιον

315 1553 492 1623 autem
523 1545 692 1614 (quod
732 1546 826 1600 alii
880 1549 1208 1604 καλαπόδιον
1266 1554 1650 1626 pronuntiant)
1705 1567 1885 1628 typum

315 1636 634 1719 ealcearium
669 1639 783 1695 sive
803 1642 988 1710 pedem
1023 1642 1278 1713 ligneum,
1319 1661 1427 1714 quo
1465 1657 1686 1704 sutores
1717 1661 1886 1706 utun-

319 1738 427 1794 tur,
467 1730 690 1786 indicat.
743 1731 881 1788 Cum
924 1750 1052 1790 vero
1107 1738 1466 1808 Calopodium
1524 1741 1593 1796 de
1663 1744 1888 1800 nomine

1984 541 2382 611 Eni-hologium
2418 558 2434 594 :
2487 538 2780 595 Ἀλλᾴσσει
2814 539 2841 589 ὁ
2874 535 3077 604 ἱερεύς.
3126 533 3344 588 Nicetes
3375 551 3387 587 :
3421 534 3567 602 υὲμ-

1979 634 2091 703 illa;
2121 633 2276 704 ἱερέα
2311 631 2448 700 μετὰ
2481 629 2578 684 τοῦ
2651 628 2990 696 Εὖαγγε).ἰου
3048 626 3389 695 ἀλλαγμένον
3423 643 3437 679 :
3493 637 3566 679 tta

1979 737 2236 797 corrupte
2283 725 2631 796 ἡλλαγμένον
2676 725 2813 779 vice.
2884 720 3315 790 Ἀλλαξιμάριον
3380 719 3568 787 itaque

1981 829 2068 874 est
2095 821 2246 874 locus
2281 819 2334 873 in
2375 833 2486 888 quo
2521 825 2703 872 vestes
2759 815 3149 886 imperatoriae,
3216 826 3337 882 quae
3364 821 3418 865 ct
3475 825 3568 863 sa-

1979 927 2107 976 crae,
2143 922 2502 982 reponuntur.
2529 907 2729 980 ϐολῇ]
3221 962 3226 967 _

2057 1001 2141 1057 Ib.
2176 1006 2443 1056 Anacara.
2466 1001 2685 1064 Junius,
2719 1008 2778 1052 ut
2806 996 3080 1052 Arabismi
3106 995 3384 1065 specimen
3418 995 3568 1056 edat,

1985 1111 2222 1149 anacara
2261 1095 2374 1148 hare
2417 1109 2484 1146 ex
2533 1092 2735 1146 Arabia
2787 1092 3057 1143 advocat:
3125 1102 3246 1140 nam
3278 1101 3406 1140 vasa
3453 1085 3570 1137 sive

1984 1190 2216 1244 cacabos
2243 1196 2336 1240 aut
2383 1186 2589 1240 lebetes
2643 1183 2865 1237 vocales
2921 1181 3106 1236 vocari
3169 1179 3237 1232 ab
3296 1177 3572 1231 Arabibus

1985 1281 2254 1336 Auakara.
2289 1277 2571 1349 Ejusinmli
2610 1275 2780 1340 ferme
2812 1289 2936 1328 esse
2987 1287 3109 1340 quin
3181 1271 3234 1324 iu
3269 1268 3568 1324 Germania

1987 1374 2330 1444 appellentur
2403 1365 2840 1424 kesseltrommel.
2899 1363 3010 1419 Cur
3047 1377 3153 1418 non
3219 1358 3570 1429 heerpaukcn.

1987 1486 2112 1540 quae
2139 1469 2303 1523 etiam
2360 1466 2414 1519 in
2450 1461 2610 1533 equis
2672 1459 2878 1528 pulsari
2943 1463 3177 1526 possunt
3238 1463 3290 1506 et
3344 1447 3574 1504 solent?

1991 1560 2234 1632 tympani
2297 1571 2468 1627 genus
2553 1553 2817 1608 inferiore
2882 1563 3037 1619 parte
3085 1546 3406 1608 rotundum,
3465 1555 3576 1610 quo

1991 1641 2269 1727 principes
2305 1654 2407 1704 hoc
2437 1648 2605 1703 etiam
2649 1661 2765 1700 aevo
2826 1644 2903 1699 uti
2929 1651 2983 1696 et
3029 1641 3290 1697 delectari
3337 1649 3577 1692 consuc-

1989 1757 2209 1802 verunt.
2235 1745 2440 1799 (ἕλεσι-ε.

318 1837 421 1876 nou
455 1823 681 1878 auderet
713 1826 948 1894 populus
968 1827 1174 1893 dicere,
1217 1846 1317 1885 nec
1348 1846 1408 1887 se
1440 1847 1778 1902 cognoscere
1803 1836 1887 1890 in-

2062 1838 2202 1893 Ibid.
2229 1835 2533 1909 [Tympana
2559 1830 2972 1898 inferioripartc
3004 1824 3259 1881 rotunda.
3287 1823 3362 1876 Ita
3396 1822 3577 1876 Meur-

317 1918 589 1978 ternuntio
619 1919 944 1974 mandatore
1001 1926 1357 1992 responderet
1416 1927 1747 1998 imperator,
1791 1944 1892 1984 ex-

317 2006 568 2062 clamavit
602 2011 833 2079 populus
865 2029 880 2066 :
921 2013 983 2068 '0
1031 2013 1382 2090 πλεονεκτῶν
1415 2037 1507 2087 με,
1561 2027 1895 2092 τρισαύγου-

321 2119 432 2167 ore,
461 2104 541 2167 si;
576 2106 648 2158 τὰ
666 2104 976 2177 τζαγγάρια
1024 2094 1364 2180 εὑρισκεὶαι,
1424 2115 1765 2179 Καλοπόδιος
1810 2118 1892 2170 ni-

327 2193 538 2250 mirum.
593 2195 726 2252 Vide
784 2197 1080 2257 Justiniani
1149 2212 1311 2260 :etate
1375 2205 1740 2277 imperatores
1778 2208 1894 2280 jam

331 2288 528 2357 tzangis
555 2305 706 2346 usos.
741 2290 939 2364 σωκ]
1843 2295 1856 2313 ³

394 2379 535 2436 Ibid.
571 2383 683 2448 Τὰς
703 2386 1028 2457 προκύψεις.
1066 2386 1292 2445 Dubitat
1315 2390 1591 2447 Meursius
1632 2408 1764 2447 num
1791 2392 1898 2448 viri

324 2476 489 2540 docti,
522 2477 572 2530 id
606 2478 928 2546 estJunins,
967 2482 1254 2553 πρόκυψιελ
1281 2494 1430 2540 recte
1463 2493 1684 2540 vertant
1711 2497 1897 2540 oratoo

327 2567 484 2622 rium.
519 2567 574 2623 Si
600 2584 705 2624 non
743 2583 889 2626 recte
920 2581 1164 2640 vertunt,
1206 2589 1306 2628 cur
1337 2591 1447 2630 non
1506 2577 1703 2631 melius
1765 2577 1897 2648 quid

327 2661 961 2740 suggeris?Si.voculam
989 2667 1158 2736 ipsam
1185 2668 1352 2724 nimis
1379 2671 1738 2738 grammatice
1803 2687 1902 2726 ur-

331 2768 480 2823 geas,
515 2753 788 2824 πρόκυψις
843 2771 948 2810 non
975 2758 1405 2824 estoratorium,
1433 2760 1529 2815 sed
1559 2759 1712 2816 locus
1770 2761 1903 2815 emi-

329 2846 566 2911 nentior,
617 2847 758 2907 unde
800 2848 1102 2919 imperator
1149 2851 1413 2914 eminere.
1475 2852 1792 2921 prospicere
1848 2860 1904 2907 et

331 2950 674 3011 prospectare
704 2956 799 2996 seu
832 2944 1154 3011 despectare
1202 2953 1438 3013 paterat.
1473 2943 1530 2998 Si
1562 2959 1673 2997 rem
1726 2945 1903 3014 ipsam

229 3067 243 3078 -
331 3034 762 3098 consideremus,
804 3037 1084 3106 πρόκυιιρις
1114 3046 1197 3091 est
1228 3039 1541 3103 oratorium,
1572 3039 1700 3108 quia
1747 3037 1904 3096 locus

330 3127 418 3181 ille
447 3127 566 3181 sine
595 3128 764 3184 dubio
795 3145 902 3183 non
926 3139 1047 3184 erat
1071 3144 1136 3184 eo
1157 3130 1467 3184 destinatus
1505 3139 1565 3184 ut
1597 3132 1902 3201 imperator

331 3219 459 3274 inde
487 3227 698 3275 tantum
734 3222 1094 3290 prospiceret,
1139 3223 1229 3276 'sed
1259 3233 1318 3278 ut
1352 3223 1650 3278 reidivinae
1701 3233 1754 3279 et
1791 3239 1909 3294 pre-

330 3314 487 3368 cibus
515 3330 730 3384 quoque
761 3314 1054 3370 fundendis
1111 3331 1334 3386 operam
1397 3317 1569 3370 daret.
1634 3314 1788 3371 Unde
1835 3316 1904 3371 ab

332 3406 576 3461 oratione
609 3406 724 3461 illic
780 3406 896 3462 ﬁeri
924 3407 1083 3464 solita
1137 3409 1361 3463 oratorii
1419 3408 1715 3479 appellatio
1781 3409 1906 3464 loco

333 3501 580 3572 accessit.
612 3499 820 3555 Gnsrs.
989 3554 996 3560 ,

406 3593 492 3648 Ib.
530 3592 833 3665 [Τζατγάς.
860 3592 998 3660 Quia
1035 3609 1326 3650 commune
1355 3601 1410 3649 et
1431 3593 1536 3648 vile
1568 3592 1909 3665 τζαῖγαρίου

339 3701 532 3741 nomen
551 3686 692 3755 apud
720 3685 960 3750 Graecos,
996 3684 1269 3755 τζοιγγᾱις,
1295 3687 1452 3756 quasi
1507 3685 1762 3755 digniore
1808 3687 1910 3740 ho-

339 3779 489 3831 noris
521 3777 676 3831 titulo
699 3777 957 3841 donatus,
983 3775 1190 3829 aulicus
1217 3784 1368 3828 sutor
1393 3769 1650 3832 vocatur.
1683 3779 1765 3833 An
1798 3791 1909 3831 non

341 3868 476 3924 ﬁcus
501 3884 718 3936 semper
746 3870 883 3924 licus
911 3875 966 3923 et
1006 3869 1211 3937 scapha
1237 3868 1489 3938 scapha?

414 3962 495 4016 Ib.
535 3959 1006 4033 [Παιδόπουλον.
1025 3961 1065 4013 Ω
1085 3961 1136 4014 in
1166 3977 1226 4014 ου
1247 3969 1584 4015 commutato
1607 3975 1712 4016 vox
1733 3959 1915 4023 πῶλος

339 4057 492 4109 alteri
530 4055 788 4128 adjuncta
817 4053 1212 4108 diminutivum
1246 4053 1377 4123 quid
1434 4067 1654 4121 semper
1700 4062 1906 4118 sonat;

342 4151 470 4204 hinc
488 4149 846 4202 παιδόπουλον
865 4145 1194 4212 adolescens,
1225 4161 1357 4213 puer
1374 4145 1719 4208 honorarius,
1746 4149 1912 4214 prout

339 4243 591 4311 superius
618 4242 680 4293 τὸ
731 4239 1059 4294 ἁετόπουλον
1113 4248 1167 4293 et
1203 4237 1633 4291 αὐθεντόπουλον
1691 4249 1915 4306 parvam

342 4337 601 4405 aquilam,
669 4350 892 4405 parvum
947 4332 1222 4387 dominum
1273 4331 1486 4386 referre
1543 4329 1754 4384 dictum
1810 4335 1916 4383 est.

342 4426 557 4500 Coum]

1996 1932 2134 1986 sius.
2159 1930 2268 1984 Cur
2299 1926 2534 1982 rotunda
2570 1924 2756 1994 potius
2779 1937 2942 1991 quam
3005 1922 3164 1990 plana
3201 1917 3285 1970 vel
3338 1913 3576 1984 quodvis

1998 2023 2145 2078 aliud
2183 2034 2287 2075 vox
2319 2019 2610 2088 signiticet,
2646 2015 2936 2069 edisserat.
2967 2011 3111 2080 Lego
3148 2008 3291 2075 apud
3327 2005 3573 2059 Nicatam

1997 2119 2053 2173 in
2089 2115 2336 2171 Manuele
2361 2113 2394 2167 Ι.
2429 2128 2500 2166 v:
2542 2108 2880 2178 Ἐὅαρυήχει
2918 2107 2988 2159 τὰ
3012 2103 3295 2174 κύμϐαισι,
3327 2101 3418 2155 ubi
3469 2099 3574 2151 alia

2000 2211 2162 2266 lectio
2197 2209 2363 2263 habet
2388 2203 2755 2273 ἀνακαράδαι.
2795 2201 2936 2254 Sunt
2974 2200 3156 2265 itaque
3193 2195 3265 2248 τὰ
3319 2193 3576 2258 ἀνάκαροι

1998 2303 2191 2359 eadem
2217 2313 2340 2368 qua;
2371 2294 2632 2364 κύμὸαλα
2658 2309 2674 2346 :
2702 2301 2756 2345 at
2780 2288 3027 2360 cymbala
3060 2302 3090 2340 a
3122 2282 3575 2356 tympanisquam

2000 2397 2238 2458 diversa,
2263 2392 2390 2446 licet
2423 2391 2477 2443 in
2503 2385 2735 2458 Cybeles
2755 2383 2948 2436 matris
2979 2383 3206 2435 deorum
3236 2392 3265 2430 a
3301 2373 3475 2429 Gallis
3510 2370 3577 2423 ad

2000 2488 2233 2544 invicem
2261 2489 2452 2554 juncta
2486 2479 2671 2547 ;unde
2697 2486 2748 2532 et
2783 2475 3081 2544 Apionem,
3146 2469 3240 2540 qui
3309 2481 3369 2520 se
3423 2477 3578 2533 cym-

2000 2583 2185 2638 bulum
2203 2575 2390 2632 mundi
2421 2571 2688 2644 iactabat,
2713 2580 3031 2640 tympanum
3069 2558 3378 2633 juventutis
3397 2554 3583 2626 potius

2002 2669 2308 2730 vocandum
2337 2666 2575 2722 asseruit
2607 2662 2886 2718 Tiberius.
2907 2659 3040 2725 Quae
3069 2655 3287 2710 tandem
3317 2649 3582 2720 κύμϐαλα

2004 2765 2207 2822 Suidas
2236 2759 2578 2837 {0011.81th
2624 2757 2874 2822 παίγνια,
2903 2751 3222 2806 histrionum
3276 2742 3478 2798 musica
3533 2749 3584 2794 et

2007 2859 2216 2913 ludicra
2241 2830 2619 2910 instrumenta.
2649 2850 2704 2902 ln
2743 2848 3158 2924 epigrammate,
3185 2839 3295 2893 Καὶ
3329 2830 3574 2904 κύμϐπιὶσ

2005 2949 2275 3016 ὀξύδουπα
2299 2943 2650 3014 κοιλιχείλεσι.
2697 2934 2992 2993 Turnebus
3025 2935 3254 2986 Advers.
3293 2943 3450 2990 mn,
3486 2926 3582 2986 53.

2007 3047 2063 3102 in
2098 3047 2202 3101 hoc
2227 3037 2554 3111 PrOpertii:
2613 3032 2875 3104 Cymbala
2926 3028 3174 3083 Thebano
3233 3034 3576 3111 concrepuere

2012 3139 2136 3202 deo,
2171 3134 2230 3190 Si
2261 3109 2388 3206 quis
2411 3145 2500 3186 me
2533 3135 2711 3197 roget.
2765 3122 2968 3192 inquit,
3041 3117 3204 3188 quale
3269 3109 3586 3185 cymbalum

2017 3231 2206 3296 fuerit,
2256 3205 2382 3284 eum
2443 3221 2660 3276 mittam
2719 3217 2784 3271 ad
2875 3214 3102 3268 herbam
3169 3205 3587 3276 cetyledonem,

2013 3299 2174 3396 cujus
2190 3293 2330 3378 vl‘olia
2355 3295 2588 3390 cvmbali
2625 3309 2864 3381 speciem
2939 3303 3208 3360 referunt.
3234 3293 3589 3396 'Scribonius

2013 3385 2264 3485 Largus:
2306 3385 2441 3467 Item
2468 3413 2820 3462 mentastrum
2856 3397 2935 3454 vel
2970 3397 3204 3450 radicem
3234 3385 3590 3452 κοτυληδόνος

2012 3477 2312 3582 quau/uerba
2339 3500 2539 3556 similia
2569 3497 2706 3568 folia
2758 3489 3017 3564 cymbalis
3079 3484 3256 3539 habet.
3296 3479 3434 3582 .ch
3476 3477 3590 3530 ille.

2012 3571 2171 3659 Addo
2200 3595 2580 3667 cotyledonem
2615 3579 3128 3654 etiam'cymbalion
3168 3571 3590 3667 apttd_lragttm

2015 3691 2220 3750 vocari.
2248 3661 2385 3744 Vide
2417 3687 2644 3755 ﬁguram
2667 3678 2810 3749 apud
2837 3670 3184 3729 Matthiolum
3216 3663 3428 3722 etalios
3463 3661 3592 3732 phy-

2015 3787 2252 3854 siologns
2289 3775 2627 3834 Dioscuridis
2663 3775 3157 3827 commentatores.
3297 3767 3308 3774 '

2089 3845 2274 3932 15:32.
2315 3869 2473 3944 [Ὅτι
2501 3870 2534 3921 ὁ
2576 3860 3066 3934 πρωτοστρὰτωρ.
3086 3851 3320 3922 Scriptis
3358 3863 3387 3902 a
3415 3845 3594 3944 tiret-

2019 3985 2144 4028 sero
2174 3978 2300 4040 post
2317 3940 2623 4020 blenrsium
2649 3958 2716 4013 de
2736 3970 2902 4012 cursu
2918 3961 2987 4007 .et
3014 3947 3335 4006 cursoribus
3363 3940 3505 3997 addo
3529 3954 3595 3992 ex

2019 4033 2371 4119 Tacticorum
2431 4052 2633 4108 Leonis
2692 4045 2918 4103 cons.7
2976 4042 3161 4096 locum
3224 4033 3469 4090 auctoris
3528 4033 3597 4084 de

2020 4159 2422 4226 protostratore
2447 4142 2776 4202 sententiam
2809 4138 3009 4194 diserte
3045 4129 3412 4197 explicantem
3445 4139 3461 4176 :
3498 4122 3595 4226 ’ξῦ-

2019 4213 2155 4318 cepa
2171 4245 2228 4299 δὲ
2257 4243 2494 4311 κίνησις,
2511 4237 2652 4290 ὥστε
2676 4229 2998 4298 ὲπιδιώκῃς,
3029 4223 3116 4278 ὁτὲ
3138 4219 3237 4290 μὲν
3259 4213 3597 4318 obit-Elateia,

2021 4341 2096 4404 ὡς
2130 4339 2476 4406 κούρσωρας,
2543 4328 2639 4392 οὓς
2663 4328 2710 4381 οἱ
2769 4322 2868 4379 νῦν
2919 4315 3274 4391 προκλάστας
3322 4310 3599 4378 λέγουσιν,

2023 4400 2115 4486 est
2155 4430 2209 4484 δὲ
2238 4400 2711 4492 ουνέεταγμένως,
2736 4417 2810 4492 ὡς
2852 4411 3250 4482 διαφένσωρας,
3280 4402 3376 4466 οὓς
3435 4400 3600 4492 ἡμεῖς

418 4490 557 4578 Ibid:
583 4521 782 4576 Junius
807 4520 934 4590 legit
978 4517 1075 4572 τοῦ
1119 4516 1435 4588 βεστιαρίου
1469 4514 1643 4578 ἐντός,
1674 4520 1730 4568 et
1789 4510 1901 4566 huit

2031 4521 2307 4592 καλοῦμεν
2335 4490 2602 4578 suat-Aous.
2629 4511 2739 4564 Καὶ
2777 4491 2832 4560 ἓι
2861 4505 2960 4576 μὲν
2982 4503 3058 4566 ὡς
3117 4498 3446 4592 κούρσιιῖρας

345 4632 458 4672 suae
483 4616 772 4685 scripturae
794 4614 932 4668 mira
961 4611 1245 4680 phasmata
1273 4607 1634 4679 superstruit,
1668 4605 1736 4660 ad
1774 4620 1924 4659 ver-

314 4712 525 4764 'bum:
570 4706 811 4764 Vestiarii
829 4705 968 4776 quod
1016 4715 1090 4759 est
1113 4705 1258 4758 intus
1309 4705 1528 4774 (nempe
1592 4701 1646 4754 in
1694 4698 1923 4754 cerebro

347 4803 520 4873 Junii)
545 4814 591 4858 et
615 4803 903 4856 interioris.
945 4799 1006 4854 Et
1037 4814 1164 4854 mox
1201 4799 1306 4853 tria
1353 4796 1609 4850 vestiario
1673 4793 1925 4855 adducit.

347 4897 653 4952 vestiarium
687 4895 910 4966 preprie
942 4894 1154 4948 dictuin
1194 4907 1226 4946 a
1263 4898 1434 4954 veste.
1467 4899 1522 4943 et
1589 4887 1918 4942 vestiarium

350 5005 531 5044 minus
561 4987 779 5057 proprie
811 4987 1078 5055 ταμιεῖον,
1117 4994 1168 5039 et
1222 4983 1540 5038 vestiarium
1602 4979 1924 5034 uestibulum

349 5084 559 5153 palatii,
595 5097 689 5150 per
709 5079 1054 5136 catachresin
1111 5093 1206 5133 seu
1232 5077 1466 5131 abusum
1525 5073 1691 5146 254
1743 5074 1919 5128 vocis.

351 5179 470 5232 Duo
496 5177 676 5244 priora
701 5173 957 5229 vestiat-ia
1007 5170 1396 5250 agnoscimus;
1425 5167 1646 5222 tertium
1701 5179 1919 5220 summa

350 5269 654 5330 catacbrcsi
688 5267 980 5323 conﬁctum
1011 5266 1077 5320 ad
1130 5279 1292 5319 suum
1349 5271 1630 5316 auctorem
1689 5257 1923 5312 remitti-

351 5375 496 5413 ntus.
523 5358 662 5413 Dicit
684 5356 930 5412 Codiuus
981 5355 1294 5409 vestiarium
1352 5352 1458 5405 hoc
1511 5352 1676 5418 vulgo
1736 5348 1923 5403 vocari

351 5450 765 5520 ἀλλαξιμάριον,
795 5449 862 5500 ab
886 5447 1143 5501 ἀλλάσσω
1171 5452 1337 5498 muto.
1375 5443 1511 5496 llinc
1536 5439 1761 5505 ἄλλαξις
1799 5455 1922 5492 mu-

352 5541 508 5601 tatio,
561 5548 618 5592 et
672 5536 1086 5610 ἀλλαξιμάριον,
1140 5536 1300 5605 quasi
1354 5534 1505 5589 dicas
1562 5532 1921 5586 mulatorium

348 5634 551 5689 Gut-31's.

425 5725 724 5797 Ib.[Quasi
785 5725 1131 5778 mutatorium
1199 5721 1624 5790 ἁλλαξιμάριον,
1689 5720 1920 5789 optimc.

350 5820 554 5877 Attton
586 5822 841 5877 itut‘cs‘cs
895 5826 1098 5878 mutare
1151 5815 1420 5887 siguiliral
1485 5815 1542 5868 τὸ
1600 5813 1920 5879 inirem,

2026 4582 2220 4676 stiv,
2241 4606 2589 4679 παράγγελλε
2635 4600 2876 4672 ιΔρόμῳ
2930 4595 3048 4656 ἔλα,
3084 4610 3103 4644 ι
3171 4590 3265 4643 καὶ
3327 4585 3432 4646 ἓως
3485 4582 3603 4679 ἑνὸς

2027 4708 2209 4781 μιλὶου
2240 4675 2550 4760 ἀποκινῶσι
2585 4696 2686 4751 σὺν
2736 4690 2930 4762 slacio
2962 4705 2976 4721 ’
3011 4687 3106 4741 ἐὰν
3166 4685 3224 4738 δὲ
3251 4681 3348 4781 ὡς.
3386 4675 3603 4781 dilapsu-

2026 4769 2234 4872 cwpag,
2262 4793 2613 4867 παράγγελλε
2647 4787 2830 4845 «Merit
2867 4783 2964 4853 τῆς
2993 4779 3198 4872 vilico);
3229 4769 3538 4872 ξκολοιξθει,
3558 4785 3598 4870 ,ι

2025 4859 2124 4948 καί
2173 4886 2514 4944 ἀκολουθῶσι
2579 4875 3058 4945 σννςεταγμένως.
3113 4867 3192 4921 Ex
3241 4865 3349 4918 hoc
3401 4859 3604 4914 Leonis

2026 4987 2192 5040 alium
2220 4981 2452 5038 Cedreni
2485 4975 2761 5049 percipies
2789 4971 2970 5025 locum
3009 4964 3064 5018 in
3106 4957 3370 5049 Micliacl‘e
3424 4954 3604 5008 Curo-

2023 5079 2224 5150 palato.
2254 5047 2498 5129 Leonem
2521 5065 2838 5122 Armenium
2869 5055 3160 5126 imperium
3187 5047 3593 5118 auspicantem,

2027 5170 2230 5240 regiam
2265 5174 2670 5232 assumpturum
2732 5162 2962 5212 vestem,
3025 5159 3378 5202 communem
3439 5153 3602 5209 quam

2027 5233 2335 5328 deponeltat
2357 5253 2434 5323 τῷ
2461 5252 2574 5304 τῶν
2605 5245 2934 5313 ἱπποκόμων
2974 5237 3328 5311 στρατεύοντι
3354 5233 3601 5304 Μιχαὴλ,

2026 5326 2748 5422 prostostratoriillic/meti,
2809 5334 2978 5390 Balbo
3035 5333 3319 5396 nimirum,
3381 5326 3607 5382 dedisse

2027 5413 2309 5501 retulerat,
2363 5432 2727 5500 eumdemque
2749 5429 2877 5483 dato
2903 5423 3190 5480 intervallo
3225 5422 3291 5475 de
3311 5413 3604 5490 tyrannide

2028 5531 2277 5586 aﬂ‘rctata
2311 5537 2630 5597 suspectum
2663 5540 2689 5576 a
2711 5521 2896 5577 Leone
2928 5521 3155 5574 missum
3187 5512 3423 5567 τακτικὰ
3455 5507 3605 5560 6:61-

2033 5641 2186 5677 σκειν
2206 5625 2296 5676 τὸν
2329 5623 2436 5673 ὑπὸ
2467 5626 2624 5690 χεῖρα
2654 5617 2785 5671 λαόν
2836 5613 3120 5668 describit.
3177 5607 3245 5662 Ut
3303 5603 3432 5673 quid
3494 5599 3603 5656 nisi

1976 5753 1988 5762 -
2029 5719 2153 5786 quia
2178 5731 2435 5771 eurson-s
2467 5723 2518 5768 et
2545 5711 2889 5774 defensores,
2919 5714 3143 5759 auctore
3162 5709 3324 5759 teste,
3344 5694 3597 5762 ducebat,

2030 5812 2103 5866 i:a
2138 5811 2203 5864 τὰ
2233 5809 2461 5864 τακτικὰ
2493 5825 2588 5864 eos
2627 5806 2824 5862 docere
2866 5794 3186 5856 teneretur?
3215 5791 3388 5848 Gesn.
