4064 6488
367 337 479 400 2⁸3ι

1495 343 1576 401 ΙΝ
1623 342 1925 403 LIBRUM
1970 343 2066 402 DE
2108 345 2430 406 OFFICIIS
2465 349 2574 408 (ΣΡ.

3529 345 3630 408 Ξ84

446 451 589 506 Ibid.
630 456 1120 522 Κουρσευόντων.
1166 458 1508 525 Κουρσεύειν
1540 469 1628 513 est
1691 459 1951 524 pra'dari,

2076 471 2246 516 Iutem
2280 464 2505 531 φυτίλια
2537 460 2836 523 censenda,
2872 468 3119 529 reparata
3177 475 3240 515 ex
3301 458 3484 527 Regiis
3507 476 3631 514 vera

372 546 583 611 prtcdas
609 563 780 615 agere.
816 548 1051 602 Possunt
1095 559 1274 604 tamen
1307 553 1392 607 hic
1417 568 1512 621 per
1539 553 1950 622 κουρσεύοντας

373 637 538 689 etiam
576 637 652 690 illi
696 639 924 709 intelligi
966 643 1058 711 qui
1116 645 1169 696 in
1233 646 1424 701 hostes
1494 660 1651 701 extra
1701 649 1952 702 ordinem

377 730 734 783 excursiones
767 729 997 786 faciunt.
1044 736 1213 789 Paulo
1242 746 1362 802 post
1411 739 1480 790 τὰ
1539 740 1954 808 κουρσευόμενα

379 817 539 887 255
561 830 687 873 sunt
709 823 899 888 spolia,
933 828 1147 892 prmdw.
1175 825 1236 880 Et
1263 828 1403 883 infra
1447 846 1494 882 c.
1529 831 1594 884 l6
1627 833 1828 885 dicitur
1848 832 1956 884 ἀπὸ

376 910 472 961 τοῦ
502 915 740 982 xo-‘psou
765 917 884 970 dari
937 934 1062 987 pars
1093 921 1283 988 quinta
1337 923 1654 990 imperatori
1691 941 1705 977 :
1770 925 1955 994 inepte

378 1000 574 1055 Junius
593 1020 658 1056 ea:
685 1022 863 1072 cursu,
900 1021 1050 1064 verte
1095 1027 1156 1064 ea:
1188 1014 1396 1079 spoliis.
1429 1014 1628 1080 Quinta
1657 1031 1782 1084 pars
1811 1019 1959 1071 cedit

382 1099 694 1154 rationibus
739 1116 834 1154 Seu
873 1105 1068 1158 :erario
1095 1106 1260 1174 regis,
1295 1109 1656 1176 πενταμοιρίι
1682 1126 1696 1172 ;
1718 1124 1814 1176 pro
1847 1125 1959 1178 quo

381 1191 552 1243 codex
583 1192 952 1248 vitiolibrarii
999 1201 1396 1266 παντσμοιρία.
1459 1199 1594 1253 Vide
1648 1201 1849 1266 lligalt.
1900 1203 1955 1254 in

383 1280 561 1336 Gloss.
596 1284 658 1336 V.
704 1287 952 1358 Κούρση,
990 1290 1081 1343 ubi
1143 1289 1368 1344 Iunium
1421 1293 1771 1360 reprehendit
1809 1294 1958 1363 qunti

382 1377 492 1428 ἀπὸ
521 1379 630 1430 τῶν
662 1381 1132 1449 κουρσευομὲνων,
1168 1400 1220 1452 p.
1254 1385 1340 1446 59.
1377 1401 1428 1442 c.
1463 1387 1514 1451 5,
1557 1387 1719 1440 vertit
1751 1404 1784 1441 a
1840 1404 1962 1439 cur-

385 1471 608 1531 soribus.
643 1474 768 1540 quia
803 1477 1122 1530 vertendum
1148 1489 1358 1532 crates:
1411 1481 1619 1548 spoliis.
1660 1496 1725 1534 ex
1755 1481 1960 1550 prada.

388 1562 525 1616 lliuc
552 1565 894 1634 κουρσεύειν,
928 1578 979 1624 et
1009 1581 1064 1624 ut
1094 1571 1144 1624 in
1175 1550 1608 1627 'Turco-Graeeia
1630 1574 1962 1643 κουρσεύουν

387 1657 640 1723 pra’dori,
677 1661 938 1727 populari,
980 1663 1056 1717 sic
1083 1680 1134 1732 p.
1167 1666 1234 1717 57
1275 1665 1554 1734 δεφένσωρ
1573 1664 1682 1718 τῶν
1700 1684 1964 1734 κουρσευ-

387 1747 558 1800 ὄντων
593 1754 792 1805 rectius
824 1753 1069 1808 redditur
1118 1758 1367 1821 defensor
1416 1775 1598 1812 eorum
1659 1761 1750 1830 qui
1809 1772 1964 1814 extra

389 1842 626 1896 ordinem
658 1844 711 1896 in
741 1845 912 1899 hostes
940 1851 1303 1914 procurrendo
1335 1851 1464 1904 dant
1510 1853 1764 1920 impetum
1788 1864 1835 1906 et
1862 1870 1961 1907 an-

389 1945 439 1986 te
455 1951 628 1989 omnes
651 1938 929 1994 dimicant.
965 1941 1228 1998 Cursores
1260 1945 1404 1998 enim
1437 1960 1534 2000 seu
1570 1946 1967 2015 κουρσεύοντες

290 2072 299 2077 .
392 2037 520 2081 sunt
561 2029 834 2100 πρόμαχοι
857 2035 904 2084 oi
945 2038 1342 2104 προτρέχοντες
1363 2040 1460 2106 τῆς
1508 2039 1874 2106 παρατάξεως
1905 2041 1965 2092 ὲν

389 2121 454 2188 τῇ
485 2123 728 2191 συμϐολῇ
763 2123 855 2175 τοῦ
885 2123 1122 2196 πολέμου
1158 2131 1249 2180 καὶ
1278 2131 1387 2190 τοῖς
1410 2130 1709 2197 φεύγουσιν
1743 2131 1964 2200 ἐχθροῖς

389 2211 555 2275 ὀξέως
585 2214 988 2281 ἐπιτιθέμενοι,
1053 2229 1112 2270 ιιι
1149 2217 1223 2270 ait
1265 2220 1318 2271 in
1380 2219 1500 2274 suis
1558 2219 1798 2276 Tacticis
1854 2222 1966 2278 Leo

391 2301 706 2370 imperator.
745 2303 872 2358 Item
902 2321 1159 2361 cursores
1189 2320 1317 2362 sunt
1347 2309 1576 2379 ἐνεδροι,
1603 2324 1660 2366 ιιι
1684 2313 1827 2367 idem
1860 2313 1966 2367 im-

394 2403 617 2458 perator
647 2394 808 2447 docet
833 2411 846 2458 ;
882 2395 1057 2463 deque
1095 2397 1181 2452 his
1210 2398 1451 2468 loquitur
1480 2401 1829 2470 Curopaluta,
1860 2419 1968 2459 non

393 2491 572 2535 autem
615 2486 680 2536 de
704 2485 1046 2550 cursoribus,
1073 2501 1214 2554 quos
1246 2488 1421 2544 Grmci
1479 2491 1728 2561 δρομεῖς,
1787 2493 1972 2549 Latini

394 2573 610 2638 proprie
639 2589 879 2627 cursores
909 2577 1217 2632 nominant.
1268 2580 1444 2635 Etiam
1506 2582 1716 2641 Latinis
1777 2588 1974 2643 media:

393 2662 572 2716 :etatis
603 2665 834 2738 cursarii
861 2674 987 2719 suul.
1022 2669 1308 2735 pra‘dones
1342 2681 1398 2726 et
1429 2673 1641 2742 piratae,
1668 2681 1761 2747 qui
1795 2688 1974 2734 terras

395 2765 449 2810 et
477 2756 644 2810 maria
673 2760 976 2825 praedarum
1001 2763 1171 2830 gratia
1205 2778 1566 2833 percurrunt.

469 2845 542 2899 De
557 2849 916 2914 pentamteria
940 2851 1250 2921 imperatori
1264 2870 1328 2910 ex
1349 2857 1536 2924 spoliis
1559 2857 1737 2914 danda
1751 2859 1972 2929 elegans

396 2947 573 2994 exstat
605 2941 755 2998 locus
793 2943 843 2996 in
866 2943 1103 3001 llistoria
1132 2945 1362 3006 Joannis
1391 2950 1764 3016 Cantacuzeni
1795 2974 1808 3012 :
1843 2972 1970 3010 nam

396 3049 521 3088 cum
551 3032 618 3088 de
650 3035 790 3090 bello
813 3036 880 3091 ab
921 3038 1240 3095 Andronico
1305 3043 1643 3112 imperatore
1705 3047 1976 3103 adversus

397 3125 634 3217 Albanos
667 3137 820 3198 gesto
847 3131 1170 3202 partitisqne
1210 3135 1335 3190 sine
1359 3152 1591 3192 numero
1616 3139 1808 3209 spoliis
1835 3142 1966 3208 agit,
1994 3153 2045 3217 α

399 3216 479 3270 sic
513 3227 706 3287 praeter
728 3231 920 3274 caetera
946 3223 1141 3278 scribit
1168 3241 1180 3276 :
1221 3225 1422 3288 Ἔθους
1441 3228 1496 3279 δὲ
1524 3228 1681 3291 ὄντος
1702 3230 1972 3300 πρὸτερον

400 3310 464 3378 τῇ
498 3311 744 3379 στρατιᾷ,
777 3312 994 3366 ἐπειδάν
1028 3330 1174 3377 τινος
1224 3318 1544 3387 κρατήσωσι
1571 3318 1721 3384 λείας
1757 3321 1794 3392 ἢ
1819 3321 1972 3374 πλεί-

401 3417 520 3462 ovo;
542 3401 580 3470 ἢ,
609 3402 918 3468 ἐλάττονος,
983 3403 1081 3476 τὴν
1134 3407 1394 3478 πέμπτην
1457 3406 1653 3482 μοῖραν
1713 3414 1976 3485 παρέχειν

400 3492 673 3560 ἀριστεῖον
695 3494 923 3563 βκσιλεῖ,
957 3500 1050 3551 καὶ
1089 3499 1207 3568 μετ’
1233 3502 1443 3555 ἐκεῖνον
1473 3504 1551 3573 τῷ
1590 3506 1828 3577 μεγάλῳ
1884 3509 1976 3561 δο-

407 3584 648 3653 μεστίκῳ
683 3587 804 3654 ἵσηι
831 3583 917 3640 οἶα
938 3589 1001 3658 δὴ
1032 3590 1131 3658 τῆς
1167 3592 1464 3663 συμπάσης
1489 3598 1783 3670 ἡγουμένῳ
1813 3618 1978 3673 στραο

406 3674 547 3735 τιᾶς,
583 3675 704 3726 τότε
734 3677 888 3730 οὐδὲν
921 3680 1140 3734 ἐποίουν
1196 3685 1306 3736 τῶν
1368 3686 1666 3754 εἰωθότων,
1725 3691 1844 3744 οὐδέ
1892 3709 1978 3755 τις

409 3765 642 3834 ἠνώχλει
671 3768 863 3830 αὐτοὺς
896 3772 1025 3840 περὶ
1051 3773 1149 3841 τῆς
1181 3776 1442 3844 πέμπτης
1478 3779 1699 3849 μοίρας,
1732 3781 1850 3834 ἀλλ’
1871 3782 1981 3838 ὥσ-

413 3873 517 3933 περ
540 3857 599 3920 ἐξ
622 3859 864 3912 ἁσννάων
924 3865 1186 3933 ποταμῶν
1236 3868 1362 3937 ἐξῆν
1423 3869 1661 3942 ἑκάστῳ,
1713 3871 1856 3925 ὅσων
1913 3875 1979 3928 ἂν

412 3948 672 4016 βούλοιτο,
697 3951 888 4022 κύριος
922 3957 1196 4024 γενέσθαι.
1231 3957 1357 4015 lla:c
1391 3961 1834 4020 Cantacuzenus.

483 4041 563 4096 Ib.
607 4043 745 4099 Dicit
778 4047 1019 4104 Codinus
1070 4060 1522 4119 protostratorem
1559 4071 1622 4110 ex
1651 4058 1830 4126 praeda
1888 4073 1981 4112 ca~

415 4149 540 4202 pere
572 4136 748 4190 πάντα
793 4139 860 4192 τὰ
918 4142 1164 4207 ποικίλα,
1208 4160 1339 4214 quae
1379 4147 1686 4216 appellatur
1736 4148 1978 4218 φυτίλισ..

411 4227 541 4297 Quae
571 4229 643 4284 sit
684 4233 826 4286 ratio
857 4233 1020 4304 hujus
1052 4237 1315 4304 nominis,
1354 4240 1594 4293 nondum
1619 4257 1651 4294 a
1683 4242 1816 4295 viris
1879 4243 1980 4297 do-

412 4321 511 4380 etis
534 4322 859 4386 explicatum
883 4333 965 4379 est
990 4332 1158 4380 :‘nam
1188 4330 1331 4398 quod
1360 4328 1558 4386 Junius
1586 4333 1764 4401 {utilia
1797 4335 1979 4399 vertit,

413 4410 466 4464 id
503 4426 798 4478 paucorum
837 4417 1228 4484 approbatione
1291 4419 1439 4476 fecit.
1476 4423 1614 4477 Sunt
1655 4425 1747 4492 qui
1796 4425 1982 4494 suspi-

2057 568 2428 622 germanaque
2461 555 2698 608 lectione
2730 553 2998 607 discimus
3018 568 3138 607 esse
3166 551 3276 605 τῶν
3339 568 3632 621 κουρσευο-

2062 645 2241 714 μένων
2272 646 2432 709 ζώων
2461 645 2640 704 πάντα
2669 646 2737 698 τὰ
2766 645 3012 707 ποικίλα,
3062 645 3411 698 animantium
3453 645 3633 711 praeda

2058 748 2334 805 captorum
2387 753 2710 807 quacunque
2762 739 2885 804 pilis
2933 747 2982 790 et
3035 735 3208 790 colore
3256 746 3383 789 sunt
3435 736 3634 790 uaria:

2059 832 2268 900 qumvis
2298 831 2442 885 enim
2473 830 2767 885 discoloria
2791 830 2958 884 etiam
2985 828 3145 882 hodie
3165 838 3361 882 vocant
3391 828 3634 888 ποικίλα.

2060 925 2364 991 eademque
2396 925 2450 976 in
2476 922 2889 991 protostratoris
2911 929 3113 976 sortem
3147 935 3210 974 ex
3242 920 3421 990 praeda
3454 921 3638 974 obtin-

2063 1024 2198 1086 gunt
2229 1031 2328 1068 ceu
2355 1017 2476 1084 ejus
2506 1014 2751 1084 φυτίλια.

2137 1106 2219 1160 Ib.
2284 1107 2391 1177 [Τὰ
2418 1108 2868 1175 προστάγματα.
2936 1103 3282 1175 Ἐντάλματα
3329 1091 3488 1158 vorat
3545 1101 3640 1158 Jus

2063 1197 2178 1253 GR.
2209 1209 2259 1250 et
2295 1199 2594 1262 διατάξεις.
2623 1196 2822 1268 GoAB.]

2135 1290 2300 1362 256
2339 1290 2398 1345 P.
2426 1291 2515 1345 ‘52.
2557 1290 2954 1360 Chrysobulltn.
2985 1289 3180 1344 Graece
3209 1288 3276 1341 τὰ
3312 1287 3638 1358 χρυσόϐωλ-

2063 1381 2220 1436 itaret
2250 1379 2622 1447 xpuaesouza,
2658 1395 2824 1432 aurea
2851 1379 3020 1432 bulla.
3059 1384 3103 1434 Δ
3140 1377 3318 1448 sigillo
3341 1393 3541 1432 nomen
3573 1378 3642 1431 ad

2065 1472 2306 1540 integras
2339 1473 2550 1527 litteras
2578 1473 2750 1526 venit.
2802 1470 2946 1526 Hinc
3000 1473 3166 1528 etiam
3215 1473 3640 1527 constitutiones

2065 1547 2384 1633 pontiﬁcum
2410 1566 2776 1620 Romanorum
2802 1564 3259 1629 bullwdicuntur,
3284 1573 3336 1617 et
3353 1563 3640 1617 bullat-ium

2066 1659 2204 1712 liber
2236 1659 2290 1712 in
2326 1673 2436 1727 quo
2485 1657 2594 1712 illa:
2647 1657 2842 1711 litterae
2896 1672 2992 1712 seu
3050 1657 3212 1736 bullae
3265 1656 3639 1711 continentur.

2070 1748 2228 1802 Bulla
2259 1751 2474 1818 proprie
2501 1757 2582 1804 est
2609 1748 2898 1802 orbiculus
2923 1761 3023 1802 seu
3051 1755 3432 1802 ornamentum
3465 1747 3644 1801 circu-

2069 1839 2203 1894 laris
2233 1838 2442 1902 formae,
2477 1853 2715 1904 superne
2745 1839 2992 1891 clausum
3021 1844 3075 1890 et
3113 1837 3263 1890 intus
3293 1835 3476 1891 cordis
3505 1836 3642 1905 tign-

2067 1944 2184 1983 ram
2212 1929 2439 1985 habens.
2465 1927 2606 1984 Olim
2665 1928 2912 1997 prteritiae
2945 1928 3352 1998 appendebatur
3383 1916 3644 1997 tanq’am

2066 2021 2362 2076 amuletum
2404 2030 2597 2077 contra
2631 2021 3046 2076 fascinationes.
3073 2022 3166 2074 ’Ah
3202 2020 3305 2075 hac
3343 2021 3644 2076 orbiculari

2067 2112 2242 2180 ﬁgura
2285 2114 2446 2168 bullae
2485 2114 2812 2168 translatum
2846 2123 2934 2168 est
2959 2128 3156 2167 nomen
3185 2115 3257 2167 ad
3284 2113 3482 2183 sigilla,
3521 2129 3644 2183 qua:

2067 2206 2269 2262 litteris
2288 2207 2716 2276 appenduutur;
2750 2215 2879 2263 sunt
2903 2206 3050 2260 enim
3095 2206 3388 2271 circa-laris
3452 2207 3643 2274 figura:

2066 2307 2120 2353 et
2148 2299 2274 2368 quia
2297 2297 2575 2353 nonnullis
2603 2298 2798 2352 litteris
2815 2299 3224 2368 appendebatur
3284 2315 3449 2354 aurea
3474 2299 3643 2364 bulla,

2067 2392 2398 2462 quibusdam
2431 2391 2697 2460 plumbea,
2725 2391 3050 2460 quibusdam
3069 2407 3240 2453 cerea.
3280 2391 3410 2447 hinc
3443 2391 3645 2446 factrum

2067 2494 2152 2537 est
2187 2492 2246 2536 ut
2283 2482 2416 2551 ipsa:
2441 2481 2607 2535 etiam
2640 2481 2835 2536 litterae
2854 2481 3059 2534 ab‘ltoc
3083 2480 3263 2552 sigillo
3299 2490 3642 2536 vocarentur

2071 2574 2228 2627 bullae
2258 2588 2438 2627 aurea:
2465 2572 2545 2627 vel
2580 2573 2738 2627 balbe
2796 2572 3064 2642 plumbea:
3097 2575 3177 2627 vel
3229 2573 3391 2626 bulla:
3451 2586 3646 2636 rerum,

2070 2665 2329 2719 nimirum
2354 2665 2754 2734 χρυσόὸουλλα,
2783 2683 2853 2732 κη
2865 2665 3146 2735 ρόδουλλα,
3187 2681 3215 2718 a
3235 2663 3642 2735 χρυσόόοολλίν

2069 2765 2121 2811 et
2153 2756 2534 2825 κηρόϐουλλον.
2582 2758 2948 2828 Cltrysobulltc
2997 2771 3272 2814 summam
3335 2758 3641 2813 auctorita-

2072 2858 2180 2902 tem
2218 2849 2565 2916 obtinebant,
2595 2850 2932 2920 subseriptm'
2957 2865 3122 2905 manu
3188 2851 3534 2919 imperatoris
3559 2849 3653 2902 διὰ

2071 2939 2442 3011 κιννάςαρεως
2463 2942 2739 2996 cimtabari
2764 2942 2884 3012 (seu
2929 2941 3183 3012 rubrica).
3209 2940 3352 3008 Quin
3376 2952 3428 2996 et
3456 2955 3652 2996 cruces

2075 3028 2350 3086 interdum
2382 3033 2676 3086 addebant.
2721 3034 3006 3088 Pltranzes
3034 3036 3070 3088 Ι.
3101 3049 3186 3098 Ill,
3217 3035 3286 3089 ιε
3348 3033 3654 3103 Imperator

2074 3138 2234 3174 manu
2263 3139 2356 3176 sua
2373 3140 2430 3177 eo
2454 3125 2655 3178 vidente
2685 3133 2788 3178 tres
2813 3141 2990 3180 cruces
3052 3126 3332 3179 cinnabari
3371 3127 3434 3180 in
3477 3125 3654 3194 [route

2075 3213 2235 3268 bulla:
2267 3216 2334 3268 ad
2363 3215 2817 3284 conﬁrmationem
2865 3233 2960 3286 pro
2993 3219 3372 3272 consuetudine
3398 3220 3654 3286 exprimit

2076 3308 2374 3379 bullamque
2399 3325 2615 3362 auream
2671 3310 2922 3380 legatoin
2981 3326 3168 3364 manus
3223 3312 3412 3368 tradit.
3472 3311 3650 3365 Etiam

2079 3402 2240 3456 hodie
2271 3400 2492 3468 litteris,
2528 3403 2834 3472 praesertim
2857 3413 3259 3470 contractuum,
3323 3406 3523 3474 apponi
3550 3419 3648 3460 so-

2077 3495 2147 3550 let
2185 3495 3292 3566 thecula,aliquandolignea,_aliquattdo
3313 3511 3379 3552 ex
3425 3499 3653 3564 lamina,
3715 3563 3734 3576 _’

2077 3592 2373 3663 aliquando
2393 3607 2460 3646 ex
2490 3605 2624 3661 pura
2651 3606 2796 3654 cera,
2838 3591 2900 3654 in~
2949 3589 3113 3658 cujus
3158 3589 3346 3645 medio
3402 3591 3648 3658 sigillum

2078 3685 2313 3754 exprimi
2350 3685 2510 3740 solet.
2559 3683 2923 3738 llatcthecula
2975 3698 3128 3752 aeque
3161 3693 3309 3738 recte
3365 3683 3654 3738 Vocabitur

2081 3777 2224 3831 bulla
2256 3792 2321 3831 ac
2347 3777 2504 3830 theca
2536 3775 2625 3828 illa
2674 3776 3064 3844 imperatorum
3113 3773 3461 3828 Graecorum.
3514 3773 3657 3828 Ilinc

2083 3869 2386 3940 βουλλεύειν
2445 3867 2651 3920 bullare
2679 3867 2758 3919 vel
2798 3867 3101 3937 generatim
3163 3865 3377 3920 litt-eras
3411 3866 3648 3936 signare,

2081 3962 2198 4018 sive
2239 3961 2344 4015 hoc
2405 3974 2500 4028 per
2547 3958 2756 4014 bullam
2813 3958 2907 4013 ﬁat
2950 3960 3065 4014 sive
3111 3961 3314 4029 absque
3359 3958 3546 4023 bulla;
3605 3967 3653 4012 et

2084 4052 2488 4124 βουλλωτήριον
2527 4051 2794 4121 sigillum,
2825 4049 3030 4114 forma,
3059 4050 3113 4104 in
3142 4066 3248 4120 qua
3281 4051 3437 4106 bullae
3466 4051 3657 4121 expri-

2083 4152 2328 4200 muntur.
2361 4141 2607 4197 Incertus
2649 4149 2846 4196 auctor
2871 4142 3010 4209 apud
3071 4139 3452 4211 Etymologum
3481 4160 3494 4194 :
3525 4140 3656 4194 Ὠσ-

2082 4253 2192 4304 περ
2242 4237 2324 4298 είς
2379 4235 2439 4286 τὸ
2484 4232 2890 4304 βουλ).ωτήρισν
2912 4231 3257 4302 τνπούμενος
3313 4233 3342 4285 ὁ
3397 4232 3659 4302 μόλυϐδος

2081 4329 2253 4385 τύπον
2287 4325 2435 4380 ποιεῖ
2461 4325 2555 4376 καὶ
2617 4326 2806 4378 εἰκόνα
2865 4323 3144 4377 ἀποτελεῖ.
3202 4321 3269 4378 Et
3312 4324 3432 4380 sine
3487 4325 3659 4379 dubio

2085 4422 2247 4476 bullae
2273 4420 2640 4491 imperatorire
2667 4416 3014 4488 imperatoris
3042 4416 3331 4486 imaginem
3359 4432 3661 4488 repraesen-

413 4514 604 4555 ceutur
628 4504 914 4573 legendum
963 4508 1199 4576 βιτὰ).ι;ι,
1224 4512 1334 4568 hoc
1361 4521 1444 4566 est
1474 4515 1747 4569 victualia.
1770 4517 1978 4575 Gnars.
2012 4488 2055 4544 Β
2090 4516 2296 4571 tabam.
2328 4515 2532 4570 (ἣκετε.

490 4589 632 4644 Ibid.
665 4591 829 4663 [Vere
860 4595 1039 4663 [utilia
1067 4609 1264 4654 suntet
1293 4603 1575 4670 pueriliter
1597 4620 1624 4657 a
1649 4608 1990 4674 quihusdam

416 4683 624 4752 ingesta
658 4688 800 4740 eirea
830 4689 888 4740 τὸ
931 4689 1202 4758 φυτίλιον,
1231 4694 1374 4763 quod
1415 4695 1620 4752 Gratcis
1663 4702 1988 4754 recentiori-

416 4775 537 4840 bus,
569 4777 705 4830 .siCut
734 4789 790 4832 et
825 4780 1021 4834 Turcis
1056 4783 1118 4835 τὸ
1175 4783 1296 4848 lilii,
1358 4787 1501 4854 quod
1567 4789 1747 4856 primo
1809 4790 1987 4846 refert

413 4868 749 4939 ellyc/mium,
783 4872 976 4927 deinde
997 4874 1174 4943 funem
1203 4880 1446 4947 pyrilem,
1480 4895 1591 4948 quo
1619 4882 1821 4936 milites
1871 4894 1986 4936 ιον-

416 4963 615 5016 utentis
638 4965 992 5031 explodendis
1045 4968 1253 5023 diutius
1311 4982 1532 5025 servant
1569 4973 1769 5042 ignem,
1800 4973 1984 5029 utea/te

414 5053 780 5124 .l’arquebuse,
807 5059 1000 5115 ultimo
1027 5061 1395 5118 vulnerarium
1460 5066 1760 5133 peniculum
1791 5082 1822 5121 a
1869 5069 1988 5122 eiii-

417 5147 596 5213 rurgis
635 5147 701 5201 ad
723 5149 947 5206 vulnera
973 5154 1249 5220 probanda
1282 5199 1298 5215 .
1325 5156 1638 5227 Spoliorum
1663 5161 1988 5231 itaquepar-

419 5250 521 5299 tetu
555 5244 941 5309 protostratori
975 5247 1310 5317 assignatam
1343 5237 1613 5306 vocabant
1647 5251 1852 5308 milites
1880 5271 1984 5321 φυ-

415 5331 584 5396 τὶλια,
615 5335 771 5402 quasi
815 5335 878 5390 ad
907 5336 1049 5393 linea
1092 5342 1174 5394 vel
1207 5344 1438 5412 pyritem
1467 5345 1834 5412 comparanda
1871 5345 1987 5400 leve

417 5424 830 5482 adminiculum.
863 5429 954 5484 Sic
983 5431 1286 5488 olliciorum
1325 5436 1547 5503 pra-mia
1580 5437 1756 5490 (ἓτωεί
1818 5439 1983 5494 iidem

418 5519 700 5586 ελαντὶλια,
736 5519 1000 5577 Gallicum
1036 5525 1227 5592 vulgus
1256 5527 1630 5594 cbirotbecas,
1675 5531 1985 5595 puellarum

416 5611 652 5667 acieulas
678 5622 784 5668 etc.
811 5615 1024 5681 dicunt,
1057 5629 1116 5670 ut
1171 5619 1310 5688 grati
1365 5620 1544 5688 potius
1577 5623 1747 5677 animi
1797 5639 1989 5678 monu-

421 5717 659 5759 mentum
685 5723 848 5777 quant
881 5710 1052 5765 debiti
1099 5713 1404 5767 mercedem
1431 5723 1486 5768 et
1522 5715 1648 5768 vilia
1707 5731 1986 5771 mercena-

419 5796 622 5855 t'iorum
651 5803 913 5878 obsequia
944 5816 1297 5877 compensata
1325 5809 1660 5879 exprimant.
1724 5810 1983 5876 Quaenam

2160 4609 2304 4666 Ibid.
2358 4607 2467 4680 [Nil
2500 4607 2855 4663 communitis
2902 4621 3068 4675 quam
3127 4605 3494 4676 χρυσόῦουὶον
3544 4604 3661 4658 sive

2087 4699 2480 4770 χρυσόόουλλον
2495 4700 2826 4769 imperatoris
2847 4690 3174 4762 mandatum,
3199 4699 3651 4758 constitutionem.-

2088 4793 2348 4860 diploma,
2405 4793 2745 4860 rescriptum,
2807 4791 3236 4859 chirographum,
3288 4791 3556 4845 codicillos
3587 4790 3664 4843 εἱ-

2089 4883 2368 4954 gniﬁcare.
2406 4882 2475 4935 At
2513 4898 2624 4936 non
2653 4897 2719 4935 ex
2749 4895 2817 4934 eo
2843 4880 2988 4948 quod
3014 4881 3197 4947 aureis
3221 4881 3418 4935 litteris
3448 4879 3662 4934 scribe-

2091 4985 2262 5040 retur,
2297 4983 2358 5029 ut
2415 4974 2598 5028 inuit
2646 4971 2938 5037 Meursius,
2973 4973 3068 5027 sed
3125 4973 3270 5041 quod
3299 4972 3477 5043 sigillo
3539 4973 3661 5026 sive

2094 5069 2245 5123 bulla
2276 5080 2468 5130 aurea,
2493 5064 2640 5135 quod
2707 5065 2760 5118 in
2827 5063 2912 5118 eis
2957 5064 3250 5134 scriptum,
3315 5064 3657 5119 muniretur:

2089 5177 2402 5234 quanquam
2433 5161 2560 5217 olim
2577 5158 2742 5214 etiam
2767 5157 2950 5213 aureis
3003 5157 3200 5212 litteris
3229 5157 3517 5227 scripsisse
3548 5173 3660 5216 non

2090 5254 2467 5325 denegandum
2512 5235 2854 5321 Luitpran-do
2905 5249 3157 5305 dicenti:
3217 5249 3651 5319 Χροσοϐούλιον,

2091 5349 2145 5402 id
2176 5357 2252 5402 est
2273 5345 2548 5414 epistolam
2569 5359 2702 5396 auro
2733 5342 3022 5412 signatam,
3060 5341 3188 5396 mihi
3215 5340 3468 5395 dederunt
3511 5341 3660 5396 vobis

2093 5437 2250 5509 (regi)
2275 5433 2636 5504 deferendam.
2665 5431 2922 5486 Tulerttnt
2953 5441 3133 5485 autem
3187 5439 3237 5485 et
3268 5419 3404 5484 alia:
3454 5431 3662 5487 litteras

2091 5531 2584 5599 argentosignatas,
2619 5543 2648 5580 a
2707 5523 3024 5596 curopalate
3089 5522 3665 5593 imperatorislratre

2091 5623 2158 5679 ad
2196 5621 2500 5676 Romanum
2536 5617 2846 5688 pontilicem
2915 5617 3132 5681 missas.
3211 5616 3477 5684 Deinceps
3527 5631 3663 5671 vero

2093 5715 2291 5772 litteris
2321 5726 2599 5783 purpureo
2632 5711 2846 5780 liquore
2878 5709 3062 5763 ductis
3105 5707 3450 5777 subsignavit
3481 5707 3658 5774 impe-

2101 5819 2267 5866 rator.
2336 5804 2429 5861 llis
2475 5802 2806 5860 testimoniis
2852 5810 3147 5872 utrumque
3208 5800 3404 5868 liquet.
3455 5796 3661 5862 Niceta:
