4064 6450
398 344 505 411 9.87

1478 363 1556 422 ῐΝ
1602 365 1901 427 LIBRUM
1950 368 2046 426 DE
2103 370 2433 433 OFFlCllS
2489 378 2597 436 LP.

3484 446 3487 449 ,
3554 383 3663 448 238

400 464 727 518 στικιονεοιι
768 465 1164 536 δομεστικεῖον,
1206 475 1351 542 quod
1405 488 1493 530 est
1540 495 1626 533 res
1653 479 1951 535 domestica

2085 490 2220 550 γεῖν.
2258 488 2306 542 Is
2340 489 2479 544 idem
2518 493 2729 545 videtur
2762 490 2860 561 τὴν
2908 491 3000 545 τοῦ
3037 495 3276 563 χάρακος
3334 499 3663 559 ἐπιστασίαν

398 551 691 614 t-ujusistc
741 570 931 609 curam
1002 560 1248 627 gero-bat,
1308 567 1557 629 quamvis
1614 568 1666 620 in
1733 570 1979 639 catalogo

397 640 738 707 ollieialium,
805 660 965 713 supra
995 664 1045 702 c.
1078 651 1132 711 2,
1168 665 1273 703 non
1323 668 1670 723 compareat:
1701 670 1819 712 erat
1844 677 1977 731 ergo

401 730 503 781 iste
555 731 892 788 domesticus
944 736 1277 807 domesticii,
1324 743 1392 801 de
1452 761 1561 801 uno
1598 749 1740 802 intra
1772 752 1973 805 iterum

397 820 640 876 Codinus
673 840 723 880 c.
760 825 812 879 7.
847 827 1050 885 Gss'rs.

470 953 850 1029 Ibid.’lMulat
895 964 1113 1031 quidem
1138 955 1386 1036 sensum,
1427 982 1482 1027 at
1512 977 1740 1046 corrigit
1770 987 1826 1033 et
1862 994 1975 1034 me—

394 1046 583 1100 liorem
637 1052 813 1107 reddit
848 1054 1136 1125 Regiorum
1172 1062 1258 1115 AB
1294 1065 1476 1131 lectio,
1538 1084 1659 1136 quae
1692 1072 1806 1125 hat'c
1843 1080 1969 1126 est:

395 1139 501 1189 Καὶ
536 1140 695 1195 τοῦτο
730 1144 834 1212 μὲν
869 1148 999 1201 ἴδιον
1028 1151 1119 1204 τοῦ
1151 1156 1394 1221 μεγάλου
1424 1159 1720 1226 λογοθέτου
1754 1165 1971 1236 ὑπηρέ-

392 1249 565 1301 τημα,
588 1239 648 1287 τὸ
671 1236 725 1289 δὲ
754 1237 848 1291 τοῦ
866 1247 1225 1309 μεσαστικῖου
1251 1250 1355 1309 (vel
1384 1259 1440 1303 ιιι
1468 1251 1525 1311 Β,
1556 1258 1972 1323 μεσαστικεῐου)

394 1324 657 1394 ἐνεργεῖν,
698 1320 741 1395 ᾦ
776 1330 841 1382 ἂν
870 1335 1117 1399 ὲπιτάξοι
1155 1341 1182 1390 ὀ
1224 1340 1503 1408 βασιλεύς.
1554 1320 1620 1399 Et
1655 1349 1752 1401 hoc
1782 1367 1972 1407 munus

395 1419 667 1483 proprium
724 1431 803 1473 est
833 1429 1010 1493 magni
1044 1429 1327 1498 {agat/tetu:
1360 1434 1449 1504 (ad
1483 1452 1649 1507 reges
1689 1440 1969 1509 nimirum,

396 1511 642 1567 sultanos
671 1524 723 1569 et
751 1520 1038 1585 toparchas
1072 1523 1359 1593 scribere).
1384 1528 1525 1580 intra
1565 1530 1761 1585 limites
1792 1544 1966 1589 autem

394 1601 605 1670 imperii
651 1624 833 1661 sacras
886 1613 1095 1665 mittitis
1137 1617 1224 1666 cui
1276 1617 1567 1685 imperator
1596 1626 1966 1684 mandaverit.

395 1694 470 1746 lbi
501 1698 853 1763 μεσαστεκιον
896 1716 926 1756 a
958 1718 1043 1758 me
1067 1708 1389 1775 appellativis
1426 1711 1955 1782 (Gratnmaticormn

393 1798 545 1838 more
583 1786 795 1858 loquor)
825 1792 1080 1859 sumitur,
1108 1806 1163 1850 et
1189 1799 1466 1867 subjectas
1520 1805 1835 1873 imperatori
1874 1826 1963 1866 re-

391 1876 600 1943 giones,
654 1895 751 1934 ccu
802 1886 1028 1939 mediam
1067 1889 1187 1959 ejus
1232 1893 1524 1958 ditionem,
1560 1898 1768 1955 referre
1791 1903 1968 1958 addu-

394 1967 527 2021 bito.
554 1969 769 2026 Certior
804 1976 1164 2036 nihilominus
1196 1983 1410 2041 afﬁrmo
1451 1992 1809 2059 μεσαστικιον
1838 2011 1966 2066 pro-

390 2060 568 2128 prium
623 2063 792 2122 ofﬁcii
856 2084 1055 2126 nomen
1083 2077 1469 2135 aestimandum
1493 2124 1507 2148 ,
1542 2085 1666 2153 ejus
1698 2090 1961 2147 nimirum

388 2153 476 2205 cui
531 2156 769 2225 negotia,
833 2160 1049 2232 imperii
1080 2176 1309 2235 statum,
1376 2185 1611 2244 secreta,
1665 2195 1962 2248 personam

384 2244 563 2312 ipsam
596 2248 855 2308 ﬁdentius
887 2258 1180 2313 committit
1211 2261 1550 2334 imperator;
1577 2244 1701 2325 cum
1734 2290 1845 2344 quo
1872 2292 1965 2330 cu-

388 2350 479 2390 ras
511 2337 735 2407 dividit;
771 2345 861 2412 qui
892 2346 1038 2403 inter
1065 2353 1352 2422 populum,
1399 2359 1629 2429 milites,
1681 2337 1964 2435 senatum,

388 2431 669 2501 principes
694 2447 913 2495 exteros
945 2451 1000 2497 et
1033 2445 1209 2514 ipsum
1242 2449 1627 2519 imperatorem
1665 2460 1873 2516 medius
1910 2474 1966 2519 et

385 2534 655 2591 sequester
707 2528 1037 2600 intercedit;
1082 2541 1174 2607 qui
1222 2555 1343 2596 cum
1375 2546 1440 2599 ad
1474 2546 1580 2603 hoc
1621 2566 1822 2610 munus
1859 2570 1966 2610 non

386 2628 453 2667 ex
505 2618 714 2673 meritis
763 2636 999 2694 semper,
1051 2631 1201 2685 velut
1237 2633 1534 2707 logotheta,
1582 2643 1677 2698 sed
1736 2662 1803 2700 ex
1846 2649 1963 2703 sola

388 2707 650 2776 principis
677 2715 849 2781 gratia
881 2715 1176 2792 favoreque
1208 2726 1527 2799 advocetur,
1557 2738 1702 2790 recte
1744 2739 1965 2810 scripsit

384 2807 601 2867 auctor,
632 2802 691 2855 τὸ
745 2804 804 2857 δὲ
843 2808 935 2861 τοῦ
1006 2818 1367 2881 μεσαστικίου
1426 2824 1676 2895 ἐνεργεῖν
1729 2829 1861 2884 ῐ3ιον
1892 2833 1965 2901 (ei

385 2906 621 2960 namque
686 2899 970 2966 particula:
1019 2905 1132 2974 jam
1196 2913 1491 2979 praemissa:
1524 2918 1793 2992 jungitur)
1828 2916 1872 2991 ᾧ
1899 2899 1965 2979 ἂν

384 2985 679 3052 προστάξοι
713 2991 740 3041 ὁ
770 2991 1027 3060 βασιλεύς
1055 3015 1068 3050 :
1101 2999 1202 3055 hoc
1231 3012 1333 3069 cst,
1368 2985 1664 3066 mesasticii
1695 3018 1851 3085 quasi
1878 3018 1965 3073 di-

381 3088 475 3128 cas
507 3082 799 3149 sequestri,
863 3102 1051 3143 munus
1080 3107 1325 3151 exercere
1361 3100 1434 3154 ad
1463 3118 1582 3156 eum
1640 3109 1833 3163 attinet
1866 3113 1954 3166 cui
1985 3113 2027 3170 Ο

379 3175 686 3237 prwceperit
740 3175 1046 3244 imperator.
1106 3183 1480 3245 Mesasticium
1516 3194 1958 3265 hujusmodide-

382 3262 576 3316 scribit
637 3267 855 3339 Nicetas
915 3272 1264 3346 Munuelis,l.
1298 3298 1347 3337 ιτ
1408 3262 1728 3347 Μελεδωνὸν
1769 3295 1830 3348 δὲ
1858 3314 1959 3366 με-

369 3354 609 3408 σεύοντα
680 3361 776 3412 καὶ
826 3363 936 3416 τῶν
971 3367 1189 3424 οἰκείων
1220 3374 1615 3451 ὕποδρηστῆρα
1642 3354 1957 3459 διαταγμά-

380 3461 486 3496 των
512 3449 604 3499 τδν
637 3449 1117 3531 Ἀγιοοεοδωριτην
1145 3463 1362 3536 τίθησιν
1425 3449 1707 3545 Ἰωάννην.
1742 3449 1858 3533 ι(άὶ
1887 3477 1957 3554 ἦν

380 3535 408 3584 ὁ
438 3535 539 3603 μὲν
586 3538 663 3608 τῷ
697 3545 979 3637 προσώπω
1031 3550 1125 3604 τοῦ
1151 3535 1416 3624 βασιλέως
1442 3562 1530 3615 ἀεὶ
1564 3535 1957 3640 ὀπτανόμενος,

381 3631 477 3682 καὶ
538 3631 611 3685 τὰ
665 3637 858 3690 τούτου
927 3630 1247 3715 ἐντάλματα
1305 3652 1405 3707 ὅσα
1470 3659 1566 3711 καὶ
1597 3630 1869 3732 ἐμφάσεις
1893 3630 1958 3721 hi

380 3722 690 3795 κρείττονος
729 3731 929 3799 μοίρας
963 3736 1335 3809 ἐκδεχόμενος.
1384 3744 1589 3804 Vocem
1653 3756 1956 3823 μεσεύοντοι

382 3811 525 3865 inter
552 3814 688 3870 alias
712 3818 962 3887 observo,
988 3826 1066 3895 τῷ
1097 3831 1405 3896 μεσάζοντα
1429 3811 1735 3908 signiﬁcatu
1763 3861 1955 3915 parem

376 3918 408 3959 a
446 3905 594 3960 nullo
645 3914 946 3982 ncgaudam
977 3934 990 3970 :
1023 3920 1202 3988 μέγαν
1230 3938 1397 3993 porro
1425 3905 1735 3997 μεσὰζοντα
1763 3905 1955 4005 proto-

377 3997 697 4055 vestiat-ium
759 4004 1092 4075 Cabasitem,
1143 4028 1245 4070 nec
1300 4033 1405 4074 non
1436 4021 1603 4078 alium
1643 4029 1953 4096 μεσὰζοντα

376 4088 815 4150 Cantacuzennm
849 4115 1114 4158 memorat
1150 4107 1459 4168 Chronicon
1491 4117 1624 4184 ΟΡ..
1659 4135 1797 4176 eam'
1823 4140 1954 4181 vero

377 4182 486 4236 ἀπὸ
515 4186 608 4239 τοῦ
640 4190 902 4257 μεσὰζειν
933 4198 1290 4262 μεσαστίκιον
1342 4205 1533 4262 deduci
1570 4213 1717 4267 solus
1738 4213 1956 4283 ignorat

377 4277 469 4344 qui
506 4278 691 4336 Graeca
714 4287 913 4342 nescit.
946 4291 1319 4360 Μεσαστικιος
1352 4299 1522 4369 igitur
1555 4304 1642 4358 ille
1677 4277 1782 4362 est‘
1797 4311 1955 4377 μελε-

374 4369 540 4433 δωνὸς
572 4376 841 4442 μεσεύων,
863 4380 974 4431 τῶν
1003 4383 1303 4472 βασιλικῶν
1335 4390 1685 4467 ὐποδρηστὴρ
1726 4369 1949 4472 διαταγ-
1975 4396 2028 4458 Ῑ)

378 4461 587 4529 μάτων,
645 4467 739 4518 τοῦ
766 4468 1031 4538 βασιλέως
1064 4477 1132 4528 τὰ
1182 4461 1499 4549 ἐντάλματα
1532 4461 1952 4559 παι-ἐμφάσεις

376 4553 758 4623 ἐκδεχόμενος,
808 4576 971 4629 quem
1000 4569 1250 4623 eumdem
1318 4584 1513 4630 auctor
1540 4579 1616 4633 ait
1642 4553 1889 4652 ἐνεργεῖν
1924 4586 1953 4640 ὃ

373 4642 441 4696 ἂν
468 4647 718 4711 ὲπιτάξοι
745 4652 772 4702 ὁ
802 4651 1081 4720 βασιλεύς.
1147 4658 1318 4729 Talis,
1357 4680 1444 4722 me
1474 4668 1681 4737 judice,
1712 4642 1837 4730 ante
1871 4688 1953 4749 ty-

376 4740 661 4794 rannidem
716 4756 990 4815 arreptam
1042 4747 1144 4804 fuit
1177 4751 1416 4822 Phocas,
1448 4760 1542 4829 qtti
1576 4740 1949 4837 ὲντολικάριος

372 4846 401 4882 a
444 4828 799 4902 Theophane,
837 4854 870 4891 a
909 4842 1081 4896 sacris
1114 4846 1383 4902 mandatis
1412 4849 1466 4904 fu
1481 4855 1589 4908 isse
1610 4856 1873 4913 scribitur
1895 4861 1949 4916 in

374 4922 669 4995 Mauricio;
705 4934 879 5003 quiin
908 4936 1056 5002 aula,
1095 4941 1241 5008 quod
1265 4944 1557 5001 mandator
1592 4947 1646 5001 in
1682 4953 1950 5022 exercitu,

370 5017 441 5070 τὰ
496 5022 740 5087 μανδὰτα
774 5026 967 5101 γνώμῃ
1025 5030 1121 5085 τοῦ
1150 5032 1415 5107 ἄρχοντος
1458 5037 1657 5108 διδούς,
1681 5017 1952 5113 esseque;

373 5109 555 5165 batur.
618 5114 693 5168 Ita
741 5115 1039 5177 Mauricius
1084 5123 1247 5179 alius.
1285 5120 1381 5194 [At
1402 5128 1599 5183 iterum
1656 5109 1947 5203 Theopha-

372 5216 469 5254 nes
496 5218 511 5255 :
558 5203 616 5256 ὐ
648 5209 877 5277 στρατὸς
903 5212 1307 5285 ὲντολικαρίους
1336 5217 1548 5289 ἔπεμψε
1567 5220 1704 5293 πρὸς
1733 5224 1823 5277 τὸν
1845 5224 1946 5295 βα-

372 5297 547 5350 σιλέα.

441 5433 608 5505 259
640 5434 750 5508 [1b.
792 5436 855 5492 '0
884 5439 1072 5510 μέγας
1095 5447 1651 5520 στρατοπεδάρχης.
1688 5451 1800 5507 Hoc
1826 5453 1948 5524 ejus

370 5524 550 5582 cilicio
572 5526 813 5587 Zonaras
838 5532 1075 5587 celebrat
1093 5550 1144 5588 tn
1167 5536 1484 5608 Necephoro
1507 5540 1708 5597 Phoca:
1738 5545 1946 5616 Πέτρον

370 5620 655 5689 ὲκτομίαν,
688 5623 1018 5695 δραστήριον
1044 5626 1100 5680 δέ
1129 5644 1190 5695 γε
1223 5632 1319 5685 καὶ
1342 5633 1604 5704 ἐμϐριθῆ,
1638 5639 1729 5689 καὶ
1752 5637 1946 5707 ἄρχειν

292 5700 300 5707 ’
372 5712 551 5766 εἰδότα
584 5718 932 5785 στρατιωτῶν
956 5700 1765 5796 στρατοπεδάρχήν“ὀ«ιομάσας,
1888 5734 1947 5784 ὲν

371 5804 593 5877 Κιλικίᾳ
625 5809 739 5880 δοίη
777 5810 961 5883 χώραν
998 5816 1059 5884 τῇ
1088 5817 1319 5887 στρατιᾷ
1346 5816 1437 5870 τὸν
1475 5819 1720 5889 χειμῶνα
1752 5820 1779 5874 δ
1806 5838 1945 5891 αγα-

2081 579 2259 629 πᾶσαν
2297 582 2750 650 ἐπιμελούμενος.
2784 583 3155 652 Cnropalates.
3180 585 3376 661 ϐολῇ]

2155 671 2237 724 ΙΙ».
2316 674 2526 735 Ποτῶν,
2609 685 2762 744 potus
2837 692 2931 730 seu
3022 678 3461 745 poculentornm,
3552 698 3659 739 non

2078 764 2276 828 ποδῶν,
2310 776 2367 818 ut
2407 763 2620 829 Junius,
2654 769 2743 834 qui
2784 769 3137 821 instrumenta
3163 772 3340 824 vertit.
3371 773 3475 827 Sed
3499 775 3663 832 lectio

2081 866 2267 909 nostra
2323 858 2685 913 conlirmatur
2724 874 2789 913 ex
2830 860 3110 915 codicibus
3141 860 3419 919 Bavaricis
3441 876 3491 920 et
3522 866 3664 922 Lau-

2081 947 2335 1001 theriam)
2364 967 2377 1013 ;
2420 958 2473 1001 et
2521 966 2610 1004 res
2643 965 2737 1019 per
2768 966 2826 1005 se
2854 949 2998 1004 claia
3029 958 3134 1015 est‘,
3167 954 3293 1021 quia
3338 972 3441 1009 non
3480 960 3661 1014 minus

2078 1039 2380 1092 curandum
2416 1048 2499 1094 est
2536 1049 2595 1092 ut
2654 1040 2919 1096 exercitui
2973 1042 3445 1114 non'dcsitpotus
3497 1066 3658 1117 quam

2079 1139 2137 1182 ut
2171 1146 2279 1183 non
2305 1131 2447 1186 desit
2474 1133 2647 1188 cibus.
2676 1134 2881 1189 GRETS.

2148 1217 2234 1273 Ib.
2271 1218 2393 1290 [Εἰς
2414 1220 2530 1290 τὴν
2564 1222 2971 1291 παράστασιν.
3005 1225 3259 1280 Omnium
3293 1229 3386 1297 qui
3426 1230 3660 1300 dignita-

2077 1320 2158 1365 tes
2197 1322 2249 1365 et
2271 1312 2447 1367 ofﬁcia
2468 1321 2673 1389 tenent,
2705 1315 2848 1369 circa
2876 1316 3264 1386 imperatorem
3318 1320 3371 1372 in
3411 1322 3548 1375 solio
3572 1339 3660 1377 se-

2077 1404 2312 1467 dentem,
2346 1420 2467 1460 cum
2504 1404 2731 1460 vestium
2771 1419 3035 1476 apparatu
3069 1418 3121 1463 ct
3152 1410 3459 1479 insignibus
3506 1425 3657 1469 stans

2076 1496 2374 1566 famulatus
2395 1505 2478 1551 est
2496 1498 2867 1566 παράστασις.
2887 1499 3285 1570 Δουλοπρεπῶς
3311 1506 3658 1573 παρεστάναι

2076 1582 2298 1650 scripsit
2324 1581 2542 1638 Nict-tas
2576 1585 2629 1637 in
2680 1584 2887 1641 Isaacio
2920 1586 3146 1657 Angelo.
3204 1597 3258 1643 et
3298 1590 3533 1648 iterum:
3591 1596 3657 1648 Οἱ

2086 1672 2349 1744 Ῥωμαῖοι
2374 1676 2863 1745 παραστατοῦντας
2890 1677 3104 1748 ἔχουσιν
3136 1679 3408 1746 ἅπαντας.
3442 1683 3497 1738 In
3530 1686 3661 1739 Ale-

2002 1761 2042 1815 B
2072 1766 2163 1820 xio
2190 1766 2464 1822 secundo:
2524 1765 2687 1838 Εἶχον
2734 1769 2897 1833 εὐθὺς
2943 1773 3065 1835 τοὺς
3122 1774 3507 1843 παρεστῶτας,
3561 1760 3659 1832 καὶ⁵

2070 1857 2296 1929 ὅσοιπερ
2332 1857 2525 1928 ᾂκεῐνῳ
2564 1860 2892 1929 συνήδρευον
2923 1862 3011 1915 διὰ
3046 1863 3242 1929 γένους
3286 1866 3657 1937 λαμπρότητα

2070 1948 2169 2001 καὶ¹
2186 1950 2520 2017 ἀξιωμάτων
2546 1952 2883 2021 σεμνότητα,
2901 1952 3201 2019 ὁμοφώνως
3218 1954 3356 2008 ἁνακ
3366 1958 3652 2024 ραγόντας.

2070 2037 2290 2105 Imperii
2348 2047 2527 2092 tamen
2583 2040 2806 2110 collegae
2863 2042 3128 2095 assident.
3170 2042 3537 2113 Luitprandus
3588 2048 3658 2105 de

2071 2130 2369 2202 legatione:
2402 2132 2750 2189 Sedebantad
2768 2137 3036 2191 sinistram
3065 2156 3167 2193 non
3199 2140 3253 2193 in
3286 2142 3468 2194 eadem
3490 2142 3652 2207 linea,

2068 2223 2159 2275 sed
2198 2222 2351 2293 longe
2386 2226 2632 2279 deorsum
2662 2228 2768 2281 duo
2817 2231 3025 2297 parvuli
3054 2233 3421 2299 imperatores.
3475 2235 3655 2288 Potuit

2069 2321 2125 2368 et
2157 2313 2340 2370 Cresar
2393 2317 2727 2387 quandoque
2787 2320 2997 2375 sedere.
3060 2318 3422 2393 Theophanes
3462 2326 3515 2379 in
3550 2324 3654 2379 Mi-

2069 2404 2260 2459 chaele
2289 2404 2577 2487 Theophili
2605 2425 2620 2463 :
2668 2409 2777 2463 Τοῦ
2815 2411 2995 2480 Βάρδα
3022 2414 3303 2487 Καίσαρος
3331 2417 3409 2487 τῷ
3445 2416 3657 2487 βασιλεῖ

2070 2484 2944 2567 προσελθόντοςσυγκαθίσαντός
2970 2522 3027 2557 τε
3057 2508 3152 2560 καὶ
3204 2484 3650 2581 συνομιλοῢντος.

2068 2585 2319 2645 Licuisse
2358 2606 2754 2661 nonnunquam
2787 2596 2908 2653 aliis
2958 2599 3151 2655 sedere
3184 2604 3284 2671 τῆς
3343 2604 3653 2676 ἐπιτροπῆς

2067 2684 2392 2754 γενομένης,
2440 2685 2731 2756 ipsumque
2762 2690 2976 2757 imperii
3024 2691 3288 2763 collegam
3321 2698 3653 2767 quandoque

2068 2776 2312 2840 stetisse,
2344 2787 2531 2831 narrat
2558 2777 2997 2847 Cantacuzenus,
3032 2797 3070 2850 ι,
3097 2782 3151 2837 8.
3204 2783 3315 2840 Hoc
3367 2788 3646 2843 assidendi

2060 2856 2179 2934 ius
2211 2871 2495 2937 pontiﬁces
2558 2871 2781 2928 Graecos
2819 2876 2886 2928 ah
2951 2875 3268 2931 Andronico
3320 2880 3650 2948 postulasse,

2067 2972 2244 3029 eoque
2266 2960 2393 3015 licet
2416 2962 2639 3018 obtenlo
2671 2965 2900 3021 ridicule
2926 2968 3189 3036 privatos,
3212 2968 3352 3023 libro
3370 2967 3502 3026 Vitae
3532 2971 3653 3040 ejus

2069 3066 2154 3116 tu,
2177 3053 2231 3117 1,
2251 3050 2468 3108 Nicetas
2494 3057 2752 3111 ostendit.
2779 3059 2851 3111 Ue
2868 3060 3181 3127 patriarcha
3219 3076 3398 3119 coram
3420 3063 3654 3134 impera-

2064 3153 2181 3201 tore
2222 3147 2451 3204 sedente
2484 3164 2584 3204 suo
2612 3151 2730 3204 loco
2769 3150 2999 3207 dicetur.
3031 3152 3229 3228 Coum]

2140 3238 2223 3293 Ib.
2252 3239 2642 3311 Hyperpyrum.
2662 3242 2888 3298 Monetae
2904 3260 3097 3315 genus.
3119 3248 3338 3305 indocte
3352 3249 3548 3308 Junius
3567 3271 3652 3307 ve-

2064 3332 2170 3385 lum
2192 3343 2241 3386 et
2260 3333 2587 3387 involucrum
2611 3335 2805 3389 coloris
2831 3338 2990 3407 ignei.
3017 3338 3198 3411 Longe
3217 3343 3453 3399 deterius
3473 3346 3652 3400 Lenn-

2062 3426 2273 3482 clavius
2307 3428 2390 3502 in,
2415 3426 2687 3496 legatione
2739 3429 2805 3483 ad
2847 3431 3157 3497 Armenios,
3193 3434 3283 3489 ubi
3331 3435 3443 3490 lucc
3466 3437 3650 3491 Theo-

2060 3517 2222 3580 riani,
2255 3519 2347 3590 qui
2383 3518 2703 3587 Cpolitanus
2736 3521 2950 3592 legatus
2989 3524 3121 3599 iuit,
3155 3526 3321 3581 verba
3349 3527 3644 3597 leguntur:

2064 3610 2349 3663 Ἔστωσαν
2380 3609 2457 3673 ὡς
2480 3612 2538 3663 ἐν
2582 3611 2839 3666 ὑποθέσει
2864 3615 3159 3684 ὑπέρπυρα
3178 3616 3325 3688 τρια,
3363 3620 3491 3687 μιᾶς
3514 3620 3648 3676 ὄντα

2060 3698 2297 3767 φύσεως,
2331 3701 2538 3769 χρυσοῦ
2564 3701 2829 3772 δηλονότι.
2874 3703 3003 3756 Ἐὰν
3022 3700 3116 3759 οὖν
3145 3707 3356 3761 τούτων
3382 3708 3441 3761 ἓν
3467 3727 3646 3781 πυρα-

2059 3792 2268 3862 κτήσω,
2306 3791 2462 3845 ἔσται
2495 3794 2716 3857 πάντως
2747 3794 2810 3848 τὸ
2855 3799 3370 3868 πεπυρακτωμένον
3394 3799 3490 3855 δύο
3544 3803 3647 3872 φύ-

2060 3899 2219 3950 σεων,
2256 3882 2400 3951 λέγω
2429 3884 2484 3937 δὲ
2512 3885 2683 3955 πυρὸς
2714 3887 2808 3939 καὶ
2831 3887 3057 3956 χρυσοῦ.
3091 3884 3221 3942 Εἶτα
3256 3890 3460 3955 ὲνώσας
3485 3893 3646 3947 τοῦτο

2058 3980 2170 4041 τοῖς
2194 3978 2404 4039 λοιποῖς
2438 3978 2562 4033 δυσὶ
2596 3982 2711 4044 τοῖς
2744 3983 2819 4052 μὴ
2847 3986 3401 4054 πεπυρακτωμένοις,
3453 3988 3643 4056 ἐρωτῶ

2058 4071 2205 4125 πόσα
2233 4070 2329 4125 νῦν
2358 4073 2467 4125 εἰσι
2490 4072 2667 4126 ταῦτα
2697 4075 2765 4127 τὰ
2791 4075 3088 4147 ὑπέρπυρα
3119 4094 3133 4144 ;
3170 4079 3297 4150 τρια
3329 4080 3404 4143 ὡς
3427 4079 3642 4151 πρώην,

2055 4162 2090 4235 ἢ
2123 4163 2209 4217 διὰ
2236 4163 2335 4235 τὴν
2364 4163 2529 4233 φύσιν
2551 4166 2647 4219 τοῦ
2680 4167 2852 4236 πυρὸς
2897 4170 3149 4237 ἐγένοντο
3201 4173 3440 4242 τέσσαρα
3465 4216 3479 4239 ,
3510 4174 3646 4240 Quae

2056 4254 2327 4325 interpres
2355 4255 2426 4311 ita
2460 4258 2663 4312 vertit:
2695 4257 2814 4313 Sint
2836 4260 2943 4313 tria
2974 4262 3060 4314 Itic
3091 4262 3230 4316 velut
3262 4266 3378 4334 igne
3411 4266 3640 4333 potiora,

2056 4359 2283 4415 prorsus
2333 4347 2546 4402 inscite.
2614 4347 2946 4403 Vertendum
2992 4366 3008 4403 :
3047 4350 3333 4408 Faciamus
3392 4357 3476 4409 hic
3533 4360 3642 4411 tria

2051 4455 2164 4493 esse
2184 4439 2501 4509 Ityperpgra,
2560 4440 2716 4494 unius
2772 4450 2981 4496 natura:
3026 4458 3114 4497 seu
3150 4446 3409 4511 materia',
3467 4464 3643 4503 aureis

2050 4530 2193 4584 verbi
2222 4531 2422 4601 gratia.
2450 4531 2511 4585 Si
2534 4532 2699 4601 igitur
2720 4548 2884 4585 unum
2919 4549 2983 4588 ex-
3013 4534 3093 4587 Itis
3122 4536 3389 4603 ignescere
3419 4539 3636 4607 faciam,

2050 4622 2263 4675 omnino
2291 4622 2517 4691 ignitum
2549 4621 2683 4675 illud
2712 4622 2924 4677 duabus
2969 4627 3176 4680 naturis
3228 4629 3514 4695 constabit,
3574 4645 3639 4683 ea:

2047 4716 2162 4783 igne
2175 4714 2408 4767 videlicet
2430 4722 2479 4767 et
2498 4729 2651 4767 auro.
2677 4714 2739 4769 Si
2763 4714 2953 4767 deinde
2973 4715 3081 4768 alia
3099 4717 3203 4769 duo
3231 4734 3333 4771 non
3350 4722 3517 4788 ignita
3542 4722 3641 4774 ad—

2041 4806 2337 4876 jiciantur,
2391 4821 2571 4876 quer
2619 4814 2744 4875 quot
2804 4822 2943 4860 nunc
2964 4808 3068 4862 sint
3112 4809 3271 4878 hujus
3308 4813 3512 4880 generis
3542 4817 3641 4883 Ity-

2047 4911 2273 4967 perpyra
2312 4897 2338 4949 ?
2395 4896 2688 4967 (interpres
2743 4907 3002 4967 quotnam
3064 4901 3170 4954 sint
3217 4902 3326 4956 Iure
3392 4905 3559 4974 ignita
3616 4910 3643 4963 2

2050 4986 2233 5041 male:
2272 5001 2443 5041 unum
2473 4988 2618 5041 enim
2680 4992 3057 5045 tantummodo
3102 4990 3448 5065 hyperpyron
3486 4997 3625 5066 igni.

2049 5085 2162 5130 tum
2222 5083 2306 5130 est
2357 5090 2424 5131 ex
2474 5076 2758 5147 hypotlu-si
2816 5078 3010 5148 facta);
3047 5085 3305 5136 num‘tria
3334 5095 3391 5137 ut
3432 5100 3588 5140 antea
3621 5128 3636 5153 ,

2058 5184 2127 5220 an
2161 5178 2373 5235 propter
2397 5176 2646 5220 naturam
2699 5168 2835 5240 ignis
2864 5179 3009 5238 facta
3061 5182 3185 5228 sunt
3241 5179 3516 5244 quatuor?
3577 5177 3635 5232 In

1978 5273 1998 5289 ·
2057 5256 2307 5311 eumdem
2342 5273 2584 5312 errorem
2649 5259 2840 5314 incidit
2869 5261 3011 5316 Idem
3061 5262 3331 5335 interpres
3376 5268 3471 5320 fol.
3510 5267 3633 5335 ΗΔ,

2060 5348 2148 5403 ubi
2214 5348 2324 5401 τῶν
2380 5348 2712 5420 ὑπερπύρων
2774 5353 2938 5405 vertit
2994 5353 3129 5422 ignis
3210 5357 3258 5409 vi
3334 5360 3631 5427 potiorum,

2055 5448 2262 5517 absque
2321 5448 2431 5502 ullo
2497 5463 2702 5516 sensu;
2744 5451 3068 5507 vertendum
3109 5452 3254 5506 enim
3312 5453 3635 5525 hyperpyro-

2054 5556 2191 5596 rum.
2255 5538 2441 5609 Neque
2511 5544 2732 5597 nomine
2781 5543 2975 5598 Latino
3041 5543 3143 5597 hoc
3196 5554 3422 5600 moneta:
3462 5561 3635 5615 genus

2051 5638 2281 5707 exprimi
2317 5646 2515 5707 potest.
2560 5636 2619 5691 in
2656 5636 2934 5695 Pandecte
2964 5638 3196 5694 Turcico
3227 5649 3376 5696 recte
3422 5641 3489 5696 de
3539 5643 3637 5712 hy-

2056 5731 2302 5802 pcrpyris
2338 5732 2530 5785 scribit
2581 5730 2970 5788 Lcunclavius.
3008 5733 3114 5788 Sed
3146 5733 3235 5789 hic
3264 5741 3448 5787 tantus
3473 5748 3635 5788 error

2056 5825 2389 5895 detegi-udus
2441 5826 2564 5897 luit,
2624 5841 2691 5881 uc
2744 5826 2928 5898 quiin
2987 5841 3227 5883 errorem
3279 5825 3627 5920 inducantur.
