4064 6426
267 337 369 400 289

1347 338 1736 402 GRETSERI
1774 340 1870 404 ΕΤ
1911 342 2152 404 GOARI
2190 344 2428 405 NOTAE.

3438 343 3548 406 990

270 456 403 510 Illuc
447 454 834 526 Ityperpyrarii,
887 454 979 525 qui
1030 453 1325 526 Iiyperpyra
1385 456 1571 509 tributi
1629 457 1851 511 nomine

1961 459 2063 513 ἀπὸ
2082 458 2173 512 τοῦ
2198 458 2489 528 βασιλικοῦ
2523 459 2779 530 ταμιείου
2820 461 2901 523 εἰς
2938 459 3273 530 «pocillum.
3326 458 3544 515 Nicetas

264 551 499 605 solvunt.
532 550 796 621 Videqute
815 551 1054 606 diximus
1076 562 1206 607 tom.
1246 568 1300 607 ιιι
1323 553 1386 606 de
1425 554 1587 623 260
1604 552 1856 611 S.Cruce

265 642 303 697 l.
331 659 368 705 t.
394 643 484 697 27.
515 642 747 715 Elegans
768 645 924 699 locus
977 644 1036 699 ie
1066 646 1387 716 hyperpyris
1407 655 1585 700 exstat
1609 648 1749 716 apud
1792 645 1852 700 S.

265 735 592 789 Antoninum
620 746 750 789 tom.
786 752 846 791 ιιι
882 736 1084 792 llistor.
1107 737 1190 792 tit.
1220 737 1307 801 l9,
1351 752 1398 791 c.
1440 737 1491 799 8,
1527 736 1553 808 ἕ
1590 739 1643 792 5.
1673 738 1855 805 Agens

267 826 408 882 enim
434 828 501 883 de
524 828 881 884 TartarOrum
921 831 1253 885 immanibus
1285 845 1578 886 usurarum
1616 833 1855 885 exactio-

266 922 427 976 nibus
464 923 536 975 ita
561 922 783 977 scribit:
817 916 973 976 Miles
1017 924 1237 991 quidam
1265 929 1319 977 in
1354 924 1579 994 Georgia
1609 924 1672 977 de
1702 924 1858 993 quin-

271 1016 428 1085 gentis
454 1013 768 1083 Iiyperpgris
782 1032 812 1068 a
834 1014 1078 1071 Tartaris
1100 1018 1321 1083 acceptis
1345 1029 1391 1072 et
1409 1033 1501 1084 per
1518 1034 1682 1070 annos
1703 1016 1859 1084 quin-

268 1122 361 1175 que
393 1108 609 1158 retentis
630 1119 843 1160 coactus
862 1107 965 1176 fuit
987 1109 1059 1161 eis
1087 1109 1302 1163 reddere
1327 1119 1521 1178 septem
1559 1109 1730 1162 millia
1761 1125 1857 1177 pro

270 1198 465 1249 usuris.
512 1193 775 1259 Qua'dam
804 1198 965 1250 etiam
1004 1200 1225 1252 domina
1254 1201 1538 1254 Tartarica
1566 1216 1661 1267 pro
1686 1200 1856 1269 quin-

273 1287 519 1356 quaginta
554 1287 758 1352 ovibus,
794 1306 927 1358 quas
990 1291 1205 1343 cuidam
1266 1292 1605 1344 commiserat
1650 1305 1697 1344 et
1764 1291 1857 1344 ille

270 1395 359 1445 per
391 1389 581 1447 septem
615 1396 779 1432 annos
814 1390 1075 1447 tenuerat,
1114 1384 1261 1452 petiit
1299 1383 1363 1436 ab
1411 1386 1504 1437 illo
1541 1399 1637 1451 pro
1677 1385 1857 1437 usuris

271 1472 483 1524 illarum
509 1474 681 1525 ovium
712 1472 1009 1544 Itynerpyra
1059 1484 1261 1544 septem
1303 1477 1497 1534 millia.
1526 1494 1642 1547 quae
1674 1478 1856 1531 omnia

270 1565 360 1618 ille
386 1577 592 1617 coactus
623 1577 697 1619 est
725 1566 924 1620 solvere
956 1584 1050 1637 pro
1081 1585 1267 1624 usura.
1291 1569 1495 1626 GnETs.

347 1654 720 1727 [Argeutenm,
755 1666 812 1712 tit
843 1668 897 1713 et
937 1674 1163 1714 aureum
1195 1678 1498 1727 nummum,
1542 1665 1613 1719 ita
1652 1667 1863 1734 reperio

269 1746 499 1801 dictum.
543 1749 871 1819 Argenteum
916 1753 1133 1820 quidem
1184 1756 1425 1809 nondum
1481 1756 1533 1810 in
1584 1757 1863 1812 oblivione

1960 550 2014 604 in
2050 550 2299 605 Manucle
2332 552 2366 603 l.
2404 565 2456 605 t:
2486 551 2575 620 Τῷ
2632 552 2820 621 κλήρῳ
2847 552 2940 604 τοῦ
2980 551 3227 619 Μεγάλου
3257 550 3365 603 νεὼ
3419 552 3543 604 ἐπι-

1958 648 2142 700 δίδωσι
2172 646 2542 717 χρυσόϐουλον
2596 646 2801 700 τυποῦν
2823 650 3007 709 αὐτοῖς
3062 647 3313 715 ἀργύρεα
3349 647 3543 716 ἐτήσια

1960 742 2217 810 κέρματα
2251 742 2331 801 εἰς
2373 742 2512 810 μνᾶς
2556 740 2638 802 δὶς
2665 742 2859 792 ἑκατὸν
2894 738 3300 807 κορυφούμενα.
3345 735 3545 790 Proca»

1962 850 2085 890 rum
2119 850 2303 899 meam
2337 843 2529 887 auctor
2574 834 2951 903 descripturus
2979 841 3059 885 est
3091 830 3358 884 inferius:
3393 832 3542 901 ejus-

1962 944 2069 996 que
2107 927 2359 980 meminit
2392 926 2690 986 Cumneua,
2720 926 2755 980 ι.
2791 942 2847 979 ιιι
2876 947 2887 979 :
2958 924 3143 991 Ῥίγα,
3175 924 3380 992 inquit,
3434 923 3543 973 τῶν

1962 1019 2229 1072 δοθέντων
2306 1018 2483 1069 εἴκοσι
2565 1016 2947 1085 ἀξιωμάτων,
3001 1025 3203 1084 quanta
3283 1013 3542 1069 nimirum

1965 1110 2152 1179 viginti
2189 1110 2509 1177 proreiibus
2556 1108 2611 1161 in
2652 1108 2914 1175 dignitate
2941 1122 3104 1175 penes
3158 1107 3541 1175 imperatorem

1964 1202 2495 1257 co;stitutisdatur.
2556 1197 2798 1267 Αὐξησιν
2853 1198 3051 1266 ρυγῶν,
3105 1212 3223 1249 eam
3279 1196 3547 1249 militibus

1964 1306 2177 1351 aur-tam
2213 1295 2411 1349 ibidem
2456 1302 2743 1343 ntemoral.
2780 1290 2914 1357 Erga
2952 1298 3180 1343 cunctos
3204 1289 3540 1342 exsiccatum

1967 1390 2093 1443 binr
2120 1387 2463 1441 liberalitatis
2485 1382 2809 1454 profluvium
2835 1386 3119 1451 tegerrime
3138 1379 3546 1435 ferthsamon

1965 1480 2231 1551 opusculo
2263 1481 2326 1533 de
2370 1479 2576 1548 Rogato
2602 1493 2617 1530 ι
2643 1476 2788 1531 Juris
2818 1476 2910 1531 Οιι
2950 1474 3274 1544 reperienth
3315 1488 3346 1541 p
3405 1472 3495 1525 471
3529 1488 3542 1532 ;

1965 1574 2108 1644 apud
2141 1589 2298 1642 quem
2332 1588 2551 1642 quoque
2601 1572 2746 1641 leges
2771 1570 2838 1623 τὰ
2872 1569 3129 1637 ῥογάλια,
3163 1567 3461 1635 catalogum
3501 1574 3548 1616 rt

1967 1669 2204 1721 ordinem
2234 1666 2493 1736 facienth
2529 1682 2689 1736 rogat.
2711 1665 2772 1718 Et
2800 1663 2942 1734 apud
2963 1662 3353 1731 Theophanem
3378 1675 3546 1727 στρα-

1965 1762 2170 1823 τιώτας
2207 1761 2475 1831 ρογεύειν.

269 1852 435 1906 penes
480 1838 767 1895 hodiernus
794 1841 1125 1910 Orientales,
1164 1857 1222 1899 ut
1258 1846 1404 1914 quod
1446 1849 1625 1902 adhuc
1672 1849 1845 1918 pluri-
1881 1834 1924 1892 Β
2023 1851 2182 1921 261
2224 1849 2313 1903 Ib.
2380 1849 2714 1922 [τινί-ἀγκων.
2752 1847 2993 1902 Francos
3042 1846 3210 1908 solos,
3240 1842 3298 1898 id
3321 1839 3549 1898 estGal—

269 1945 417 1983 nium
444 1930 495 1983 in
527 1932 717 1986 oribus
739 1949 928 1988 eorum
962 1951 1166 1990 sonans
1204 1954 1291 1993 me
1326 1941 1605 1996 audivisse
1654 1942 1848 1995 memi-

272 2022 353 2085 ni;
401 2022 640 2090 illudque
695 2033 778 2078 est
816 2026 882 2081 de
913 2043 1023 2096 quo
1081 2044 1246 2098 quam
1290 2032 1395 2085 late
1458 2032 1844 2098 leunclavius,

271 2114 525 2169 Pmdect.
556 2115 719 2171 Ture.
759 2157 774 2181 ,
798 2134 851 2188 p.
885 2120 1011 2184 H7,
1047 2123 1268 2189 scripsit
1306 2140 1319 2175 :
1358 2125 1545 2178 decem
1583 2135 1676 2180 aut
1712 2127 1850 2180 duo-

281 2202 445 2257 decim
503 2203 773 2273 ejusmodi
805 2224 1088 2265 nummum
1144 2211 1414 2281 integrum
1476 2216 1846 2282 complebunt.

286 2294 507 2350 Aureum
539 2298 653 2367 ipse
686 2314 885 2356 aureus
909 2312 993 2358 est
1028 2320 1325 2371 nummus;
1366 2306 1433 2361 de
1474 2323 1583 2376 quo
1608 2308 1852 2363 Gunthe-

283 2405 373 2443 rus
402 2390 450 2444 in
478 2392 702 2447 historia
751 2406 921 2465 captae
959 2397 1221 2467 Cpoleos:
1280 2399 1523 2454 Solvebut
1576 2420 1848 2456 nunnnum

279 2499 514 2549 aureum,
555 2490 641 2555 qui
667 2504 938 2557 perperam
984 2493 1161 2544 vocari
1222 2493 1354 2546 solet
1415 2496 1638 2565 ferdoni,
1684 2498 1738 2549 id
1780 2508 1855 2550 est

278 2588 478 2645 quarta:
527 2581 671 2647 parti
699 2597 891 2636 marco:
926 2585 1083 2638 unius
1156 2582 1492 2655 wquivalens.
1567 2586 1849 2656 Perperam

279 2671 697 2738 pronuntiabant
732 2672 934 2739 Latini,
979 2686 1032 2729 ut
1065 2685 1119 2731 et
1166 2676 1327 2733 hodie
1355 2678 1529 2734 αι·ωοὶ
1558 2675 1850 2753 πέρπύραε

284 2778 511 2832 perpera
533 2780 753 2841 quoque
793 2769 1015 2837 scripsit
1055 2767 1420 2826 Leunclavius
1449 2787 1514 2827 ex
1552 2774 1697 2831 aliis.
1739 2778 1850 2829 Au-

281 2869 434 2908 reum
469 2872 627 2926 porro
661 2860 747 2914 hic
780 2861 1006 2931 intelligi
1039 2880 1228 2932 aequus
1255 2865 1425 2919 lector
1463 2882 1675 2920 mecum
1704 2866 1853 2935 judi-

277 2946 445 3010 cabit,
473 2950 560 3017 qui
596 2951 700 3005 vile
733 2952 963 3019 pretium
1015 2956 1328 3023 primicerio
1359 2957 1693 3013 reddendqu
1731 2976 1846 3015 me-

279 3051 401 3091 cum
438 3041 736 3109 negaverit.
762 3041 912 3098 Com
939 3044 961 3115 ,Ι

352 3130 413 3185 Ρ.
451 3132 543 3186 53.
592 3133 976 3204 Ῥογατόρων.
1014 3136 1303 3209 ΒορΜοι-ρι
1355 3148 1483 3195 sunt
1514 3141 1712 3194 milites
1751 3142 1851 3196 sti-

1960 1942 2062 2003 los,
2084 1946 2184 1995 hoc
2207 1942 2426 1996 nomine
2447 1942 2625 2010 primo
2646 1941 2907 1996 rorabant
2930 1940 2990 1993 G;
3006 1938 3123 1999 ieci,
3155 1938 3300 1990 unde
3322 1939 3495 1989 diviso
3515 1950 3545 1989 a

1962 2034 2190 2091 Francis
2218 2046 2272 2089 et
2299 2034 2502 2089 Graecis
2530 2035 2758 2102 imperio
2808 2043 2964 2086 vetus
2989 2031 3334 2101 proverbium
3365 2030 3543 2100 Φράτ-

1959 2139 2053 2175 κον
2087 2122 2240 2192 φίλον
2266 2122 2415 2193 ἔχῃς,
2450 2122 2668 2189 γείτονα
2703 2122 2777 2191 μὴ
2805 2121 2952 2190 ἔχῃς.
3010 2120 3313 2182 Cedrentts,
3350 2129 3460 2172 tum
3492 2121 3543 2171 in

1960 2212 2141 2267 Leone
2194 2212 2381 2268 Isauro
2440 2224 2552 2268 tum
2611 2214 2760 2277 alibi,
2816 2212 2963 2284 ρἧα
3005 2214 3284 2283 Φραγγίας
3337 2214 3543 2274 laudat,

1959 2322 2123 2377 quem
2155 2322 2262 2360 non
2296 2308 2464 2360 alium
2498 2322 2524 2358 a
2572 2302 2906 2377 Francorum
2962 2320 3084 2373 regie
3135 2304 3545 2371 intelligendum

1960 2398 2185 2465 ipsemet
2206 2399 2450 2468 exponit.
2486 2374 2883 2462 Italos.tameu,
2927 2397 3128 2466 Apulos
3166 2406 3219 2449 et
3259 2397 3542 2456 Calabros.

1961 2509 1989 2547 a
2023 2493 2353 2547 Normaunis
2393 2490 2635 2545 Francia:
2672 2490 2886 2559 populis
2927 2500 3098 2547 ortos.
3129 2492 3540 2561 Φράγκουςιιιιιι

1960 2572 2340 2653 inirequeuter
2373 2592 2532 2636 \‘Ol'al
2567 2580 2929 2647 Curopalates
2966 2582 3018 2633 in
3062 2579 3326 2645 Michaele
3382 2579 3541 2632 Para-

1956 2674 2263 2745 piuacio,’el
2278 2673 2499 2730 Nicetes
2518 2674 2800 2734 Manut-lis.
2830 2677 2859 2727 Ι.
2883 2691 2945 2730 ιι.
2966 2674 3248 2744 Φράγγους
3269 2674 3546 2736 Σικελούς.

1959 2755 2511 2836 Germanosparitcr
2539 2770 2608 2821 ita
2640 2769 2812 2824 dictos
2862 2767 3004 2837 apud
3045 2766 3353 2821 Cedrenum
3388 2781 3546 2835 repe-

1962 2862 2070 2917 ries
2099 2863 2151 2915 iu
2193 2862 2415 2917 Basilio.
2461 2862 2682 2915 Latinos
2707 2878 3092 2931 quoscunque,
3118 2871 3175 2915 ut
3204 2872 3252 2917 et
3291 2859 3540 2916 Grrccum

1963 2955 2157 3024 vulgus
2190 2954 2375 3017 hodie,
2419 2954 2491 3007 ita
2523 2962 2809 3020 nuncupat
2856 2954 3010 3007 Anna
3046 2953 3325 3008 Comnena
3355 2954 3391 3008 Ι.
3428 2970 3499 3008 vn
3526 2991 3550 3014 .

1974 3046 2355 3115 Ἐνδοξοτέραν
2389 3055 2570 3100 tamen
2611 3047 2895 3118 Φραγγὶαν
2926 3045 3048 3099 κατ’
3071 3045 3265 3115 ἐξοχὴν
3294 3047 3549 3115 intelligit

1961 3157 2066 3194 ms.
2090 3138 2157 3194 R.
2191 3158 2245 3193 ιι.
2275 3141 2403 3195 290.
2436 3140 2658 3193 Latinos
2682 3156 3039 3210 quoscunque
3062 3156 3127 3195 ac
3157 3140 3391 3195 maxime
3419 3138 3547 3195 Gal-

276 3222 470 3291 pendia
504 3236 792 3289 merentes,
830 3242 859 3281 a
887 3244 1034 3297 roga,
1067 3207 1209 3299 quod
1240 3238 1321 3284 est
1353 3231 1680 3299 stipendium
1742 3232 1855 3284 Ῥο-

1961 3233 2043 3288 los
2097 3233 2185 3286 hic
2220 3242 2549 3286 memoratos
2597 3242 2845 3295 autumo,
2881 3247 3018 3301 quos
3070 3233 3394 3301 αἱμοχαρεῖς
3448 3232 3547 3285 καὶ

276 3319 456 3384 γεύειν
510 3328 593 3373 est
631 3320 892 3389 stipendia
931 3323 1124 3391 facere.
1179 3323 1462 3393 Accipitur
1521 3326 1685 3379 etiam
1724 3326 1860 3393 ρόγα

276 3421 374 3476 pro
390 3411 641 3465 donativo
662 3426 711 3465 et
731 3412 1046 3476 booorario,
1070 3416 1214 3482 quod
1233 3415 1393 3470 alicui
1422 3432 1527 3470 non
1553 3431 1616 3470 ex
1651 3417 1859 3479 debito,

278 3502 371 3555 sed
426 3519 487 3557 ex
550 3507 721 3571 gratia
785 3508 1133 3575 persolvitur.
1177 3508 1417 3563 Snidas:
1461 3509 1626 3577 Ῥόγα
1666 3510 1697 3580 ἡ
1747 3511 1859 3563 τῶν

278 3594 541 3664 βασιλέων
574 3598 847 3650 εὐσέϐεια.
888 3599 1032 3668 Roga
1065 3611 1140 3653 est
1190 3602 1567 3671 imperatorum
1613 3606 1699 3672 pia
1724 3604 1855 3658 libe-

280 3690 467 3742 ralitas
521 3702 569 3744 et
622 3695 1037 3761 magniﬁcentia.
1101 3693 1372 3765 Usurpant
1435 3696 1599 3750 etiam
1654 3698 1856 3754 Latini.

280 3784 509 3838 Misi-vlla
540 3786 761 3839 historia
815 3787 866 3839 in
924 3786 1142 3841 Tiberio
1184 3791 1249 3843 ll:
1302 3789 1464 3842 Duxit
1512 3790 1853 3845 Anastasiam

276 3894 485 3930 uxorem
515 3896 688 3946 suam,
713 3890 761 3933 et
784 3882 1183 3934 coronaviteam
1210 3883 1528 3953 Augustam,
1553 3894 1599 3937 et
1638 3884 1856 3950 iactavit

272 3986 454 4040 rogam
479 3974 724 4025 multam.
750 3973 907 4043 Apud
947 3972 1255 4029 Baldricum
1308 3975 1361 4028 in
1402 3974 1629 4029 historia
1662 3975 1860 4030 Hiero-

273 4066 599 4135 solymitana
630 4075 898 4121 excusant
933 4082 992 4122 se
1022 4067 1222 4124 milites
1270 4069 1447 4123 Alexii
1509 4068 1857 4137 imperatoris

276 4160 360 4214 liis
399 4159 614 4215 verbis:
643 4158 755 4214 Nos
803 4162 859 4215 in
906 4177 1035 4231 roga
1094 4162 1432 4233 imperatoris
1479 4162 1643 4217 locati
1710 4163 1851 4217 nihil

276 4253 421 4306 aliud
458 4257 773 4324 quamquod
805 4255 916 4323 ipse
950 4256 1173 4323 imperat
1205 4255 1383 4324 facere
1416 4272 1715 4323 possumus.
1754 4256 1860 4312 Sed

274 4344 339 4399 de
364 4361 495 4415 roga
528 4347 800 4416 copiosius
829 4362 931 4402 suo
959 4347 1079 4404 loco
1105 4349 1141 4403 Ι.
1180 4362 1264 4417 ιιι,
1312 4364 1457 4404 com.
1489 4364 1539 4403 c.
1573 4349 1606 4403 5
1638 4360 1693 4403 et
1732 4365 1782 4405 c.
1825 4349 1859 4405 9

274 4432 475 4492 Csars.

344 4528 543 4603 [Ῥόγα
565 4530 696 4599 quid
713 4532 805 4596 sit,
830 4547 937 4585 non
958 4532 1202 4599 ignotum
1223 4531 1541 4602 Rigaltium,
1559 4532 1858 4588 Meursium
1896 4562 1939 4617 υ

274 4632 329 4678 et
366 4624 794 4679 eruditissimum
822 4622 1117 4680 Fabrotum
1154 4626 1374 4696 legenti.
1420 4626 1547 4697 Ejus
1585 4626 1858 4681 detinitio-

277 4730 397 4769 nem
447 4731 477 4769 a
506 4716 671 4771 Suida
717 4717 934 4772 allatam
952 4727 1009 4773 et
1040 4734 1070 4773 a
1096 4718 1356 4775 Gretsero
1384 4720 1687 4774 mutilatam
1720 4719 1861 4773 refe.-

277 4824 342 4864 ro
374 4818 427 4863 et
454 4824 689 4879 expono.
723 4811 891 4878 Ῥόγα
925 4812 960 4882 ἡ
991 4812 1101 4864 τῶν
1127 4812 1395 4882 βασιλέων
1456 4812 1713 4865 εὐσέϐεια
1763 4812 1859 4866 καὶ

274 4899 726 4970 φιλοτιμίαλίοςα
741 4912 818 4956 est
833 4903 1208 4971 imperatorum
1224 4902 1393 4970 pietas
1409 4912 1453 4954 et
1472 4900 1855 4969 muniﬁcentia.

275 4990 589 5059 Erogabant
612 4995 973 5056 imperatores
995 4994 1294 5063 quotannis
1339 4992 1407 5047 de
1462 5008 1562 5046 sou
1590 4991 1855 5055 ecclesiis,

277 5084 621 5152 proceribus,
666 5086 954 5152 militibus,
997 5086 1199 5155 populo
1229 5085 1500 5154 stipendia
1526 5094 1579 5139 et
1606 5099 1855 5137 munera.

277 5175 536 5232 Ecclesiis
560 5178 755 5232 collata
791 5178 1065 5242 εὐσέϐεια,
1085 5178 1206 5233 aliis
1244 5177 1668 5247 quibuscunque
1690 5176 1859 5230 dona-

274 5281 329 5324 ta
366 5272 676 5339 φιλοτιμίας
700 5285 898 5324 nomen
923 5279 1334 5340 promerentur.
1363 5268 1621 5323 Ecclesia:
1650 5270 1856 5335 Magna!

272 5363 547 5433 stipendia
571 5363 850 5417 Romanus
867 5364 1111 5432 Argyrus
1139 5364 1309 5416 auxit.
1334 5362 1648 5417 Cedrenus:
1680 5360 1857 5413 Ἐνδέ-

268 5473 439 5509 ουσαν
462 5456 572 5525 γὰρ
591 5454 687 5525 τὴν
724 5454 988 5524 πρόσοδον
1016 5454 1117 5522 τῆς
1170 5455 1430 5523 Μεγάλης
1475 5453 1631 5521 εἰδὼς
1656 5453 1855 5523 ἐκκλη-

271 5548 395 5609 σίας
430 5546 525 5599 at;
553 5548 835 5615 οἰκονόμος
875 5545 1079 5615 ταύτης
1112 5545 1401 5614 γενόμενος
1428 5547 1483 5597 ἐν
1511 5546 1620 5607 τοῖς
1650 5546 1857 5615 ἐμπρο-

268 5639 401 5691 σοεν
454 5638 691 5708 χρόνοις,
724 5639 817 5689 καὶ
848 5636 955 5691 τῶν
993 5636 1168 5690 ἄλλων
1194 5638 1424 5699 ὁπόσαις
1462 5636 1855 5707 ὐπηρετεῖσῡαι

264 5732 393 5795 εοος
432 5732 585 5798 παρὰ
611 5730 703 5781 τοῦ
740 5729 942 5798 ταύτης
968 5729 1197 5801 κλήρου,
1240 5730 1571 5800 ὀγδοήκοντα
1626 5729 1852 5799 χρυσίου

259 5824 454 5896 λίτρας
491 5824 599 5878 ἀνὰ
631 5822 738 5877 πᾶν
773 5821 892 5885 ἓτος
920 5822 1279 5892 χορηγεῖσθαι
1301 5821 1510 5885 τούτοις
1532 5820 1852 5876 τετύπωκεν

1965 3325 2328 3394 πολεμικούς,
2381 3340 2445 3378 ac
2502 3326 2698 3378 iterum
2751 3324 3003 3387 δυτικοὺς
3061 3325 3359 3393 Φράγγςυφ
3386 3335 3547 3380 went

1962 3417 2159 3471 citatus
2190 3416 2565 3486 Curopalatcs.
2600 3416 2801 3488 Genu]

2032 3508 2094 3563 P.
2129 3511 2220 3565 54.
2258 3510 2415 3575 Quod
2452 3509 2584 3563 dicit
2610 3510 2937 3579 Curopalata
2978 3510 3239 3570 Codiuus.
3267 3508 3550 3577 curopala-

1962 3608 2031 3652 tce
2065 3599 2326 3664 oliicium,
2362 3616 2471 3669 quo
2507 3601 2635 3654 olim
2680 3601 3031 3669 fungebatur,
3069 3602 3238 3656 fuisse
3273 3616 3374 3655 suo
3413 3610 3549 3655 tem-

1960 3709 2093 3762 pore
2121 3693 2481 3763 incognitum,
2516 3693 2569 3748 id
2604 3694 2834 3749 miratur
2898 3695 3195 3762 Meursius,
3242 3696 3458 3765 sibique
3494 3695 3546 3749 id

1961 3795 2068 3837 tam
2105 3786 2263 3855 longe
2311 3786 2470 3840 acuis
2502 3785 2701 3841 dissito
2732 3788 3010 3856 cognitum
3040 3789 3353 3856 proﬁtetur,
3384 3787 3550 3857 idque

1959 3894 2029 3932 ex
2069 3878 2300 3948 Evagrio
2328 3895 2390 3947 qv,
2435 3879 2454 3930 1
2485 3898 2498 3933 :
2532 3880 2644 3947 Τὴν
2680 3879 2926 3949 φυλακὴν
2969 3884 3067 3948 τῆς
3094 3880 3266 3946 αὐλῆς
3308 3882 3549 3950 ἐμπεπι-

1963 3968 2286 4042 στέυμένος,
2307 3972 2367 4027 ὃν
2386 3973 2808 4043 κουροπαλάτην
2831 3974 3171 4043 ἡῬωμαῑων
3193 3973 3341 4041 λέγει
3371 3975 3546 4043 φωνή.

1964 4065 2137 4121 liabet
2163 4065 2327 4120 etiam
2360 4065 2482 4120 aula
2506 4064 2836 4121 Theoderici
2861 4064 3189 4120 Gottborum
3216 4065 3360 4135 regis
3388 4081 3552 4120 curo-

1962 4158 2228 4229 palatam,
2264 4158 2329 4212 ad
2364 4173 2527 4228 quem
2570 4166 2749 4213 exstat
2779 4156 3014 4213 formula
3046 4158 3084 4213 l.
3134 4173 3209 4211 vu
3260 4155 3544 4212 Variarum

1962 4250 2282 4306 Cassiodori
2314 4267 2329 4316 ;
2364 4265 2528 4320 quem
2557 4249 2629 4304 ita
2662 4249 2927 4311 describit
2952 4257 3009 4303 ut
3043 4249 3178 4303 nihil
3202 4249 3348 4303 aliud
3380 4248 3547 4304 fuisse

1959 4344 2217 4398 videatur
2252 4358 2418 4415 quam
2477 4358 2730 4399 summus
2759 4343 3188 4398 architectorum
3220 4351 3276 4397 et
3313 4337 3550 4398 arclrité-

1958 4433 2190 4487 ctoniere
2248 4432 2565 4503 praefectus,
2628 4433 2723 4487 der
2778 4434 3328 4501 oberstobaumeister,
3382 4450 3546 4490 aurea

1968 4525 2118 4594 virga
2153 4524 2405 4580 decorus.
2438 4524 2646 4581 (Iners.

2036 4616 2121 4670 Ib.
2149 4616 2564 4689 [Μολυϐδίνης
2580 4617 2841 4686 comm.
2875 4617 2949 4674 De
2975 4616 3149 4674 cereis
3172 4617 3337 4673 bullis
3359 4633 3549 4687 supra,

1964 4707 2055 4760 ubi
2080 4706 2147 4760 de
2182 4707 2560 4777 cbrysobullo.
2588 4707 2663 4763 De
2686 4709 2942 4779 plumbea
2967 4709 3146 4763 locum
3174 4708 3379 4777 profert
3400 4707 3552 4761 Luit-

1962 4800 2230 4869 prandus,
2285 4800 2377 4854 ubi
2424 4815 2633 4856 merces
2688 4816 2718 4856 e
2753 4811 2915 4872 portu
2953 4801 3258 4857 ell'ereodas
3304 4801 3550 4869 plumbea

1961 4891 2312 4962 imperatoris
2345 4893 2492 4947 bulla
2519 4903 2733 4949 notatas
2763 4894 2961 4950 asserit
2986 4894 3039 4947 in
3068 4893 3366 4963 legatione.

2032 4986 2120 5039 Ib.
2154 4986 2345 5061 [Φέρει
2394 4988 2509 5057 τὴν
2547 4987 2655 5041 τοῦ
2680 4985 2989 5051 ,βασιλέως
3026 4985 3294 5051 σπάθην.
3351 4983 3405 5039 Id
3469 4985 3545 5040 iiii

1962 5083 2221 5153 primitus
2251 5098 2315 5136 ex
2338 5081 2521 5137 officio
2547 5095 2873 5135 concessum
2902 5079 3116 5132 videtur
3145 5094 3175 5133 a
3213 5076 3549 5150 Theophane

1962 5176 2015 5229 in
2064 5174 2325 5229 Micliaele
2382 5172 2710 5241 Theophili:
2778 5171 2837 5224 '0
2870 5170 3153 5234 Βασίλειος
3218 5173 3548 5241 περιεπάτει

1961 5269 2147 5338 φορῶν
2186 5266 2612 5336 σκαραμάγγιον
2673 5264 2813 5334 μετὰ
2848 5264 3109 5331 σπαθίου,
3156 5266 3232 5329 ὡς
3262 5266 3384 5329 ἔθος
3433 5268 3549 5331 τοῖς

1960 5356 2515 5430 παρακοιμωμένοις,
2551 5355 2705 5411 Sacri
2740 5356 2979 5412 cubiculi
3027 5359 3377 5428 praepositum
3427 5361 3550 5428 plu-

1959 5452 2154 5506 vialem
2190 5450 2537 5520 imperatoris
2570 5460 2777 5505 vestem
2806 5450 3073 5507 imbribus
3123 5462 3176 5506 et
3201 5451 3390 5524 frigori
3426 5467 3549 5522 pro-

1958 5544 2241 5614 pulsandis
2270 5543 2317 5598 ei
2351 5541 2686 5600 olferendam
2727 5544 2914 5601 tulisse
2960 5546 3120 5600 docet
3152 5544 3543 5599 Leunelavius.

1962 5636 2159 5709 Ceam]

2035 5728 2119 5783 Ib.
2150 5729 2379 5783 Miratur
2412 5728 2610 5783 iterum
2666 5728 2937 5785 Meursius
2973 5727 3334 5799 ignorantiam
3376 5724 3539 5779 Codi-

1960 5821 2039 5889 ni,
2097 5822 2242 5894 quod
2288 5820 2578 5891 logotbcttn
2637 5822 2905 5890 generalis
2962 5833 3161 5873 munus
3200 5817 3539 5887 incognitum
