4064 6426
461 338 566 406 291

1561 345 1640 406 IN
1690 345 1997 407 LIBRUM
2038 344 2136 405 DE
2178 341 2506 406 OFFICIIS
2565 346 2670 408 Ci‘.

3641 347 3748 412 292

463 459 634 514 fuisse
660 459 886 526 scribat;
914 457 1082 514 fuisse
1113 461 1259 515 enim
1281 461 1592 532 praete-tum
1614 465 1791 519 terarii
1815 480 2046 534 genera-
2077 466 2122 524 Α
2155 463 2287 518 riten
2319 464 2414 518 hoc
2443 482 2616 535 posse,
2681 464 2776 520 sed
2829 464 2970 520 inter
3023 480 3216 521 onmes
3263 468 3742 536 protovestiariten

401 589 416 606 .
462 549 554 602 lis.
586 549 690 603 Sed
718 550 877 604 liceat
903 550 1115 605 Codino
1137 554 1270 606 citra
1302 557 2044 626 repreliensionemqttmdattt

459 641 734 709 ignorare,
753 642 1194 711 quandoquidem
1217 645 1674 702 Meursiusomnia
1692 649 1814 704 scit.
1838 650 2042 706 One-rs.

535 731 619 786 Ib.
669 731 971 805 [KsJJlor.
1011 735 1083 790 Ut
1124 739 1400 804 monachi,
1459 740 1530 793 ita
1572 752 1623 794 et
1678 743 1940 813 episcopi,
1990 745 2042 800 in

455 824 658 891 quibus
694 837 1050 880 versarentur
1083 829 1248 894 aedes,
1290 846 1558 888 vocavere
1604 835 1816 890 milia.
1850 835 2043 892 lsaacii

452 909 644 985 Angcli
683 916 905 972 Novella
931 919 1082 977 Jttris
1105 922 1199 976 Gr.
1237 938 1286 992 p.
1329 925 1466 980 172:
1515 929 1931 1001 Ἀπεστάλησαν
1960 933 2041 995 εἰς

450 1010 519 1062 ea
543 1011 599 1062 ὲν
623 1005 704 1074 οἷς
734 1013 1036 1082 καταμένει
1076 1017 1268 1070 κελλία.
1292 1019 1319 1070 6
1353 1019 1616 1082 Κυζίκου.
1647 1021 1712 1074 ΕΙ,
1745 1021 1920 1077 inira:
1951 1019 2040 1076 Ei-

453 1124 554 1158 πον
601 1109 676 1177 μὴ
731 1110 988 1179 ἐξευρεῖν
1048 1114 1214 1167 αὐτδν
1272 1113 1329 1164 ὲν
1385 1119 1498 1177 τοῖς
1556 1116 1724 1170 αὐτοῦ
1781 1119 2035 1183 κελλῐοις.

450 1195 804 1263 Patriarchai,
839 1211 949 1255 ute
997 1205 1350 1260 monasteriis
1401 1209 1688 1276 assumpti,
1748 1210 1910 1264 etiam
1978 1213 2032 1267 in

449 1293 784 1359 patriarchio
824 1293 1032 1356 cellam,
1081 1298 1142 1347 τὸ
1195 1299 1429 1365 χελλεον,
1499 1310 1636 1356 teste
1698 1301 2035 1376 Ettchologio

453 1391 663 1445 nostro,
720 1395 1064 1452 repererunt.
1124 1387 1344 1458 ipsique
1402 1392 1620 1446 tandem
1674 1393 2034 1464 imperatores

446 1474 947 1529 ecclesiasticorum
975 1493 1183 1532 tuorum
1210 1482 1418 1547 annuli,
1459 1483 1527 1540 de
1553 1501 1661 1555 quo
1687 1497 1812 1542 nota
1853 1490 2028 1558 prima

445 1565 503 1618 in
533 1564 879 1634 Cur-opalatte
906 1569 1192 1625 historiam
1249 1573 1496 1640 disserit,
1525 1577 1580 1630 in
1629 1578 1830 1647 palatio
1861 1596 2031 1649 angu-

443 1665 582 1712 stant
641 1659 745 1713 sibi
809 1663 1107 1718 condidere
1161 1666 1386 1730 cellam,
1455 1671 1508 1724 in
1567 1687 1729 1740 quam
1789 1676 2025 1730 tumultu

443 1750 786 1816 negotio-um
848 1755 1016 1824 erepti
1078 1771 1137 1811 se
1197 1761 1537 1828 reciperent.
1591 1763 1647 1817 In
1713 1765 2024 1833 huiusmodi

439 1845 740 1911 penetrale,
772 1856 916 1900 retro
933 1849 1244 1904 cubiculum
1269 1853 1498 1907 interius
1518 1858 1778 1923 positum,
1802 1860 2032 1915 secessit

439 1935 510 1991 ab
543 1937 734 1992 amicis
771 1942 1013 1996 ntonitns
1064 1943 1408 2000 Andronicus
1441 1951 1648 2013 senior,
1687 1966 1753 2005 ne
1782 1953 1914 2020 quid
1971 1955 2025 2010 in

437 2043 561 2080 eum
597 2031 924 2086 molirentur
950 2033 1186 2100 junioris
1221 2035 1464 2093 fautores
1522 2041 1576 2094 in
1627 2045 1901 2101 exteriore
1931 2049 2029 2101 tri-

436 2117 602 2174 elin'o
633 2130 840 2175 stantes
866 2139 880 2180 :
909 2124 1132 2176 Τούτων
1169 2126 1413 2191 ἀκούσας
1455 2131 1482 2181 ὁ
1510 2129 1768 2199 βασιλεὺς
1823 2135 2022 2204 ἀνέστη

433 2227 496 2264 τε
533 2213 733 2267 αὐτίκα
753 2215 849 2267 τοῦ
883 2215 1075 2286 θρόνου
1111 2221 1204 2272 καὶ
1236 2222 1373 2290 πρὸς
1425 2222 1518 2274 τὸν
1554 2225 1832 2295 ἐνδότερον
1882 2229 2022 2282 οἰκι-

437 2317 571 2353 σκον
608 2303 828 2373 ἐχώρει,
871 2307 964 2358 τὸν
1023 2307 1144 2360 νέον
1187 2309 1414 2379 βατι>.ἐα
1478 2317 1594 2376 τοῖς
1642 2317 2023 2389 ἀκροωμένοις

434 2393 553 2461 ἃμα
584 2397 740 2466 παρὰ
775 2397 864 2449 τὸν
891 2398 998 2462 ἔξω
1045 2402 1386 2458 καταλιπών.
1418 2404 1496 2460 ita
1519 2406 2020 2478 Cantacnzenus,l.

434 2502 472 2545 ι.
502 2503 550 2541 c.
592 2488 698 2552 15;
734 2497 789 2542 at
829 2507 879 2543 e.
915 2492 946 2544 5
977 2508 1080 2545 non
1119 2495 1300 2550 minus
1335 2509 1622 2565 angustam
1656 2518 1818 2572 quam
1852 2521 2020 2574 augu-

430 2587 570 2629 stam
603 2578 870 2648 depingit,
917 2582 1054 2634 adeo
1110 2594 1169 2636 ut
1228 2583 1450 2653 juvenis
1484 2588 1780 2656 imperator
1831 2595 2018 2650 εἰσιὼν

427 2669 526 2721 τοῦ
575 2671 827 2723 οἰκίσκον
860 2672 958 2742 τὴν
1005 2673 1196 2743 Οὐραν,
1230 2670 1354 2746 ἐνῷ
1386 2679 1633 2749 καθῆστο
1691 2689 1939 2756 συνήθως
1990 2694 2016 2746 ὁ

429 2763 705 2832 βασιλεύς,
741 2769 1054 2822 stemmatis
1085 2770 1136 2822 in
1163 2772 1338 2839 capite
1369 2775 1529 2840 positi
1562 2764 1769 2846 la'pides
1803 2783 1869 2838 ad
1922 2801 2016 2840 su-

427 2853 779 2919 perlimioaie
813 2859 1032 2912 nescius
1061 2861 1311 2915 alliserit.
1353 2863 1425 2918 De
1449 2868 1674 2924 cel/iotis
1708 2873 1822 2927 sive
1860 2875 2016 2930 cubi-

419 2946 650 3000 coluriis
677 2964 702 2999 a
737 2949 870 3002 cella
903 2951 1062 3006 dictis
1095 2955 1208 3022 agit
1244 2952 1540 3021 Phranzcs,
1577 2977 1636 3025 tt,
1675 2964 1724 3016 Ι.

2151 555 2367 626 πρῶτον
2410 558 2646 626 primum
2679 566 3009 612 anteomnes
3049 575 3170 614 esse
3191 557 3277 612 cui
3303 558 3616 626 imperatori
3641 563 3745 612 ali-

2150 648 2278 716 quid
2307 648 2359 701 in
2383 651 2653 718 parastasi
2675 649 3124 720 proponendijus
3143 660 3195 704 et
3215 650 3444 706 facultas
3463 662 3740 722 suppetat.

2231 739 2336 793 Sed
2363 747 2419 791 ut
2443 741 2510 792 ad
2529 741 3034 809 apocrisiariuinvel
3054 741 3451 810 apocrisarium
3473 742 3676 796 dictum
3703 760 3735 797 a

2149 831 2423 899 responsis
2446 842 2898 896 revertamur,est
2916 834 3287 887 internuntius
3303 848 3627 903 responsum
3652 835 3732 889 fe-

2145 936 2271 976 rens
2288 932 2382 974 aut
2410 922 2706 990 accipiens,
2734 932 2887 977 etest
2911 922 3137 991 legatus
3157 923 3238 975 vel
3259 933 3581 990 procurator
3598 939 3732 978 con-

2146 1008 2360 1062 ficiendi
2395 1010 2629 1079 alicujus
2661 1009 2862 1079 negotii
2886 1025 3050 1065 causa
3068 1011 3290 1065 missus.
3315 1010 3372 1064 In
3401 1013 3648 1079 epistolis
3671 1015 3729 1068 S.

2140 1098 2435 1171 Gregorius
2454 1101 2682 1170 Magnus
2701 1114 2749 1156 et
2779 1104 2868 1157 alii
2891 1101 3123 1157 Romani
3144 1105 3426 1172 pontiﬁces
3452 1105 3732 1172 apocrisa-

2139 1194 2341 1246 riorunt
2361 1205 2415 1248 et
2441 1198 2828 1266 responsalium
2855 1197 3058 1266 passim
3094 1197 3414 1251 meminere.
3447 1197 3728 1264 Originem

2139 1285 2302 1340 habet
2337 1302 2441 1340 vox
2474 1287 2693 1341 ἀπὸτοῦ
2718 1289 3115 1360 ᾲποκρῖνομαι,
3138 1288 3283 1358 quod
3315 1299 3397 1341 est
3421 1303 3730 1356 responsum

2137 1377 2285 1430 dare.
2323 1374 2493 1433 Hodie
2528 1391 2684 1448 reges
2713 1388 2767 1433 et
2808 1380 3088 1448 principes
3114 1381 3164 1432 itt
3199 1381 3324 1433 aula
3356 1379 3633 1447 pontiﬁcis
3676 1389 3731 1433 et.

2135 1469 2368 1524 διιᾶσι-ατη
2402 1487 2587 1541 regum
2615 1487 2745 1526 suos
2773 1473 2974 1526 habent
3008 1472 3230 1541 legatos,
3256 1473 3349 1542 qui
3372 1487 3560 1527 revera
3598 1484 3727 1526 sunt

2135 1565 2474 1632 aporrisarii,
2546 1566 2827 1636 responsis
2884 1566 3124 1621 ferendis
3159 1576 3214 1622 et
3247 1566 3581 1636 accipiendis
3628 1566 3728 1620 de-

2131 1659 2340 1734 stinati.
2368 1657 2508 1712 Olim
2537 1659 2781 1713 Ecclesia
2832 1659 3074 1712 Romana
3102 1661 3155 1712 in
3183 1658 3467 1727 Cpolitana
3494 1657 3728 1714 habebat

2134 1764 2297 1802 suum
2358 1751 2778 1819 apocrisiarium
2810 1766 2906 1806 seu
2944 1752 3341 1819 responsalem,
3379 1751 3470 1822 qui
3503 1753 3557 1803 in
3598 1751 3722 1802 aula

2067 1815 2106 1868 Β
2139 1839 2486 1908 imperatoris
2543 1841 2789 1894 residens
2847 1856 2934 1894 res
2974 1840 3234 1894 Ecclesiae
3296 1841 3563 1902 curabat,
3615 1857 3726 1909 quo

2137 1945 2366 1984 munere
2417 1931 2547 1984 olim
2605 1930 2660 1984 in
2693 1931 2816 1984 aula
2856 1929 3150 1984 Iustiniani
3212 1930 3430 1983 iunctus
3477 1939 3560 1982 est
3595 1938 3722 1982 ante

2137 2021 2511 2091 pontificatum
2533 2020 2590 2077 S.
2618 2020 2920 2093 Gregorius
2944 2022 3192 2092 Magnus.
3217 2020 3280 2074 Et
3309 2023 3360 2075 in
3387 2022 3509 2074 aula
3533 2037 3723 2091 regum

2133 2111 2384 2169 Francia:
2407 2126 2703 2185 perpetuus
2725 2125 2843 2169 erat
2863 2115 3280 2184 apocrisiarius,
3307 2116 3358 2169 id
3380 2125 3464 2170 est
3491 2129 3722 2183 respou-

2133 2207 2268 2262 salis
2287 2209 2630 2278 negotiorum
2648 2208 3174 2264 ccclesiasticomm.
3192 2207 3540 2273 llincmarus,
3557 2208 3720 2276 epist.

2131 2300 2186 2362 3,
2212 2315 2262 2353 c.
2309 2299 2374 2353 15
2399 2311 2453 2352 et
2489 2300 2590 2354 H:
2622 2299 2846 2364 Quando
2866 2299 3262 2366 :Constantinus
3296 2314 3520 2368 magnus
3553 2298 3724 2364 impc-

2130 2404 2282 2446 rator
2301 2390 2636 2446 Christianus
2658 2391 2872 2460 effectus
2901 2401 3360 2460 propteramorem
3389 2399 3435 2442 et
3467 2390 3722 2442 honorem

2129 2484 2228 2540 SS.
2283 2486 2645 2553 apostolorum
2684 2486 2830 2538 Petri
2847 2496 2894 2539 et
2928 2483 3112 2549 I’auli,
3143 2483 3720 2553 quorumdoctrinaﬁc

2129 2577 2423 2627 ministerio
2453 2581 2521 2627 ad
2547 2575 2745 2628 Christi
2774 2574 3003 2643 gratiam
3023 2573 3361 2642 baptismatis
3391 2573 3720 2626 sacramenti

2125 2665 2377 2730 peruenit,
2414 2663 2582 2715 locum
2618 2672 2668 2715 et
2693 2665 2863 2716 sedem
2898 2679 3075 2726 suam,
3119 2664 3300 2717 urbem
3343 2665 3548 2716 scilicet
3601 2661 3718 2716 Ro-

2127 2771 2359 2820 manam,
2395 2771 2547 2824 papa!
2591 2753 2846 2809 Silrestro
2873 2756 3044 2808 edicto
3084 2755 3343 2825 privilegii
3381 2756 3627 2818 tradidit,
3665 2767 3714 2808 et

2122 2850 2298 2900 sedem
2347 2864 2502 2899 suam
2543 2847 2596 2900 in
2625 2850 2834 2901 ciuitate
2865 2863 2983 2910 sua,
3017 2863 3134 2916 qua:
3181 2857 3339 2900 antea
3388 2847 3718 2917 Byzantium

2123 2939 2430 3004 vocabatur,
2463 2941 2688 2994 nominis
2723 2942 2806 2994 sui
2835 2941 3100 2993 civitatem
3138 2941 3446 3009 amplianda
3471 2942 3716 3009 adiﬁca-

491 3039 654 3109 262
692 3039 748 3096 Ρ.
775 3043 863 3095 35.
895 3043 1046 3116 [Ἵνα
1073 3046 1491 3121 δημηγορήσῃ.
1519 3052 1690 3112 Verba
1727 3056 1905 3115 fecere
1940 3064 2004 3119 de

2114 3033 2203 3095 vit,
2229 3043 2278 3085 et
2309 3034 2388 3087 sic
2423 3032 2755 3101 responsales
2801 3042 2907 3085 tant
2958 3031 3209 3086 Romana:
3260 3035 3398 3087 sedis
3440 3051 3600 3103 quant
3659 3049 3715 3091 et

416 3131 585 3187 rebus
609 3135 784 3190 sacris
822 3137 888 3190 ad
918 3150 1170 3194 senatum
1230 3153 1278 3198 et
1333 3151 1590 3213 populum
1643 3150 2009 3220 imperatores

414 3221 1040 3315 Grmei.‘Tlteophanes,
1071 3231 1376 3301 Cedrenns,
1410 3235 1650 3294 Zonaras
1693 3251 1800 3296 tam
1855 3248 2002 3315 gravi

415 3297 925 3385 morbo'jaetatunt
960 3320 1196 3377 Leonem
1255 3325 1567 3396 Sapientem
1621 3297 1887 3404 referunt:
1926 3339 2004 3402 ὡς

417 3406 828 3500 μὴᾷδννηθῆναι
860 3412 1218 3484 διαλεχθῆναι
1244 3419 1307 3487 τῇ
1350 3421 1642 3494 συγκλήτῳ
1672 3427 1770 3497 τὴν
1798 3430 2002 3500 συνήθη

411 3497 675 3563 διάλεξιν,
701 3501 734 3569 ἢ
769 3503 1020 3556 καλεῖται
1068 3506 1354 3562 σιλέντιον.
1386 3507 1741 3570 Recuduntur
1775 3520 1841 3572 ah
1869 3497 2008 3574 arui-'-

411 3605 480 3645 co
505 3591 800 3660 Comhetis,
835 3611 978 3661 quos
1009 3598 1075 3652 de
1112 3600 1348 3676 Christo,
1378 3604 1442 3658 d3
1472 3605 1530 3661 Β.
1582 3608 1644 3664 V.
1682 3613 1743 3663 de
1800 3617 2008 3671 sanctis

411 3680 596 3749 plures
630 3699 852 3754 vegetus
893 3689 1274 3756 pronuntiarit
1336 3708 1643 3753 sermones.
1697 3701 2008 3760 Alexander

413 3772 574 3843 hujus
603 3774 806 3832 Leonis
858 3779 1046 3848 frater,
1099 3783 1368 3838 referente
1421 3789 1696 3855 (Iedreno,
1749 3795 1867 3864 ἅμα
1908 3799 2008 3851 Νυε

409 3867 592 3939 κολᾶῳ
616 3871 907 3936 καθεσθεὶς
936 3877 994 3927 ὲν
1020 3881 1085 3948 τῇ
1109 3877 1442 3953 Μαγναύρξι,
1471 3885 1745 3941 σῦιεντῐου
1779 3895 2009 3962 γενομέ-

409 3962 656 4050 vastata
694 3964 975 4034 Εὑθυμέου
1039 3971 1363 4042 καθαίρεσιν
1411 3977 1730 4047 ἐποιήσατο.
1793 3983 2004 4042 Manno]

405 4051 744 4119 Coomenus,
767 4059 952 4114 Hiceta
983 4063 1246 4132 scriptore
1265 4065 1314 4118 in
1343 4067 1462 4136 ejus
1483 4067 1626 4134 Vita,
1653 4072 1687 4128 Ι.
1715 4089 1810 4141 vn,
1837 4093 2004 4147 uari;-

405 4147 704 4217 χητηρίους
735 4153 891 4204 (bow:
928 4152 1143 4221 λόγους,
1192 4155 1291 4222 οὓς
1348 4177 1482 4225 φασι
1533 4162 1893 4230 militumad:
1926 4173 2006 4235 ei;

401 4240 592 4309 κοινὴν
614 4243 920 4295 ἀνέπτυσεν
955 4246 1156 4316 ἀκοήν.
1189 4248 1263 4302 De
1295 4248 1474 4304 Leone
1501 4255 1764 4310 Armenio
1800 4261 2009 4316 dixerat

404 4331 562 4398 prius
594 4331 774 4387 brevis
805 4343 858 4387 et
889 4337 1116 4390 mutilus
1145 4340 1497 4396 continttator
1531 4343 1904 4416 Theophanis,
1939 4353 1999 4405 τὸ

404 4422 552 4491 πρωῒ
588 4425 848 4494 ἐποίησεν
877 4427 1141 4481 σιλέντιον
1163 4431 1190 4481 ὁ
1219 4432 1334 4494 υἱὸς
1360 4435 1458 4502 τῆς
1503 4437 1731 4505 diabeten
1767 4477 1781 4493 .
1817 4441 1993 4496 Idcir-

398 4529 466 4566 co
499 4513 720 4567 domum
753 4515 932 4585 ignem
967 4517 1391 4587 imperatoribus
1419 4525 1753 4586 Christianis
1799 4537 1992 4602 praela-

401 4616 518 4659 tum
553 4607 752 4662 asserit
803 4607 1094 4665 Balsamon
1129 4614 1276 4682 quod
1327 4616 1550 4686 λαμπὰς
1602 4621 1990 4682 διδασκαλικοῦ

398 4698 553 4749 ἐςτιν
573 4696 906 4768 ἀξιώματος,
937 4709 992 4754 et
1022 4703 1428 4776 αὐτοκράτορες
1451 4714 1837 4782 κατηχητικῶς
1861 4720 1990 4788 ὀμι-

399 4788 553 4840 λοῦςι
584 4789 658 4859 τῷ
693 4790 1080 4864 Χριστωνύμῳ
1109 4793 1243 4865 λαῷ.

457 4877 541 4931 Ib.
567 4877 970 4952 [Εὐεργετήσῃ
997 4885 1302 4954 ὀφρἱιον.
1320 4886 1396 4944 ita
1416 4891 1728 4949 Cotnnenus
1743 4896 1989 4963 Alexitts,

399 4982 539 5026 teste
575 4973 681 5027 filia
715 4975 836 5044 ejus
865 4974 1002 5031 Vitae
1033 4979 1072 5033 l.
1096 4994 1134 5045 ι,
1155 4980 1212 5032 τὺ
1248 4983 1418 5053 γέρας
1445 4985 1688 5039 ἀπέλαϐε
1720 4993 1870 5060 ποιρὰ
1892 4991 1987 5045 τοῦ

395 5065 800 5136 αὐτοκράτορος
831 5069 927 5142 τὴν
941 5071 1035 5124 τοῦ
1061 5073 1326 5128 σεϐαστοῦ
1348 5077 1504 5141 ἀξίαν
1531 5080 1796 5142 deﬁciatis;
1818 5085 1990 5156 ἀναῤ-

399 5156 586 5226 pollet;
636 5160 700 5211 ἐκ
723 5162 894 5230 μέσης
918 5165 1248 5237 συγκλήτου.
1275 5167 1470 5241 ϐολῇ]

468 5248 556 5304 1b.
605 5253 1021 5321 Apocrisiarius.
1058 5258 1152 5313 Esi.
1206 5263 1293 5316 hic
1329 5264 1561 5334 legatus,
1615 5267 1705 5335 qui
1758 5268 1985 5326 alterius

397 5343 519 5396 loco
545 5344 859 5414 imperatori
889 5348 1095 5418 aliquid
1133 5355 1424 5422 proponit;
1457 5357 1603 5424 quod
1636 5369 1815 5414 tamen
1844 5377 1981 5414 non-

397 5435 504 5489 nisi
532 5453 627 5506 per
665 5443 1171 5512 protovestiariten,
1207 5457 1261 5500 et
1321 5447 1423 5503 hoc
1471 5453 1697 5508 absente
1734 5471 1830 5522 per
1872 5471 1986 5509 ma-

395 5541 562 5597 gnum
600 5531 1039 5598 ltetteriareham,
1066 5547 1116 5590 et
1147 5537 1249 5592 hoc
1277 5539 1464 5616 itidem
1493 5544 1716 5598 absente
1747 5563 1842 5612 per
1873 5538 1985 5616 pri.-

396 5621 682 5676 miceriunt
718 5625 856 5678 stulte
901 5627 1016 5680 fieri
1075 5639 1305 5696 poterat.
1356 5615 1502 5687 Cave
1541 5647 1721 5690 autem
1780 5656 1847 5693 ne
1876 5615 1980 5695 iob

393 5713 806 5783 ambiguitatem
834 5717 1007 5773 ϐιτυυὶ
1035 5731 1217 5775 tcvtus
1243 5725 1476 5791 primum
1502 5714 1974 5795 protaécsliaritcn

390 5820 567 5863 crees.
599 5806 718 5864 Non
740 5812 883 5866 enim
911 5814 997 5870 hic
1028 5830 1344 5888 sensusest,
1371 5823 1601 5887 primum
1632 5829 1977 5881 motor-estia-

2107 3127 2341 3180 aliarum
2377 3127 2768 3196 prwcipuarum
2792 3127 2994 3180 sedium
3019 3128 3072 3180 in
3106 3129 3311 3195 palatio
3332 3144 3428 3197 pro
3463 3129 3710 3182 ecclesia-

2108 3219 2258 3272 Sticis
2295 3222 2515 3288 negotiis
2549 3218 2919 3283 excubabant;
2952 3219 3243 3288 aliquando
3297 3235 3388 3288 per
3415 3221 3712 3289 episcopos,

2109 3314 2402 3382 aliquando
2435 3329 2554 3366 vero
2587 3328 2680 3382 per
2742 3313 2996 3366 diaconos
3059 3313 3354 3379 apostolica
3409 3315 3558 3368 sedes
3609 3315 3713 3367 Itoc

2109 3406 2276 3475 o/ﬁt-io
2307 3404 2662 3475 fungebatur;
2685 3421 2787 3474 quo
2810 3405 2988 3473 ofﬁcio
3008 3404 3072 3458 Β.
3100 3405 3384 3475 Gregorius
3423 3407 3475 3459 in
3493 3407 3711 3472 diaconi

2110 3499 2293 3553 ordine
2321 3500 2534 3568 functus
2571 3499 2674 3568 fuit
2701 3516 2719 3564 ;
2750 3499 2911 3569 263
2944 3510 2990 3553 et
3021 3516 3087 3553 ea:
3110 3500 3230 3552 aliis
3252 3502 3535 3571 prtccipttis
3568 3503 3712 3555 sedf-

2111 3595 2204 3646 bus
2241 3609 2332 3661 per
2359 3594 2612 3644 diaconos
2647 3593 2700 3644 id
2739 3593 2976 3660 Olﬁt‘ittttt
3010 3592 3416 3662 exsequebatur,
3445 3599 3580 3647 sicut
3614 3612 3712 3646 sa-

2111 3687 2189 3740 cri
2217 3703 2442 3740 canones
2463 3687 2672 3756 jubent.
2728 3684 2794 3738 Et
2830 3687 2884 3739 in
2915 3686 2994 3740 Itis
3041 3687 3332 3755 Cisalpinis
3376 3687 3704 3757 regionibus,

2111 3787 2391 3847 postquam
2448 3776 2777 3829 llludovicus
2810 3777 3190 3844 prtctticatione
3249 3775 3308 3830 S.
3372 3775 3602 3847 Remigii
3633 3780 3705 3830 ad

2110 3870 2380 3925 Christum
2434 3885 2713 3924 co:.versus
2750 3882 2796 3923 et
2844 3869 2908 3922 ab
2942 3871 3054 3938 ipso
3089 3886 3209 3923 cum
3249 3870 3419 3923 tribus
3464 3872 3702 3925 millibus

2112 3963 2449 4016 Francorum
2484 3963 2538 4016 in
2580 3964 2756 4034 vigilia
2780 3963 2838 4017 S.
2890 3961 3114 4018 I’ascltte
3145 3965 3442 4034 baptizatus
3474 3967 3699 4029 exstitit,

2110 4075 2204 4128 per
2231 4058 2584 4111 successiones
2658 4074 2838 4126 requnt
2899 4056 2957 4112 S.
2992 4059 3222 4128 episc0pi
3271 4074 3336 4112 ex
3374 4061 3486 4113 suis
3556 4062 3726 4124 sedis

2112 4153 2206 4205 bus
2231 4162 2280 4206 et
2313 4161 2544 4221 tempore
2571 4151 2889 4222 competenti
2935 4150 3198 4219 palatium
3241 4153 3513 4206 visitantes
3545 4155 3698 4207 ricis-

2112 4247 2210 4300 sint
2240 4247 2376 4298 lianc
2405 4245 2929 4298 administrationem
2950 4247 3345 4314 disposuerunt.
3404 4246 3464 4299 Et
3505 4263 3554 4300 c.
3592 4247 3697 4301 16:

2113 4339 2511 4407 Apocrisiarius
2559 4348 2758 4399 autem,
2814 4353 2966 4407 quem
3028 4350 3292 4392 nostrates
3357 4339 3696 4407 carietlanunt

2096 4431 2178 4486 vel
2213 4430 2408 4500 palatii
2437 4431 2704 4482 custodem
2733 4430 3022 4499 ap;.ellan't,
3065 4432 3482 4484 omnemclt-runt
3501 4431 3693 4499 palatii

2096 4524 2188 4577 sub
2215 4539 2343 4576 cura
2368 4535 2415 4576 et
2442 4522 2792 4592 dispositione
2828 4541 2925 4575 sua
2975 4530 3206 4593 rcqcbat.
3243 4523 3386 4576 Intra
3416 4539 3466 4576 c.
3513 4525 3600 4585 i9,
3639 4534 3692 4577 t-t

2093 4616 2196 4672 20:
2235 4615 2282 4669 E
2305 4617 2490 4686 quibus
2523 4617 2782 4682 prwcipue
2809 4616 2934 4681 duo,
2955 4615 3009 4669 id
3041 4625 3118 4669 est
3163 4615 3568 4685 apocrisiarius,
3594 4616 3688 4684 qui

2093 4721 2313 4763 vocatur
2341 4708 2483 4778 apud
2517 4723 2609 4760 nos
2664 4707 2970 4776 capellanus
3012 4707 3088 4760 vel
3141 4706 3333 4774 palatii
3365 4716 3563 4770 custOs,
3626 4712 3689 4758 de

2093 4799 2335 4855 amnibus
2357 4801 2581 4871 negatiis
2608 4799 2976 4854 ecclesiasticis
3007 4798 3083 4853 vel
3114 4801 3371 4852 ministris
3405 4797 3684 4861 Ecclesia',

2091 4904 2140 4948 et
2177 4911 2348 4948 comes
2381 4894 2571 4963 palatii
2626 4895 2688 4947 de
2715 4894 2956 4946 omnibus
3018 4892 3368 4946 sa‘cularibus
3400 4893 3576 4944 causis
3607 4893 3689 4944 vel

2086 4988 2306 5055 iudiciis
2333 4989 2662 5056 suscipiendi
2687 5003 2872 5039 curam
2899 4987 3166 5039 instanter
3183 4983 3446 5036 habebant
3470 5001 3490 5049 ;
3514 4994 3570 5035 ut
3593 5001 3687 5036 nec

2089 5081 2436 5136 ecclesiastici
2457 5096 2548 5134 nec
2579 5079 2858 5134 steculares
2887 5080 3034 5147 prius
3071 5077 3325 5131 domuum
3362 5093 3532 5146 regem
3565 5078 3690 5130 abs-

2089 5194 2208 5247 que.
2231 5193 2413 5230 eorum
2441 5175 2685 5228 consultu
2709 5176 2934 5243 inquieti.
2947 5189 3002 5226 re
3034 5189 3237 5226 necesse
3258 5172 3530 5235 haberent,
3556 5185 3688 5239 quo-

2089 5286 2254 5338 usque
2277 5268 2357 5322 ilii
2388 5269 2734 5336 praeciderent
2760 5271 2804 5319 si
2830 5268 3111 5321 necessitas
3141 5277 3271 5318 esse!
3296 5275 3536 5317 utcausa
3559 5273 3688 5317 ante

2087 5377 2255 5430 regem
2287 5362 2475 5413 merito
2505 5362 2678 5413 venire
2709 5363 2931 5421 deberet,
2960 5360 3005 5412 si
3027 5375 3144 5411 vero
3167 5367 3367 5410 secreta
3400 5366 3535 5410 esset
3557 5373 3688 5408 cau-

2084 5471 2167 5518 sa,
2184 5470 2340 5524 quam
2365 5456 2507 5516 prius
2528 5464 2830 5523 congrueret
2853 5454 3129 5522 regiquam
3151 5451 3393 5519 cuiquam
3414 5449 3574 5503 alteri
3605 5450 3690 5500 di-

2086 5548 2698 5612 cere,euntdemldicendi
2713 5548 2880 5600 locum
2901 5550 3064 5596 Bitlt’m
3093 5546 3195 5612 ipsi
3214 5551 3575 5609 prtepararent
3603 5543 3688 5594 in-

2088 5639 2334 5689 troducto
2351 5639 2498 5705 prius
2536 5654 2673 5705 rege,
2697 5647 2752 5689 ut
2781 5637 2877 5688 Itoc
2899 5636 3058 5697 iuxta
3094 5636 3304 5687 modum
3329 5648 3569 5701 persona:
3601 5631 3683 5684 rel

2088 5733 2464 5785 honorabiliter
2481 5733 2556 5785 vel
2575 5733 2923 5800 patientcrrel
2945 5735 3102 5784 etiam
3128 5729 3539 5784 inisericorditer
3552 5742 3644 5781 sus
3662 5761 3680 5768 -

2092 5823 2301 5891 ciperet.
2342 5825 2734 5894 tirocrisiarius
2797 5825 3003 5892 quidem
3036 5829 3098 5877 de
3129 5824 3271 5877 ontui
3309 5823 3676 5877 erctesiasttca
