4064 6468
387 380 494 443 293

1456 368 1533 429 ΙΝ
1593 365 1897 428 LIBRUM
1960 366 2056 426 DE
2105 362 2443 425 OFFICIIS
2484 362 2598 423 CP.

3554 360 3662 426 296

346 508 349 509 ν
395 486 581 547 σιλεὺς
624 482 716 535 τὸν
754 477 1052 534 ἀκόλουθον
1097 474 1322 547 Μιχαὴλ
1366 474 1876 544 πεταπεμψάμενος
1921 473 1979 534 ἐς

2097 472 2209 526 -ἰιιι,
2244 471 2319 535 Id,
2349 472 2403 525 ni
2439 486 2524 526 me
2552 469 2689 526 fallit
2715 484 2932 535 sensus,
2965 481 3199 539 arguunt
3232 477 3442 526 veteres
3497 475 3668 528 satel-

407 574 652 646 Ἰϐηρίαν
676 571 976 639 ἐκπέμπει.
1008 569 1065 630 ὃς
1093 570 1209 621 ἐκεῖ
1238 566 1534 634 γενόμενος
1562 566 1656 617 καὶ
1685 565 1812 625 τοὺς
1865 564 1989 615 διε-⁸

394 665 820 737 σπαρμένουςὲν
856 664 920 731 τῇ
948 659 1157 727 Χαλδίᾳ
1191 661 1284 712 καὶ
1331 656 1539 726 Ἰϐηρίᾳ
1564 657 1848 724 Φράγγους
1883 653 1977 707 καὶ

396 755 729 828 Βαράγγους
755 756 959 824 ἀγάγῃ.
996 751 1131 805 Exin
1190 749 1385 804 Franci
1419 750 1521 803 sub
1551 749 1739 802 eodem
1778 746 1976 800 vexillo

392 868 516 904 cum
557 840 822 917 Barangis
860 845 1158 899 militantes
1186 857 1249 895 ac
1285 840 1489 894 eisdem
1516 839 1687 891 armis
1720 831 1977 891 instructi

395 924 539 996 inter
584 942 861 1009 Barangos
900 935 1159 991 recensiti
1205 948 1376 999 penes
1402 930 1649 985 Nicetam
1710 930 1762 983 in
1786 928 1979 984 Alexio

395 1051 441 1090 tr
470 1052 483 1085 :
522 1034 631 1086 Καὶ
665 1030 1013 1099 γνωσθέντες
1041 1027 1191 1097 παρά
1210 1042 1357 1086 τινος
1382 1026 1561 1075 ἐκεῖσε
1606 1023 1979 1091 φυλάσσοντος

395 1129 611 1198 (γένους
634 1118 792 1187 οὗτος
814 1122 910 1175 τοῦ
936 1118 1321 1187 πελεκυφόρου
1356 1114 1647 1185 Κελτικοῦ)
1671 1114 1983 1186 συλλαμϐἀὲ-

394 1238 600 1274 νονται.
634 1215 837 1288 Conv]

463 1311 549 1364 Ib.
582 1310 744 1365 Cella:
766 1324 928 1377 porro
960 1322 1158 1361 nomen
1195 1307 1332 1362 adeo
1359 1303 1753 1362 recentioribus
1780 1299 1983 1355 Graecis

394 1404 580 1459 arrisit
611 1413 671 1455 ut
712 1399 766 1455 id
792 1401 956 1455 etiam
1012 1400 1079 1455 ad
1137 1399 1483 1468 imperatoris
1566 1395 1831 1452 conclave
1878 1402 1988 1447 tra-

398 1494 677 1559 duxerint,
713 1501 773 1546 ut
797 1492 982 1547 videre
1004 1501 1089 1549 est
1123 1492 1210 1547 bic
1251 1504 1306 1548 et
1363 1493 1492 1546 alibi
1561 1488 1759 1559 saepius
1839 1485 1981 1556 apud

396 1585 695 1640 Codinum.
731 1582 938 1638 Gners.

479 1676 621 1730 Ibid.
648 1674 947 1747 [Excubias
976 1683 1198 1746 agentes
1218 1674 1447 1744 Barangi
1483 1673 1547 1728 ad
1578 1673 1719 1727 sacri
1749 1669 1983 1727 cubiculi

401 1768 550 1823 fores
585 1766 834 1836 vigilant.
898 1765 1005 1822 Eos
1072 1767 1198 1822 inde
1256 1768 1455 1837 repulit
1506 1766 1876 1831 Andronicus,
1917 1773 1978 1818 ut
2014 1770 2052 1824 Β

403 1861 648 1916 molosso
688 1860 775 1914 cui
817 1861 1134 1916 confidebat
1164 1863 1417 1931 corporis
1472 1860 1790 1931 prasidium
1854 1874 1978 1929 per-

402 1957 661 2013 mitteret:
697 1957 757 2010 Oi
793 1953 893 2025 μὲν
924 1955 1033 2024 γὰρ
1065 1953 1564 2022 σωματοφύλακες,
1620 1953 1697 2006 ait
1762 1950 1981 2006 Nicetas

400 2052 453 2106 in
487 2054 607 2124 ejus
646 2052 772 2108 Vita
814 2052 851 2106 l.
881 2067 940 2117 ιι,
988 2049 1082 2103 καὶ
1128 2046 1420 2119 δορυφόροι
1468 2044 1668 2099 ἄποθέν
1731 2061 1834 2097 που
1885 2044 2016 2096 τού

402 2144 687 2215 βασιλικοῦ
717 2144 977 2205 κοιτῶνος
1033 2142 1226 2203 νυκτὸς
1276 2137 1713 2210 καθηυνάξοντο,
1742 2139 1770 2190 ὁ
1810 2137 1865 2190 δέ
1917 2153 1982 2205 γε

400 2240 550 2293 κύων
577 2239 712 2309 πρὸς
744 2239 864 2301 ταῖς
928 2236 1123 2305 θύραις
1156 2234 1389 2287 ἐδέδετο.
1458 2232 1715 2287 Excubiis
1769 2227 1984 2284 liberati

399 2331 691 2385 stationem
715 2328 836 2383 loco
860 2327 1008 2381 dicto
1030 2324 1291 2378 Excubita
1323 2323 1639 2393 deputatam
1690 2322 1986 2385 habebant,

401 2423 477 2476 ait
503 2420 750 2476 Zonaras
791 2419 844 2473 in
886 2417 1096 2473 Joanne
1137 2418 1444 2471 Comneno:
1480 2417 1543 2468 Οἱ
1573 2415 1854 2486 Βάραγγοι
1888 2414 1987 2483 τὴν

400 2515 459 2565 ὲν
483 2506 597 2575 τοῖς
642 2509 988 2575 Ἐξκουϐίτου
1010 2507 1351 2576 διειληφότες
1404 2506 1547 2570 ὁδὸν,
1585 2506 1828 2575 ἔνθαπερ
1860 2505 1987 2558 τού-

401 2620 515 2667 τοις
553 2602 648 2655 καλ.
681 2603 714 2670 ἠ
737 2599 1081 2669 κατοίκησις.
1110 2594 1267 2652 Unde
1302 2598 1545 2667 antiquis
1599 2597 1989 2651 excubitoribus

403 2696 617 2750 vocatis
683 2693 961 2762 Barangos
1020 2693 1359 2746 successisse
1416 2707 1526 2745 non
1619 2690 1987 2745 difiitendum.

403 2789 600 2843 Claves
630 2788 843 2842 ttrbium
888 2787 952 2839 ad
984 2802 1122 2853 quas
1152 2784 1461 2840 divertebat
1494 2784 1815 2851 imperator,
1866 2798 1992 2838 cus-

405 2881 569 2935 todiae
622 2896 737 2935 sua:
772 2881 1131 2935 demandatas
1204 2878 1485 2933 tenebant.
1547 2876 1990 2941 Cantacuzenus,

407 2972 567 3036 tt,i'5:
629 2971 710 3024 Τὰ
770 2972 996 3044 κλεῖθρα
1041 2971 1145 3041 τῆς
1200 2970 1408 3033 πόλεως
1429 2969 1556 3032 τοὺς
1606 2968 1704 3032 τὰς
1760 2968 1994 3031 πελέκυς

405 3063 631 3133 ἔχοντας
660 3066 990 3135 Βαράγγους
1024 3064 1294 3126 κελεύσας
1327 3063 1558 3131 ἀγαγεῖν
1598 3061 1848 3132 (τούτους
1882 3061 1989 3130 γὰρ
2018 3102 2063 3165 c

405 3153 528 3215 ἔθος
555 3154 626 3208 τὰ
661 3154 892 3224 κλεῖθρα
923 3155 1033 3207 τῶν
1060 3154 1270 3206 πόλεων
1295 3151 1425 3205 ἔνθα
1456 3150 1522 3205 ἂν
1549 3151 1861 3221 ἀποδημοίη
1892 3150 1990 3220 βα-

408 3246 879 3316 σιλεὺςκατέχειν)
917 3246 1133 3316 Ἀρήγῳ
1169 3245 1421 3297 ἐκέλευσε
1452 3243 1847 3313 παραδιδόναι.
1880 3242 1994 3297 Cur

406 3351 538 3392 vero
576 3328 804 3406 Barangi
831 3337 1147 3391 dicerentur
1167 3336 1325 3406 Angli
1357 3337 1734 3401 excubitores,
1754 3334 1994 3391 diximus

408 3431 476 3485 ad
511 3430 898 3499 Curopalatain
936 3430 1080 3483 notis
1113 3444 1163 3496 p.
1190 3428 1314 3483 808.
1339 3425 1539 3501 Coum]

482 3520 567 3577 Ib.
639 3521 954 3577 Statiouarii
1008 3523 1230 3578 milites.
1306 3523 1658 3592 Παραμοναὶ,
1718 3523 1871 3594 παρὰ
1932 3522 1995 3575 τδ

410 3616 781 3686 παραμένειν.
834 3615 993 3685 quasi
1059 3613 1474 3683 mansionarii.‘
1510 3612 1747 3669 Vcrtunt
1811 3625 1993 3668 tamen

410 3707 557 3762 docti
595 3705 970 3771 stationarios,
1034 3704 1299 3774 quiahaec
1318 3720 1422 3759 vox
1460 3705 1638 3775 aptius
1663 3705 1917 3775 exprimit
1942 3705 1993 3760 id

419 3798 565 3867 qttod
610 3797 809 3851 milites
843 3796 921 3849 illi
948 3803 1103 3849 erant
1134 3836 1147 3860 ,
1169 3810 1331 3865 qttam
1363 3797 1534 3851 dictio
1568 3798 1992 3851 mansionarius.

413 3886 489 3939 De
554 3885 802 3941 excubiis
865 3884 1050 3955 palatii
1119 3896 1173 3940 et
1243 3886 1396 3940 urbis
1452 3887 1637 3941 itidem
1697 3887 1996 3957 Cpolitanai

413 3976 646 4045 lepidam
718 3976 1009 4032 historiam
1081 3977 1329 4032 invenies
1386 3978 1527 4047 apud
1598 3975 1996 4047 Luitprandum

424 4068 755 4126 Ticincnsem
800 4070 883 4125 l.t
941 4069 1139 4125 Rerum
1168 4086 1263 4141 per
1291 4069 1558 4142 Europam
1605 4078 1899 4141 gestarum,
1946 4082 1999 4123 c.

410 4163 467 4227 '5,
495 4179 549 4217 ιι.
572 4163 624 4218 4.
660 4161 896 4235 Gens]

2081 565 2240 618 litum

2076 655 2277 728 Cosa]

2156 750 2321 821 266
2343 746 2787 805 lbid.Palaticia.
2812 745 3008 803 Junius
3036 747 3392 815 ἁπελατίκια,
3419 754 3472 801 ct
3503 747 3667 802 inter-

2080 846 2645 909 pretaturprwtongas
2683 840 2864 893 hastas
2894 842 3000 894 sive
3052 848 3257 905 contos,
3280 856 3410 907 quos
3436 841 3666 893 sarissas

2082 944 2265 984 uocant
2289 931 2618 987 Macedones.
2641 933 2743 987 Sed
2763 933 3050 1004 legendum
3074 931 3383 986 πιλατίκια.
3406 930 3668 985 Probabi-

2082 1023 2189 1080 lius
2216 1034 2587 1081 commentum
2618 1026 2834 1091 fuisset,
2864 1027 2909 1080 si
2931 1027 3032 1081 hoc
3062 1040 3263 1080 nomen
3284 1026 3351 1079 ab
3369 1025 3667 1079 ἀπελαύνω

2082 1117 2422 1183 deduxisset,
2456 1119 2615 1189 quasi
2642 1120 2828 1175 hastas
2876 1120 3162 1187 abigendis
3217 1118 3541 1179 hominibus,
3598 1134 3668 1176 ac

2084 1208 2185 1263 vite
2225 1208 2485 1265 faciendae
2511 1210 2753 1265 idoneas.
2789 1208 3026 1283 Csars]
3646 1238 3676 1251 -

2358 564 2585 634 picturae
2607 570 2662 619 et
2720 565 3072 619 auctoritates
3166 562 3390 633 jamjatn
3488 563 3662 617 lect-.n.

2158 1319 2304 1375 Ibid.
2336 1319 2653 1393 [[Ιιλατίκια
2680 1324 2937 1378 militaria
2979 1327 3086 1395 pila
3142 1326 3343 1396 quibus
3386 1329 3665 1393 vexillnla,

2086 1414 2203 1468 sive
2230 1414 2397 1469 exilia
2429 1415 2647 1480 vexilla,
2676 1426 2803 1472 sunt
2836 1418 3027 1474 affixa.
3065 1417 3218 1475 Hanc
3267 1421 3664 1489 expositionem

2087 1517 2281 1563 auctor
2310 1509 2553 1578 suggerit
2588 1520 2852 1578 sequente
2903 1513 3083 1581 capite
3143 1528 3197 1582 p.
3273 1513 3344 1568 55
3424 1524 3477 1567 et
3501 1515 3663 1583 p.54.

2087 1600 2194 1657 Alii
2276 1601 2459 1657 clavas
2513 1612 2802 1672 argenteas
2888 1612 2945 1658 et
3031 1620 3227 1662 aureas
3325 1606 3668 1677 principibus

2089 1694 2330 1763 praferri
2346 1695 2534 1753 solitas
2558 1706 2859 1765 exponunt.
2892 1697 3092 1771 Cosa]

2159 1808 2241 1864 Ib.
2277 1809 2504 1879 Cuppas.
2541 1811 2807 1881 Cappasia
2840 1827 2870 1867 a
2903 1828 3071 1883 cappa
3130 1813 3367 1868 formant
3423 1814 3670 1885 juniores

2085 1900 2277 1957 Graeci.
2312 1902 2600 1957 Germanis
2625 1904 2707 1957 ein
2761 1898 2982 1969 happen,
3030 1918 3129 1973 pro
3183 1904 3421 1972 tegmine
3448 1903 3667 1974 capitis.

2084 1992 2195 2050 Nec
2221 1995 2411 2050 dubito
2435 2011 2622 2051 vocem
2665 2012 2832 2065 cappa
2859 2011 2958 2066 pro
2988 1998 3132 2067 pileo
3149 1997 3414 2066 originem
3465 1997 3671 2051 ducere

2088 2102 2117 2142 a
2146 2086 2341 2141 Latino
2362 2098 2539 2158 caput.
2578 2089 2886 2158 Aliquando
2937 2104 3105 2158 cappa
3178 2099 3365 2144 assuta
3394 2100 3476 2145 est
3502 2090 3666 2155 vesti,

2088 2189 2149 2234 ut
2171 2189 2395 2250 apparet
2429 2180 2483 2233 in
2512 2183 2755 2236 vestibus
2791 2181 3130 2247 monasticis,
3159 2190 3212 2235 et
3235 2182 3332 2235 toti
3393 2182 3530 2235 vesti
3575 2196 3673 2234 no-

2092 2287 2216 2326 men
2249 2272 2387 2326 indit
2416 2289 2431 2326 :
2458 2273 2753 2342 aliquando
2777 2289 2805 2327 a
2842 2274 3164 2329 vestimento
3193 2273 3460 2343 sejuncta,
3500 2273 3676 2328 instar

2091 2359 2468 2419 communioni
2500 2365 2790 2434 pileorum.
2823 2365 3032 2422 Gnsrs.

2092 2491 2113 2537 ι
2164 2474 2309 2530 Ibid.
2342 2474 2525 2530 Pileus
2557 2478 2780 2547 quidem
2810 2487 2895 2535 est
2927 2480 3223 2547 καπάσιον,
3277 2490 3331 2535 at
3352 2496 3452 2536 nec
3503 2498 3675 2551 cappa

2095 2585 2194 2624 nec
2222 2569 2475 2633 cucullio,
2509 2572 2603 2625 sed
2633 2571 2724 2641 qui
2751 2586 2877 2628 oras
2909 2571 3344 2644 circumquaque
3388 2576 3673 2644 expandit.

2097 2660 2282 2717 Simon
2317 2662 2533 2718 Portius
2561 2678 2627 2718 ex
2652 2680 2747 2719 ore
2764 2668 3077 2722 attestantis
3110 2667 3279 2737 vulgi;
3315 2668 3542 2721 Καπὰτι
3567 2685 3673 2720 κα-

2098 2754 2211 2819 σία,
2245 2754 2506 2820 πέτασος,
2526 2756 2763 2826 πίλημα,
2788 2769 2899 2813 etc.
2933 2757 3180 2822 Calerus,
3205 2761 3407 2826 causia,
3436 2770 3675 2829 petasus,

2097 2847 2287 2917 pilcus,
2318 2856 2425 2902 etc.
2460 2846 2593 2903 Vide
2652 2859 2899 2919 petasum
2943 2851 3049 2906 dici
3111 2853 3201 2921 qui
3252 2854 3510 2920 expansis
3563 2856 3679 2910 oris

2099 2936 2338 3003 praebeat
2390 2938 2753 3008 undequaque
2825 2941 3098 2995 umbram.
3155 2941 3479 3012 Ilujusntodi
3547 2958 3681 3000 vero

2099 3024 2269 3080 fuisse
2296 3028 2348 3081 in
2384 3044 2486 3082 usu
2520 3030 2798 3086 nonnullis
2826 3031 2953 3086 hinc
2980 3043 3127 3087 retro
3187 3034 3423 3101 sarculis,
3479 3036 3681 3091 docent

2096 3117 2656 3188 cardinaliutnpetasi
2726 3129 2781 3176 et
2834 3123 3060 3194 antiqua
3114 3125 3390 3195 pictorum
3448 3126 3680 3182 heroum

2096 3221 2471 3265 monumenta.
2508 3210 2706 3283 Cosa]

2166 3321 2249 3376 Ib.
2311 3321 2538 3378 Loricas
2590 3324 2844 3381 κλίϐανα.
2910 3327 2981 3382 Τὸ
3043 3331 3320 3397 κλίϐανον,
3377 3318 3681 3401 κλιὸἆνιον,

2098 3414 2398 3482 clibanum,
2426 3417 2616 3475 lorica.
2645 3418 2751 3474 Leo
2773 3420 3071 3478 Constitui.
3135 3442 3209 3481 Vl.
3244 3429 3303 3480 Εί
3348 3429 3576 3484 δυνατὴν
3621 3434 3679 3488 δὲ

2097 3510 2195 3564 καὶ
2229 3510 2493 3579 θώρακας
2520 3510 2690 3580 ἐχειν,
2721 3515 2917 3579 οἵτινες
2949 3517 3243 3572 καλοῦνται
3272 3520 3364 3573 νῦν
3396 3522 3678 3581 κλιόἀνια.

2102 3600 2234 3656 Vide
2254 3601 2572 3672 Rigaltium.
2605 3606 2913 3663 Alexander
2946 3608 3190 3666 Severus
3220 3614 3361 3682 apud
3426 3614 3681 3687 Lanipri-
3756 3619 3767 3628 '

2097 3694 2245 3749 dium
2266 3712 2278 3747 :
2297 3694 2784 3765 Cataphractarios,
2798 3716 2925 3770 quos
2942 3701 3123 3756 Persm
3135 3703 3456 3761 clibanarios
3476 3724 3523 3761 vt
3538 3720 3683 3776 cant,

2104 3787 2281 3840 decem
2315 3789 2485 3841 millia
2522 3791 2574 3842 in
2638 3790 2772 3845 bello
2824 3794 3205 3863 interemimus,
3270 3815 3453 3852 eorum
3512 3804 3680 3856 armis

2103 3889 2314 3932 nostros
2379 3883 2725 3935 armavimus.
2760 3885 3106 3949 Ammianus,
3165 3889 3200 3941 l.
3226 3904 3313 3943 xw
3352 3907 3365 3944 :
3398 3890 3682 3962 Sparsique

2101 3971 2433 4035 cataphracti
2454 3973 2670 4040 equites.
2704 3990 2831 4041 quos
2861 3977 3182 4033 clibanarios
3205 3981 3453 4035 dictitant
3476 3983 3680 4049 Pet-sm,

2100 4055 2373 4108 thoracum
2406 4058 2596 4111 muniti
2635 4059 2946 4128 tegminibus
2978 4072 3025 4115 et
3065 4061 3245 4135 limbis
3281 4067 3467 4134 ferreis
3494 4071 3677 4133 cincti,

2099 4157 2156 4200 ut
2190 4148 2480 4202 Praxitelis
2514 4152 2853 4220 manupolita
2892 4157 3130 4209 crederes
3158 4156 3581 4224 sintut'acra,non
3609 4162 3683 4215 vi-

483 4253 624 4311 Ibid.
672 4254 838 4328 [Festi
882 4256 1243 4327 pervigilium,
1284 4256 1428 4326 quod
1486 4255 1854 4312 celebritatem
1896 4269 2003 4305 πα·
2052 4256 2202 4293 ’νοδσ
2234 4242 2440 4296 GM“-

416 4348 625 4418 ραμένῃ
656 4360 886 4414 maneat,
914 4349 1317 4404 recentioribus
1352 4356 1436 4403 est
1474 4349 1786 4418 παραμονή.
1821 4347 2000 4401 Satel-

2173 4333 2319 4388 Ibid.
2348 4334 2481 4405 [Leo
2508 4335 2741 4391 Constit.
2773 4338 2806 4391 5
2848 4353 2861 4391 :
2907 4337 3178 4393 Κλιόἀνια
3214 4338 3468 4411 σιδηρᾶἢ
3503 4342 3596 4395 καὶ
3624 4342 3687 4407 ἐξ

414 4442 536 4495 lites
571 4455 788 4508 quoque
806 4440 1104 4509 principem
1131 4441 1335 4510 ubique
1396 4452 1660 4494 maiimtes
1677 4449 1730 4494 et
1774 4456 2001 4510 exspec-
2036 4444 2077 4500 ο
2109 4428 2302 4497 ἐτέρας
2339 4428 2491 4497 ὕλης.
2529 4427 2669 4482 sum
2703 4431 2887 4499 “3th
2919 4430 3000 4484 νει
3034 4430 3210 4486 belli“
3245 4435 3538 4498 .“lomceso
3598 4437 3717 4504 “ei.

415 4543 617 4596 tantes,
643 4530 1083 4601 παραμένοντες,
1134 4538 1189 4584 et
1244 4543 1368 4583 cum
1428 4529 1625 4584 adesse
1689 4541 1995 4600 monentes,

416 4621 753 4691 παραμονῶν
775 4620 1190 4690 appellationem
1216 4630 1558 4676 meruerunt.

489 4712 571 4765 Ib.
605 4712 884 4784 [Ἀλογιι.
906 4711 1062 4777 Quod
1086 4712 1399 4765 irrationale
1425 4713 1790 4784 quodcunque
1828 4714 1998 4785 signi-

419 4806 640 4869 ﬁcabat,
676 4821 819 4860 nunc
843 4806 960 4875 equi
997 4805 1278 4875 speciatim
1306 4814 1389 4859 est
1418 4804 1678 4859 indicium
1702 4807 1915 4874 ἄλογον,
1943 4814 2001 4860 ιιι

421 4901 565 4952 inter
590 4898 927 4953 irrationalia
965 4896 1473 4953 communissimus.
1499 4895 1601 4952 Ubi
1626 4898 1818 4952 auctor
1836 4899 2000 4951 ἵππον

421 5000 666 5044 correcte
690 4990 899 5056 scribit,
932 4990 1184 5046 lectionis
1212 4990 1504 5046 diversitas
1537 4990 1849 5061 frequenter
1878 4993 2002 5046 ἄλο-

420 5099 519 5150 γον
546 5082 790 5150 reposuit
819 5083 872 5136 in
907 5083 1311 5153 superioribus.

480 5171 618 5226 Ibid.
653 5171 966 5243 [Φέροντες
984 5173 1086 5240 τὰς
1108 5174 1341 5241 σπάθας
1357 5175 1671 5242 .Gregoras,
1697 5174 1732 5227 l.
1751 5186 1865 5227 vnr:
1884 5172 2004 5227 Τῶν

424 5264 481 5314 δὲ
514 5262 643 5328 περὶ
667 5260 895 5330 βασιλέα
938 5262 1338 5334 πελεκοφόρων
1384 5265 1479 5318 καὶ
1514 5264 1874 5333 στρατιωτῶν
1913 5265 2004 5317 καὶ

426 5352 750 5427 ξιφηφόρων
798 5352 1232 5422 καταδαρθάνειν
1276 5356 1603 5422 μελλόντων.
1662 5356 2002 5425 Στρατιῶται

424 5447 506 5497 hic
543 5443 1054 5514 παραμοναί.Αιιιιιι
1095 5446 1397 5508 Comitcna.
1433 5449 1470 5501 l.
1512 5465 1548 5502 ll
1580 5448 1648 5502 ad
1702 5463 1999 5503 extremam

424 5540 652 5593 calcem:
686 5535 1022 5605 Συναγαγὼν
1054 5540 1181 5599 τοὺς
1239 5540 1334 5590 ἐπὶ
1369 5539 1475 5591 τῶν
1499 5538 1669 5609 ὤμων
1728 5540 1801 5593 τὰ
1866 5540 1997 5611 ξίφη

429 5628 839 5699 κραδαίνοντας.
890 5628 1166 5683 Satellites
1238 5630 1361 5684 illos
1422 5631 1691 5701 bicapulis
1752 5634 1999 5694 ensibus,

430 5723 629 5791 ineptis
653 5723 743 5791 qtti
765 5723 832 5776 ad
857 5722 1003 5775 latus
1028 5706 1434 5791 appendanuir,
1461 5725 1770 5793 exindeque
1794 5724 1859 5777 ad
1888 5741 2001 5778 ma-

426 5829 555 5872 ntun
597 5826 647 5871 ct
678 5831 841 5887 supra
875 5816 1131 5871 humeros
1192 5816 1465 5886 gerendis,
1503 5828 1741 5873 armatos
1767 5830 1990 5887 putave-

2105 4521 2543 4590 superimluenda
2580 4523 2896 4578 thoracibus
2926 4538 3077 4592 saga.
3096 4539 3217 4593 qua:
3239 4525 3427 4577 ἐπάνω
3452 4525 3684 4577 κλίϐανα

2106 4612 2240 4665 dicit
2267 4610 2785 4679 NicetasManuelis,
2830 4616 2970 4671 l.vt.
3015 4613 3116 4670 Hic
3165 4628 3371 4671 vestem
3437 4618 3690 4673 leonibus

2106 4708 2329 4776 pictam,
2369 4722 2474 4760 non
2505 4720 2864 4770 armaturam,
2896 4711 3124 4780 quilibet
3149 4710 3424 4781 intelligit.
3487 4710 3686 4784 Gesn]

2177 4798 2261 4854 Ib.
2300 4800 2612 4854 Cortinarii.
2645 4805 2690 4852 Α
2738 4812 2882 4857 corte
2938 4818 3033 4857 Scu
3078 4814 3244 4866 curte,
3276 4819 3453 4869 scena,
3508 4806 3687 4858 taber-

2109 4890 2297 4944 nacqu
2329 4908 2423 4946 seu
2450 4893 2710 4947 tentorio:
2746 4894 2845 4948 hoc
2867 4894 3011 4948 enim
3045 4903 3130 4949 est
3156 4895 3344 4966 κόρτη.
3377 4894 3553 4949 Etiam
3589 4910 3689 4964 pro

2110 4983 2319 5055 integra
2355 4985 2476 5039 aula
2526 4986 2874 5055 imperatoris
2934 4995 3030 5041 aut
3057 4988 3201 5058 regis
3249 4989 3535 5059 accipitur,
3573 5004 3683 5043 non

2111 5085 2321 5129 tantum
2358 5086 2455 5145 pro
2480 5093 2642 5132 scena
2670 5092 2765 5132 seu
2794 5080 3054 5136 tentorio.
3096 5078 3232 5134 Hinc
3266 5081 3513 5144 cortesia,
3546 5081 3691 5134 auli-
3728 5134 3755 5165 κ

2109 5186 2169 5225 ca
2206 5172 2506 5224 urbanitas.
2543 5169 2840 5224 Cortesitch
2874 5172 3071 5237 aulice,
3104 5173 3333 5227 urbane.
3386 5171 3444 5226 In
3475 5172 3690 5243 legibus

2108 5263 2480 5317 Alemannicis
2531 5272 2613 5317 est
2696 5264 2884 5319 titulus
2949 5265 3011 5319 de
3040 5282 3098 5319 eo
3145 5266 3235 5335 qui
3265 5267 3319 5320 in
3351 5276 3499 5319 cui-te
3551 5248 3703 5335 regis

2109 5353 2310 5421 furtum
2371 5354 2714 5417 commiserit,
2785 5364 2837 5408 et
2886 5357 2949 5408 de
3009 5372 3067 5409 eo
3089 5356 3180 5426 qui
3251 5355 3305 5407 in
3328 5363 3473 5407 curte
3534 5353 3690 5406 ducis

2109 5445 2368 5497 hominem
2405 5445 2675 5497 occiderit.
2700 5443 2984 5513 Signiﬁcat
3009 5446 3173 5501 etiam
3196 5444 3403 5507 villam.
3424 5454 3696 5510 castrum,

2111 5538 2388 5609 oppidum.
2410 5537 2746 5592 Flodoardns
2772 5556 2784 5591 :
2816 5537 3043 5602 Quidam
3071 5539 3437 5609 presbyter-de
3462 5537 3694 5591 Bovanis

2111 5646 2292 5695 t'urte;
2319 5630 2394 5685 sic
2426 5632 2563 5684 enim
2601 5630 2726 5683 vitta
2765 5643 3004 5683 vocatur.
3035 5620 3362 5685 Godcfridtis
3387 5629 3697 5693 monachus

2113 5727 2166 5780 in
2203 5725 2521 5777 Annalibus:
2555 5722 2614 5777 In
2648 5728 2877 5791 quadam
2903 5724 3040 5775 curti
3066 5724 3442 5776 monachorum
3466 5721 3528 5774 de
3561 5719 3696 5774 Eve~

2104 5836 2162 5873 ra
2192 5821 2379 5872 (ututs.
2411 5816 2467 5870 In
2538 5817 2832 5886 diplomate
2864 5815 3148 5872 Ludovici:
3200 5814 3402 5870 Curtim
3455 5822 3698 5869 nostram
