  <div class='ocr_page' id='page_1' title='image "/cluster/home/n/w/nwhite01/storage/ocr_20150623/157/coo.31924054870625/154.png"; bbox 0 0 4064 6422; ppageno 0'>
   <div class='ocr_carea' id='block_1_1' title="bbox 312 281 418 350">
    <p class='ocr_par' dir='ltr' id='par_1_1' title="bbox 312 281 418 350">
     <span class='ocr_line' id='line_1_1' title="bbox 312 281 418 350; baseline -0.028 0"><span class='ocrx_word' id='word_1_1' title='bbox 312 281 418 350; x_wconf 66' lang='grc'><strong>297</strong></span> 
     </span>
    </p>
   </div>
   <div class='ocr_carea' id='block_1_2' title="bbox 1405 280 2498 341">
    <p class='ocr_par' dir='ltr' id='par_1_2' title="bbox 1405 280 2498 341">
     <span class='ocr_line' id='line_1_2' title="bbox 1405 280 2498 341; baseline -0.006 0"><span class='ocrx_word' id='word_1_2' title='bbox 1405 280 1796 341; x_wconf 76' lang='lat' dir='ltr'><strong>GliETSERI</strong></span> <span class='ocrx_word' id='word_1_3' title='bbox 1844 282 1934 339; x_wconf 78' lang='grc' dir='ltr'>ΕΤ</span> <span class='ocrx_word' id='word_1_4' title='bbox 1976 280 2215 339; x_wconf 77' lang='lat' dir='ltr'>GOABI</span> <span class='ocrx_word' id='word_1_5' title='bbox 2262 281 2498 341; x_wconf 64' lang='lat' dir='ltr'><strong>NOTAE.</strong></span> 
     </span>
    </p>
   </div>
   <div class='ocr_carea' id='block_1_3' title="bbox 3472 290 3579 353">
    <p class='ocr_par' dir='ltr' id='par_1_3' title="bbox 3472 290 3579 353">
     <span class='ocr_line' id='line_1_3' title="bbox 3472 290 3579 353; baseline 0.037 -3"><span class='ocrx_word' id='word_1_6' title='bbox 3472 290 3579 353; x_wconf 70' lang='lat'><strong>2‘38</strong></span> 
     </span>
    </p>
   </div>
   <div class='ocr_carea' id='block_1_4' title="bbox 310 394 3583 475">
    <p class='ocr_par' dir='ltr' id='par_1_4' title="bbox 310 394 3583 475">
     <span class='ocr_line' id='line_1_4' title="bbox 310 394 3583 475; baseline 0.001 -23"><span class='ocrx_word' id='word_1_7' title='bbox 310 399 568 467; x_wconf 71' lang='lat' dir='ltr'><strong>Turegum</strong></span> <span class='ocrx_word' id='word_1_8' title='bbox 600 398 657 452; x_wconf 81' lang='lat' dir='ltr'><strong>in</strong></span> <span class='ocrx_word' id='word_1_9' title='bbox 695 398 894 453; x_wconf 76' lang='lat' dir='ltr'><strong>ducatu</strong></span> <span class='ocrx_word' id='word_1_10' title='bbox 946 398 1317 460; x_wconf 77' lang='lat' dir='ltr'><strong>Alamannica;</strong></span> <span class='ocrx_word' id='word_1_11' title='bbox 1377 399 1467 450; x_wconf 88' lang='lat' dir='ltr'><strong>ubi</strong></span> <span class='ocrx_word' id='word_1_12' title='bbox 1525 395 1736 449; x_wconf 79' lang='lat' dir='ltr'><strong>clarum</strong></span> <span class='ocrx_word' id='word_1_13' title='bbox 1790 409 1889 463; x_wconf 86' lang='lat' dir='ltr'><strong>pro</strong></span> <span class='ocrx_word' id='word_1_14' title='bbox 1919 399 1967 459; x_wconf 76' lang='grc' dir='ltr'>Α</span> <span class='ocrx_word' id='word_1_15' title='bbox 1997 394 2159 448; x_wconf 77' lang='lat' dir='ltr'><strong>refert</strong></span> <span class='ocrx_word' id='word_1_16' title='bbox 2193 394 2518 460; x_wconf 81' lang='lat' dir='ltr'><strong>Simucalta,</strong></span> <span class='ocrx_word' id='word_1_17' title='bbox 2568 404 2622 448; x_wconf 83' lang='lat' dir='ltr'><strong>et</strong></span> <span class='ocrx_word' id='word_1_18' title='bbox 2677 394 2957 452; x_wconf 80' lang='lat' dir='ltr'><strong>Cedrcnus</strong></span> <span class='ocrx_word' id='word_1_19' title='bbox 3010 397 3062 450; x_wconf 91' lang='lat' dir='ltr'><strong>iu</strong></span> <span class='ocrx_word' id='word_1_20' title='bbox 3098 396 3412 454; x_wconf 71' lang='lat' dir='ltr'><strong>Iustiniano</strong></span> <span class='ocrx_word' id='word_1_21' title='bbox 3443 422 3583 475; x_wconf 61' lang='grc' dir='ltr'>προσ</span> 
     </span>
    </p>
   </div>
   <div class='ocr_carea' id='block_1_5' title="bbox 302 491 1326 562">
    <p class='ocr_par' dir='ltr' id='par_1_5' title="bbox 302 491 1326 562">
     <span class='ocr_line' id='line_1_5' title="bbox 302 491 1326 562; baseline -0.003 -18"><span class='ocrx_word' id='word_1_22' title='bbox 302 509 435 562; x_wconf 81' lang='lat' dir='ltr'><strong>pago</strong></span> <span class='ocrx_word' id='word_1_23' title='bbox 477 494 556 545; x_wconf 71' lang='lat' dir='ltr'><strong>vel</strong></span> <span class='ocrx_word' id='word_1_24' title='bbox 583 493 775 562; x_wconf 76' lang='lat' dir='ltr'><strong>oppido</strong></span> <span class='ocrx_word' id='word_1_25' title='bbox 810 491 1089 561; x_wconf 78' lang='lat' dir='ltr'><strong>usurpari.</strong></span> <span class='ocrx_word' id='word_1_26' title='bbox 1125 491 1326 547; x_wconf 72' lang='lat' dir='ltr'><strong>Gnars.</strong></span> 
     </span>
    </p>
   </div>
   <div class='ocr_carea' id='block_1_6' title="bbox 375 580 1892 656">
    <p class='ocr_par' dir='ltr' id='par_1_6' title="bbox 375 580 1892 656">
     <span class='ocr_line' id='line_1_6' title="bbox 375 580 1892 656; baseline -0.004 -18"><span class='ocrx_word' id='word_1_27' title='bbox 375 585 494 638; x_wconf 79' lang='lat' dir='ltr'><strong>Ibid</strong></span> <span class='ocrx_word' id='word_1_28' title='bbox 534 583 907 656; x_wconf 79' lang='grc' dir='ltr'>[Κορτινάριοι</span> <span class='ocrx_word' id='word_1_29' title='bbox 931 583 1318 651; x_wconf 70' lang='lat' dir='ltr'><strong>Quinamlsint,</strong></span> <span class='ocrx_word' id='word_1_30' title='bbox 1341 591 1531 637; x_wconf 82' lang='lat' dir='ltr'><strong>auctOr</strong></span> <span class='ocrx_word' id='word_1_31' title='bbox 1559 581 1785 651; x_wconf 72' lang='lat' dir='ltr'><strong>expauit</strong></span> <span class='ocrx_word' id='word_1_32' title='bbox 1816 580 1892 633; x_wconf 90' lang='lat' dir='ltr'><strong>in-</strong></span> 
     </span>
    </p>
   </div>
   <div class='ocr_carea' id='block_1_7' title="bbox 301 678 727 750">
    <p class='ocr_par' dir='ltr' id='par_1_7' title="bbox 301 678 727 750">
     <span class='ocr_line' id='line_1_7' title="bbox 301 678 727 750; baseline 0 -18"><span class='ocrx_word' id='word_1_33' title='bbox 301 679 488 733; x_wconf 72' lang='lat' dir='ltr'><strong>terius.</strong></span> <span class='ocrx_word' id='word_1_34' title='bbox 524 678 727 750; x_wconf 65' lang='lat' dir='ltr'><strong>licam]</strong></span> 
     </span>
    </p>
   </div>
   <div class='ocr_carea' id='block_1_8' title="bbox 370 762 1887 842">
    <p class='ocr_par' dir='ltr' id='par_1_8' title="bbox 370 762 1887 842">
     <span class='ocr_line' id='line_1_8' title="bbox 370 762 1887 842; baseline -0.003 -18"><span class='ocrx_word' id='word_1_35' title='bbox 370 770 509 824; x_wconf 84' lang='lat' dir='ltr'><strong>Sunt</strong></span> <span class='ocrx_word' id='word_1_36' title='bbox 524 779 575 824; x_wconf 89' lang='lat' dir='ltr'><strong>et</strong></span> <span class='ocrx_word' id='word_1_37' title='bbox 596 770 912 842; x_wconf 75' lang='grc' dir='ltr'>κορτελενοι.</span> <span class='ocrx_word' id='word_1_38' title='bbox 938 769 1081 827; x_wconf 83' lang='lat' dir='ltr'><strong>Cave</strong></span> <span class='ocrx_word' id='word_1_39' title='bbox 1094 769 1397 825; x_wconf 75' lang='lat' dir='ltr'><strong>confundas</strong></span> <span class='ocrx_word' id='word_1_40' title='bbox 1409 768 1532 823; x_wconf 87' lang='lat' dir='ltr'><strong>cum</strong></span> <span class='ocrx_word' id='word_1_41' title='bbox 1555 762 1887 833; x_wconf 85' lang='lat' dir='ltr'><strong>cortinariis,</strong></span> 
     </span>
    </p>
   </div>
   <div class='ocr_carea' id='block_1_9' title="bbox 301 863 1889 935">
    <p class='ocr_par' dir='ltr' id='par_1_9' title="bbox 301 863 1889 935">
     <span class='ocr_line' id='line_1_9' title="bbox 301 863 1889 935; baseline -0.001 -17"><span class='ocrx_word' id='word_1_42' title='bbox 301 877 489 919; x_wconf 86' lang='lat' dir='ltr'><strong>monet</strong></span> <span class='ocrx_word' id='word_1_43' title='bbox 543 864 909 927; x_wconf 82' lang='lat' dir='ltr'><strong>Glossarium,</strong></span> <span class='ocrx_word' id='word_1_44' title='bbox 948 864 1077 935; x_wconf 82' lang='lat' dir='ltr'><strong>quia</strong></span> <span class='ocrx_word' id='word_1_45' title='bbox 1141 863 1234 918; x_wconf 90' lang='lat' dir='ltr'><strong>isti</strong></span> <span class='ocrx_word' id='word_1_46' title='bbox 1286 863 1614 918; x_wconf 81' lang='lat' dir='ltr'><strong>honoratum</strong></span> <span class='ocrx_word' id='word_1_47' title='bbox 1687 874 1889 916; x_wconf 85' lang='lat' dir='ltr'><strong>munus</strong></span> 
     </span>
    </p>
   </div>
   <div class='ocr_carea' id='block_1_10' title="bbox 299 953 1887 1027">
    <p class='ocr_par' dir='ltr' id='par_1_10' title="bbox 299 953 1887 1027">
     <span class='ocr_line' id='line_1_10' title="bbox 299 953 1887 1027; baseline -0.004 -14"><span class='ocrx_word' id='word_1_48' title='bbox 299 958 544 1023; x_wconf 86' lang='lat' dir='ltr'><strong>obibant,</strong></span> <span class='ocrx_word' id='word_1_49' title='bbox 570 959 645 1012; x_wconf 90' lang='lat' dir='ltr'><strong>illi</strong></span> <span class='ocrx_word' id='word_1_50' title='bbox 667 959 790 1012; x_wconf 83' lang='lat' dir='ltr'><strong>vile.</strong></span> <span class='ocrx_word' id='word_1_51' title='bbox 816 956 1027 1012; x_wconf 67' lang='lat' dir='ltr'><strong>Glossaa</strong></span> <span class='ocrx_word' id='word_1_52' title='bbox 1049 956 1210 1027; x_wconf 76' lang='lat'><strong>267</strong></span> <span class='ocrx_word' id='word_1_53' title='bbox 1228 954 1521 1025; x_wconf 49' lang='lat' dir='ltr'><strong>.Basilicat:</strong></span> <span class='ocrx_word' id='word_1_54' title='bbox 1544 953 1887 1024; x_wconf 62' lang='lat' dir='ltr'><strong>Kopts‘livm,</strong></span> 
     </span>
    </p>
   </div>
   <div class='ocr_carea' id='block_1_11' title="bbox 299 1028 1882 1120">
    <p class='ocr_par' dir='ltr' id='par_1_11' title="bbox 299 1028 1882 1120">
     <span class='ocr_line' id='line_1_11' title="bbox 299 1028 1882 1120; baseline -0.002 -18"><span class='ocrx_word' id='word_1_55' title='bbox 299 1050 538 1112; x_wconf 78' lang='grc' dir='ltr'><strong>εὐτελεῖς</strong></span> <span class='ocrx_word' id='word_1_56' title='bbox 569 1049 813 1120; x_wconf 75' lang='grc' dir='ltr'>θυρωροὶ</span> <span class='ocrx_word' id='word_1_57' title='bbox 845 1049 940 1101; x_wconf 84' lang='grc' dir='ltr'><strong>τοῦ</strong></span> <span class='ocrx_word' id='word_1_58' title='bbox 994 1047 1357 1118; x_wconf 75' lang='grc' dir='ltr'>πραιτωρίου.</span> <span class='ocrx_word' id='word_1_59' title='bbox 1391 1047 1631 1103; x_wconf 81' lang='lat' dir='ltr'><strong>Observa</strong></span> <span class='ocrx_word' id='word_1_60' title='bbox 1658 1028 1882 1100; x_wconf 50' lang='lat' dir='ltr'><strong>iunium</strong></span> 
     </span>
    </p>
   </div>
   <div class='ocr_carea' id='block_1_12' title="bbox 301 1134 1881 1209">
    <p class='ocr_par' dir='ltr' id='par_1_12' title="bbox 301 1134 1881 1209">
     <span class='ocr_line' id='line_1_12' title="bbox 301 1134 1881 1209; baseline -0.004 -12"><span class='ocrx_word' id='word_1_61' title='bbox 301 1143 414 1209; x_wconf 88' lang='lat' dir='ltr'><strong>hic,</strong></span> <span class='ocrx_word' id='word_1_62' title='bbox 436 1142 551 1195; x_wconf 68' lang='grc' dir='ltr'>ἀλλ’</span> <span class='ocrx_word' id='word_1_63' title='bbox 583 1140 677 1196; x_wconf 79' lang='grc' dir='ltr'><strong>οὖν</strong></span> <span class='ocrx_word' id='word_1_64' title='bbox 701 1143 856 1194; x_wconf 75' lang='grc' dir='ltr'>κάτω</span> <span class='ocrx_word' id='word_1_65' title='bbox 893 1140 1165 1205; x_wconf 74' lang='grc' dir='ltr'>ἵστανται,</span> <span class='ocrx_word' id='word_1_66' title='bbox 1212 1134 1308 1193; x_wconf 78' lang='grc' dir='ltr'><strong>οὖν</strong></span> <span class='ocrx_word' id='word_1_67' title='bbox 1358 1141 1611 1208; x_wconf 87' lang='lat' dir='ltr'><strong>accipere</strong></span> <span class='ocrx_word' id='word_1_68' title='bbox 1661 1155 1762 1209; x_wconf 89' lang='lat' dir='ltr'><strong>pro</strong></span> <span class='ocrx_word' id='word_1_69' title='bbox 1796 1137 1881 1203; x_wconf 78' lang='grc' dir='ltr'><strong>οὓς</strong></span> 
     </span>
    </p>
   </div>
   <div class='ocr_carea' id='block_1_13' title="bbox 302 1231 1885 1301">
    <p class='ocr_par' dir='ltr' id='par_1_13' title="bbox 302 1231 1885 1301">
     <span class='ocr_line' id='line_1_13' title="bbox 302 1231 1885 1301; baseline 0.001 -16"><span class='ocrx_word' id='word_1_70' title='bbox 302 1235 539 1301; x_wconf 75' lang='lat' dir='ltr'><strong>dicitque</strong></span> <span class='ocrx_word' id='word_1_71' title='bbox 562 1233 620 1284; x_wconf 79' lang='grc' dir='ltr'><strong>τὸ</strong></span> <span class='ocrx_word' id='word_1_72' title='bbox 671 1248 701 1283; x_wconf 91' lang='grc' dir='ltr'><strong>ν</strong></span> <span class='ocrx_word' id='word_1_73' title='bbox 745 1246 865 1287; x_wconf 83' lang='lat' dir='ltr'><strong>esse</strong></span> <span class='ocrx_word' id='word_1_74' title='bbox 914 1231 1156 1300; x_wconf 76' lang='lat' dir='ltr'><strong>ineptam</strong></span> <span class='ocrx_word' id='word_1_75' title='bbox 1212 1245 1517 1301; x_wconf 68' lang='lat' dir='ltr'><strong>paragogen</strong></span> <span class='ocrx_word' id='word_1_76' title='bbox 1563 1231 1885 1287; x_wconf 86' lang='lat' dir='ltr'><strong>recentioris</strong></span> 
     </span>
    </p>
   </div>
   <div class='ocr_carea' id='block_1_14' title="bbox 301 1322 1883 1393">
    <p class='ocr_par' dir='ltr' id='par_1_14' title="bbox 301 1322 1883 1393">
     <span class='ocr_line' id='line_1_14' title="bbox 301 1322 1883 1393; baseline -0.002 -12"><span class='ocrx_word' id='word_1_77' title='bbox 301 1326 561 1390; x_wconf 62' lang='lat' dir='ltr'><strong>Graeciaa;</strong></span> <span class='ocrx_word' id='word_1_78' title='bbox 602 1325 767 1393; x_wconf 68' lang='lat' dir='ltr'><strong>idque</strong></span> <span class='ocrx_word' id='word_1_79' title='bbox 828 1324 1119 1379; x_wconf 79' lang='lat' dir='ltr'><strong>conﬁrmat</strong></span> <span class='ocrx_word' id='word_1_80' title='bbox 1162 1341 1228 1380; x_wconf 82' lang='lat' dir='ltr'><strong>ex</strong></span> <span class='ocrx_word' id='word_1_81' title='bbox 1263 1323 1385 1378; x_wconf 86' lang='lat' dir='ltr'><strong>aliis</strong></span> <span class='ocrx_word' id='word_1_82' title='bbox 1441 1324 1655 1379; x_wconf 87' lang='lat' dir='ltr'><strong>duobus</strong></span> <span class='ocrx_word' id='word_1_83' title='bbox 1688 1322 1883 1378; x_wconf 87' lang='lat' dir='ltr'><strong>Codini</strong></span> 
     </span>
    </p>
   </div>
   <div class='ocr_carea' id='block_1_15' title="bbox 303 1412 1883 1485">
    <p class='ocr_par' dir='ltr' id='par_1_15' title="bbox 303 1412 1883 1485">
     <span class='ocr_line' id='line_1_15' title="bbox 303 1412 1883 1485; baseline -0.001 -14"><span class='ocrx_word' id='word_1_84' title='bbox 303 1420 455 1484; x_wconf 88' lang='lat' dir='ltr'><strong>locis,</strong></span> <span class='ocrx_word' id='word_1_85' title='bbox 487 1419 575 1472; x_wconf 88' lang='lat' dir='ltr'><strong>ubi</strong></span> <span class='ocrx_word' id='word_1_86' title='bbox 602 1424 752 1485; x_wconf 83' lang='lat' dir='ltr'><strong>putat</strong></span> <span class='ocrx_word' id='word_1_87' title='bbox 782 1415 873 1468; x_wconf 80' lang='grc' dir='ltr'><strong>οὖν</strong></span> <span class='ocrx_word' id='word_1_88' title='bbox 908 1432 1005 1485; x_wconf 90' lang='lat' dir='ltr'><strong>pro</strong></span> <span class='ocrx_word' id='word_1_89' title='bbox 1026 1413 1086 1467; x_wconf 78' lang='grc' dir='ltr'><strong>οὗ</strong></span> <span class='ocrx_word' id='word_1_90' title='bbox 1114 1416 1309 1485; x_wconf 80' lang='lat' dir='ltr'><strong>accipi.</strong></span> <span class='ocrx_word' id='word_1_91' title='bbox 1339 1412 1541 1470; x_wconf 85' lang='lat' dir='ltr'><strong>Verum</strong></span> <span class='ocrx_word' id='word_1_92' title='bbox 1568 1429 1668 1469; x_wconf 89' lang='lat' dir='ltr'><strong>nos</strong></span> <span class='ocrx_word' id='word_1_93' title='bbox 1701 1414 1883 1483; x_wconf 79' lang='lat' dir='ltr'><strong>potius</strong></span> 
     </span>
    </p>
   </div>
   <div class='ocr_carea' id='block_1_16' title="bbox 262 1506 1884 1571">
    <p class='ocr_par' dir='ltr' id='par_1_16' title="bbox 262 1506 1884 1571">
     <span class='ocr_line' id='line_1_16' title="bbox 262 1506 1884 1571; baseline -0.002 -7"><span class='ocrx_word' id='word_1_94' title='bbox 262 1506 572 1564; x_wconf 80' lang='lat' dir='ltr'><strong>&#39;credimus</strong></span> <span class='ocrx_word' id='word_1_95' title='bbox 601 1509 816 1564; x_wconf 87' lang='lat' dir='ltr'><strong>duobus</strong></span> <span class='ocrx_word' id='word_1_96' title='bbox 847 1509 954 1563; x_wconf 83' lang='lat' dir='ltr'><strong>illis</strong></span> <span class='ocrx_word' id='word_1_97' title='bbox 988 1508 1144 1571; x_wconf 89' lang='lat' dir='ltr'><strong>locis,</strong></span> <span class='ocrx_word' id='word_1_98' title='bbox 1206 1523 1258 1563; x_wconf 87' lang='lat' dir='ltr'><strong>c.</strong></span> <span class='ocrx_word' id='word_1_99' title='bbox 1294 1508 1360 1561; x_wconf 75' lang='grc'><strong>14</strong></span> <span class='ocrx_word' id='word_1_100' title='bbox 1390 1518 1516 1563; x_wconf 89' lang='lat' dir='ltr'><strong>etc.</strong></span> <span class='ocrx_word' id='word_1_101' title='bbox 1544 1508 1607 1561; x_wconf 80' lang='grc'><strong>17</strong></span> <span class='ocrx_word' id='word_1_102' title='bbox 1632 1506 1692 1561; x_wconf 75' lang='grc' dir='ltr'><strong>τὸ</strong></span> <span class='ocrx_word' id='word_1_103' title='bbox 1715 1518 1884 1561; x_wconf 83' lang='lat' dir='ltr'><strong>vesse</strong></span> 
     </span>
    </p>
   </div>
   <div class='ocr_carea' id='block_1_17' title="bbox 294 1599 1881 1670">
    <p class='ocr_par' dir='ltr' id='par_1_17' title="bbox 294 1599 1881 1670">
     <span class='ocr_line' id='line_1_17' title="bbox 294 1599 1881 1670; baseline -0.003 -16"><span class='ocrx_word' id='word_1_104' title='bbox 294 1607 669 1658; x_wconf 43' lang='lat' dir='ltr'><strong>uestimentum</strong></span> <span class='ocrx_word' id='word_1_105' title='bbox 688 1600 848 1669; x_wconf 84' lang='lat' dir='ltr'><strong>inepti</strong></span> <span class='ocrx_word' id='word_1_106' title='bbox 869 1600 1100 1663; x_wconf 75' lang='lat' dir='ltr'><strong>librarii,</strong></span> <span class='ocrx_word' id='word_1_107' title='bbox 1118 1600 1515 1670; x_wconf 84' lang='lat' dir='ltr'><strong>legendumque</strong></span> <span class='ocrx_word' id='word_1_108' title='bbox 1534 1600 1616 1663; x_wconf 76' lang='grc' dir='ltr'><strong>οὐ,</strong></span> <span class='ocrx_word' id='word_1_109' title='bbox 1643 1616 1748 1654; x_wconf 91' lang='lat' dir='ltr'><strong>non</strong></span> <span class='ocrx_word' id='word_1_110' title='bbox 1764 1599 1881 1652; x_wconf 60' lang='lat' dir='ltr'><strong>om:</strong></span> 
     </span>
    </p>
   </div>
   <div class='ocr_carea' id='block_1_18' title="bbox 293 1690 1881 1762">
    <p class='ocr_par' dir='ltr' id='par_1_18' title="bbox 293 1690 1881 1762">
     <span class='ocr_line' id='line_1_18' title="bbox 293 1690 1881 1762; baseline -0.001 -14"><span class='ocrx_word' id='word_1_111' title='bbox 293 1708 362 1748; x_wconf 89' lang='lat' dir='ltr'><strong>eo</strong></span> <span class='ocrx_word' id='word_1_112' title='bbox 403 1706 582 1747; x_wconf 84' lang='lat' dir='ltr'><strong>autem</strong></span> <span class='ocrx_word' id='word_1_113' title='bbox 621 1693 743 1747; x_wconf 87' lang='lat' dir='ltr'><strong>loco</strong></span> <span class='ocrx_word' id='word_1_114' title='bbox 780 1692 850 1747; x_wconf 89' lang='lat' dir='ltr'><strong>de</strong></span> <span class='ocrx_word' id='word_1_115' title='bbox 875 1708 983 1761; x_wconf 82' lang='lat' dir='ltr'><strong>quo</strong></span> <span class='ocrx_word' id='word_1_116' title='bbox 1010 1690 1528 1762; x_wconf 67' lang='lat' dir='ltr'><strong>liicloquiniur,o§v</strong></span> <span class='ocrx_word' id='word_1_117' title='bbox 1554 1702 1705 1748; x_wconf 87' lang='lat' dir='ltr'><strong>recte</strong></span> <span class='ocrx_word' id='word_1_118' title='bbox 1730 1692 1881 1759; x_wconf 87' lang='lat' dir='ltr'><strong>poni,</strong></span> 
     </span>
    </p>
   </div>
   <div class='ocr_carea' id='block_1_19' title="bbox 2011 487 3581 557">
    <p class='ocr_par' dir='ltr' id='par_1_19' title="bbox 2011 487 3581 557">
     <span class='ocr_line' id='line_1_19' title="bbox 2011 487 3581 557; baseline 0.009 -21"><span class='ocrx_word' id='word_1_119' title='bbox 2011 487 2236 555; x_wconf 82' lang='grc' dir='ltr'>σκήνιον</span> <span class='ocrx_word' id='word_1_120' title='bbox 2267 490 2366 557; x_wconf 79' lang='grc' dir='ltr'>τῆς</span> <span class='ocrx_word' id='word_1_121' title='bbox 2391 487 2700 557; x_wconf 76' lang='grc' dir='ltr'><strong>βασιλικῆς,</strong></span> <span class='ocrx_word' id='word_1_122' title='bbox 2729 488 2863 542; x_wconf 87' lang='lat' dir='ltr'><strong>mihi</strong></span> <span class='ocrx_word' id='word_1_123' title='bbox 2891 491 3108 557; x_wconf 76' lang='lat' dir='ltr'><strong>penitus</strong></span> <span class='ocrx_word' id='word_1_124' title='bbox 3153 503 3236 545; x_wconf 79' lang='lat' dir='ltr'><strong>cst</strong></span> <span class='ocrx_word' id='word_1_125' title='bbox 3264 493 3581 551; x_wconf 80' lang='lat' dir='ltr'><strong>indubium:</strong></span> 
     </span>
    </p>
   </div>
   <div class='ocr_carea' id='block_1_20' title="bbox 2002 577 3583 655">
    <p class='ocr_par' dir='ltr' id='par_1_20' title="bbox 2002 577 3583 655">
     <span class='ocr_line' id='line_1_20' title="bbox 2002 577 3583 655; baseline 0.006 -23"><span class='ocrx_word' id='word_1_126' title='bbox 2002 585 2087 632; x_wconf 82' lang='lat' dir='ltr'><strong>est</strong></span> <span class='ocrx_word' id='word_1_127' title='bbox 2135 577 2281 631; x_wconf 89' lang='lat' dir='ltr'><strong>enim</strong></span> <span class='ocrx_word' id='word_1_128' title='bbox 2332 578 2478 646; x_wconf 87' lang='lat' dir='ltr'><strong>quod</strong></span> <span class='ocrx_word' id='word_1_129' title='bbox 2502 577 2765 635; x_wconf 83' lang='lat' dir='ltr'><strong>-Zonatas</strong></span> <span class='ocrx_word' id='word_1_130' title='bbox 2808 581 3180 649; x_wconf 75' lang='grc' dir='ltr'>τριϐουνάλιον</span> <span class='ocrx_word' id='word_1_131' title='bbox 3234 585 3287 638; x_wconf 88' lang='lat' dir='ltr'><strong>in</strong></span> <span class='ocrx_word' id='word_1_132' title='bbox 3334 587 3583 655; x_wconf 76' lang='lat' dir='ltr'><strong>ejusdem</strong></span> 
     </span>
    </p>
   </div>
   <div class='ocr_carea' id='block_1_21' title="bbox 2007 666 3583 738">
    <p class='ocr_par' dir='ltr' id='par_1_21' title="bbox 2007 666 3583 738">
     <span class='ocr_line' id='line_1_21' title="bbox 2007 666 3583 738; baseline 0.008 -18"><span class='ocrx_word' id='word_1_133' title='bbox 2007 666 2129 722; x_wconf 83' lang='lat' dir='ltr'><strong>Vita</strong></span> <span class='ocrx_word' id='word_1_134' title='bbox 2162 669 2418 738; x_wconf 74' lang='lat' dir='ltr'><strong>appellat.</strong></span> <span class='ocrx_word' id='word_1_135' title='bbox 2442 668 2825 726; x_wconf 86' lang='lat' dir='ltr'><strong>Tribunalium</strong></span> <span class='ocrx_word' id='word_1_136' title='bbox 2853 684 3032 728; x_wconf 90' lang='lat' dir='ltr'><strong>autem</strong></span> <span class='ocrx_word' id='word_1_137' title='bbox 3068 676 3184 730; x_wconf 81' lang='lat' dir='ltr'><strong>sive</strong></span> <span class='ocrx_word' id='word_1_138' title='bbox 3226 677 3461 731; x_wconf 73' lang='lat' dir='ltr'><strong>tribunal</strong></span> <span class='ocrx_word' id='word_1_139' title='bbox 3494 698 3583 733; x_wconf 83' lang='lat' dir='ltr'><strong>re-</strong></span> 
     </span>
    </p>
   </div>
   <div class='ocr_carea' id='block_1_22' title="bbox 1998 753 3585 837">
    <p class='ocr_par' dir='ltr' id='par_1_22' title="bbox 1998 753 3585 837">
     <span class='ocr_line' id='line_1_22' title="bbox 1998 753 3585 837; baseline 0.011 -31"><span class='ocrx_word' id='word_1_140' title='bbox 1998 753 2148 822; x_wconf 77' lang='lat' dir='ltr'><strong>gium</strong></span> <span class='ocrx_word' id='word_1_141' title='bbox 2209 757 2342 824; x_wconf 86' lang='lat' dir='ltr'><strong>quid</strong></span> <span class='ocrx_word' id='word_1_142' title='bbox 2405 758 2557 813; x_wconf 81' lang='lat' dir='ltr'><strong>aliud</strong></span> <span class='ocrx_word' id='word_1_143' title='bbox 2598 775 2770 827; x_wconf 78' lang='lat' dir='ltr'><strong>quam</strong></span> <span class='ocrx_word' id='word_1_144' title='bbox 2815 765 3108 833; x_wconf 59' lang='grc' dir='ltr'>πρόκυψις,</span> <span class='ocrx_word' id='word_1_145' title='bbox 3169 768 3234 821; x_wconf 79' lang='lat' dir='ltr'><strong>de</strong></span> <span class='ocrx_word' id='word_1_146' title='bbox 3285 784 3389 837; x_wconf 81' lang='lat' dir='ltr'><strong>qua</strong></span> <span class='ocrx_word' id='word_1_147' title='bbox 3424 772 3585 824; x_wconf 83' lang='lat' dir='ltr'><strong>nobis</strong></span> 
     </span>
    </p>
   </div>
   <div class='ocr_carea' id='block_1_23' title="bbox 1998 848 2451 920">
    <p class='ocr_par' dir='ltr' id='par_1_23' title="bbox 1998 848 2451 920">
     <span class='ocr_line' id='line_1_23' title="bbox 1998 848 2451 920; baseline 0.007 -21"><span class='ocrx_word' id='word_1_148' title='bbox 1998 848 2228 900; x_wconf 89' lang='lat' dir='ltr'><strong>sermo?</strong></span> <span class='ocrx_word' id='word_1_149' title='bbox 2254 848 2451 920; x_wconf 65' lang='lat' dir='ltr'><strong>Goan.]</strong></span> 
     </span>
    </p>
   </div>
   <div class='ocr_carea' id='block_1_24' title="bbox 2067 934 3571 1007">
    <p class='ocr_par' dir='ltr' id='par_1_24' title="bbox 2067 934 3571 1007">
     <span class='ocr_line' id='line_1_24' title="bbox 2067 934 3571 1007; baseline 0.011 -17"><span class='ocrx_word' id='word_1_150' title='bbox 2067 937 2211 993; x_wconf 80' lang='lat' dir='ltr'><strong>Ibid.</strong></span> <span class='ocrx_word' id='word_1_151' title='bbox 2262 939 2595 997; x_wconf 75' lang='lat' dir='ltr'><strong>Bardariota:</strong></span> <span class='ocrx_word' id='word_1_152' title='bbox 2641 960 2668 997; x_wconf 88' lang='lat' dir='ltr'><strong>a</strong></span> <span class='ocrx_word' id='word_1_153' title='bbox 2703 946 2971 1002; x_wconf 86' lang='lat' dir='ltr'><strong>Bardario</strong></span> <span class='ocrx_word' id='word_1_154' title='bbox 3029 948 3259 1005; x_wconf 84' lang='lat' dir='ltr'><strong>ﬂumine</strong></span> <span class='ocrx_word' id='word_1_155' title='bbox 3318 934 3571 1007; x_wconf 60' lang='lat' dir='ltr'><strong>Macedo?</strong></span> 
     </span>
    </p>
   </div>
   <div class='ocr_carea' id='block_1_25' title="bbox 1996 1030 3577 1113">
    <p class='ocr_par' dir='ltr' id='par_1_25' title="bbox 1996 1030 3577 1113">
     <span class='ocr_line' id='line_1_25' title="bbox 1996 1030 3577 1113; baseline 0.01 -31"><span class='ocrx_word' id='word_1_156' title='bbox 1996 1030 2124 1095; x_wconf 66' lang='lat' dir='ltr'><strong>uiae,</strong></span> <span class='ocrx_word' id='word_1_157' title='bbox 2160 1033 2318 1101; x_wconf 84' lang='lat' dir='ltr'><strong>cujus</strong></span> <span class='ocrx_word' id='word_1_158' title='bbox 2352 1037 2602 1090; x_wconf 82' lang='lat' dir='ltr'><strong>meminit</strong></span> <span class='ocrx_word' id='word_1_159' title='bbox 2635 1037 2963 1096; x_wconf 82' lang='lat' dir='ltr'><strong>Willielmus</strong></span> <span class='ocrx_word' id='word_1_160' title='bbox 2998 1041 3201 1113; x_wconf 78' lang='lat' dir='ltr'><strong>Tyrius</strong></span> <span class='ocrx_word' id='word_1_161' title='bbox 3256 1044 3389 1098; x_wconf 85' lang='lat' dir='ltr'><strong>Belli</strong></span> <span class='ocrx_word' id='word_1_162' title='bbox 3432 1047 3577 1101; x_wconf 80' lang='lat' dir='ltr'><strong>sacri</strong></span> 
     </span>
    </p>
   </div>
   <div class='ocr_carea' id='block_1_26' title="bbox 1995 1122 3576 1206">
    <p class='ocr_par' dir='ltr' id='par_1_26' title="bbox 1995 1122 3576 1206">
     <span class='ocr_line' id='line_1_26' title="bbox 1995 1122 3576 1206; baseline 0.009 -31"><span class='ocrx_word' id='word_1_163' title='bbox 1995 1136 2060 1185; x_wconf 85' lang='lat' dir='ltr'><strong>ll,</strong></span> <span class='ocrx_word' id='word_1_164' title='bbox 2096 1122 2162 1177; x_wconf 74' lang='grc'><strong>12»</strong></span> <span class='ocrx_word' id='word_1_165' title='bbox 2196 1134 2252 1178; x_wconf 90' lang='lat' dir='ltr'><strong>et</strong></span> <span class='ocrx_word' id='word_1_166' title='bbox 2288 1126 2377 1192; x_wconf 73' lang='grc'><strong>14,</strong></span> <span class='ocrx_word' id='word_1_167' title='bbox 2424 1126 2494 1182; x_wconf 87' lang='lat' dir='ltr'><strong>de</strong></span> <span class='ocrx_word' id='word_1_168' title='bbox 2531 1131 2732 1200; x_wconf 84' lang='lat' dir='ltr'><strong>quibus</strong></span> <span class='ocrx_word' id='word_1_169' title='bbox 2762 1134 2926 1200; x_wconf 87' lang='lat' dir='ltr'><strong>paulo</strong></span> <span class='ocrx_word' id='word_1_170' title='bbox 2966 1144 3093 1204; x_wconf 87' lang='lat' dir='ltr'><strong>post</strong></span> <span class='ocrx_word' id='word_1_171' title='bbox 3122 1137 3280 1206; x_wconf 89' lang='lat' dir='ltr'><strong>plura</strong></span> <span class='ocrx_word' id='word_1_172' title='bbox 3308 1138 3576 1194; x_wconf 83' lang='lat' dir='ltr'><strong>Codinns.</strong></span> 
     </span>
    </p>
   </div>
   <div class='ocr_carea' id='block_1_27' title="bbox 1995 1211 2200 1269">
    <p class='ocr_par' dir='ltr' id='par_1_27' title="bbox 1995 1211 2200 1269">
     <span class='ocr_line' id='line_1_27' title="bbox 1995 1211 2200 1269; baseline 0.005 -1"><span class='ocrx_word' id='word_1_173' title='bbox 1995 1211 2200 1269; x_wconf 68' lang='grc' dir='ltr'><strong>διιεῖ-ε.</strong></span> 
     </span>
    </p>
   </div>
   <div class='ocr_carea' id='block_1_28' title="bbox 2070 1302 3583 1393">
    <p class='ocr_par' dir='ltr' id='par_1_28' title="bbox 2070 1302 3583 1393">
     <span class='ocr_line' id='line_1_28' title="bbox 2070 1302 3583 1393; baseline 0.013 -34"><span class='ocrx_word' id='word_1_174' title='bbox 2070 1305 2217 1362; x_wconf 83' lang='lat' dir='ltr'><strong>Ibid.</strong></span> <span class='ocrx_word' id='word_1_175' title='bbox 2258 1302 2573 1381; x_wconf 72' lang='lat' dir='ltr'><strong>[Persarum</strong></span> <span class='ocrx_word' id='word_1_176' title='bbox 2635 1317 2922 1384; x_wconf 80' lang='lat' dir='ltr'><strong>antiquum</strong></span> <span class='ocrx_word' id='word_1_177' title='bbox 2977 1333 3153 1389; x_wconf 74' lang='lat' dir='ltr'><strong>genus</strong></span> <span class='ocrx_word' id='word_1_178' title='bbox 3205 1336 3234 1374; x_wconf 87' lang='lat' dir='ltr'><strong>a</strong></span> <span class='ocrx_word' id='word_1_179' title='bbox 3277 1320 3583 1393; x_wconf 78' lang='lat' dir='ltr'><strong>Theopliilo</strong></span> 
     </span>
    </p>
   </div>
   <div class='ocr_carea' id='block_1_29' title="bbox 1996 1396 3582 1482">
    <p class='ocr_par' dir='ltr' id='par_1_29' title="bbox 1996 1396 3582 1482">
     <span class='ocr_line' id='line_1_29' title="bbox 1996 1396 3582 1482; baseline 0.011 -32"><span class='ocrx_word' id='word_1_180' title='bbox 1996 1396 2327 1465; x_wconf 85' lang='lat' dir='ltr'><strong>imperatore</strong></span> <span class='ocrx_word' id='word_1_181' title='bbox 2382 1404 2531 1459; x_wconf 88' lang='lat' dir='ltr'><strong>circa</strong></span> <span class='ocrx_word' id='word_1_182' title='bbox 2592 1405 2918 1463; x_wconf 86' lang='lat' dir='ltr'><strong>Bardarium</strong></span> <span class='ocrx_word' id='word_1_183' title='bbox 2971 1410 3582 1482; x_wconf 60' lang='lat' dir='ltr'><strong>Macedoniiwiluxiuiii,</strong></span> 
     </span>
    </p>
   </div>
   <div class='ocr_carea' id='block_1_30' title="bbox 2008 1489 3673 1570">
    <p class='ocr_par' dir='ltr' id='par_1_30' title="bbox 2008 1489 3673 1570">
     <span class='ocr_line' id='line_1_30' title="bbox 2008 1489 3673 1570; baseline 0.012 -27"><span class='ocrx_word' id='word_1_184' title='bbox 2008 1489 2181 1552; x_wconf 80' lang='grc' dir='ltr'>’Δξιόν</span> <span class='ocrx_word' id='word_1_185' title='bbox 2220 1494 2374 1562; x_wconf 90' lang='lat' dir='ltr'><strong>prius</strong></span> <span class='ocrx_word' id='word_1_186' title='bbox 2430 1496 2664 1563; x_wconf 84' lang='lat' dir='ltr'><strong>dictum,</strong></span> <span class='ocrx_word' id='word_1_187' title='bbox 2693 1516 2757 1555; x_wconf 82' lang='lat' dir='ltr'><strong>ex</strong></span> <span class='ocrx_word' id='word_1_188' title='bbox 2799 1501 3036 1570; x_wconf 86' lang='lat' dir='ltr'><strong>Zonara,</strong></span> <span class='ocrx_word' id='word_1_189' title='bbox 3067 1508 3447 1562; x_wconf 84' lang='lat' dir='ltr'><strong>translatuma</strong></span> <span class='ocrx_word' id='word_1_190' title='bbox 3478 1510 3582 1563; x_wconf 76' lang='lat' dir='ltr'><strong>tln-</strong></span> <span class='ocrx_word' id='word_1_191' title='bbox 3665 1517 3673 1525; x_wconf 92' lang='lat'><strong>&#39;</strong></span> 
     </span>
    </p>
   </div>
   <div class='ocr_carea' id='block_1_31' title="bbox 1995 1581 3577 1659">
    <p class='ocr_par' dir='ltr' id='par_1_31' title="bbox 1995 1581 3577 1659">
     <span class='ocr_line' id='line_1_31' title="bbox 1995 1581 3577 1659; baseline 0.016 -26"><span class='ocrx_word' id='word_1_192' title='bbox 1995 1581 2083 1637; x_wconf 89' lang='lat' dir='ltr'><strong>vio</strong></span> <span class='ocrx_word' id='word_1_193' title='bbox 2121 1598 2319 1639; x_wconf 87' lang='lat' dir='ltr'><strong>nomen</strong></span> <span class='ocrx_word' id='word_1_194' title='bbox 2348 1592 2579 1659; x_wconf 87' lang='lat' dir='ltr'><strong>accepit.</strong></span> <span class='ocrx_word' id='word_1_195' title='bbox 2642 1594 2853 1650; x_wconf 83' lang='lat' dir='ltr'><strong>Auctor</strong></span> <span class='ocrx_word' id='word_1_196' title='bbox 2881 1598 3042 1653; x_wconf 80' lang='lat' dir='ltr'><strong>infra.</strong></span> <span class='ocrx_word' id='word_1_197' title='bbox 3090 1598 3202 1655; x_wconf 81' lang='lat' dir='ltr'><strong>Leo</strong></span> <span class='ocrx_word' id='word_1_198' title='bbox 3234 1602 3577 1658; x_wconf 80' lang='lat' dir='ltr'><strong>Grammati-</strong></span> 
     </span>
    </p>
   </div>
   <div class='ocr_carea' id='block_1_32' title="bbox 1998 1675 3579 1763">
    <p class='ocr_par' dir='ltr' id='par_1_32' title="bbox 1998 1675 3579 1763">
     <span class='ocr_line' id='line_1_32' title="bbox 1998 1675 3579 1763; baseline 0.015 -37"><span class='ocrx_word' id='word_1_199' title='bbox 1998 1687 2096 1729; x_wconf 87' lang='lat' dir='ltr'><strong>cus</strong></span> <span class='ocrx_word' id='word_1_200' title='bbox 2156 1675 2208 1730; x_wconf 91' lang='lat' dir='ltr'><strong>in</strong></span> <span class='ocrx_word' id='word_1_201' title='bbox 2273 1676 2614 1751; x_wconf 66' lang='lat' dir='ltr'><strong>Theophili);</strong></span> <span class='ocrx_word' id='word_1_202' title='bbox 2656 1684 2845 1758; x_wconf 86' lang='grc' dir='ltr'>Τούτῳ</span> <span class='ocrx_word' id='word_1_203' title='bbox 2912 1692 3256 1761; x_wconf 77' lang='grc' dir='ltr'><strong>προσέφυγεν</strong></span> <span class='ocrx_word' id='word_1_204' title='bbox 3310 1695 3579 1763; x_wconf 59' lang='grc' dir='ltr'>Θεόφοϐος</span> 
     </span>
    </p>
   </div>
   <div class='ocr_carea' id='block_1_33' title="bbox 295 1766 1881 1857">
    <p class='ocr_par' dir='ltr' id='par_1_33' title="bbox 295 1784 1873 1857">
     <span class='ocr_line' id='line_1_33' title="bbox 295 1784 1873 1857; baseline -0.001 -16"><span class='ocrx_word' id='word_1_205' title='bbox 295 1802 477 1857; x_wconf 86' lang='lat' dir='ltr'><strong>neque</strong></span> <span class='ocrx_word' id='word_1_206' title='bbox 500 1800 595 1855; x_wconf 90' lang='lat' dir='ltr'><strong>pro</strong></span> <span class='ocrx_word' id='word_1_207' title='bbox 625 1787 874 1855; x_wconf 75' lang='lat' dir='ltr'><strong>negativa</strong></span> <span class='ocrx_word' id='word_1_208' title='bbox 903 1784 1167 1854; x_wconf 83' lang='lat' dir='ltr'><strong>particula</strong></span> <span class='ocrx_word' id='word_1_209' title='bbox 1198 1786 1261 1839; x_wconf 77' lang='grc' dir='ltr'><strong>οὐ</strong></span> <span class='ocrx_word' id='word_1_210' title='bbox 1324 1787 1605 1853; x_wconf 85' lang='lat' dir='ltr'><strong>usurpari.</strong></span> <span class='ocrx_word' id='word_1_211' title='bbox 1667 1784 1873 1840; x_wconf 68' lang='lat' dir='ltr'><strong>Gns’rs.</strong></span> 
     </span>
    </p>
   </div>
   <div class='ocr_carea' id='block_1_34' title="bbox 1993 1766 3578 1857">
    <p class='ocr_par' dir='ltr' id='par_1_34' title="bbox 1993 1766 3578 1856">
     <span class='ocr_line' id='line_1_34' title="bbox 1993 1766 3578 1856; baseline 0.015 -39"><span class='ocrx_word' id='word_1_212' title='bbox 1993 1766 2197 1836; x_wconf 78' lang='grc' dir='ltr'><strong>Πέρσης</strong></span> <span class='ocrx_word' id='word_1_213' title='bbox 2224 1769 2340 1838; x_wconf 76' lang='grc' dir='ltr'><strong>ἅμα</strong></span> <span class='ocrx_word' id='word_1_214' title='bbox 2369 1774 2446 1843; x_wconf 80' lang='grc' dir='ltr'>τῷ</span> <span class='ocrx_word' id='word_1_215' title='bbox 2477 1779 2642 1845; x_wconf 80' lang='grc' dir='ltr'>πατρὶ</span> <span class='ocrx_word' id='word_1_216' title='bbox 2671 1779 2837 1833; x_wconf 76' lang='grc' dir='ltr'>αὐτοῦ</span> <span class='ocrx_word' id='word_1_217' title='bbox 2881 1783 3019 1851; x_wconf 84' lang='grc' dir='ltr'><strong>μετὰ</strong></span> <span class='ocrx_word' id='word_1_218' title='bbox 3049 1785 3273 1855; x_wconf 82' lang='grc' dir='ltr'>Περσῶν</span> <span class='ocrx_word' id='word_1_219' title='bbox 3321 1786 3578 1856; x_wconf 72' lang='grc' dir='ltr'><strong>χιλιάδων</strong></span> 
     </span>
    </p>
   </div>
   <div class='ocr_carea' id='block_1_35' title="bbox 368 1866 1869 1951">
    <p class='ocr_par' dir='ltr' id='par_1_35' title="bbox 368 1866 1869 1951">
     <span class='ocr_line' id='line_1_35' title="bbox 368 1866 1869 1951; baseline -0.001 -18"><span class='ocrx_word' id='word_1_220' title='bbox 368 1881 453 1934; x_wconf 81' lang='lat' dir='ltr'><strong>Ib.</strong></span> <span class='ocrx_word' id='word_1_221' title='bbox 482 1878 630 1951; x_wconf 80' lang='grc' dir='ltr'><strong>[Τῆς</strong></span> <span class='ocrx_word' id='word_1_222' title='bbox 659 1879 1045 1947; x_wconf 74' lang='grc' dir='ltr'>προκύψεως.</span> <span class='ocrx_word' id='word_1_223' title='bbox 1081 1866 1343 1945; x_wconf 70' lang='lat' dir='ltr'><strong>Videant,</strong></span> <span class='ocrx_word' id='word_1_224' title='bbox 1371 1879 1550 1948; x_wconf 84' lang='lat' dir='ltr'><strong>inquit</strong></span> <span class='ocrx_word' id='word_1_225' title='bbox 1578 1878 1869 1943; x_wconf 76' lang='lat' dir='ltr'><strong>Meursius,</strong></span> 
     </span>
    </p>
   </div>
   <div class='ocr_carea' id='block_1_36' title="bbox 295 1970 1879 2028">
    <p class='ocr_par' dir='ltr' id='par_1_36' title="bbox 295 1970 1879 2028">
     <span class='ocr_line' id='line_1_36' title="bbox 295 1970 1879 2028; baseline -0.003 -1"><span class='ocrx_word' id='word_1_226' title='bbox 295 1989 366 2028; x_wconf 85' lang='lat' dir='ltr'><strong>an</strong></span> <span class='ocrx_word' id='word_1_227' title='bbox 400 1982 548 2027; x_wconf 90' lang='lat' dir='ltr'><strong>recte</strong></span> <span class='ocrx_word' id='word_1_228' title='bbox 591 1971 961 2025; x_wconf 82' lang='lat' dir='ltr'><strong>adorationem</strong></span> <span class='ocrx_word' id='word_1_229' title='bbox 1017 1978 1071 2023; x_wconf 89' lang='lat' dir='ltr'><strong>et</strong></span> <span class='ocrx_word' id='word_1_230' title='bbox 1120 1972 1420 2023; x_wconf 83' lang='lat' dir='ltr'><strong>oratorium</strong></span> <span class='ocrx_word' id='word_1_231' title='bbox 1459 1970 1559 2024; x_wconf 73' lang='lat' dir='ltr'><strong>vit‘i</strong></span> <span class='ocrx_word' id='word_1_232' title='bbox 1589 1971 1735 2024; x_wconf 85' lang='lat' dir='ltr'><strong>docti</strong></span> <span class='ocrx_word' id='word_1_233' title='bbox 1764 1972 1879 2025; x_wconf 86' lang='lat' dir='ltr'><strong>sint</strong></span> 
     </span>
    </p>
   </div>
   <div class='ocr_carea' id='block_1_37' title="bbox 297 2060 1879 2134">
    <p class='ocr_par' dir='ltr' id='par_1_37' title="bbox 297 2060 1879 2134">
     <span class='ocr_line' id='line_1_37' title="bbox 297 2060 1879 2134; baseline -0.001 -15"><span class='ocrx_word' id='word_1_234' title='bbox 297 2066 666 2134; x_wconf 81' lang='lat' dir='ltr'><strong>interpretati.</strong></span> <span class='ocrx_word' id='word_1_235' title='bbox 692 2061 998 2133; x_wconf 82' lang='lat' dir='ltr'><strong>Nusquam,</strong></span> <span class='ocrx_word' id='word_1_236' title='bbox 1027 2061 1255 2116; x_wconf 77' lang='lat' dir='ltr'><strong>Mcursi.</strong></span> <span class='ocrx_word' id='word_1_237' title='bbox 1293 2060 1389 2116; x_wconf 85' lang='lat' dir='ltr'><strong>Est</strong></span> <span class='ocrx_word' id='word_1_238' title='bbox 1414 2062 1567 2115; x_wconf 90' lang='lat' dir='ltr'><strong>enim</strong></span> <span class='ocrx_word' id='word_1_239' title='bbox 1602 2063 1657 2116; x_wconf 88' lang='lat' dir='ltr'><strong>in</strong></span> <span class='ocrx_word' id='word_1_240' title='bbox 1690 2060 1879 2131; x_wconf 78' lang='lat' dir='ltr'><strong>profa-</strong></span> 
     </span>
    </p>
   </div>
   <div class='ocr_carea' id='block_1_38' title="bbox 304 2153 1879 2225">
    <p class='ocr_par' dir='ltr' id='par_1_38' title="bbox 304 2153 1879 2225">
     <span class='ocr_line' id='line_1_38' title="bbox 304 2153 1879 2225; baseline -0.002 -14"><span class='ocrx_word' id='word_1_241' title='bbox 304 2159 412 2222; x_wconf 86' lang='lat' dir='ltr'><strong>nis,</strong></span> <span class='ocrx_word' id='word_1_242' title='bbox 469 2157 699 2211; x_wconf 83' lang='lat' dir='ltr'><strong>theatris</strong></span> <span class='ocrx_word' id='word_1_243' title='bbox 728 2165 783 2211; x_wconf 88' lang='lat' dir='ltr'><strong>et</strong></span> <span class='ocrx_word' id='word_1_244' title='bbox 811 2154 1165 2225; x_wconf 89' lang='lat' dir='ltr'><strong>spectaculis,</strong></span> <span class='ocrx_word' id='word_1_245' title='bbox 1188 2153 1485 2222; x_wconf 73' lang='grc' dir='ltr'>πρὸκυψις.</span> <span class='ocrx_word' id='word_1_246' title='bbox 1527 2154 1601 2206; x_wconf 80' lang='lat' dir='ltr'><strong>En</strong></span> <span class='ocrx_word' id='word_1_247' title='bbox 1626 2153 1879 2208; x_wconf 85' lang='lat' dir='ltr'><strong>Genuen-</strong></span> 
     </span>
    </p>
   </div>
   <div class='ocr_carea' id='block_1_39' title="bbox 312 2247 1879 2317">
    <p class='ocr_par' dir='ltr' id='par_1_39' title="bbox 312 2247 1879 2317">
     <span class='ocr_line' id='line_1_39' title="bbox 312 2247 1879 2317; baseline -0.002 -13"><span class='ocrx_word' id='word_1_248' title='bbox 312 2251 445 2305; x_wconf 88' lang='lat' dir='ltr'><strong>sium</strong></span> <span class='ocrx_word' id='word_1_249' title='bbox 496 2250 853 2316; x_wconf 80' lang='lat' dir='ltr'><strong>magistratus</strong></span> <span class='ocrx_word' id='word_1_250' title='bbox 926 2262 1051 2303; x_wconf 87' lang='lat' dir='ltr'><strong>cum</strong></span> <span class='ocrx_word' id='word_1_251' title='bbox 1107 2247 1426 2317; x_wconf 88' lang='lat' dir='ltr'><strong>proceribus</strong></span> <span class='ocrx_word' id='word_1_252' title='bbox 1477 2258 1666 2302; x_wconf 85' lang='lat' dir='ltr'><strong>astans</strong></span> <span class='ocrx_word' id='word_1_253' title='bbox 1690 2262 1879 2302; x_wconf 86' lang='lat' dir='ltr'><strong>coram</strong></span> 
     </span>
    </p>
   </div>
   <div class='ocr_carea' id='block_1_40' title="bbox 312 2341 1875 2412">
    <p class='ocr_par' dir='ltr' id='par_1_40' title="bbox 312 2341 1875 2412">
     <span class='ocr_line' id='line_1_40' title="bbox 312 2341 1875 2412; baseline 0.001 -16"><span class='ocrx_word' id='word_1_254' title='bbox 312 2344 633 2411; x_wconf 81' lang='lat' dir='ltr'><strong>imperatore</strong></span> <span class='ocrx_word' id='word_1_255' title='bbox 687 2343 767 2405; x_wconf 77' lang='lat' dir='ltr'><strong>si;</strong></span> <span class='ocrx_word' id='word_1_256' title='bbox 826 2343 920 2395; x_wconf 78' lang='grc' dir='ltr'><strong>τὸν</strong></span> <span class='ocrx_word' id='word_1_257' title='bbox 968 2343 1163 2411; x_wconf 76' lang='grc' dir='ltr'>καιρὸν</span> <span class='ocrx_word' id='word_1_258' title='bbox 1221 2344 1321 2411; x_wconf 76' lang='grc' dir='ltr'>τῆς</span> <span class='ocrx_word' id='word_1_259' title='bbox 1364 2341 1695 2412; x_wconf 63' lang='grc' dir='ltr'>προκύψεως</span> <span class='ocrx_word' id='word_1_260' title='bbox 1733 2356 1783 2397; x_wconf 92' lang='lat' dir='ltr'><strong>c.</strong></span> <span class='ocrx_word' id='word_1_261' title='bbox 1819 2342 1875 2397; x_wconf 85' lang='lat'><strong>7.</strong></span> 
     </span>
    </p>
   </div>
   <div class='ocr_carea' id='block_1_41' title="bbox 302 2435 1876 2505">
    <p class='ocr_par' dir='ltr' id='par_1_41' title="bbox 302 2435 1876 2505">
     <span class='ocr_line' id='line_1_41' title="bbox 302 2435 1876 2505; baseline -0.005 -12"><span class='ocrx_word' id='word_1_262' title='bbox 302 2437 576 2493; x_wconf 85' lang='lat' dir='ltr'><strong>Orationis</strong></span> <span class='ocrx_word' id='word_1_263' title='bbox 604 2435 790 2490; x_wconf 78' lang='lat' dir='ltr'><strong>forsan</strong></span> <span class='ocrx_word' id='word_1_264' title='bbox 830 2435 1122 2504; x_wconf 79' lang='lat' dir='ltr'><strong>tempore?</strong></span> <span class='ocrx_word' id='word_1_265' title='bbox 1162 2435 1273 2489; x_wconf 90' lang='lat' dir='ltr'><strong>imo</strong></span> <span class='ocrx_word' id='word_1_266' title='bbox 1307 2450 1437 2489; x_wconf 90' lang='lat' dir='ltr'><strong>vero</strong></span> <span class='ocrx_word' id='word_1_267' title='bbox 1468 2436 1683 2503; x_wconf 83' lang='lat' dir='ltr'><strong>prandii</strong></span> <span class='ocrx_word' id='word_1_268' title='bbox 1712 2435 1876 2505; x_wconf 78' lang='grc' dir='ltr'>μέχρι</span> 
     </span>
    </p>
   </div>
   <div class='ocr_carea' id='block_1_42' title="bbox 300 2525 1877 2600">
    <p class='ocr_par' dir='ltr' id='par_1_42' title="bbox 300 2525 1877 2600">
     <span class='ocr_line' id='line_1_42' title="bbox 300 2525 1877 2600; baseline -0.001 -19"><span class='ocrx_word' id='word_1_269' title='bbox 300 2533 399 2600; x_wconf 75' lang='grc' dir='ltr'>τῆς</span> <span class='ocrx_word' id='word_1_270' title='bbox 449 2528 745 2599; x_wconf 76' lang='grc' dir='ltr'><strong>τραπέζης.</strong></span> <span class='ocrx_word' id='word_1_271' title='bbox 796 2528 853 2582; x_wconf 79' lang='lat' dir='ltr'><strong>in</strong></span> <span class='ocrx_word' id='word_1_272' title='bbox 904 2527 1139 2582; x_wconf 83' lang='lat' dir='ltr'><strong>ecclesia</strong></span> <span class='ocrx_word' id='word_1_273' title='bbox 1197 2527 1283 2581; x_wconf 89' lang='lat' dir='ltr'><strong>vel</strong></span> <span class='ocrx_word' id='word_1_274' title='bbox 1333 2527 1580 2582; x_wconf 75' lang='lat' dir='ltr'><strong>sacello?</strong></span> <span class='ocrx_word' id='word_1_275' title='bbox 1641 2525 1877 2581; x_wconf 84' lang='lat' dir='ltr'><strong>Tantum</strong></span> 
     </span>
    </p>
   </div>
   <div class='ocr_carea' id='block_1_43' title="bbox 300 2608 1880 2687">
    <p class='ocr_par' dir='ltr' id='par_1_43' title="bbox 300 2608 1880 2687">
     <span class='ocr_line' id='line_1_43' title="bbox 300 2608 1880 2687; baseline -0.003 -10"><span class='ocrx_word' id='word_1_276' title='bbox 300 2626 492 2678; x_wconf 84' lang='lat' dir='ltr'><strong>abest:</strong></span> <span class='ocrx_word' id='word_1_277' title='bbox 554 2622 608 2676; x_wconf 86' lang='lat' dir='ltr'><strong>in</strong></span> <span class='ocrx_word' id='word_1_278' title='bbox 638 2622 901 2687; x_wconf 86' lang='lat' dir='ltr'><strong>triclinio,</strong></span> <span class='ocrx_word' id='word_1_279' title='bbox 936 2620 1028 2675; x_wconf 86' lang='lat' dir='ltr'><strong>ubi</strong></span> <span class='ocrx_word' id='word_1_280' title='bbox 1060 2635 1185 2675; x_wconf 89' lang='lat' dir='ltr'><strong>cum</strong></span> <span class='ocrx_word' id='word_1_281' title='bbox 1242 2608 1398 2676; x_wconf 80' lang='lat' dir='ltr'><strong>curia</strong></span> <span class='ocrx_word' id='word_1_282' title='bbox 1452 2629 1764 2687; x_wconf 87' lang='lat' dir='ltr'><strong>veneratur,</strong></span> <span class='ocrx_word' id='word_1_283' title='bbox 1799 2622 1880 2684; x_wconf 77' lang='lat' dir='ltr'><strong>et;</strong></span> 
     </span>
    </p>
   </div>
   <div class='ocr_carea' id='block_1_44' title="bbox 299 2714 1881 2788">
    <p class='ocr_par' dir='ltr' id='par_1_44' title="bbox 299 2714 1881 2788">
     <span class='ocr_line' id='line_1_44' title="bbox 299 2714 1881 2788; baseline -0.001 -17"><span class='ocrx_word' id='word_1_284' title='bbox 299 2718 401 2788; x_wconf 75' lang='grc' dir='ltr'><strong>τὴν</strong></span> <span class='ocrx_word' id='word_1_285' title='bbox 430 2718 794 2787; x_wconf 80' lang='grc' dir='ltr'>παράστασιν.</span> <span class='ocrx_word' id='word_1_286' title='bbox 825 2714 969 2786; x_wconf 80' lang='lat' dir='ltr'><strong>Ergo</strong></span> <span class='ocrx_word' id='word_1_287' title='bbox 1000 2716 1137 2769; x_wconf 88' lang='lat' dir='ltr'><strong>nihil</strong></span> <span class='ocrx_word' id='word_1_288' title='bbox 1167 2715 1435 2770; x_wconf 87' lang='lat' dir='ltr'><strong>semotius</strong></span> <span class='ocrx_word' id='word_1_289' title='bbox 1465 2719 1532 2768; x_wconf 86' lang='lat' dir='ltr'><strong>ab</strong></span> <span class='ocrx_word' id='word_1_290' title='bbox 1564 2715 1808 2769; x_wconf 87' lang='lat' dir='ltr'><strong>oratorio</strong></span> <span class='ocrx_word' id='word_1_291' title='bbox 1826 2723 1881 2770; x_wconf 87' lang='lat' dir='ltr'><strong>et</strong></span> 
     </span>
    </p>
   </div>
   <div class='ocr_carea' id='block_1_45' title="bbox 297 2808 1881 2881">
    <p class='ocr_par' dir='ltr' id='par_1_45' title="bbox 297 2808 1881 2881">
     <span class='ocr_line' id='line_1_45' title="bbox 297 2808 1881 2881; baseline -0.003 -14"><span class='ocrx_word' id='word_1_292' title='bbox 297 2813 620 2867; x_wconf 87' lang='lat' dir='ltr'><strong>adoratione</strong></span> <span class='ocrx_word' id='word_1_293' title='bbox 636 2825 799 2881; x_wconf 85' lang='lat' dir='ltr'><strong>quam</strong></span> <span class='ocrx_word' id='word_1_294' title='bbox 866 2809 1164 2881; x_wconf 85' lang='grc' dir='ltr'>πρόκυψις.</span> <span class='ocrx_word' id='word_1_295' title='bbox 1208 2808 1286 2862; x_wconf 87' lang='lat' dir='ltr'><strong>En</strong></span> <span class='ocrx_word' id='word_1_296' title='bbox 1318 2809 1513 2864; x_wconf 87' lang='lat' dir='ltr'><strong>iterum</strong></span> <span class='ocrx_word' id='word_1_297' title='bbox 1543 2810 1688 2878; x_wconf 89' lang='lat' dir='ltr'><strong>apud</strong></span> <span class='ocrx_word' id='word_1_298' title='bbox 1717 2811 1881 2864; x_wconf 87' lang='lat' dir='ltr'><strong>Com-</strong></span> 
     </span>
    </p>
   </div>
   <div class='ocr_carea' id='block_1_46' title="bbox 299 2900 1882 2971">
    <p class='ocr_par' dir='ltr' id='par_1_46' title="bbox 299 2900 1882 2971">
     <span class='ocr_line' id='line_1_46' title="bbox 299 2900 1882 2971; baseline -0.006 -11"><span class='ocrx_word' id='word_1_299' title='bbox 299 2905 430 2960; x_wconf 87' lang='lat' dir='ltr'><strong>neni</strong></span> <span class='ocrx_word' id='word_1_300' title='bbox 458 2903 618 2959; x_wconf 82' lang='lat' dir='ltr'><strong>tiliam</strong></span> <span class='ocrx_word' id='word_1_301' title='bbox 653 2905 704 2956; x_wconf 98' lang='grc'><strong>1.</strong></span> <span class='ocrx_word' id='word_1_302' title='bbox 739 2919 832 2958; x_wconf 86' lang='lat' dir='ltr'><strong>vin</strong></span> <span class='ocrx_word' id='word_1_303' title='bbox 864 2902 1096 2956; x_wconf 80' lang='lat' dir='ltr'><strong>Alexius</strong></span> <span class='ocrx_word' id='word_1_304' title='bbox 1150 2908 1309 2970; x_wconf 89' lang='lat' dir='ltr'><strong>pater</strong></span> <span class='ocrx_word' id='word_1_305' title='bbox 1336 2900 1469 2969; x_wconf 83' lang='grc' dir='ltr'>περὶ</span> <span class='ocrx_word' id='word_1_306' title='bbox 1502 2900 1573 2952; x_wconf 82' lang='grc' dir='ltr'>τὰ</span> <span class='ocrx_word' id='word_1_307' title='bbox 1596 2900 1882 2971; x_wconf 78' lang='grc' dir='ltr'><strong>κρήδεμνα</strong></span> 
     </span>
    </p>
   </div>
   <div class='ocr_carea' id='block_1_47' title="bbox 300 2994 1880 3065">
    <p class='ocr_par' dir='ltr' id='par_1_47' title="bbox 300 2994 1880 3065">
     <span class='ocr_line' id='line_1_47' title="bbox 300 2994 1880 3065; baseline -0.003 -15"><span class='ocrx_word' id='word_1_308' title='bbox 300 2996 590 3065; x_wconf 77' lang='grc' dir='ltr'><strong>προκύψας</strong></span> <span class='ocrx_word' id='word_1_309' title='bbox 621 2995 803 3065; x_wconf 82' lang='grc' dir='ltr'>ὁμιλεῖ</span> <span class='ocrx_word' id='word_1_310' title='bbox 828 2998 942 3058; x_wconf 82' lang='grc' dir='ltr'>τοῖς</span> <span class='ocrx_word' id='word_1_311' title='bbox 971 2994 1211 3058; x_wconf 78' lang='grc' dir='ltr'><strong>Σκύθαις</strong></span> <span class='ocrx_word' id='word_1_312' title='bbox 1244 3013 1258 3049; x_wconf 91' lang='lat'><strong>:</strong></span> <span class='ocrx_word' id='word_1_313' title='bbox 1294 2998 1383 3048; x_wconf 79' lang='lat' dir='ltr'><strong>Ea:</strong></span> <span class='ocrx_word' id='word_1_314' title='bbox 1413 2994 1660 3048; x_wconf 65' lang='lat' dir='ltr'><strong>manium</strong></span> <span class='ocrx_word' id='word_1_315' title='bbox 1694 2995 1880 3062; x_wconf 77' lang='lat' dir='ltr'><strong>pinnis</strong></span> 
     </span>
    </p>
   </div>
   <div class='ocr_carea' id='block_1_48' title="bbox 301 3084 1955 3172">
    <p class='ocr_par' dir='ltr' id='par_1_48' title="bbox 301 3084 1955 3172">
     <span class='ocr_line' id='line_1_48' title="bbox 301 3084 1955 3172; baseline -0.004 -30"><span class='ocrx_word' id='word_1_316' title='bbox 301 3089 591 3142; x_wconf 81' lang='lat' dir='ltr'><strong>inclinatus</strong></span> <span class='ocrx_word' id='word_1_317' title='bbox 625 3087 839 3157; x_wconf 75' lang='lat' dir='ltr'><strong>Scythis</strong></span> <span class='ocrx_word' id='word_1_318' title='bbox 890 3086 1255 3157; x_wconf 72' lang='lat' dir='ltr'><strong>colloquitur:</strong></span> <span class='ocrx_word' id='word_1_319' title='bbox 1289 3087 1419 3155; x_wconf 81' lang='lat' dir='ltr'><strong>quid</strong></span> <span class='ocrx_word' id='word_1_320' title='bbox 1458 3094 1578 3140; x_wconf 88' lang='lat' dir='ltr'><strong>oret</strong></span> <span class='ocrx_word' id='word_1_321' title='bbox 1624 3096 1719 3139; x_wconf 88' lang='lat' dir='ltr'><strong>aut</strong></span> <span class='ocrx_word' id='word_1_322' title='bbox 1749 3084 1876 3155; x_wconf 87' lang='lat' dir='ltr'><strong>quid</strong></span> <span class='ocrx_word' id='word_1_323' title='bbox 1910 3113 1955 3172; x_wconf 65' lang='grc' dir='ltr'>ο</span> 
     </span>
    </p>
   </div>
   <div class='ocr_carea' id='block_1_49' title="bbox 302 3176 1882 3248">
    <p class='ocr_par' dir='ltr' id='par_1_49' title="bbox 302 3176 1882 3248">
     <span class='ocr_line' id='line_1_49' title="bbox 302 3176 1882 3248; baseline -0.003 -14"><span class='ocrx_word' id='word_1_324' title='bbox 302 3180 515 3243; x_wconf 85' lang='lat' dir='ltr'><strong>adoret,</strong></span> <span class='ocrx_word' id='word_1_325' title='bbox 572 3180 758 3234; x_wconf 89' lang='lat' dir='ltr'><strong>nullus</strong></span> <span class='ocrx_word' id='word_1_326' title='bbox 792 3178 1069 3248; x_wconf 63' lang='lat' dir='ltr'><strong>agnoscit.</strong></span> <span class='ocrx_word' id='word_1_327' title='bbox 1114 3178 1322 3233; x_wconf 85' lang='lat' dir='ltr'><strong>Eodem</strong></span> <span class='ocrx_word' id='word_1_328' title='bbox 1371 3177 1513 3232; x_wconf 84' lang='lat' dir='ltr'><strong>libro</strong></span> <span class='ocrx_word' id='word_1_329' title='bbox 1580 3176 1882 3247; x_wconf 84' lang='lat' dir='ltr'><strong>imperator</strong></span> 
     </span>
    </p>
   </div>
   <div class='ocr_carea' id='block_1_50' title="bbox 302 3256 1884 3339">
    <p class='ocr_par' dir='ltr' id='par_1_50' title="bbox 302 3256 1884 3339">
     <span class='ocr_line' id='line_1_50' title="bbox 302 3256 1884 3339; baseline -0.005 -10"><span class='ocrx_word' id='word_1_330' title='bbox 302 3275 447 3329; x_wconf 89' lang='lat' dir='ltr'><strong>idem</strong></span> <span class='ocrx_word' id='word_1_331' title='bbox 504 3273 613 3328; x_wconf 79' lang='grc' dir='ltr'><strong>ἀπὸ</strong></span> <span class='ocrx_word' id='word_1_332' title='bbox 672 3256 769 3325; x_wconf 73' lang='grc' dir='ltr'><strong>τοῦ</strong></span> <span class='ocrx_word' id='word_1_333' title='bbox 830 3270 1050 3339; x_wconf 79' lang='grc' dir='ltr'><strong>τείχους</strong></span> <span class='ocrx_word' id='word_1_334' title='bbox 1092 3270 1425 3338; x_wconf 81' lang='grc' dir='ltr'><strong>προκύπτει,</strong></span> <span class='ocrx_word' id='word_1_335' title='bbox 1487 3269 1703 3337; x_wconf 79' lang='lat' dir='ltr'><strong>egregie</strong></span> <span class='ocrx_word' id='word_1_336' title='bbox 1752 3282 1884 3321; x_wconf 83' lang='lat' dir='ltr'><strong>sane</strong></span> 
     </span>
    </p>
   </div>
   <div class='ocr_carea' id='block_1_51' title="bbox 301 3361 1884 3435">
    <p class='ocr_par' dir='ltr' id='par_1_51' title="bbox 301 3361 1884 3435">
     <span class='ocr_line' id='line_1_51' title="bbox 301 3361 1884 3435; baseline -0.005 -12"><span class='ocrx_word' id='word_1_337' title='bbox 301 3369 622 3431; x_wconf 84' lang='lat' dir='ltr'><strong>distraetus,</strong></span> <span class='ocrx_word' id='word_1_338' title='bbox 675 3367 768 3435; x_wconf 90' lang='lat' dir='ltr'><strong>qui</strong></span> <span class='ocrx_word' id='word_1_339' title='bbox 809 3364 878 3419; x_wconf 85' lang='lat' dir='ltr'><strong>de</strong></span> <span class='ocrx_word' id='word_1_340' title='bbox 908 3362 1164 3419; x_wconf 80' lang='lat' dir='ltr'><strong>oratione</strong></span> <span class='ocrx_word' id='word_1_341' title='bbox 1193 3378 1301 3417; x_wconf 86' lang='lat' dir='ltr'><strong>non</strong></span> <span class='ocrx_word' id='word_1_342' title='bbox 1325 3372 1409 3417; x_wconf 82' lang='lat' dir='ltr'><strong>est</strong></span> <span class='ocrx_word' id='word_1_343' title='bbox 1433 3361 1729 3417; x_wconf 87' lang='lat' dir='ltr'><strong>sollicitus.</strong></span> <span class='ocrx_word' id='word_1_344' title='bbox 1762 3361 1884 3415; x_wconf 60' lang='lat' dir='ltr'><strong>Cte-</strong></span> 
     </span>
    </p>
   </div>
   <div class='ocr_carea' id='block_1_52' title="bbox 302 3454 1885 3528">
    <p class='ocr_par' dir='ltr' id='par_1_52' title="bbox 302 3454 1885 3528">
     <span class='ocr_line' id='line_1_52' title="bbox 302 3454 1885 3528; baseline -0.004 -16"><span class='ocrx_word' id='word_1_345' title='bbox 302 3468 478 3512; x_wconf 84' lang='lat' dir='ltr'><strong>terum</strong></span> <span class='ocrx_word' id='word_1_346' title='bbox 511 3457 641 3528; x_wconf 84' lang='lat' dir='ltr'><strong>quid</strong></span> <span class='ocrx_word' id='word_1_347' title='bbox 666 3471 925 3526; x_wconf 73' lang='lat' dir='ltr'><strong>germane</strong></span> <span class='ocrx_word' id='word_1_348' title='bbox 953 3455 1234 3527; x_wconf 79' lang='grc' dir='ltr'>πρόκυψις</span> <span class='ocrx_word' id='word_1_349' title='bbox 1262 3454 1488 3520; x_wconf 85' lang='lat' dir='ltr'><strong>indicet,</strong></span> <span class='ocrx_word' id='word_1_350' title='bbox 1509 3454 1653 3508; x_wconf 86' lang='lat' dir='ltr'><strong>haud</strong></span> <span class='ocrx_word' id='word_1_351' title='bbox 1688 3455 1885 3509; x_wconf 87' lang='lat' dir='ltr'><strong>reticet</strong></span> 
     </span>
    </p>
   </div>
   <div class='ocr_carea' id='block_1_53' title="bbox 303 3548 1881 3619">
    <p class='ocr_par' dir='ltr' id='par_1_53' title="bbox 303 3548 1881 3619">
     <span class='ocr_line' id='line_1_53' title="bbox 303 3548 1881 3619; baseline -0.001 -16"><span class='ocrx_word' id='word_1_352' title='bbox 303 3549 556 3605; x_wconf 84' lang='lat' dir='ltr'><strong>Nicctas:</strong></span> <span class='ocrx_word' id='word_1_353' title='bbox 624 3550 820 3618; x_wconf 83' lang='lat' dir='ltr'><strong>probet</strong></span> <span class='ocrx_word' id='word_1_354' title='bbox 850 3549 949 3619; x_wconf 82' lang='lat' dir='ltr'><strong>qui</strong></span> <span class='ocrx_word' id='word_1_355' title='bbox 1004 3548 1192 3604; x_wconf 69' lang='lat' dir='ltr'><strong>Graeca</strong></span> <span class='ocrx_word' id='word_1_356' title='bbox 1232 3565 1338 3603; x_wconf 89' lang='lat' dir='ltr'><strong>non</strong></span> <span class='ocrx_word' id='word_1_357' title='bbox 1380 3549 1597 3618; x_wconf 76' lang='lat' dir='ltr'><strong>ignorat</strong></span> <span class='ocrx_word' id='word_1_358' title='bbox 1630 3548 1881 3602; x_wconf 85' lang='lat' dir='ltr'><strong>auctoris</strong></span> 
     </span>
    </p>
   </div>
   <div class='ocr_carea' id='block_1_54' title="bbox 265 3628 1884 3712">
    <p class='ocr_par' dir='ltr' id='par_1_54' title="bbox 265 3628 1884 3712">
     <span class='ocr_line' id='line_1_54' title="bbox 265 3628 1884 3712; baseline -0.004 -14"><span class='ocrx_word' id='word_1_359' title='bbox 265 3628 275 3634; x_wconf 66' lang='grc'><em>’</em></span> <span class='ocrx_word' id='word_1_360' title='bbox 304 3643 479 3698; x_wconf 66' lang='grc' dir='ltr'><strong>(ἔτκοὶ</strong></span> <span class='ocrx_word' id='word_1_361' title='bbox 510 3651 767 3699; x_wconf 87' lang='lat' dir='ltr'><strong>mentem.</strong></span> <span class='ocrx_word' id='word_1_362' title='bbox 789 3643 846 3697; x_wconf 87' lang='lat' dir='ltr'><strong>in</strong></span> <span class='ocrx_word' id='word_1_363' title='bbox 874 3644 1068 3697; x_wconf 77' lang='lat' dir='ltr'><strong>Alexio</strong></span> <span class='ocrx_word' id='word_1_364' title='bbox 1088 3643 1139 3697; x_wconf 92' lang='grc'><strong>1.</strong></span> <span class='ocrx_word' id='word_1_365' title='bbox 1170 3658 1211 3707; x_wconf 82' lang='grc' dir='ltr'><strong>ι,</strong></span> <span class='ocrx_word' id='word_1_366' title='bbox 1240 3642 1438 3712; x_wconf 85' lang='grc' dir='ltr'>Ἐστη,</span> <span class='ocrx_word' id='word_1_367' title='bbox 1459 3641 1661 3710; x_wconf 88' lang='lat' dir='ltr'><strong>inquit,</strong></span> <span class='ocrx_word' id='word_1_368' title='bbox 1693 3641 1884 3694; x_wconf 72' lang='grc' dir='ltr'>ἐπάνω</span> 
     </span>
    </p>
   </div>
   <div class='ocr_carea' id='block_1_55' title="bbox 302 3732 1880 3805">
    <p class='ocr_par' dir='ltr' id='par_1_55' title="bbox 302 3732 1880 3805">
     <span class='ocr_line' id='line_1_55' title="bbox 302 3732 1880 3805; baseline -0.001 -17"><span class='ocrx_word' id='word_1_369' title='bbox 302 3737 473 3789; x_wconf 77' lang='grc' dir='ltr'>τόπου</span> <span class='ocrx_word' id='word_1_370' title='bbox 532 3734 737 3805; x_wconf 77' lang='grc' dir='ltr'>ὑψηλοῦ</span> <span class='ocrx_word' id='word_1_371' title='bbox 795 3735 1064 3804; x_wconf 79' lang='grc' dir='ltr'><strong>ἐξαίφνης</strong></span> <span class='ocrx_word' id='word_1_372' title='bbox 1112 3735 1339 3803; x_wconf 74' lang='grc' dir='ltr'>φανεὶς.</span> <span class='ocrx_word' id='word_1_373' title='bbox 1383 3734 1620 3804; x_wconf 84' lang='grc' dir='ltr'><strong>ποιήσας</strong></span> <span class='ocrx_word' id='word_1_374' title='bbox 1647 3733 1747 3803; x_wconf 86' lang='grc' dir='ltr'>τὴν</span> <span class='ocrx_word' id='word_1_375' title='bbox 1783 3732 1880 3786; x_wconf 83' lang='grc' dir='ltr'>νῦν</span> 
     </span>
    </p>
   </div>
   <div class='ocr_carea' id='block_1_56' title="bbox 299 3826 1883 3899">
    <p class='ocr_par' dir='ltr' id='par_1_56' title="bbox 299 3826 1883 3899">
     <span class='ocr_line' id='line_1_56' title="bbox 299 3826 1883 3899; baseline 0 -18"><span class='ocrx_word' id='word_1_376' title='bbox 299 3828 600 3899; x_wconf 81' lang='grc' dir='ltr'><strong>λεγομένην</strong></span> <span class='ocrx_word' id='word_1_377' title='bbox 628 3828 925 3899; x_wconf 74' lang='grc' dir='ltr'>πρόκυψιν,</span> <span class='ocrx_word' id='word_1_378' title='bbox 974 3828 1041 3882; x_wconf 90' lang='lat' dir='ltr'><strong>de</strong></span> <span class='ocrx_word' id='word_1_379' title='bbox 1064 3828 1187 3883; x_wconf 86' lang='lat' dir='ltr'><strong>loco</strong></span> <span class='ocrx_word' id='word_1_380' title='bbox 1222 3827 1484 3882; x_wconf 89' lang='lat' dir='ltr'><strong>nimirum</strong></span> <span class='ocrx_word' id='word_1_381' title='bbox 1512 3826 1883 3883; x_wconf 88' lang='lat' dir='ltr'><strong>eminentiore</strong></span> 
     </span>
    </p>
   </div>
   <div class='ocr_carea' id='block_1_57' title="bbox 299 3920 1881 3992">
    <p class='ocr_par' dir='ltr' id='par_1_57' title="bbox 299 3920 1881 3992">
     <span class='ocr_line' id='line_1_57' title="bbox 299 3920 1881 3992; baseline 0.001 -19"><span class='ocrx_word' id='word_1_382' title='bbox 299 3922 801 3992; x_wconf 76' lang='lat' dir='ltr'><strong>prospectationem,</strong></span> <span class='ocrx_word' id='word_1_383' title='bbox 832 3936 897 3976; x_wconf 90' lang='lat' dir='ltr'><strong>eo</strong></span> <span class='ocrx_word' id='word_1_384' title='bbox 922 3920 1072 3990; x_wconf 88' lang='lat' dir='ltr'><strong>quod</strong></span> <span class='ocrx_word' id='word_1_385' title='bbox 1106 3921 1227 3990; x_wconf 84' lang='lat' dir='ltr'><strong>ejus</strong></span> <span class='ocrx_word' id='word_1_386' title='bbox 1254 3920 1491 3976; x_wconf 79' lang='lat' dir='ltr'><strong>thronus</strong></span> <span class='ocrx_word' id='word_1_387' title='bbox 1527 3920 1881 3989; x_wconf 80' lang='lat' dir='ltr'><strong>suppedaneo</strong></span> 
     </span>
    </p>
   </div>
   <div class='ocr_carea' id='block_1_58' title="bbox 299 4012 1881 4085">
    <p class='ocr_par' dir='ltr' id='par_1_58' title="bbox 299 4012 1881 4085">
     <span class='ocr_line' id='line_1_58' title="bbox 299 4012 1881 4085; baseline -0.002 -17"><span class='ocrx_word' id='word_1_388' title='bbox 299 4030 363 4068; x_wconf 85' lang='lat' dir='ltr'><strong>ac</strong></span> <span class='ocrx_word' id='word_1_389' title='bbox 404 4015 649 4081; x_wconf 85' lang='lat' dir='ltr'><strong>pluribus</strong></span> <span class='ocrx_word' id='word_1_390' title='bbox 705 4014 970 4085; x_wconf 75' lang='lat' dir='ltr'><strong>gradibus</strong></span> <span class='ocrx_word' id='word_1_391' title='bbox 1024 4014 1269 4071; x_wconf 77' lang='lat' dir='ltr'><strong>elevatus</strong></span> <span class='ocrx_word' id='word_1_392' title='bbox 1298 4029 1421 4068; x_wconf 89' lang='lat' dir='ltr'><strong>eum</strong></span> <span class='ocrx_word' id='word_1_393' title='bbox 1453 4012 1881 4068; x_wconf 84' lang='lat' dir='ltr'><strong>velutacctinem</strong></span> 
     </span>
    </p>
   </div>
   <div class='ocr_carea' id='block_1_59' title="bbox 298 4105 1883 4183">
    <p class='ocr_par' dir='ltr' id='par_1_59' title="bbox 298 4105 1883 4183">
     <span class='ocr_line' id='line_1_59' title="bbox 298 4105 1883 4183; baseline -0.001 -23"><span class='ocrx_word' id='word_1_394' title='bbox 298 4110 366 4160; x_wconf 86' lang='lat' dir='ltr'><strong>de</strong></span> <span class='ocrx_word' id='word_1_395' title='bbox 400 4107 616 4161; x_wconf 79' lang='lat' dir='ltr'><strong>excelso</strong></span> <span class='ocrx_word' id='word_1_396' title='bbox 640 4106 898 4183; x_wconf 85' lang='lat' dir='ltr'><strong>populum</strong></span> <span class='ocrx_word' id='word_1_397' title='bbox 928 4105 1064 4161; x_wconf 79' lang='lat' dir='ltr'><strong>infra</strong></span> <span class='ocrx_word' id='word_1_398' title='bbox 1098 4106 1341 4175; x_wconf 90' lang='lat' dir='ltr'><strong>positum</strong></span> <span class='ocrx_word' id='word_1_399' title='bbox 1379 4107 1652 4174; x_wconf 86' lang='lat' dir='ltr'><strong>respicere</strong></span> <span class='ocrx_word' id='word_1_400' title='bbox 1682 4118 1883 4159; x_wconf 82' lang='lat' dir='ltr'><strong>conce-</strong></span> 
     </span>
    </p>
   </div>
   <div class='ocr_carea' id='block_1_60' title="bbox 297 4198 1881 4268">
    <p class='ocr_par' dir='ltr' id='par_1_60' title="bbox 297 4198 1881 4268">
     <span class='ocr_line' id='line_1_60' title="bbox 297 4198 1881 4268; baseline -0.001 -16"><span class='ocrx_word' id='word_1_401' title='bbox 297 4198 471 4253; x_wconf 82' lang='lat' dir='ltr'><strong>deret.</strong></span> <span class='ocrx_word' id='word_1_402' title='bbox 524 4198 683 4254; x_wconf 80' lang='lat' dir='ltr'><strong>[laud</strong></span> <span class='ocrx_word' id='word_1_403' title='bbox 724 4207 992 4257; x_wconf 85' lang='lat' dir='ltr'><strong>memorat</strong></span> <span class='ocrx_word' id='word_1_404' title='bbox 1050 4199 1297 4268; x_wconf 77' lang='lat' dir='ltr'><strong>quidem,</strong></span> <span class='ocrx_word' id='word_1_405' title='bbox 1354 4200 1640 4268; x_wconf 83' lang='lat' dir='ltr'><strong>aptissime</strong></span> <span class='ocrx_word' id='word_1_406' title='bbox 1697 4207 1881 4253; x_wconf 86' lang='lat' dir='ltr'><strong>tamen</strong></span> 
     </span>
    </p>
   </div>
   <div class='ocr_carea' id='block_1_61' title="bbox 302 4290 1880 4361">
    <p class='ocr_par' dir='ltr' id='par_1_61' title="bbox 302 4290 1880 4361">
     <span class='ocr_line' id='line_1_61' title="bbox 302 4290 1880 4361; baseline 0.003 -20"><span class='ocrx_word' id='word_1_407' title='bbox 302 4290 575 4360; x_wconf 69' lang='grc' dir='ltr'>πρόκυψίν</span> <span class='ocrx_word' id='word_1_408' title='bbox 605 4291 869 4346; x_wconf 88' lang='lat' dir='ltr'><strong>describit</strong></span> <span class='ocrx_word' id='word_1_409' title='bbox 888 4290 1163 4361; x_wconf 79' lang='lat' dir='ltr'><strong>Gregoras</strong></span> <span class='ocrx_word' id='word_1_410' title='bbox 1193 4292 1261 4346; x_wconf 87' lang='lat' dir='ltr'><strong>ad</strong></span> <span class='ocrx_word' id='word_1_411' title='bbox 1289 4299 1594 4346; x_wconf 81' lang='lat' dir='ltr'><strong>extremam</strong></span> <span class='ocrx_word' id='word_1_412' title='bbox 1632 4292 1880 4346; x_wconf 66' lang='lat' dir='ltr'><strong>historiae</strong></span> 
     </span>
    </p>
   </div>
   <div class='ocr_carea' id='block_1_62' title="bbox 297 4385 1877 4455">
    <p class='ocr_par' dir='ltr' id='par_1_62' title="bbox 297 4385 1877 4455">
     <span class='ocr_line' id='line_1_62' title="bbox 297 4385 1877 4455; baseline 0.001 -16"><span class='ocrx_word' id='word_1_413' title='bbox 297 4386 521 4440; x_wconf 79' lang='lat' dir='ltr'><strong>calcem.</strong></span> <span class='ocrx_word' id='word_1_414' title='bbox 574 4385 742 4455; x_wconf 80' lang='grc' dir='ltr'>Δῆλόν</span> <span class='ocrx_word' id='word_1_415' title='bbox 800 4389 918 4441; x_wconf 82' lang='grc' dir='ltr'>ἐστι</span> <span class='ocrx_word' id='word_1_416' title='bbox 952 4391 1067 4452; x_wconf 85' lang='grc' dir='ltr'>τοῖς</span> <span class='ocrx_word' id='word_1_417' title='bbox 1100 4387 1307 4443; x_wconf 79' lang='grc' dir='ltr'>ἅπασιν</span> <span class='ocrx_word' id='word_1_418' title='bbox 1347 4390 1422 4453; x_wconf 84' lang='grc' dir='ltr'><strong>ὡς</strong></span> <span class='ocrx_word' id='word_1_419' title='bbox 1456 4390 1510 4442; x_wconf 82' lang='grc' dir='ltr'>αἰ</span> <span class='ocrx_word' id='word_1_420' title='bbox 1551 4388 1646 4442; x_wconf 74' lang='grc' dir='ltr'>τοῦ</span> <span class='ocrx_word' id='word_1_421' title='bbox 1676 4389 1877 4442; x_wconf 78' lang='grc' dir='ltr'>ὲπιπέο</span> 
     </span>
    </p>
   </div>
   <div class='ocr_carea' id='block_1_63' title="bbox 1982 1862 3575 1949">
    <p class='ocr_par' dir='ltr' id='par_1_63' title="bbox 1982 1862 3575 1949">
     <span class='ocr_line' id='line_1_63' title="bbox 1982 1862 3575 1949; baseline 0.018 -45"><span class='ocrx_word' id='word_1_422' title='bbox 1982 1862 2508 1930; x_wconf 78' lang='grc' dir='ltr'>τεσσαρεσκαίδεκα,</span> <span class='ocrx_word' id='word_1_423' title='bbox 2532 1866 2625 1931; x_wconf 83' lang='grc' dir='ltr'><strong>οὒς</strong></span> <span class='ocrx_word' id='word_1_424' title='bbox 2649 1870 2921 1941; x_wconf 71' lang='grc' dir='ltr'>διένειμεν</span> <span class='ocrx_word' id='word_1_425' title='bbox 2952 1874 3109 1939; x_wconf 80' lang='grc' dir='ltr'>οὗτος</span> <span class='ocrx_word' id='word_1_426' title='bbox 3134 1878 3192 1930; x_wconf 85' lang='grc' dir='ltr'>ὲν</span> <span class='ocrx_word' id='word_1_427' title='bbox 3220 1882 3331 1942; x_wconf 79' lang='grc' dir='ltr'>τοῖς</span> <span class='ocrx_word' id='word_1_428' title='bbox 3368 1878 3575 1949; x_wconf 77' lang='grc' dir='ltr'>θέμασι</span> 
     </span>
    </p>
   </div>
   <div class='ocr_carea' id='block_1_64' title="bbox 1984 1952 3575 2041">
    <p class='ocr_par' dir='ltr' id='par_1_64' title="bbox 1984 1952 3575 2041">
     <span class='ocr_line' id='line_1_64' title="bbox 1984 1952 3575 2041; baseline 0.018 -43"><span class='ocrx_word' id='word_1_429' title='bbox 1984 1952 2423 2021; x_wconf 69' lang='grc' dir='ltr'>κατασκηνώσεις</span> <span class='ocrx_word' id='word_1_430' title='bbox 2471 1960 2567 2011; x_wconf 77' lang='grc' dir='ltr'>καὶ</span> <span class='ocrx_word' id='word_1_431' title='bbox 2627 1964 2708 2025; x_wconf 84' lang='grc' dir='ltr'>εἰς</span> <span class='ocrx_word' id='word_1_432' title='bbox 2736 1965 2980 2035; x_wconf 84' lang='grc' dir='ltr'>τούρμας</span> <span class='ocrx_word' id='word_1_433' title='bbox 3014 1968 3493 2041; x_wconf 78' lang='grc' dir='ltr'>ἀποκαταστήσας,</span> <span class='ocrx_word' id='word_1_434' title='bbox 3525 1973 3575 2025; x_wconf 74' lang='grc' dir='ltr'>οἳ</span> 
     </span>
    </p>
   </div>
   <div class='ocr_carea' id='block_1_65' title="bbox 1983 2037 3219 2129">
    <p class='ocr_par' dir='ltr' id='par_1_65' title="bbox 1983 2037 3219 2129">
     <span class='ocr_line' id='line_1_65' title="bbox 1983 2037 3219 2129; baseline 0.022 -41"><span class='ocrx_word' id='word_1_435' title='bbox 1983 2037 2146 2107; x_wconf 85' lang='grc' dir='ltr'>μέχρι</span> <span class='ocrx_word' id='word_1_436' title='bbox 2178 2040 2270 2093; x_wconf 82' lang='grc' dir='ltr'>τοῦ</span> <span class='ocrx_word' id='word_1_437' title='bbox 2300 2043 2397 2097; x_wconf 85' lang='grc' dir='ltr'>νῦν</span> <span class='ocrx_word' id='word_1_438' title='bbox 2421 2046 2668 2115; x_wconf 82' lang='grc' dir='ltr'>λέγονται</span> <span class='ocrx_word' id='word_1_439' title='bbox 2699 2055 2933 2125; x_wconf 78' lang='grc' dir='ltr'>τοῦρμαι</span> <span class='ocrx_word' id='word_1_440' title='bbox 2969 2059 3219 2129; x_wconf 84' lang='grc' dir='ltr'>Περσῶν.</span> 
     </span>
    </p>
   </div>
   <div class='ocr_carea' id='block_1_66' title="bbox 2052 2132 3576 2220">
    <p class='ocr_par' dir='ltr' id='par_1_66' title="bbox 2052 2132 3576 2220">
     <span class='ocr_line' id='line_1_66' title="bbox 2052 2132 3576 2220; baseline 0.024 -37"><span class='ocrx_word' id='word_1_441' title='bbox 2052 2132 2312 2203; x_wconf 77' lang='lat' dir='ltr'><strong>2681b.</strong></span> <span class='ocrx_word' id='word_1_442' title='bbox 2348 2136 2875 2215; x_wconf 68' lang='grc' dir='ltr'>Ὀρθρινόςίῦμνος.</span> <span class='ocrx_word' id='word_1_443' title='bbox 2900 2150 3108 2207; x_wconf 74' lang='lat' dir='ltr'><strong>Laudes</strong></span> <span class='ocrx_word' id='word_1_444' title='bbox 3134 2160 3411 2215; x_wconf 77' lang='lat' dir='ltr'><strong>matutina:</strong></span> <span class='ocrx_word' id='word_1_445' title='bbox 3430 2164 3576 2220; x_wconf 81' lang='lat' dir='ltr'><strong>circa</strong></span> 
     </span>
    </p>
   </div>
   <div class='ocr_carea' id='block_1_67' title="bbox 1982 2221 3574 2325">
    <p class='ocr_par' dir='ltr' id='par_1_67' title="bbox 1982 2221 3574 2325">
     <span class='ocr_line' id='line_1_67' title="bbox 1982 2221 3574 2325; baseline 0.023 -50"><span class='ocrx_word' id='word_1_446' title='bbox 1982 2221 2284 2325; x_wconf 74' lang='lat' dir='ltr'><strong>diluculum</strong></span> <span class='ocrx_word' id='word_1_447' title='bbox 2350 2230 2735 2303; x_wconf 82' lang='lat' dir='ltr'><strong>decantandae,</strong></span> <span class='ocrx_word' id='word_1_448' title='bbox 2784 2255 2904 2309; x_wconf 75' lang='lat' dir='ltr'><strong>quae</strong></span> <span class='ocrx_word' id='word_1_449' title='bbox 2962 2256 3015 2298; x_wconf 90' lang='lat' dir='ltr'><strong>et</strong></span> <span class='ocrx_word' id='word_1_450' title='bbox 3053 2246 3249 2319; x_wconf 78' lang='grc' dir='ltr'>ὄρθρος</span> <span class='ocrx_word' id='word_1_451' title='bbox 3285 2270 3298 2307; x_wconf 88' lang='lat'><strong>:</strong></span> <span class='ocrx_word' id='word_1_452' title='bbox 3332 2253 3401 2309; x_wconf 87' lang='lat' dir='ltr'><strong>de</strong></span> <span class='ocrx_word' id='word_1_453' title='bbox 3448 2258 3574 2325; x_wconf 87' lang='lat' dir='ltr'><strong>qui-</strong></span> 
     </span>
    </p>
   </div>
   <div class='ocr_carea' id='block_1_68' title="bbox 1984 2314 3574 2406">
    <p class='ocr_par' dir='ltr' id='par_1_68' title="bbox 1984 2314 3574 2406">
     <span class='ocr_line' id='line_1_68' title="bbox 1984 2314 3574 2406; baseline 0.022 -36"><span class='ocrx_word' id='word_1_454' title='bbox 1984 2314 2087 2372; x_wconf 86' lang='lat' dir='ltr'><strong>bus</strong></span> <span class='ocrx_word' id='word_1_455' title='bbox 2155 2319 2481 2394; x_wconf 77' lang='lat' dir='ltr'><strong>Euchologii</strong></span> <span class='ocrx_word' id='word_1_456' title='bbox 2558 2340 2721 2386; x_wconf 67' lang='lat' dir='ltr'><strong>notae.</strong></span> <span class='ocrx_word' id='word_1_457' title='bbox 2804 2314 3097 2393; x_wconf 67' lang='lat' dir='ltr'><strong>Caeterum</strong></span> <span class='ocrx_word' id='word_1_458' title='bbox 3160 2314 3331 2399; x_wconf 72' lang='lat' dir='ltr'><strong>cilicii</strong></span> <span class='ocrx_word' id='word_1_459' title='bbox 3403 2314 3574 2406; x_wconf 71' lang='lat' dir='ltr'><strong>divini</strong></span> 
     </span>
    </p>
   </div>
   <div class='ocr_carea' id='block_1_69' title="bbox 1986 2410 3574 2502">
    <p class='ocr_par' dir='ltr' id='par_1_69' title="bbox 1986 2410 3574 2502">
     <span class='ocr_line' id='line_1_69' title="bbox 1986 2410 3574 2502; baseline 0.022 -38"><span class='ocrx_word' id='word_1_460' title='bbox 1986 2410 2138 2466; x_wconf 75' lang='lat' dir='ltr'><strong>horze</strong></span> <span class='ocrx_word' id='word_1_461' title='bbox 2211 2430 2578 2476; x_wconf 87' lang='lat' dir='ltr'><strong>recensentur</strong></span> <span class='ocrx_word' id='word_1_462' title='bbox 2648 2439 2716 2480; x_wconf 92' lang='lat' dir='ltr'><strong>eo</strong></span> <span class='ocrx_word' id='word_1_463' title='bbox 2794 2432 2939 2497; x_wconf 79' lang='lat' dir='ltr'><strong>quod</strong></span> <span class='ocrx_word' id='word_1_464' title='bbox 2991 2448 3021 2484; x_wconf 89' lang='lat' dir='ltr'><strong>a</strong></span> <span class='ocrx_word' id='word_1_465' title='bbox 3082 2435 3270 2502; x_wconf 85' lang='lat' dir='ltr'><strong>palatii</strong></span> <span class='ocrx_word' id='word_1_466' title='bbox 3350 2440 3574 2499; x_wconf 87' lang='lat' dir='ltr'><strong>clericis</strong></span> 
     </span>
    </p>
   </div>
   <div class='ocr_carea' id='block_1_70' title="bbox 1985 2502 3294 2586">
    <p class='ocr_par' dir='ltr' id='par_1_70' title="bbox 1985 2502 3294 2586">
     <span class='ocr_line' id='line_1_70' title="bbox 1985 2502 3294 2586; baseline 0.021 -33"><span class='ocrx_word' id='word_1_467' title='bbox 1985 2502 2147 2557; x_wconf 78' lang='lat' dir='ltr'><strong>Statis</strong></span> <span class='ocrx_word' id='word_1_468' title='bbox 2173 2504 2327 2559; x_wconf 91' lang='lat' dir='ltr'><strong>horis</strong></span> <span class='ocrx_word' id='word_1_469' title='bbox 2356 2518 2409 2562; x_wconf 88' lang='lat' dir='ltr'><strong>et</strong></span> <span class='ocrx_word' id='word_1_470' title='bbox 2444 2513 2786 2580; x_wconf 86' lang='lat' dir='ltr'><strong>temporibus</strong></span> <span class='ocrx_word' id='word_1_471' title='bbox 2823 2521 3294 2586; x_wconf 76' lang='lat' dir='ltr'><strong>persolverentur.</strong></span> 
     </span>
    </p>
   </div>
   <div class='ocr_carea' id='block_1_71' title="bbox 2055 2595 3573 2683">
    <p class='ocr_par' dir='ltr' id='par_1_71' title="bbox 2055 2595 3573 2683">
     <span class='ocr_line' id='line_1_71' title="bbox 2055 2595 3573 2683; baseline 0.02 -34"><span class='ocrx_word' id='word_1_472' title='bbox 2055 2595 2116 2650; x_wconf 90' lang='lat' dir='ltr'><strong>P.</strong></span> <span class='ocrx_word' id='word_1_473' title='bbox 2152 2597 2239 2652; x_wconf 84' lang='lat'><strong>58.</strong></span> <span class='ocrx_word' id='word_1_474' title='bbox 2268 2597 2564 2672; x_wconf 58' lang='lat' dir='ltr'><strong>[£1ﬂ7’ij’”,</strong></span> <span class='ocrx_word' id='word_1_475' title='bbox 2591 2606 2724 2674; x_wconf 76' lang='grc' dir='ltr'>ἣτις</span> <span class='ocrx_word' id='word_1_476' title='bbox 2746 2610 2950 2678; x_wconf 70' lang='grc' dir='ltr'>κόριν-η.</span> <span class='ocrx_word' id='word_1_477' title='bbox 2982 2614 3121 2683; x_wconf 86' lang='lat' dir='ltr'><strong>Apte</strong></span> <span class='ocrx_word' id='word_1_478' title='bbox 3147 2618 3409 2676; x_wconf 81' lang='lat' dir='ltr'><strong>describit</strong></span> <span class='ocrx_word' id='word_1_479' title='bbox 3432 2637 3573 2677; x_wconf 83' lang='lat' dir='ltr'><strong>auo-</strong></span> 
     </span>
    </p>
   </div>
   <div class='ocr_carea' id='block_1_72' title="bbox 1986 2697 3575 2787">
    <p class='ocr_par' dir='ltr' id='par_1_72' title="bbox 1986 2697 3575 2787">
     <span class='ocr_line' id='line_1_72' title="bbox 1986 2697 3575 2787; baseline 0.016 -43"><span class='ocrx_word' id='word_1_480' title='bbox 1986 2705 2185 2787; x_wconf 78' lang='lat' dir='ltr'><strong>nymus</strong></span> <span class='ocrx_word' id='word_1_481' title='bbox 2247 2697 2392 2765; x_wconf 81' lang='lat' dir='ltr'><strong>apud</strong></span> <span class='ocrx_word' id='word_1_482' title='bbox 2464 2698 2948 2776; x_wconf 68' lang='lat' dir='ltr'><strong>Rigaltiunn&#39;l‘ijc</strong></span> <span class='ocrx_word' id='word_1_483' title='bbox 3023 2708 3311 2783; x_wconf 76' lang='grc' dir='ltr'>βασιλικῆς</span> <span class='ocrx_word' id='word_1_484' title='bbox 3366 2718 3575 2787; x_wconf 77' lang='grc' dir='ltr'>σκηνῆς</span> 
     </span>
    </p>
   </div>
   <div class='ocr_carea' id='block_1_73' title="bbox 1987 2785 3573 2875">
    <p class='ocr_par' dir='ltr' id='par_1_73' title="bbox 1987 2785 3573 2875">
     <span class='ocr_line' id='line_1_73' title="bbox 1987 2785 3573 2875; baseline 0.015 -39"><span class='ocrx_word' id='word_1_485' title='bbox 1987 2785 2129 2837; x_wconf 84' lang='grc' dir='ltr'>κατὰ</span> <span class='ocrx_word' id='word_1_486' title='bbox 2186 2787 2350 2856; x_wconf 80' lang='grc' dir='ltr'>μέσον</span> <span class='ocrx_word' id='word_1_487' title='bbox 2384 2795 2746 2863; x_wconf 79' lang='grc' dir='ltr'>πηγνυμένης</span> <span class='ocrx_word' id='word_1_488' title='bbox 2771 2796 3001 2867; x_wconf 83' lang='grc' dir='ltr'>γυρόθεν</span> <span class='ocrx_word' id='word_1_489' title='bbox 3046 2801 3144 2871; x_wconf 86' lang='grc' dir='ltr'><strong>τῆς</strong></span> <span class='ocrx_word' id='word_1_490' title='bbox 3177 2802 3379 2875; x_wconf 84' lang='grc' dir='ltr'>κόρτης</span> <span class='ocrx_word' id='word_1_491' title='bbox 3416 2785 3573 2870; x_wconf 70' lang='grc' dir='ltr'>κενδς</span> 
     </span>
    </p>
   </div>
   <div class='ocr_carea' id='block_1_74' title="bbox 1986 2876 3573 2957">
    <p class='ocr_par' dir='ltr' id='par_1_74' title="bbox 1986 2876 3573 2957">
     <span class='ocr_line' id='line_1_74' title="bbox 1986 2876 3573 2957; baseline 0.016 -30"><span class='ocrx_word' id='word_1_492' title='bbox 1986 2876 2335 2947; x_wconf 76' lang='grc' dir='ltr'>ἀφοριζέσθω</span> <span class='ocrx_word' id='word_1_493' title='bbox 2374 2882 2571 2952; x_wconf 82' lang='grc' dir='ltr'>χῶρος,</span> <span class='ocrx_word' id='word_1_494' title='bbox 2598 2884 2784 2949; x_wconf 77' lang='grc' dir='ltr'>ἱκανὸς</span> <span class='ocrx_word' id='word_1_495' title='bbox 2809 2891 3011 2957; x_wconf 81' lang='grc' dir='ltr'>χωρεῖν</span> <span class='ocrx_word' id='word_1_496' title='bbox 3035 2891 3130 2945; x_wconf 83' lang='grc' dir='ltr'>καὶ</span> <span class='ocrx_word' id='word_1_497' title='bbox 3156 2894 3277 2957; x_wconf 77' lang='grc' dir='ltr'>τοὺς</span> <span class='ocrx_word' id='word_1_498' title='bbox 3324 2897 3382 2947; x_wconf 80' lang='grc' dir='ltr'>ὲν</span> <span class='ocrx_word' id='word_1_499' title='bbox 3414 2900 3573 2952; x_wconf 79' lang='grc' dir='ltr'>νυκτὶ</span> 
     </span>
    </p>
   </div>
   <div class='ocr_carea' id='block_1_75' title="bbox 1989 2972 3574 3057">
    <p class='ocr_par' dir='ltr' id='par_1_75' title="bbox 1989 2972 3574 3057">
     <span class='ocr_line' id='line_1_75' title="bbox 1989 2972 3574 3057; baseline 0.015 -37"><span class='ocrx_word' id='word_1_500' title='bbox 1989 2972 2411 3039; x_wconf 82' lang='grc' dir='ltr'>παραμένοντας</span> <span class='ocrx_word' id='word_1_501' title='bbox 2434 2976 2530 3028; x_wconf 78' lang='grc' dir='ltr'><strong>καὶ</strong></span> <span class='ocrx_word' id='word_1_502' title='bbox 2561 2978 2688 3041; x_wconf 84' lang='grc' dir='ltr'>τοὺς</span> <span class='ocrx_word' id='word_1_503' title='bbox 2722 2980 2781 3033; x_wconf 86' lang='grc' dir='ltr'>ὲν</span> <span class='ocrx_word' id='word_1_504' title='bbox 2808 2980 2993 3052; x_wconf 76' lang='grc' dir='ltr'>ἡμέρᾳ</span> <span class='ocrx_word' id='word_1_505' title='bbox 3018 2988 3457 3057; x_wconf 81' lang='grc' dir='ltr'>συνερχομένους</span> <span class='ocrx_word' id='word_1_506' title='bbox 3490 2992 3574 3055; x_wconf 77' lang='grc' dir='ltr'><strong>εις</strong></span> 
     </span>
    </p>
   </div>
   <div class='ocr_carea' id='block_1_76' title="bbox 1988 3064 2345 3133">
    <p class='ocr_par' dir='ltr' id='par_1_76' title="bbox 1988 3064 2345 3133">
     <span class='ocr_line' id='line_1_76' title="bbox 1988 3064 2345 3133; baseline 0.017 -20"><span class='ocrx_word' id='word_1_507' title='bbox 1988 3064 2085 3130; x_wconf 73' lang='grc' dir='ltr'>τὴν</span> <span class='ocrx_word' id='word_1_508' title='bbox 2120 3064 2345 3133; x_wconf 83' lang='grc' dir='ltr'>κόρτην.</span> 
     </span>
    </p>
   </div>
   <div class='ocr_carea' id='block_1_77' title="bbox 2062 3154 3571 3244">
    <p class='ocr_par' dir='ltr' id='par_1_77' title="bbox 2062 3154 3571 3244">
     <span class='ocr_line' id='line_1_77' title="bbox 2062 3154 3571 3244; baseline 0.015 -37"><span class='ocrx_word' id='word_1_509' title='bbox 2062 3154 2207 3210; x_wconf 80' lang='lat' dir='ltr'><strong>Ibid.</strong></span> <span class='ocrx_word' id='word_1_510' title='bbox 2231 3156 2331 3227; x_wconf 86' lang='grc' dir='ltr'><strong>[Ὀ</strong></span> <span class='ocrx_word' id='word_1_511' title='bbox 2357 3160 2569 3226; x_wconf 76' lang='grc' dir='ltr'>μέντοι</span> <span class='ocrx_word' id='word_1_512' title='bbox 2598 3164 2813 3232; x_wconf 82' lang='grc' dir='ltr'><strong>κόμης.</strong></span> <span class='ocrx_word' id='word_1_513' title='bbox 2853 3166 3143 3226; x_wconf 84' lang='lat' dir='ltr'><strong>Cedrenus</strong></span> <span class='ocrx_word' id='word_1_514' title='bbox 3180 3173 3232 3225; x_wconf 91' lang='lat' dir='ltr'><strong>in</strong></span> <span class='ocrx_word' id='word_1_515' title='bbox 3261 3170 3571 3244; x_wconf 80' lang='lat' dir='ltr'><strong>Niceplioro</strong></span> 
     </span>
    </p>
   </div>
   <div class='ocr_carea' id='block_1_78' title="bbox 1986 3248 3565 3342">
    <p class='ocr_par' dir='ltr' id='par_1_78' title="bbox 1986 3248 3565 3342">
     <span class='ocr_line' id='line_1_78' title="bbox 1986 3248 3565 3342; baseline 0.014 -40"><span class='ocrx_word' id='word_1_516' title='bbox 1986 3248 2322 3321; x_wconf 77' lang='lat' dir='ltr'><strong>Logotlteta:</strong></span> <span class='ocrx_word' id='word_1_517' title='bbox 2369 3255 2426 3307; x_wconf 87' lang='lat'><strong>&#39;0</strong></span> <span class='ocrx_word' id='word_1_518' title='bbox 2458 3256 2679 3329; x_wconf 77' lang='grc' dir='ltr'><strong>Μιχαὴλ</strong></span> <span class='ocrx_word' id='word_1_519' title='bbox 2706 3260 2807 3331; x_wconf 79' lang='grc' dir='ltr'>τὴν</span> <span class='ocrx_word' id='word_1_520' title='bbox 2844 3262 2938 3317; x_wconf 82' lang='grc' dir='ltr'>τοῦ</span> <span class='ocrx_word' id='word_1_521' title='bbox 2965 3264 3210 3335; x_wconf 74' lang='grc' dir='ltr'>κόμητος</span> <span class='ocrx_word' id='word_1_522' title='bbox 3238 3269 3565 3342; x_wconf 76' lang='grc' dir='ltr'>τῆςκόρτης</span> 
     </span>
    </p>
   </div>
   <div class='ocr_carea' id='block_1_79' title="bbox 1985 3344 3569 3419">
    <p class='ocr_par' dir='ltr' id='par_1_79' title="bbox 1985 3344 3569 3419">
     <span class='ocr_line' id='line_1_79' title="bbox 1985 3344 3569 3419; baseline 0.015 -25"><span class='ocrx_word' id='word_1_523' title='bbox 1985 3344 2084 3410; x_wconf 83' lang='grc' dir='ltr'>τὴν</span> <span class='ocrx_word' id='word_1_524' title='bbox 2109 3346 2287 3415; x_wconf 79' lang='grc' dir='ltr'>ἀρχὴν</span> <span class='ocrx_word' id='word_1_525' title='bbox 2314 3350 2705 3419; x_wconf 72' lang='grc' dir='ltr'>ἐγχειρίζεται,</span> <span class='ocrx_word' id='word_1_526' title='bbox 2742 3359 3094 3411; x_wconf 82' lang='lat' dir='ltr'><strong>tentoriorum</strong></span> <span class='ocrx_word' id='word_1_527' title='bbox 3124 3376 3295 3415; x_wconf 80' lang='lat' dir='ltr'><strong>comes</strong></span> <span class='ocrx_word' id='word_1_528' title='bbox 3330 3364 3569 3417; x_wconf 79' lang='lat' dir='ltr'><strong>institui-</strong></span> 
     </span>
    </p>
   </div>
   <div class='ocr_carea' id='block_1_80' title="bbox 1986 3439 3577 3511">
    <p class='ocr_par' dir='ltr' id='par_1_80' title="bbox 1986 3439 3577 3511">
     <span class='ocr_line' id='line_1_80' title="bbox 1986 3439 3577 3511; baseline 0.014 -23"><span class='ocrx_word' id='word_1_529' title='bbox 1986 3446 2092 3490; x_wconf 81' lang='lat' dir='ltr'><strong>tur.</strong></span> <span class='ocrx_word' id='word_1_530' title='bbox 2119 3439 2229 3509; x_wconf 84' lang='grc' dir='ltr'><strong>Τῆς</strong></span> <span class='ocrx_word' id='word_1_531' title='bbox 2251 3445 2453 3511; x_wconf 82' lang='grc' dir='ltr'>κόρτης</span> <span class='ocrx_word' id='word_1_532' title='bbox 2480 3447 2814 3501; x_wconf 85' lang='lat' dir='ltr'><strong>meminerat</strong></span> <span class='ocrx_word' id='word_1_533' title='bbox 2832 3447 3114 3507; x_wconf 87' lang='lat' dir='ltr'><strong>Cedrenus</strong></span> <span class='ocrx_word' id='word_1_534' title='bbox 3132 3453 3273 3507; x_wconf 84' lang='lat' dir='ltr'><strong>idem</strong></span> <span class='ocrx_word' id='word_1_535' title='bbox 3305 3453 3357 3507; x_wconf 90' lang='lat' dir='ltr'><strong>in</strong></span> <span class='ocrx_word' id='word_1_536' title='bbox 3384 3454 3577 3510; x_wconf 82' lang='lat' dir='ltr'><strong>Leone</strong></span> 
     </span>
    </p>
   </div>
   <div class='ocr_carea' id='block_1_81' title="bbox 1983 3530 3566 3612">
    <p class='ocr_par' dir='ltr' id='par_1_81' title="bbox 1983 3530 3566 3612">
     <span class='ocr_line' id='line_1_81' title="bbox 1983 3530 3566 3612; baseline 0.015 -29"><span class='ocrx_word' id='word_1_537' title='bbox 1983 3530 2318 3601; x_wconf 78' lang='lat' dir='ltr'><strong>Copronymi</strong></span> <span class='ocrx_word' id='word_1_538' title='bbox 2347 3550 2361 3587; x_wconf 88' lang='lat'><strong>:</strong></span> <span class='ocrx_word' id='word_1_539' title='bbox 2399 3535 2664 3590; x_wconf 79' lang='grc' dir='ltr'>Ἀπέϐαλε</span> <span class='ocrx_word' id='word_1_540' title='bbox 2698 3540 2798 3607; x_wconf 81' lang='grc' dir='ltr'>τὴν</span> <span class='ocrx_word' id='word_1_541' title='bbox 2838 3542 3063 3612; x_wconf 86' lang='grc' dir='ltr'>κόρτην,</span> <span class='ocrx_word' id='word_1_542' title='bbox 3103 3548 3332 3599; x_wconf 81' lang='lat' dir='ltr'><strong>tentoria</strong></span> <span class='ocrx_word' id='word_1_543' title='bbox 3362 3551 3566 3607; x_wconf 77' lang='lat' dir='ltr'><strong>amisit.</strong></span> 
     </span>
    </p>
   </div>
   <div class='ocr_carea' id='block_1_82' title="bbox 1985 3622 2183 3697">
    <p class='ocr_par' dir='ltr' id='par_1_82' title="bbox 1985 3622 2183 3697">
     <span class='ocr_line' id='line_1_82' title="bbox 1985 3622 2183 3697; baseline -0.01 -19"><span class='ocrx_word' id='word_1_544' title='bbox 1985 3622 2183 3697; x_wconf 46' lang='grc' dir='ltr'><strong>ϐουλε]</strong></span> 
     </span>
    </p>
   </div>
   <div class='ocr_carea' id='block_1_83' title="bbox 2061 3717 3569 3804">
    <p class='ocr_par' dir='ltr' id='par_1_83' title="bbox 2061 3717 3569 3804">
     <span class='ocr_line' id='line_1_83' title="bbox 2061 3717 3569 3804; baseline 0.013 -34"><span class='ocrx_word' id='word_1_545' title='bbox 2061 3717 2145 3772; x_wconf 78' lang='lat' dir='ltr'><strong>Ib.</strong></span> <span class='ocrx_word' id='word_1_546' title='bbox 2179 3719 2355 3774; x_wconf 79' lang='grc' dir='ltr'>Πανία</span> <span class='ocrx_word' id='word_1_547' title='bbox 2418 3727 2611 3791; x_wconf 84' lang='lat' dir='ltr'><strong>panni.</strong></span> <span class='ocrx_word' id='word_1_548' title='bbox 2646 3724 2863 3784; x_wconf 78' lang='lat' dir='ltr'><strong>Extrito</strong></span> <span class='ocrx_word' id='word_1_549' title='bbox 2900 3732 3076 3786; x_wconf 84' lang='lat' dir='ltr'><strong>altero</strong></span> <span class='ocrx_word' id='word_1_550' title='bbox 3105 3748 3139 3785; x_wconf 81' lang='grc' dir='ltr'><em>η</em></span> <span class='ocrx_word' id='word_1_551' title='bbox 3166 3742 3217 3786; x_wconf 89' lang='lat' dir='ltr'><strong>et</strong></span> <span class='ocrx_word' id='word_1_552' title='bbox 3242 3744 3451 3788; x_wconf 88' lang='lat' dir='ltr'><strong>mutato</strong></span> <span class='ocrx_word' id='word_1_553' title='bbox 3480 3751 3569 3804; x_wconf 56' lang='lat' dir='ltr'><strong>ge.</strong></span> 
     </span>
    </p>
   </div>
   <div class='ocr_carea' id='block_1_84' title="bbox 1986 3798 3573 3899">
    <p class='ocr_par' dir='ltr' id='par_1_84' title="bbox 1986 3798 3573 3899">
     <span class='ocr_line' id='line_1_84' title="bbox 1986 3798 3573 3899; baseline 0.011 -31"><span class='ocrx_word' id='word_1_554' title='bbox 1986 3798 2139 3870; x_wconf 71' lang='lat' dir='ltr'><strong>nere.</strong></span> <span class='ocrx_word' id='word_1_555' title='bbox 2175 3814 2269 3870; x_wconf 85' lang='lat' dir='ltr'><strong>Sic</strong></span> <span class='ocrx_word' id='word_1_556' title='bbox 2298 3819 2555 3886; x_wconf 78' lang='lat' dir='ltr'><strong>ontipana</strong></span> <span class='ocrx_word' id='word_1_557' title='bbox 2586 3824 2753 3890; x_wconf 84' lang='lat' dir='ltr'><strong>panni</strong></span> <span class='ocrx_word' id='word_1_558' title='bbox 2776 3826 3014 3895; x_wconf 88' lang='lat' dir='ltr'><strong>oppositi</strong></span> <span class='ocrx_word' id='word_1_559' title='bbox 3038 3842 3136 3897; x_wconf 86' lang='lat' dir='ltr'><strong>pro</strong></span> <span class='ocrx_word' id='word_1_560' title='bbox 3153 3828 3344 3882; x_wconf 85' lang='grc' dir='ltr'>πανίον</span> <span class='ocrx_word' id='word_1_561' title='bbox 3371 3830 3573 3899; x_wconf 78' lang='lat' dir='ltr'><strong>legitur</strong></span> 
     </span>
    </p>
   </div>
   <div class='ocr_carea' id='block_1_85' title="bbox 1985 3908 2652 3976">
    <p class='ocr_par' dir='ltr' id='par_1_85' title="bbox 1985 3908 2652 3976">
     <span class='ocr_line' id='line_1_85' title="bbox 1985 3908 2652 3976; baseline 0.013 -16"><span class='ocrx_word' id='word_1_562' title='bbox 1985 3908 2153 3962; x_wconf 83' lang='lat' dir='ltr'><strong>etiam</strong></span> <span class='ocrx_word' id='word_1_563' title='bbox 2187 3912 2362 3963; x_wconf 81' lang='grc' dir='ltr'>πανόν</span> <span class='ocrx_word' id='word_1_564' title='bbox 2385 3922 2439 3966; x_wconf 89' lang='lat' dir='ltr'><strong>et</strong></span> <span class='ocrx_word' id='word_1_565' title='bbox 2464 3914 2652 3976; x_wconf 76' lang='grc' dir='ltr'>πανός.</span> 
     </span>
    </p>
   </div>
   <div class='ocr_carea' id='block_1_86' title="bbox 2057 4003 3567 4086">
    <p class='ocr_par' dir='ltr' id='par_1_86' title="bbox 2057 4003 3567 4086">
     <span class='ocr_line' id='line_1_86' title="bbox 2057 4003 3567 4086; baseline 0.013 -32"><span class='ocrx_word' id='word_1_566' title='bbox 2057 4003 2328 4071; x_wconf 75' lang='grc' dir='ltr'>Σκουιρίας</span> <span class='ocrx_word' id='word_1_567' title='bbox 2357 4005 2606 4062; x_wconf 84' lang='lat' dir='ltr'><strong>Italicum</strong></span> <span class='ocrx_word' id='word_1_568' title='bbox 2637 4026 2649 4073; x_wconf 90' lang='lat'><strong>;</strong></span> <span class='ocrx_word' id='word_1_569' title='bbox 2678 4020 2731 4064; x_wconf 88' lang='lat' dir='ltr'><strong>et</strong></span> <span class='ocrx_word' id='word_1_570' title='bbox 2765 4021 2850 4066; x_wconf 89' lang='lat' dir='ltr'><strong>est</strong></span> <span class='ocrx_word' id='word_1_571' title='bbox 2882 4016 3106 4083; x_wconf 85' lang='lat' dir='ltr'><strong>pmprie</strong></span> <span class='ocrx_word' id='word_1_572' title='bbox 3139 4019 3282 4086; x_wconf 91' lang='lat' dir='ltr'><strong>quod</strong></span> <span class='ocrx_word' id='word_1_573' title='bbox 3306 4019 3567 4075; x_wconf 85' lang='lat' dir='ltr'><strong>Germani</strong></span> 
     </span>
    </p>
   </div>
   <div class='ocr_carea' id='block_1_87' title="bbox 1986 4098 3564 4182">
    <p class='ocr_par' dir='ltr' id='par_1_87' title="bbox 1986 4098 3564 4182">
     <span class='ocr_line' id='line_1_87' title="bbox 1986 4098 3564 4182; baseline 0.015 -35"><span class='ocrx_word' id='word_1_574' title='bbox 1986 4103 2188 4149; x_wconf 84' lang='lat' dir='ltr'><strong>vocant.</strong></span> <span class='ocrx_word' id='word_1_575' title='bbox 2214 4098 2301 4150; x_wconf 79' lang='lat' dir='ltr'><strong>ein</strong></span> <span class='ocrx_word' id='word_1_576' title='bbox 2330 4098 2563 4166; x_wconf 76' lang='lat' dir='ltr'><strong>Itauben,</strong></span> <span class='ocrx_word' id='word_1_577' title='bbox 2620 4104 2773 4168; x_wconf 81' lang='lat' dir='ltr'><strong>vitta,</strong></span> <span class='ocrx_word' id='word_1_578' title='bbox 2804 4115 3016 4160; x_wconf 88' lang='lat' dir='ltr'><strong>certum</strong></span> <span class='ocrx_word' id='word_1_579' title='bbox 3054 4118 3309 4180; x_wconf 78' lang='lat' dir='ltr'><strong>tegumen</strong></span> <span class='ocrx_word' id='word_1_580' title='bbox 3347 4114 3564 4182; x_wconf 89' lang='lat' dir='ltr'><strong>capitis.</strong></span> 
     </span>
    </p>
   </div>
   <div class='ocr_carea' id='block_1_88' title="bbox 1984 4186 2191 4245">
    <p class='ocr_par' dir='ltr' id='par_1_88' title="bbox 1984 4186 2191 4245">
     <span class='ocr_line' id='line_1_88' title="bbox 1984 4186 2191 4245; baseline 0.01 -4"><span class='ocrx_word' id='word_1_581' title='bbox 1984 4186 2191 4245; x_wconf 77' lang='lat' dir='ltr'><strong>Gners.</strong></span> 
     </span>
    </p>
   </div>
   <div class='ocr_carea' id='block_1_89' title="bbox 2058 4280 3568 4370">
    <p class='ocr_par' dir='ltr' id='par_1_89' title="bbox 2058 4280 3568 4370">
     <span class='ocr_line' id='line_1_89' title="bbox 2058 4280 3568 4370; baseline 0.013 -36"><span class='ocrx_word' id='word_1_582' title='bbox 2058 4280 2203 4335; x_wconf 78' lang='lat' dir='ltr'><strong>Ibid.</strong></span> <span class='ocrx_word' id='word_1_583' title='bbox 2246 4283 2514 4356; x_wconf 82' lang='lat' dir='ltr'><strong>[Pileolus</strong></span> <span class='ocrx_word' id='word_1_584' title='bbox 2545 4289 2778 4343; x_wconf 88' lang='lat' dir='ltr'><strong>interior</strong></span> <span class='ocrx_word' id='word_1_585' title='bbox 2800 4306 3079 4347; x_wconf 89' lang='lat' dir='ltr'><strong>summum</strong></span> <span class='ocrx_word' id='word_1_586' title='bbox 3114 4296 3368 4351; x_wconf 79' lang='lat' dir='ltr'><strong>verticem</strong></span> <span class='ocrx_word' id='word_1_587' title='bbox 3404 4315 3568 4370; x_wconf 86' lang='lat' dir='ltr'><strong>super</strong></span> 
     </span>
    </p>
   </div>
   <div class='ocr_carea' id='block_1_90' title="bbox 1985 4376 3568 4463">
    <p class='ocr_par' dir='ltr' id='par_1_90' title="bbox 1985 4376 3568 4463">
     <span class='ocr_line' id='line_1_90' title="bbox 1985 4376 3568 4463; baseline 0.012 -36"><span class='ocrx_word' id='word_1_588' title='bbox 1985 4387 2151 4429; x_wconf 87' lang='lat' dir='ltr'><strong>aures</strong></span> <span class='ocrx_word' id='word_1_589' title='bbox 2210 4376 2266 4429; x_wconf 90' lang='lat' dir='ltr'><strong>in</strong></span> <span class='ocrx_word' id='word_1_590' title='bbox 2299 4393 2495 4448; x_wconf 82' lang='lat' dir='ltr'><strong>gyrum</strong></span> <span class='ocrx_word' id='word_1_591' title='bbox 2524 4383 2781 4438; x_wconf 82' lang='lat' dir='ltr'><strong>ambiens</strong></span> <span class='ocrx_word' id='word_1_592' title='bbox 2807 4397 2890 4440; x_wconf 81' lang='lat' dir='ltr'><strong>eSt</strong></span> <span class='ocrx_word' id='word_1_593' title='bbox 2912 4389 3166 4457; x_wconf 82' lang='grc' dir='ltr'>σκουφία,</span> <span class='ocrx_word' id='word_1_594' title='bbox 3204 4392 3404 4445; x_wconf 82' lang='lat' dir='ltr'><strong>calotta</strong></span> <span class='ocrx_word' id='word_1_595' title='bbox 3437 4394 3568 4463; x_wconf 80' lang='lat' dir='ltr'><strong>qui-</strong></span> 
     </span>
    </p>
   </div>
   <div class='ocr_carea' id='block_1_91' title="bbox 296 4460 1881 4555">
    <p class='ocr_par' dir='ltr' id='par_1_91' title="bbox 296 4478 1874 4554">
     <span class='ocr_line' id='line_1_91' title="bbox 296 4478 1874 4554; baseline 0.004 -24"><span class='ocrx_word' id='word_1_596' title='bbox 296 4479 386 4530; x_wconf 76' lang='grc' dir='ltr'>δου</span> <span class='ocrx_word' id='word_1_597' title='bbox 418 4480 479 4531; x_wconf 83' lang='grc' dir='ltr'><strong>ὲκ</strong></span> <span class='ocrx_word' id='word_1_598' title='bbox 508 4478 806 4550; x_wconf 76' lang='grc' dir='ltr'>διαμέτρου</span> <span class='ocrx_word' id='word_1_599' title='bbox 840 4482 1150 4551; x_wconf 84' lang='grc' dir='ltr'>ἀκρότητες</span> <span class='ocrx_word' id='word_1_600' title='bbox 1174 4484 1284 4535; x_wconf 83' lang='grc' dir='ltr'><strong>τῶν</strong></span> <span class='ocrx_word' id='word_1_601' title='bbox 1317 4481 1626 4553; x_wconf 79' lang='grc' dir='ltr'>βασιλικῶν</span> <span class='ocrx_word' id='word_1_602' title='bbox 1658 4484 1874 4554; x_wconf 81' lang='grc' dir='ltr'>τρικλί-</span> 
     </span>
    </p>
   </div>
   <div class='ocr_carea' id='block_1_92' title="bbox 1993 4460 3569 4555">
    <p class='ocr_par' dir='ltr' id='par_1_92' title="bbox 1993 4460 3569 4555">
     <span class='ocr_line' id='line_1_92' title="bbox 1993 4460 3569 4555; baseline 0.013 -33"><span class='ocrx_word' id='word_1_603' title='bbox 1993 4467 2242 4536; x_wconf 87' lang='lat' dir='ltr'><strong>busdam,</strong></span> <span class='ocrx_word' id='word_1_604' title='bbox 2269 4473 2357 4527; x_wconf 89' lang='lat' dir='ltr'><strong>cui</strong></span> <span class='ocrx_word' id='word_1_605' title='bbox 2411 4476 2734 4543; x_wconf 79' lang='lat' dir='ltr'><strong>grandiores</strong></span> <span class='ocrx_word' id='word_1_606' title='bbox 2770 4484 2941 4550; x_wconf 88' lang='lat' dir='ltr'><strong>petasi</strong></span> <span class='ocrx_word' id='word_1_607' title='bbox 2998 4460 3478 4555; x_wconf 74' lang='lat' dir='ltr'><strong>superponuntur,</strong></span> <span class='ocrx_word' id='word_1_608' title='bbox 3512 4500 3569 4545; x_wconf 89' lang='lat' dir='ltr'><strong>ut</strong></span> 
     </span>
    </p>
   </div>
   <div class='ocr_carea' id='block_1_93' title="bbox 297 4574 1880 4648">
    <p class='ocr_par' dir='ltr' id='par_1_93' title="bbox 297 4574 1880 4648">
     <span class='ocr_line' id='line_1_93' title="bbox 297 4574 1880 4648; baseline 0.004 -23"><span class='ocrx_word' id='word_1_609' title='bbox 297 4591 403 4625; x_wconf 82' lang='grc' dir='ltr'>νων</span> <span class='ocrx_word' id='word_1_610' title='bbox 426 4574 738 4644; x_wconf 78' lang='grc' dir='ltr'>ἀμφότεραι</span> <span class='ocrx_word' id='word_1_611' title='bbox 774 4577 1130 4643; x_wconf 79' lang='grc' dir='ltr'>ὑπέρκεινται</span> <span class='ocrx_word' id='word_1_612' title='bbox 1184 4595 1289 4631; x_wconf 86' lang='grc' dir='ltr'><strong>που</strong></span> <span class='ocrx_word' id='word_1_613' title='bbox 1319 4578 1414 4630; x_wconf 86' lang='grc' dir='ltr'>τοῦ</span> <span class='ocrx_word' id='word_1_614' title='bbox 1448 4579 1652 4648; x_wconf 80' lang='grc' dir='ltr'>μεταξὺ</span> <span class='ocrx_word' id='word_1_615' title='bbox 1684 4580 1880 4633; x_wconf 80' lang='grc' dir='ltr'>ἐπιπέ-</span> 
     </span>
    </p>
   </div>
   <div class='ocr_carea' id='block_1_94' title="bbox 294 4668 1875 4746">
    <p class='ocr_par' dir='ltr' id='par_1_94' title="bbox 294 4668 1875 4746">
     <span class='ocr_line' id='line_1_94' title="bbox 294 4668 1875 4746; baseline 0.004 -25"><span class='ocrx_word' id='word_1_616' title='bbox 294 4668 386 4721; x_wconf 76' lang='grc' dir='ltr'>δου</span> <span class='ocrx_word' id='word_1_617' title='bbox 418 4669 541 4740; x_wconf 73' lang='grc' dir='ltr'>ἄχρι</span> <span class='ocrx_word' id='word_1_618' title='bbox 572 4675 667 4726; x_wconf 79' lang='grc' dir='ltr'><strong>καὶ</strong></span> <span class='ocrx_word' id='word_1_619' title='bbox 694 4674 750 4735; x_wconf 84' lang='grc' dir='ltr'><strong>ἐς</strong></span> <span class='ocrx_word' id='word_1_620' title='bbox 785 4672 970 4739; x_wconf 74' lang='grc' dir='ltr'>τρίτον</span> <span class='ocrx_word' id='word_1_621' title='bbox 1016 4674 1323 4743; x_wconf 78' lang='grc' dir='ltr'>σπιθαμῆς,</span> <span class='ocrx_word' id='word_1_622' title='bbox 1375 4677 1468 4727; x_wconf 77' lang='grc' dir='ltr'><strong>καὶ</strong></span> <span class='ocrx_word' id='word_1_623' title='bbox 1502 4675 1743 4744; x_wconf 78' lang='grc' dir='ltr'>μάλιστα</span> <span class='ocrx_word' id='word_1_624' title='bbox 1767 4675 1875 4746; x_wconf 82' lang='grc' dir='ltr'><strong>ὅπη</strong></span> 
     </span>
    </p>
   </div>
   <div class='ocr_carea' id='block_1_95' title="bbox 298 4762 1876 4841">
    <p class='ocr_par' dir='ltr' id='par_1_95' title="bbox 298 4762 1876 4841">
     <span class='ocr_line' id='line_1_95' title="bbox 298 4762 1876 4841; baseline 0.005 -27"><span class='ocrx_word' id='word_1_625' title='bbox 298 4762 392 4814; x_wconf 72' lang='grc' dir='ltr'><strong>καὶ</strong></span> <span class='ocrx_word' id='word_1_626' title='bbox 422 4763 753 4835; x_wconf 60' lang='lat' dir='ltr'><strong>opacam;</strong></span> <span class='ocrx_word' id='word_1_627' title='bbox 786 4766 993 4836; x_wconf 75' lang='grc' dir='ltr'>ἕστηκε</span> <span class='ocrx_word' id='word_1_628' title='bbox 1042 4767 1251 4838; x_wconf 77' lang='grc' dir='ltr'>θρόνος,</span> <span class='ocrx_word' id='word_1_629' title='bbox 1289 4769 1353 4821; x_wconf 74' lang='grc' dir='ltr'>ἵν’</span> <span class='ocrx_word' id='word_1_630' title='bbox 1378 4770 1509 4831; x_wconf 71' lang='grc' dir='ltr'>ἴσως</span> <span class='ocrx_word' id='word_1_631' title='bbox 1549 4770 1651 4841; x_wconf 78' lang='grc' dir='ltr'><strong>ἔχῃ</strong></span> <span class='ocrx_word' id='word_1_632' title='bbox 1683 4788 1736 4823; x_wconf 87' lang='grc' dir='ltr'><strong>τι</strong></span> <span class='ocrx_word' id='word_1_633' title='bbox 1773 4772 1876 4824; x_wconf 73' lang='grc' dir='ltr'>κᾶν</span> 
     </span>
    </p>
   </div>
   <div class='ocr_carea' id='block_1_96' title="bbox 296 4852 1874 4929">
    <p class='ocr_par' dir='ltr' id='par_1_96' title="bbox 296 4852 1874 4929">
     <span class='ocr_line' id='line_1_96' title="bbox 296 4852 1874 4929; baseline 0.004 -24"><span class='ocrx_word' id='word_1_634' title='bbox 296 4852 471 4924; x_wconf 81' lang='grc' dir='ltr'>τούτῳ</span> <span class='ocrx_word' id='word_1_635' title='bbox 499 4855 664 4908; x_wconf 80' lang='grc' dir='ltr'>πλέον</span> <span class='ocrx_word' id='word_1_636' title='bbox 688 4858 796 4909; x_wconf 80' lang='grc' dir='ltr'>τῶν</span> <span class='ocrx_word' id='word_1_637' title='bbox 830 4859 1011 4911; x_wconf 76' lang='grc' dir='ltr'>ἄλλων</span> <span class='ocrx_word' id='word_1_638' title='bbox 1046 4862 1073 4911; x_wconf 77' lang='grc' dir='ltr'>ὁ</span> <span class='ocrx_word' id='word_1_639' title='bbox 1108 4858 1364 4928; x_wconf 82' lang='grc' dir='ltr'>βασιλεὺς</span> <span class='ocrx_word' id='word_1_640' title='bbox 1410 4859 1704 4929; x_wconf 82' lang='grc' dir='ltr'>ἱστάμενος</span> <span class='ocrx_word' id='word_1_641' title='bbox 1735 4860 1792 4915; x_wconf 80' lang='grc' dir='ltr'>ἔν</span> <span class='ocrx_word' id='word_1_642' title='bbox 1817 4879 1874 4912; x_wconf 86' lang='grc' dir='ltr'><strong>τε</strong></span> 
     </span>
    </p>
   </div>
   <div class='ocr_carea' id='block_1_97' title="bbox 296 4947 1875 5023">
    <p class='ocr_par' dir='ltr' id='par_1_97' title="bbox 296 4947 1875 5023">
     <span class='ocr_line' id='line_1_97' title="bbox 296 4947 1875 5023; baseline 0.006 -26"><span class='ocrx_word' id='word_1_643' title='bbox 296 4948 418 5006; x_wconf 84' lang='grc' dir='ltr'>ταῖς</span> <span class='ocrx_word' id='word_1_644' title='bbox 464 4947 634 5016; x_wconf 76' lang='grc' dir='ltr'>ἱεραῖς</span> <span class='ocrx_word' id='word_1_645' title='bbox 689 4948 1011 5018; x_wconf 75' lang='grc' dir='ltr'>ὑμνῳδίαις,</span> <span class='ocrx_word' id='word_1_646' title='bbox 1063 4951 1157 5003; x_wconf 80' lang='grc' dir='ltr'>καὶ</span> <span class='ocrx_word' id='word_1_647' title='bbox 1191 4953 1279 5003; x_wconf 82' lang='grc' dir='ltr'><strong>ὅτε</strong></span> <span class='ocrx_word' id='word_1_648' title='bbox 1310 4951 1617 5020; x_wconf 79' lang='grc' dir='ltr'>διαλέγοιτο</span> <span class='ocrx_word' id='word_1_649' title='bbox 1647 4954 1740 5005; x_wconf 83' lang='grc' dir='ltr'><strong>νῦν</strong></span> <span class='ocrx_word' id='word_1_650' title='bbox 1776 4954 1875 5023; x_wconf 79' lang='grc' dir='ltr'><strong>μὲν</strong></span> 
     </span>
    </p>
   </div>
   <div class='ocr_carea' id='block_1_98' title="bbox 298 5039 1878 5114">
    <p class='ocr_par' dir='ltr' id='par_1_98' title="bbox 298 5039 1878 5114">
     <span class='ocr_line' id='line_1_98' title="bbox 298 5039 1878 5114; baseline 0.006 -24"><span class='ocrx_word' id='word_1_651' title='bbox 298 5041 410 5101; x_wconf 84' lang='grc' dir='ltr'>τοῖς</span> <span class='ocrx_word' id='word_1_652' title='bbox 426 5039 686 5111; x_wconf 81' lang='grc' dir='ltr'>ὑπηκόοις</span> <span class='ocrx_word' id='word_1_653' title='bbox 701 5041 795 5095; x_wconf 75' lang='grc' dir='ltr'>νῦν</span> <span class='ocrx_word' id='word_1_654' title='bbox 810 5043 867 5096; x_wconf 86' lang='grc' dir='ltr'><strong>δὲ</strong></span> <span class='ocrx_word' id='word_1_655' title='bbox 893 5046 1004 5107; x_wconf 89' lang='grc' dir='ltr'>τοῖς</span> <span class='ocrx_word' id='word_1_656' title='bbox 1016 5045 1072 5109; x_wconf 79' lang='grc' dir='ltr'><strong>ἐξ</strong></span> <span class='ocrx_word' id='word_1_657' title='bbox 1098 5042 1269 5098; x_wconf 81' lang='grc' dir='ltr'>ἐθνῶν</span> <span class='ocrx_word' id='word_1_658' title='bbox 1295 5047 1613 5114; x_wconf 79' lang='grc' dir='ltr'>πρέσϐεσιν.</span> <span class='ocrx_word' id='word_1_659' title='bbox 1641 5046 1878 5111; x_wconf 79' lang='grc' dir='ltr'>Ἐξεῑναί</span> 
     </span>
    </p>
   </div>
   <div class='ocr_carea' id='block_1_99' title="bbox 297 5131 1876 5205">
    <p class='ocr_par' dir='ltr' id='par_1_99' title="bbox 297 5131 1876 5205">
     <span class='ocr_line' id='line_1_99' title="bbox 297 5131 1876 5205; baseline 0.005 -22"><span class='ocrx_word' id='word_1_660' title='bbox 297 5147 360 5199; x_wconf 84' lang='grc' dir='ltr'><strong>γε</strong></span> <span class='ocrx_word' id='word_1_661' title='bbox 391 5131 497 5200; x_wconf 77' lang='grc' dir='ltr'>μὴν</span> <span class='ocrx_word' id='word_1_662' title='bbox 520 5132 604 5184; x_wconf 80' lang='grc' dir='ltr'><strong>ἐπ’</strong></span> <span class='ocrx_word' id='word_1_663' title='bbox 627 5133 844 5203; x_wconf 75' lang='grc' dir='ltr'>ἐκείνης</span> <span class='ocrx_word' id='word_1_664' title='bbox 864 5135 967 5205; x_wconf 83' lang='grc' dir='ltr'>τῆς</span> <span class='ocrx_word' id='word_1_665' title='bbox 997 5137 1240 5199; x_wconf 77' lang='grc' dir='ltr'>στάσεως</span> <span class='ocrx_word' id='word_1_666' title='bbox 1269 5136 1447 5190; x_wconf 76' lang='grc' dir='ltr'>οὐδενὶ</span> <span class='ocrx_word' id='word_1_667' title='bbox 1477 5137 1587 5190; x_wconf 82' lang='grc' dir='ltr'><strong>τῶν</strong></span> <span class='ocrx_word' id='word_1_668' title='bbox 1616 5138 1876 5192; x_wconf 81' lang='grc' dir='ltr'>ἁπάντων</span> 
     </span>
    </p>
   </div>
   <div class='ocr_carea' id='block_1_100' title="bbox 293 5225 1877 5301">
    <p class='ocr_par' dir='ltr' id='par_1_100' title="bbox 293 5225 1877 5301">
     <span class='ocr_line' id='line_1_100' title="bbox 293 5225 1877 5301; baseline 0.004 -22"><span class='ocrx_word' id='word_1_669' title='bbox 293 5226 375 5295; x_wconf 80' lang='grc' dir='ltr'><strong>τῷ</strong></span> <span class='ocrx_word' id='word_1_670' title='bbox 410 5225 619 5296; x_wconf 82' lang='grc' dir='ltr'>βασιλεῖ</span> <span class='ocrx_word' id='word_1_671' title='bbox 653 5229 1034 5298; x_wconf 82' lang='grc' dir='ltr'>συνίστασθαι,</span> <span class='ocrx_word' id='word_1_672' title='bbox 1072 5230 1213 5299; x_wconf 82' lang='grc' dir='ltr'>πλὴν</span> <span class='ocrx_word' id='word_1_673' title='bbox 1246 5230 1347 5301; x_wconf 85' lang='grc' dir='ltr'><strong>τῆς</strong></span> <span class='ocrx_word' id='word_1_674' title='bbox 1378 5230 1621 5297; x_wconf 77' lang='grc' dir='ltr'>συζύγου</span> <span class='ocrx_word' id='word_1_675' title='bbox 1644 5235 1741 5285; x_wconf 68' lang='grc' dir='ltr'><strong>καὶ</strong></span> <span class='ocrx_word' id='word_1_676' title='bbox 1763 5231 1877 5285; x_wconf 80' lang='grc' dir='ltr'>τῶν</span> 
     </span>
    </p>
   </div>
   <div class='ocr_carea' id='block_1_101' title="bbox 293 5318 1872 5395">
    <p class='ocr_par' dir='ltr' id='par_1_101' title="bbox 293 5318 1872 5395">
     <span class='ocr_line' id='line_1_101' title="bbox 293 5318 1872 5395; baseline 0.006 -26"><span class='ocrx_word' id='word_1_677' title='bbox 293 5318 459 5372; x_wconf 77' lang='grc' dir='ltr'>υἱέων</span> <span class='ocrx_word' id='word_1_678' title='bbox 485 5322 580 5374; x_wconf 73' lang='grc' dir='ltr'>καὶ</span> <span class='ocrx_word' id='word_1_679' title='bbox 624 5322 735 5376; x_wconf 84' lang='grc' dir='ltr'>τῶν</span> <span class='ocrx_word' id='word_1_680' title='bbox 790 5322 1064 5392; x_wconf 78' lang='grc' dir='ltr'>ἀδελφῶν,</span> <span class='ocrx_word' id='word_1_681' title='bbox 1102 5324 1410 5395; x_wconf 74' lang='grc' dir='ltr'>προσθείην</span> <span class='ocrx_word' id='word_1_682' title='bbox 1462 5324 1508 5376; x_wconf 80' lang='grc' dir='ltr'><strong>δ’</strong></span> <span class='ocrx_word' id='word_1_683' title='bbox 1540 5325 1608 5379; x_wconf 82' lang='grc' dir='ltr'><strong>ἂν</strong></span> <span class='ocrx_word' id='word_1_684' title='bbox 1635 5326 1872 5379; x_wconf 75' lang='grc' dir='ltr'>καὶτῶν</span> 
     </span>
    </p>
   </div>
   <div class='ocr_carea' id='block_1_102' title="bbox 296 5411 1873 5487">
    <p class='ocr_par' dir='ltr' id='par_1_102' title="bbox 296 5411 1873 5487">
     <span class='ocr_line' id='line_1_102' title="bbox 296 5411 1873 5487; baseline 0.008 -24"><span class='ocrx_word' id='word_1_685' title='bbox 296 5411 719 5482; x_wconf 81' lang='grc' dir='ltr'>πατραδέλφων.</span> <span class='ocrx_word' id='word_1_686' title='bbox 770 5414 1017 5472; x_wconf 83' lang='lat' dir='ltr'><strong>Observa</strong></span> <span class='ocrx_word' id='word_1_687' title='bbox 1070 5416 1291 5473; x_wconf 66' lang='lat' dir='ltr'><strong>Grmcos</strong></span> <span class='ocrx_word' id='word_1_688' title='bbox 1324 5418 1651 5487; x_wconf 82' lang='lat' dir='ltr'><strong>hodiernus,</strong></span> <span class='ocrx_word' id='word_1_689' title='bbox 1684 5430 1741 5475; x_wconf 90' lang='lat' dir='ltr'><strong>ut</strong></span> <span class='ocrx_word' id='word_1_690' title='bbox 1776 5422 1873 5475; x_wconf 85' lang='lat' dir='ltr'><strong>ali-</strong></span> 
     </span>
    </p>
   </div>
   <div class='ocr_carea' id='block_1_103' title="bbox 292 5504 1877 5579">
    <p class='ocr_par' dir='ltr' id='par_1_103' title="bbox 292 5504 1877 5579">
     <span class='ocr_line' id='line_1_103' title="bbox 292 5504 1877 5579; baseline 0.009 -26"><span class='ocrx_word' id='word_1_691' title='bbox 292 5514 457 5568; x_wconf 87' lang='lat' dir='ltr'><strong>quem</strong></span> <span class='ocrx_word' id='word_1_692' title='bbox 471 5504 699 5573; x_wconf 89' lang='lat' dir='ltr'><strong>jubeant</strong></span> <span class='ocrx_word' id='word_1_693' title='bbox 717 5521 747 5561; x_wconf 89' lang='lat' dir='ltr'><strong>e</strong></span> <span class='ocrx_word' id='word_1_694' title='bbox 771 5506 1006 5563; x_wconf 81' lang='lat' dir='ltr'><strong>fenestra</strong></span> <span class='ocrx_word' id='word_1_695' title='bbox 1025 5508 1106 5561; x_wconf 88' lang='lat' dir='ltr'><strong>vel</strong></span> <span class='ocrx_word' id='word_1_696' title='bbox 1123 5510 1321 5564; x_wconf 79' lang='lat' dir='ltr'><strong>exedra</strong></span> <span class='ocrx_word' id='word_1_697' title='bbox 1343 5512 1676 5579; x_wconf 81' lang='lat' dir='ltr'><strong>pr05picere,</strong></span> <span class='ocrx_word' id='word_1_698' title='bbox 1696 5514 1877 5568; x_wconf 84' lang='lat' dir='ltr'><strong>dicere</strong></span> 
     </span>
    </p>
   </div>
   <div class='ocr_carea' id='block_1_104' title="bbox 292 5593 1878 5677">
    <p class='ocr_par' dir='ltr' id='par_1_104' title="bbox 292 5593 1878 5677">
     <span class='ocr_line' id='line_1_104' title="bbox 292 5593 1878 5677; baseline 0.008 -30"><span class='ocrx_word' id='word_1_699' title='bbox 292 5593 436 5665; x_wconf 76' lang='grc' dir='ltr'>κύψε</span> <span class='ocrx_word' id='word_1_700' title='bbox 487 5596 571 5652; x_wconf 87' lang='lat' dir='ltr'><strong>vel</strong></span> <span class='ocrx_word' id='word_1_701' title='bbox 621 5598 819 5669; x_wconf 75' lang='grc' dir='ltr'>σκύψε.</span> <span class='ocrx_word' id='word_1_702' title='bbox 867 5603 948 5655; x_wconf 79' lang='lat' dir='ltr'><strong>An</strong></span> <span class='ocrx_word' id='word_1_703' title='bbox 1006 5602 1282 5672; x_wconf 79' lang='grc' dir='ltr'>πρόκυψις</span> <span class='ocrx_word' id='word_1_704' title='bbox 1324 5605 1394 5658; x_wconf 87' lang='lat' dir='ltr'><strong>sit</strong></span> <span class='ocrx_word' id='word_1_705' title='bbox 1419 5604 1549 5659; x_wconf 89' lang='lat' dir='ltr'><strong>illud</strong></span> <span class='ocrx_word' id='word_1_706' title='bbox 1593 5608 1878 5677; x_wconf 76' lang='grc' dir='ltr'>περίδοξον</span> 
     </span>
    </p>
   </div>
   <div class='ocr_carea' id='block_1_105' title="bbox 292 5691 1872 5767">
    <p class='ocr_par' dir='ltr' id='par_1_105' title="bbox 292 5691 1872 5767">
     <span class='ocr_line' id='line_1_105' title="bbox 292 5691 1872 5767; baseline 0.009 -28"><span class='ocrx_word' id='word_1_707' title='bbox 292 5691 635 5760; x_wconf 80' lang='grc' dir='ltr'>προσκήνιον</span> <span class='ocrx_word' id='word_1_708' title='bbox 672 5691 968 5764; x_wconf 81' lang='grc' dir='ltr'>βασιλικῆς</span> <span class='ocrx_word' id='word_1_709' title='bbox 1001 5695 1198 5765; x_wconf 84' lang='grc' dir='ltr'>αὐλῆς,</span> <span class='ocrx_word' id='word_1_710' title='bbox 1226 5698 1279 5750; x_wconf 89' lang='lat' dir='ltr'><strong>in</strong></span> <span class='ocrx_word' id='word_1_711' title='bbox 1307 5713 1418 5767; x_wconf 91' lang='lat' dir='ltr'><strong>quo</strong></span> <span class='ocrx_word' id='word_1_712' title='bbox 1446 5699 1755 5756; x_wconf 87' lang='lat' dir='ltr'><strong>moriturus</strong></span> <span class='ocrx_word' id='word_1_713' title='bbox 1784 5701 1872 5754; x_wconf 74' lang='lat' dir='ltr'><strong>Ti~</strong></span> 
     </span>
    </p>
   </div>
   <div class='ocr_carea' id='block_1_106' title="bbox 290 5780 1866 5859">
    <p class='ocr_par' dir='ltr' id='par_1_106' title="bbox 290 5780 1866 5859">
     <span class='ocr_line' id='line_1_106' title="bbox 290 5780 1866 5859; baseline 0.009 -22"><span class='ocrx_word' id='word_1_714' title='bbox 290 5780 483 5842; x_wconf 84' lang='lat' dir='ltr'><strong>berius</strong></span> <span class='ocrx_word' id='word_1_715' title='bbox 517 5785 585 5841; x_wconf 86' lang='lat' dir='ltr'><strong>ad</strong></span> <span class='ocrx_word' id='word_1_716' title='bbox 614 5796 863 5842; x_wconf 84' lang='lat' dir='ltr'><strong>senatum</strong></span> <span class='ocrx_word' id='word_1_717' title='bbox 891 5790 1197 5844; x_wconf 84' lang='lat' dir='ltr'><strong>orationem</strong></span> <span class='ocrx_word' id='word_1_718' title='bbox 1234 5790 1447 5859; x_wconf 88' lang='lat' dir='ltr'><strong>habuit,</strong></span> <span class='ocrx_word' id='word_1_719' title='bbox 1486 5801 1543 5846; x_wconf 91' lang='lat' dir='ltr'><strong>ut</strong></span> <span class='ocrx_word' id='word_1_720' title='bbox 1572 5793 1730 5850; x_wconf 88' lang='lat' dir='ltr'><strong>initio</strong></span> <span class='ocrx_word' id='word_1_721' title='bbox 1760 5795 1813 5850; x_wconf 90' lang='grc'><strong>1.</strong></span> <span class='ocrx_word' id='word_1_722' title='bbox 1851 5812 1866 5851; x_wconf 84' lang='grc' dir='ltr'><strong>ι</strong></span> 
     </span>
    </p>
   </div>
   <div class='ocr_carea' id='block_1_107' title="bbox 623 5881 1336 5947">
    <p class='ocr_par' dir='ltr' id='par_1_107' title="bbox 623 5881 1336 5947">
     <span class='ocr_line' id='line_1_107' title="bbox 623 5881 1336 5947; baseline 0.01 -7"><span class='ocrx_word' id='word_1_723' title='bbox 623 5881 891 5946; x_wconf 75' lang='grc' dir='ltr'>ΡΔτιιοι..</span> <span class='ocrx_word' id='word_1_724' title='bbox 940 5884 1057 5946; x_wconf 80' lang='lat' dir='ltr'><strong>Gn.</strong></span> <span class='ocrx_word' id='word_1_725' title='bbox 1095 5883 1336 5947; x_wconf 72' lang='lat' dir='ltr'><strong>CLV”.</strong></span> 
     </span>
    </p>
   </div>
   <div class='ocr_carea' id='block_1_108' title="bbox 1981 4564 3317 4646">
    <p class='ocr_par' dir='ltr' id='par_1_108' title="bbox 1981 4564 3317 4646">
     <span class='ocr_line' id='line_1_108' title="bbox 1981 4564 3317 4646; baseline 0.015 -29"><span class='ocrx_word' id='word_1_726' title='bbox 1981 4564 2265 4635; x_wconf 80' lang='lat' dir='ltr'><strong>subjungit</strong></span> <span class='ocrx_word' id='word_1_727' title='bbox 2296 4576 2490 4623; x_wconf 89' lang='lat' dir='ltr'><strong>auctor</strong></span> <span class='ocrx_word' id='word_1_728' title='bbox 2522 4575 2789 4643; x_wconf 79' lang='grc' dir='ltr'>σκουφίας</span> <span class='ocrx_word' id='word_1_729' title='bbox 2829 4578 2968 4646; x_wconf 80' lang='grc' dir='ltr'><strong>μετὰ</strong></span> <span class='ocrx_word' id='word_1_730' title='bbox 3005 4582 3317 4639; x_wconf 80' lang='grc' dir='ltr'>καπασίων.</span> 
     </span>
    </p>
   </div>
   <div class='ocr_carea' id='block_1_109' title="bbox 2058 4658 3567 4744">
    <p class='ocr_par' dir='ltr' id='par_1_109' title="bbox 2058 4658 3567 4744">
     <span class='ocr_line' id='line_1_109' title="bbox 2058 4658 3567 4744; baseline 0.016 -32"><span class='ocrx_word' id='word_1_731' title='bbox 2058 4658 2143 4713; x_wconf 83' lang='lat' dir='ltr'><strong>Ib.</strong></span> <span class='ocrx_word' id='word_1_732' title='bbox 2183 4660 2502 4733; x_wconf 81' lang='lat' dir='ltr'><strong>[Turcicum</strong></span> <span class='ocrx_word' id='word_1_733' title='bbox 2542 4678 2744 4737; x_wconf 71' lang='lat' dir='ltr'><strong>paputz</strong></span> <span class='ocrx_word' id='word_1_734' title='bbox 2776 4671 2903 4728; x_wconf 80' lang='lat' dir='ltr'><strong>fecit</strong></span> <span class='ocrx_word' id='word_1_735' title='bbox 2931 4672 3180 4732; x_wconf 74' lang='lat' dir='ltr'><strong>Grzccum</strong></span> <span class='ocrx_word' id='word_1_736' title='bbox 3211 4681 3567 4744; x_wconf 77' lang='grc' dir='ltr'>παπούτζιον.</span> 
     </span>
    </p>
   </div>
   <div class='ocr_carea' id='block_1_110' title="bbox 1982 4753 3556 4843">
    <p class='ocr_par' dir='ltr' id='par_1_110' title="bbox 1982 4753 3556 4843">
     <span class='ocr_line' id='line_1_110' title="bbox 1982 4753 3556 4843; baseline 0.016 -36"><span class='ocrx_word' id='word_1_737' title='bbox 1982 4753 2201 4810; x_wconf 86' lang='lat' dir='ltr'><strong>Portius</strong></span> <span class='ocrx_word' id='word_1_738' title='bbox 2241 4772 2368 4811; x_wconf 87' lang='lat' dir='ltr'><strong>cum</strong></span> <span class='ocrx_word' id='word_1_739' title='bbox 2429 4762 2593 4832; x_wconf 81' lang='lat' dir='ltr'><strong>vulgo</strong></span> <span class='ocrx_word' id='word_1_740' title='bbox 2646 4766 2823 4820; x_wconf 78' lang='lat' dir='ltr'><strong>reldit</strong></span> <span class='ocrx_word' id='word_1_741' title='bbox 2881 4772 3223 4843; x_wconf 80' lang='grc' dir='ltr'>παραποδίη,</span> <span class='ocrx_word' id='word_1_742' title='bbox 3270 4776 3556 4832; x_wconf 76' lang='grc' dir='ltr'>σάνδαλον.</span> 
     </span>
    </p>
   </div>
   <div class='ocr_carea' id='block_1_111' title="bbox 1984 4849 3566 4932">
    <p class='ocr_par' dir='ltr' id='par_1_111' title="bbox 1984 4849 3566 4932">
     <span class='ocr_line' id='line_1_111' title="bbox 1984 4849 3566 4932; baseline 0.018 -32"><span class='ocrx_word' id='word_1_743' title='bbox 1984 4849 2262 4919; x_wconf 86' lang='grc' dir='ltr'>ὑπόδημα,</span> <span class='ocrx_word' id='word_1_744' title='bbox 2296 4855 2716 4914; x_wconf 81' lang='lat' dir='ltr'><strong>calceamenlum</strong></span> <span class='ocrx_word' id='word_1_745' title='bbox 2742 4872 2850 4917; x_wconf 85' lang='lat' dir='ltr'><strong>etc.</strong></span> <span class='ocrx_word' id='word_1_746' title='bbox 2877 4864 3042 4932; x_wconf 84' lang='lat' dir='ltr'><strong>idque</strong></span> <span class='ocrx_word' id='word_1_747' title='bbox 3067 4869 3284 4922; x_wconf 88' lang='lat' dir='ltr'><strong>solitum</strong></span> <span class='ocrx_word' id='word_1_748' title='bbox 3313 4881 3366 4924; x_wconf 82' lang='lat' dir='ltr'><strong>ct</strong></span> <span class='ocrx_word' id='word_1_749' title='bbox 3399 4879 3566 4928; x_wconf 58' lang='lat' dir='ltr'><strong>insita:-</strong></span> 
     </span>
    </p>
   </div>
   <div class='ocr_carea' id='block_1_112' title="bbox 1984 4947 2346 5021">
    <p class='ocr_par' dir='ltr' id='par_1_112' title="bbox 1984 4947 2346 5021">
     <span class='ocr_line' id='line_1_112' title="bbox 1984 4947 2346 5021; baseline 0.014 -25"><span class='ocrx_word' id='word_1_750' title='bbox 1984 4952 2119 5000; x_wconf 89' lang='lat' dir='ltr'><strong>tum.</strong></span> <span class='ocrx_word' id='word_1_751' title='bbox 2150 4947 2346 5021; x_wconf 65' lang='lat' dir='ltr'><strong>Com]</strong></span> 
     </span>
    </p>
   </div>
   <div class='ocr_carea' id='block_1_113' title="bbox 2058 5041 3564 5129">
    <p class='ocr_par' dir='ltr' id='par_1_113' title="bbox 2058 5041 3564 5129">
     <span class='ocr_line' id='line_1_113' title="bbox 2058 5041 3564 5129; baseline 0.019 -38"><span class='ocrx_word' id='word_1_752' title='bbox 2058 5041 2135 5093; x_wconf 86' lang='lat' dir='ltr'><strong>lb.</strong></span> <span class='ocrx_word' id='word_1_753' title='bbox 2164 5058 2214 5097; x_wconf 90' lang='lat' dir='ltr'><strong>v.</strong></span> <span class='ocrx_word' id='word_1_754' title='bbox 2244 5044 2329 5097; x_wconf 88' lang='grc'><strong>10.</strong></span> <span class='ocrx_word' id='word_1_755' title='bbox 2362 5048 2706 5115; x_wconf 76' lang='lat' dir='ltr'><strong>Angurotum</strong></span> <span class='ocrx_word' id='word_1_756' title='bbox 2726 5062 3005 5120; x_wconf 82' lang='lat' dir='ltr'><strong>gestamen</strong></span> <span class='ocrx_word' id='word_1_757' title='bbox 3037 5058 3232 5127; x_wconf 82' lang='lat' dir='ltr'><strong>capitis</strong></span> <span class='ocrx_word' id='word_1_758' title='bbox 3262 5076 3357 5115; x_wconf 78' lang='lat' dir='ltr'><strong>seu</strong></span> <span class='ocrx_word' id='word_1_759' title='bbox 3389 5063 3564 5129; x_wconf 88' lang='lat' dir='ltr'><strong>pilcus</strong></span> 
     </span>
    </p>
   </div>
   <div class='ocr_carea' id='block_1_114' title="bbox 1984 5130 3561 5219">
    <p class='ocr_par' dir='ltr' id='par_1_114' title="bbox 1984 5130 3561 5219">
     <span class='ocr_line' id='line_1_114' title="bbox 1984 5130 3561 5219; baseline 0.019 -36"><span class='ocrx_word' id='word_1_760' title='bbox 1984 5130 2457 5206; x_wconf 82' lang='lat' dir='ltr'><strong>Bardariotarum,</strong></span> <span class='ocrx_word' id='word_1_761' title='bbox 2478 5146 2787 5199; x_wconf 87' lang='lat' dir='ltr'><strong>cucumeris</strong></span> <span class='ocrx_word' id='word_1_762' title='bbox 2808 5144 3039 5203; x_wconf 83' lang='lat' dir='ltr'><strong>formam</strong></span> <span class='ocrx_word' id='word_1_763' title='bbox 3071 5152 3394 5219; x_wconf 66' lang='lat' dir='ltr'><strong>praeferens:</strong></span> <span class='ocrx_word' id='word_1_764' title='bbox 3437 5175 3561 5212; x_wconf 89' lang='lat' dir='ltr'><strong>nam</strong></span> 
     </span>
    </p>
   </div>
   <div class='ocr_carea' id='block_1_115' title="bbox 1984 5229 3568 5321">
    <p class='ocr_par' dir='ltr' id='par_1_115' title="bbox 1984 5229 3568 5321">
     <span class='ocr_line' id='line_1_115' title="bbox 1984 5229 3568 5321; baseline 0.016 -41"><span class='ocrx_word' id='word_1_765' title='bbox 1984 5229 2283 5299; x_wconf 82' lang='grc' dir='ltr'>ἁγγούριον</span> <span class='ocrx_word' id='word_1_766' title='bbox 2337 5236 2432 5285; x_wconf 79' lang='grc' dir='ltr'><strong>καὶ</strong></span> <span class='ocrx_word' id='word_1_767' title='bbox 2460 5236 2729 5305; x_wconf 81' lang='grc' dir='ltr'>ἅγγουρος</span> <span class='ocrx_word' id='word_1_768' title='bbox 2789 5238 2997 5297; x_wconf 76' lang='lat' dir='ltr'><strong>Graecis</strong></span> <span class='ocrx_word' id='word_1_769' title='bbox 3032 5260 3362 5303; x_wconf 83' lang='lat' dir='ltr'><strong>cucumerem</strong></span> <span class='ocrx_word' id='word_1_770' title='bbox 3394 5252 3568 5321; x_wconf 79' lang='lat' dir='ltr'><strong>signi-</strong></span> 
     </span>
    </p>
   </div>
   <div class='ocr_carea' id='block_1_116' title="bbox 1983 5324 3565 5417">
    <p class='ocr_par' dir='ltr' id='par_1_116' title="bbox 1983 5324 3565 5417">
     <span class='ocr_line' id='line_1_116' title="bbox 1983 5324 3565 5417; baseline 0.016 -42"><span class='ocrx_word' id='word_1_771' title='bbox 1983 5325 2126 5377; x_wconf 80' lang='lat' dir='ltr'><strong>ticat.</strong></span> <span class='ocrx_word' id='word_1_772' title='bbox 2150 5324 2257 5380; x_wconf 86' lang='lat' dir='ltr'><strong>Nec</strong></span> <span class='ocrx_word' id='word_1_773' title='bbox 2276 5331 3068 5406; x_wconf 72' lang='lat' dir='ltr'><strong>assentiturMeursiuslunio,</strong></span> <span class='ocrx_word' id='word_1_774' title='bbox 3100 5345 3193 5411; x_wconf 71' lang='lat' dir='ltr'><strong>qui</strong></span> <span class='ocrx_word' id='word_1_775' title='bbox 3230 5345 3300 5399; x_wconf 90' lang='lat' dir='ltr'><strong>ab</strong></span> <span class='ocrx_word' id='word_1_776' title='bbox 3326 5350 3565 5417; x_wconf 75' lang='lat' dir='ltr'><strong>auguriis</strong></span> 
     </span>
    </p>
   </div>
   <div class='ocr_carea' id='block_1_117' title="bbox 1980 5420 2445 5477">
    <p class='ocr_par' dir='ltr' id='par_1_117' title="bbox 1980 5420 2445 5477">
     <span class='ocr_line' id='line_1_117' title="bbox 1980 5420 2445 5477; baseline 0.013 -6"><span class='ocrx_word' id='word_1_777' title='bbox 1980 5420 2219 5472; x_wconf 72' lang='lat' dir='ltr'><strong>dedocit.</strong></span> <span class='ocrx_word' id='word_1_778' title='bbox 2247 5420 2445 5477; x_wconf 70' lang='lat' dir='ltr'><strong>(Iners.</strong></span> 
     </span>
    </p>
   </div>
   <div class='ocr_carea' id='block_1_118' title="bbox 2053 5512 3565 5601">
    <p class='ocr_par' dir='ltr' id='par_1_118' title="bbox 2053 5512 3565 5601">
     <span class='ocr_line' id='line_1_118' title="bbox 2053 5512 3565 5601; baseline 0.017 -38"><span class='ocrx_word' id='word_1_779' title='bbox 2053 5512 2195 5567; x_wconf 70' lang='lat' dir='ltr'><strong>Ibid.</strong></span> <span class='ocrx_word' id='word_1_780' title='bbox 2234 5513 2448 5585; x_wconf 83' lang='lat' dir='ltr'><strong>[Simon</strong></span> <span class='ocrx_word' id='word_1_781' title='bbox 2481 5519 2697 5577; x_wconf 86' lang='lat' dir='ltr'><strong>Portius</strong></span> <span class='ocrx_word' id='word_1_782' title='bbox 2734 5540 2748 5578; x_wconf 91' lang='lat'><strong>:</strong></span> <span class='ocrx_word' id='word_1_783' title='bbox 2797 5526 3054 5601; x_wconf 85' lang='grc' dir='ltr'>Ἀγγοῦρι</span> <span class='ocrx_word' id='word_1_784' title='bbox 3091 5533 3296 5597; x_wconf 74' lang='grc' dir='ltr'>σίκυον,</span> <span class='ocrx_word' id='word_1_785' title='bbox 3352 5534 3565 5600; x_wconf 84' lang='grc' dir='ltr'>σίκυος,</span> 
     </span>
    </p>
   </div>
   <div class='ocr_carea' id='block_1_119' title="bbox 1980 5616 3562 5692">
    <p class='ocr_par' dir='ltr' id='par_1_119' title="bbox 1980 5616 3562 5692">
     <span class='ocr_line' id='line_1_119' title="bbox 1980 5616 3562 5692; baseline 0.015 -35"><span class='ocrx_word' id='word_1_786' title='bbox 1980 5616 2545 5672; x_wconf 77' lang='lat' dir='ltr'><strong>cucumer,cucumis.</strong></span> <span class='ocrx_word' id='word_1_787' title='bbox 2614 5616 3014 5689; x_wconf 83' lang='grc' dir='ltr'>Ἀγκουρωτός,</span> <span class='ocrx_word' id='word_1_788' title='bbox 3073 5626 3144 5679; x_wconf 85' lang='lat' dir='ltr'><strong>ita</strong></span> <span class='ocrx_word' id='word_1_789' title='bbox 3202 5628 3400 5681; x_wconf 80' lang='lat' dir='ltr'><strong>scribit</strong></span> <span class='ocrx_word' id='word_1_790' title='bbox 3450 5629 3562 5692; x_wconf 85' lang='lat' dir='ltr'><strong>ille,</strong></span> 
     </span>
    </p>
   </div>
   <div class='ocr_carea' id='block_1_120' title="bbox 1983 5700 3273 5792">
    <p class='ocr_par' dir='ltr' id='par_1_120' title="bbox 1983 5700 3273 5792">
     <span class='ocr_line' id='line_1_120' title="bbox 1983 5700 3273 5792; baseline 0.016 -40"><span class='ocrx_word' id='word_1_791' title='bbox 1983 5700 2239 5771; x_wconf 77' lang='lat' dir='ltr'><strong>oblongus</strong></span> <span class='ocrx_word' id='word_1_792' title='bbox 2273 5713 2320 5755; x_wconf 87' lang='lat' dir='ltr'><strong>et</strong></span> <span class='ocrx_word' id='word_1_793' title='bbox 2352 5706 2420 5757; x_wconf 83' lang='lat' dir='ltr'><strong>ad</strong></span> <span class='ocrx_word' id='word_1_794' title='bbox 2458 5708 2687 5775; x_wconf 72' lang='lat' dir='ltr'><strong>formam</strong></span> <span class='ocrx_word' id='word_1_795' title='bbox 2715 5718 3037 5770; x_wconf 82' lang='lat' dir='ltr'><strong>cucumeris.</strong></span> <span class='ocrx_word' id='word_1_796' title='bbox 3074 5717 3273 5792; x_wconf 59' lang='lat' dir='ltr'><strong>Ceam]</strong></span> 
     </span>
    </p>
   </div>
   <div class='ocr_carea' id='block_1_121' title="bbox 2049 5795 3635 5885">
    <p class='ocr_par' dir='ltr' id='par_1_121' title="bbox 2049 5795 3635 5885">
     <span class='ocr_line' id='line_1_121' title="bbox 2049 5795 3635 5885; baseline 0.014 -35"><span class='ocrx_word' id='word_1_797' title='bbox 2049 5795 2129 5850; x_wconf 76' lang='lat' dir='ltr'><strong>Ib.</strong></span> <span class='ocrx_word' id='word_1_798' title='bbox 2181 5796 2369 5869; x_wconf 81' lang='grc' dir='ltr'>Λῶρον</span> <span class='ocrx_word' id='word_1_799' title='bbox 2434 5812 2488 5856; x_wconf 87' lang='lat' dir='ltr'><strong>et</strong></span> <span class='ocrx_word' id='word_1_800' title='bbox 2546 5801 2721 5876; x_wconf 85' lang='grc' dir='ltr'>λῶρος</span> <span class='ocrx_word' id='word_1_801' title='bbox 2783 5806 2956 5864; x_wconf 78' lang='lat' dir='ltr'><strong>torum</strong></span> <span class='ocrx_word' id='word_1_802' title='bbox 2990 5812 3266 5869; x_wconf 82' lang='lat' dir='ltr'><strong>aLatioo.</strong></span> <span class='ocrx_word' id='word_1_803' title='bbox 3324 5812 3563 5885; x_wconf 70' lang='grc' dir='ltr'>Μαγκ).ά</span> <span class='ocrx_word' id='word_1_804' title='bbox 3628 5825 3635 5830; x_wconf 87' lang='grc'><em>’</em></span> 
     </span>
    </p>
   </div>
   <div class='ocr_carea' id='block_1_122' title="bbox 3098 5908 3174 5971">
    <p class='ocr_par' dir='ltr' id='par_1_122' title="bbox 3098 5908 3174 5971">
     <span class='ocr_line' id='line_1_122' title="bbox 3098 5908 3174 5971; baseline -0.026 0"><span class='ocrx_word' id='word_1_805' title='bbox 3098 5908 3174 5971; x_wconf 84' lang='grc'><strong>10</strong></span> 
     </span>
    </p>
   </div>
  </div>
