4064 6418
463 262 574 328 299

1575 266 1656 324 IN
1703 267 2002 327 LIBRUM
2043 269 2139 328 DF.
2185 224 2520 331 orriciis
2566 278 2674 334 cr.

3652 282 3762 345 300

467 381 586 431 διον
647 351 1057 441 maniclavium,
1117 374 1389 428 manualis
1427 375 1596 430 clava.
1632 375 1686 429 In
1720 379 1911 432 codice
1947 392 2054 430 uno
2090 396 2136 452 Α
2165 396 2282 434 eum
2344 383 2597 436 aditurus
2654 401 2836 439 canem
2865 396 2956 440 aut
3017 403 3163 440 avent
3201 388 3435 456 oﬂ'errct,
3501 389 3763 458 facillim

469 471 639 525 Boico
667 480 720 524 et
751 471 932 523 altero
956 467 1332 523 Lautheriano
1353 469 1552 524 desunt
1579 468 1672 524 illa
1706 471 1818 540 ἠως
1857 470 2063 540 βακτη-

470 566 590 635 ρίας
617 564 647 632 ἦ
683 561 932 633 ράὅδους.
971 559 1030 615 Et
1048 561 1258 616 clarum
1294 562 1507 616 videtur
1527 563 1780 647 θέει).τοῦ
1811 564 2062 633 μαγκλα-

465 657 584 709 ϐίου
602 655 1050 716 declarationem,
1070 654 1114 708 si
1137 671 1241 708 non
1261 655 1327 709 ab
1349 668 1592 720 auctore,
1613 666 1758 710 certe
1786 657 1854 709 ah
1878 657 2062 726 aliquo

466 749 716 802 librario.
741 745 879 801 Hinc
906 747 1306 816 μαγκλαὸῖται,
1325 746 1416 816 qui
1438 746 1752 802 manuarias
1778 748 1958 803 clavas
1988 746 2063 802 fe-

464 847 612 910 runt.
639 837 844 892 (ἔθετε.

524 931 670 986 Ibid.
694 928 1052 1002 [Μαγγλάϐια
1077 939 1270 984 auctor
1289 929 1514 983 adnotat
1536 943 1657 983 esse
1677 929 1909 998 λώρους,
1931 929 2064 1001 ῥάϐ-

463 1026 610 1088 δους,
631 1023 958 1094 βακτηρίας,
987 1039 1171 1077 nervos
1196 1022 1454 1076 videlicet
1481 1021 1728 1084 bubulos,
1750 1023 1951 1091 virgas,
1974 1022 2066 1089 fu-

467 1130 594 1180 stes,
629 1117 884 1172 sontibus
917 1117 1229 1185 quibusque
1257 1115 1571 1185 puniendis.
1609 1112 1796 1184 Plaga:
1849 1129 2068 1184 quoque

459 1211 642 1264 nervis
665 1218 718 1262 et
746 1208 984 1262 fustibus
1017 1206 1330 1273 hujusmodi
1364 1205 1584 1260 inflictae
1647 1217 1778 1260 sunt
1814 1205 2060 1275 μαγγλά-

460 1300 697 1359 6ια.Ι,εο
710 1300 1117 1354 Grammaticus
1135 1301 1188 1352 in
1205 1297 1514 1368 Theophilo
1535 1298 1661 1351 :Tov
1682 1299 2062 1368 στρατηλάτην

458 1398 572 1456 τοῖς
630 1396 968 1464 προσήκουσι
1003 1391 1364 1462 μαγγλαὸίοις
1420 1393 1780 1459 ἐσωφρόνισε.
1835 1392 2063 1448 Nicetes

461 1489 516 1544 in
545 1487 760 1541 Mauuel
801 1487 838 1540 Ι.
876 1501 964 1539 Iv:
1005 1485 1108 1538 Τὸν
1146 1484 1203 1537 δὲ
1235 1483 1536 1552 Πουπάκην
1567 1487 1594 1538 ὁ
1628 1483 1881 1554 βασιλεὺς
1931 1485 2059 1538 συλ-

462 1581 646 1634 λαϐὼν
682 1579 880 1645 ἔξαινε,
911 1578 1229 1648 μαγγΜιὸια
1258 1578 1379 1640 δοὺς
1411 1577 1580 1629 πολλὰ
1633 1577 1868 1647 δημόσια
1919 1579 2061 1632 κατά

461 1691 521 1727 τε
560 1673 656 1726 τοῦ
691 1673 861 1726 νώτου
888 1674 982 1724 καὶ
1005 1671 1112 1723 τῶν
1169 1668 1359 1739 ὤμων.
1419 1667 1587 1723 Miror
1620 1657 1791 1741 (quod
1820 1678 1874 1724 et
1906 1685 2058 1728 nunc

2176 489 2389 542 compos
2422 477 2529 529 voti
2570 477 2898 532 redderetur.
2960 480 3093 543 Qua:
3145 482 3323 534 omnia
3361 479 3768 538 Cuntacuzenus

2171 575 2289 631 post
2330 566 2446 637 ejus
2479 569 2676 622 obitum
2708 570 2778 623 iis
2834 571 2927 640 qui
2987 570 3230 639 petebant
3291 573 3586 640 distribuit,
3645 591 3765 627 cum
3822 613 3830 620 .

2177 659 2596 727 magnitudinem
2623 661 2932 731 sumptuunl
2967 675 3259 733 reputaret,
3315 675 3365 719 et
3431 683 3540 720 rem
3595 669 3766 736 ipsam

2174 749 2395 818 imperio
2432 767 2541 806 non
2572 756 2723 812 modo
2771 756 3040 824 inutilem,
3071 760 3161 811 sed
3201 759 3360 812 etiam
3412 760 3770 829 periculosam

2166 840 2439 909 judicaret
2463 862 2481 900 .'
2523 862 2646 899 nam
2674 846 2980 917 quindecim
3014 866 3298 905 aureorum
3337 853 3508 906 millia
3533 855 3771 922 impera-

2173 934 2299 988 torii
2329 935 2446 1003 fisci
2489 949 2864 1006 procuratores
2923 941 3070 995 ultra
3101 952 3322 998 veterem
3355 961 3552 998 morem
3590 949 3644 1001 in
3674 966 3770 1004 eas

2174 1040 2254 1080 res
2296 1042 2528 1098 expensa
2581 1030 2895 1086 retulerunt.
2932 1030 3238 1088 Numerum
3266 1049 3464 1090 canum
3497 1045 3550 1090 et
3575 1041 3766 1094 avium

2175 1119 2553 1175 venaticarum
2583 1122 2882 1178 Andronici
2900 1126 3168 1193 expressit
3192 1123 3469 1183 Phranzes
3490 1128 3526 1184 Ι.
3552 1146 3570 1184 ι
3599 1131 3772 1186 Chro~

2171 1213 2274 1266 nici
2299 1227 2347 1267 c.
2383 1213 2451 1268 ﬁ
2477 1232 2490 1267 :
2522 1213 2648 1268 Fuit
2670 1216 3004 1281 Andronicus
3025 1220 3319 1274 venationis
3344 1223 3719 1291 cupidissimus
3748 1242 3769 1279 :

2169 1305 2344 1358 alebat
2407 1322 2563 1360 canes
2629 1307 2858 1376 amplius
2922 1309 3067 1366 mille
3125 1313 3580 1384 quadringentos,
3645 1334 3768 1374 aves

2167 1400 2274 1454 sive
2319 1401 2599 1469 accipitres
2669 1417 2831 1470 supra
2891 1403 3034 1460 mille
3107 1408 3568 1479 quadringentos;
3634 1428 3769 1482 quos

2169 1489 2256 1559 qui
2308 1501 2577 1558 curarent,
2615 1494 2995 1563 propemodum
3038 1497 3264 1552 totidem
3315 1501 3799 1558 numerabantur?

2171 1581 2379 1638 Gners.
2509 1591 2542 1610 ‘

2243 1673 2386 1730 Ibid.
2437 1673 2702 1747 [Σκύλλας
2732 1682 2880 1734 canis
2929 1692 3034 1747 est,
3092 1697 3201 1739 non
3241 1685 3519 1742 bodiernis
3576 1692 3761 1758 modo,

462 1767 516 1821 in
547 1765 750 1820 Turcia
787 1779 938 1819 more
976 1761 1280 1832 receptum)
1316 1760 1623 1815 verberatis
1675 1760 1880 1814 nullam
1929 1761 2056 1817 inde
2085 1745 2132 1804 Β
2161 1765 2256 1819 sed
2293 1773 2348 1820 et
2375 1745 2642 1839 antiquis,
2672 1787 2796 1826 cum
2829 1773 3069 1844 Scyllam
3103 1776 3344 1844 puellam
3381 1779 3434 1832 in
3491 1779 3632 1837 freto
3671 1782 3766 1838 Si-

463 1862 736 1922 inustam~
777 1856 1087 1913 infamiam.
1141 1857 1414 1911 Petronas
1464 1854 1610 1908 enim
1668 1851 1956 1924 Theophili
1986 1869 2052 1908 ex

462 1968 633 2008 uxore
658 1952 850 2017 frater,
880 1949 1132 2006 criminis
1162 1948 1476 2011 convictus,
1505 1947 1858 2016 imperatoris
1880 1946 2044 2016 jussu

459 2047 702 2110 ὲκδυθεὶς
753 2046 812 2099 ὲν
839 2050 904 2114 τῇ
950 2044 1088 2114 μέσῃ
1151 2043 1251 2113 τῆς
1303 2040 1425 2096 ὁδοῦ
1477 2041 1742 2094 τύπτεται
1790 2040 1857 2093 τὰ
1889 2039 2036 2092 νῶτα

463 2139 748 2209 σφοδρῶς,
839 2149 1076 2206 moxque
1131 2137 1199 2188 ad
1255 2135 1522 2204 palatium
1583 2141 1639 2188 et
1697 2130 2052 2203 imperatoris

457 2230 882 2288 contubernium
939 2227 1258 2282 revertitur.
1303 2225 1379 2280 [ta
1408 2224 1518 2280 Leo
1546 2223 1972 2298 Grammaticus
1994 2223 2050 2276 in

459 2324 788 2394 Theophilo.
825 2321 1113 2389 Ejusmodi
1165 2319 1338 2390 plagae
1387 2317 1640 2372 ἀλλακτά
1689 2315 2047 2380 dicebantur,

457 2414 916 2482 duodenarioque
970 2425 1206 2466 numero
1259 2409 1511 2465 solebant
1549 2406 1743 2478 infligi.
1773 2406 2052 2460 Blastares

457 2523 507 2562 c.
542 2508 607 2561 15
647 2504 742 2559 τοῦ
774 2506 812 2557 Ε
857 2504 1120 2573 στοιχείου
1149 2519 1162 2555 :
1191 2501 1399 2554 δώδεκα
1431 2498 1676 2552 suam
1702 2497 2049 2565 λαμϐανέτω.

455 2598 761 2652 Choniates
788 2597 842 2650 in
893 2595 1255 2650 Andronico:
1292 2593 1380 2645 At"
1403 2591 1689 2645 ἁλλακτῶν
1754 2587 2047 2642 ἐπαίδευσε

455 2689 684 2744 δώδεκα.
733 2688 978 2744 Observo
1054 2687 1280 2756 insuper
1341 2685 1698 2739 Bardariotas
1768 2681 1951 2745 istos,
1984 2680 2051 2735 de

455 2784 655 2852 quibus
693 2796 902 2847 sermo,
934 2779 1268 2850 ῥαϐδούχους
1298 2795 1330 2831 a
1365 2777 1597 2846 fustibus
1650 2774 1880 2845 gestatis
1930 2771 2039 2827 dici

455 2877 598 2946 apud
637 2875 886 2929 Nicctam
919 2873 1221 2928 Andronici
1258 2870 1292 2924 2
1318 2889 1332 2926 :
1361 2873 1424 2924 υἱ
1457 2872 1526 2923 τὰ
1552 2866 1902 2939 ὑσγινοϐαφῆ
1937 2881 2042 2933 φο-

456 2970 676 3040 ροῦντες
732 2966 897 3038 269
945 2967 994 3020 οἱ
1029 2965 1342 3036 ῥαϐδοῦχοι.
1408 2962 1819 3033 Μαγκλαὸιτας
1871 2959 2043 3013 etiam

456 3061 576 3130 lego
627 3061 682 3114 in
733 3061 1018 3130 Anouyuzo
1051 3060 1178 3128 περὶ
1221 3057 1528 3114 καταστάσ.
1580 3055 1712 3110 ἁπλ.
1755 3054 1821 3107 ad
1843 3049 2052 3120 aquilo-

2161 1857 2288 1912 culo
2336 1873 2365 1913 a
2401 1861 2634 1919 canibus
2691 1865 2925 1921 obsitum
2980 1869 3223 1924 σκύλλαν
3257 1888 3463 1940 canem,
3501 1875 3765 1945 feminam

2159 1950 2461 2020 mythologi
2496 1957 2838 2010 vocaverint.
2891 1958 3125 2028 Μάγγος
3157 1971 3286 2018 nota
3347 1979 3474 2032 vox,
3526 1982 3594 2022 ex
3651 1985 3763 2040 qua

2158 2056 2285 2096 cum
2313 2043 2496 2113 priore
2526 2047 2968 2119 σκυλλομάγγος.
3023 2053 3292 2110 Eumdem
3323 2060 3564 2114 arbitror
3595 2077 3761 2132 quem

2163 2131 2474 2204 Scyliorum
2529 2139 2661 2207 (τῶν
2697 2141 2991 2213 σκυλλιων)
3045 2148 3330 2203 custodem
3388 2131 3763 2222 Luitprandus

2161 2227 2356 2283 scribit
2421 2228 2580 2286 initio
2629 2230 2981 2302 Legatiouis:
3032 2239 3191 2309 cujus
3251 2241 3380 2298 fidei
3415 2245 3587 2315 (quod
3645 2264 3758 2304 non

2155 2319 2408 2391 advertit)
2432 2323 2548 2392 ipse
2570 2323 2623 2377 in
2651 2335 3024 2397 contemptum
3052 2331 3155 2387 fuit
3180 2335 3533 2392 commissus.
3557 2337 3761 2415 Gem]

2237 2411 2320 2468 lb.
2358 2415 2432 2467 Τὸ
2462 2415 2732 2472 διϐέ).).ιον
2762 2420 2960 2489 duplex
2986 2439 3083 2478 seu
3116 2428 3384 2494 geminum
3437 2431 3628 2490 velum.
3659 2411 3760 2491 Ju;

2156 2504 2283 2561 nius
2344 2507 2546 2577 ubique
2580 2509 2882 2568 inscienter
2933 2516 3114 2570 divum
3155 2518 3350 2584 velum,
3413 2536 3478 2576 ex
3540 2523 3758 2584 Latinis

2153 2596 2304 2651 diuus
2337 2606 2389 2652 et
2416 2599 2621 2666 velum;
2646 2615 2700 2656 et
2733 2604 3050 2662 inscientius
3080 2609 3262 2665 adhuc
3293 2612 3459 2683 hujus
3487 2629 3602 2672 suae
3637 2620 3758 2689 opi-

2156 2691 2398 2746 nationis
2411 2704 2463 2746 et
2486 2693 2866 2762 originationis
2897 2701 3162 2756 rationem
3186 2705 3383 2760 reddit.
3404 2706 3754 2781 Legatquem

2153 2797 2313 2854 nugae
2345 2784 2638 2840 deleCtant.
2703 2786 2919 2867 Vocula.
2966 2793 3039 2858 δι,
3110 2803 3167 2848 ιιι
3198 2796 3257 2850 id
3285 2797 3430 2863 aliis,
3461 2800 3534 2854 ita
3572 2815 3628 2858 et
3659 2806 3752 2862 hic

2153 2875 2466 2945 geminandi
2494 2887 2625 2933 nota
2655 2889 2763 2936 est.
2793 2883 2922 2940 Erat
2945 2885 3046 2940 hoc
3068 2887 3342 2944 divellium
3370 2907 3467 2948 seu
3493 2895 3748 2952 divclium

2150 2969 2414 3023 vexillum
2450 2970 2828 3042 imperatoris,
2859 2979 3077 3045 gemino
3110 2984 3232 3036 velo
3265 2995 3550 3054 constans,
3586 2994 3750 3060 quasi

2148 3060 2300 3117 dicas
2335 3063 2588 3131 divelum,
2627 3068 2771 3138 quod
2807 3069 3125 3138 imperatori
3158 3090 3376 3146 semper
3421 3094 3452 3136 a
3508 3085 3750 3142 scuterio

453 3127 642 3209 ria—rem
661 3153 758 3222 τῆς
780 3127 980 3222 κόρσης
1001 3127 1137 3221 regii
1165 3150 1404 3214 tentorii,
1421 3150 1488 3204 ad
1511 3148 1656 3218 quod
1679 3144 2043 3206 excubabant,
2071 3127 2116 3189 Ο
2150 3169 2245 3209 seu
2275 3157 2539 3214 scutifero
2579 3160 2994 3230 praeferebatur.
3033 3164 3244 3224 Cas-rs.

453 3253 689 3312 partem,
721 3244 1014 3297 stationem
1046 3241 1100 3295 in
1132 3243 1374 3297 exercitu
1393 3242 1676 3296 habuisse.
1708 3237 2039 3293 Praefectum

453 3352 645 3391 eorum
677 3335 877 3407 κόρτης
903 3335 1119 3403 κόμητα
1144 3335 1286 3401 apud
1314 3335 1626 3389 Cedrenum
1654 3335 1708 3387 in
1729 3331 2040 3401 Nicephoro

453 3428 476 3477 1
512 3427 720 3479 dictum
751 3425 1030 3490 existimo,
1081 3425 1177 3492 qui
1211 3425 1416 3479 deinde
1452 3423 1836 3496 μαγγλαϐίτης
1871 3424 2040 3479 nono-

452 3516 633 3568 rarius
659 3512 924 3581 carnifex,
958 3525 1305 3582 nuncupatus
1335 3513 1511 3568 eidem
1539 3512 1790 3568 Cedreno
1813 3514 1866 3568 in
1894 3514 2039 3570 Con-

453 3606 697 3660 stantino
720 3601 918 3658 Leonis
948 3601 1011 3667 F,
1038 3605 1101 3674 τῇ
1136 3601 1230 3655 τοῦ
1282 3603 1681 3673 μαγκλαὸίτου,
1703 3604 1777 3658 ita
1819 3605 2036 3674 scribit,

456 3697 586 3768 ἀξίᾳ
632 3696 904 3765 τιμηθείς.
961 3697 1032 3749 At
1062 3712 1130 3752 ne
1165 3697 1288 3766 quis
1324 3697 1431 3750 ἀπὸ
1459 3696 1558 3766 τῆς
1595 3697 1690 3752 τοῦ
1725 3699 2037 3768 μαγγλαϐί-

454 3807 547 3842 του
585 3789 740 3852 ἀξίας
779 3789 1150 3844 carnificinam
1199 3797 1352 3860 putet
1396 3789 1654 3853 alienam,
1699 3805 1768 3845 en
1811 3791 2033 3860 utapud

451 3882 884 3937 Grammaticum
939 3880 1178 3936 Leonem
1225 3881 1501 3952 θυμωθεὶς
1532 3885 1559 3936 ὁ
1593 3882 1845 3953 βασιλεὺς
1894 3883 2040 3936 καὶὸ

451 3973 730 4037 Basiliam;
782 3972 1170 4026 ἀποστέλλουσι
1220 3974 1598 4044 μαγγλαὸίτην
1670 3973 1760 4027 τὸν
1811 3975 2037 4046 Μαυρο-

455 4066 718 4137 θεόδωρον
764 4064 905 4134 ξίφει
932 4067 1145 4120 ἀνελεῖν
1183 4067 1274 4120 τὸν
1329 4069 1585 4139 μοναχόν,
1621 4078 1680 4124 ut
1734 4066 1889 4138 quid,
1928 4068 2034 4124 nisi

451 4166 510 4212 ut
534 4158 718 4211 officio
749 4156 1106 4225 fungeretur?
1987 4209 1992 4213 .

523 4249 608 4304 Ib.
642 4249 1116 4321 [Πριιιμικήριον.
1145 4251 1245 4318 Qui
1325 4253 1706 4324 μαγγλαὸίτης
1750 4265 1804 4310 et
1858 4257 2036 4328 κόμης

449 4343 676 4413 κόρτης,
703 4343 769 4396 de
801 4358 910 4411 quo
944 4354 1069 4398 uota
1106 4345 1411 4414 superiore.
1441 4345 1640 4417 Gesn]

520 4436 581 4490 P.
613 4437 702 4491 59.
733 4437 1157 4506 Σκυλλόμαγγος
1198 4455 1390 4509 mango
1423 4456 1636 4493 canum.
1673 4439 1881 4496 Glossa:
1921 4441 2028 4496 La-
2061 4478 2104 4533 υ

443 4529 828 4586 tino-Graecae:
866 4547 1055 4601 mango
1105 4532 1461 4601 κυνοτρόφος.
1516 4531 1715 4587 Junius
1770 4535 2026 4590 libentius

442 4624 646 4692 legeret
671 4623 1167 4692 σκυλλομαγγόνων
1191 4664 1204 4687 ,
1243 4625 1440 4692 quibus
1477 4635 1708 4693 praeerat
1736 4629 1763 4679 ὁ
1814 4646 2027 4698 πρωτο-

445 4717 705 4786 κυνηγός,
734 4716 988 4785 magister
1028 4732 1124 4770 seu
1155 4716 1396 4785 princeps
1433 4728 1762 4774 venatorum.
1798 4720 1931 4776 Nam
1967 4735 2026 4778 ut

441 4807 628 4874 hodie,
673 4806 754 4861 sic
784 4815 839 4859 et
871 4805 1001 4859 olim
1040 4805 1258 4873 regibus
1295 4815 1349 4860 ct
1397 4806 1743 4876 principibus
1801 4812 2024 4866 venatio

443 4912 591 4952 curae
624 4906 764 4973 erat,
806 4896 992 4952 forsan
1053 4896 1257 4961 nimiae,
1310 4897 1504 4952 saltem
1541 4900 1814 4957 interdum
1847 4921 1860 4957 :
1894 4918 2020 4958 nam

438 4989 661 5058 quando
706 4990 996 5059 Bulgaros,
1031 4986 1285 5057 Scythas,
1319 4988 1659 5054 Patzinacas.
1692 4995 2018 5064 Saracenos,

395 5147 397 5150 ι
439 5078 649 5134 Turcas
684 5080 962 5150 principes
1013 5080 1287 5150 Cpolitani
1319 5083 1504 5137 venari
1566 5084 1860 5165 debebant,
1913 5089 2018 5159 ipsi

438 5171 783 5226 venabantur
809 5187 1023 5238 cervos,
1058 5189 1244 5244 apros,
1273 5190 1432 5232 ursos
1460 5184 1514 5230 et
1542 5177 1741 5232 similia
1764 5183 1984 5238 animan
2004 5213 2020 5226 -

441 5263 537 5329 tia,
606 5278 713 5316 non
768 5263 886 5318 sine
940 5264 1144 5333 ingenti
1201 5265 1471 5338 impensa,
1529 5285 1650 5338 qua:
1688 5275 2018 5330 necessario

436 5353 686 5409 facienda
719 5365 836 5408 erat
869 5363 978 5407 tam
1011 5355 1065 5408 in
1103 5358 1354 5414 homines
1390 5374 1555 5430 quam
1590 5368 1644 5416 in
1683 5377 1871 5420 canes.
1912 5366 2016 5428 Ubi

432 5446 658 5503 modum
688 5447 913 5503 minime
943 5450 1187 5506 omnium
1222 5453 1398 5508 tenuit
1423 5455 1772 5515 Andronicus
1815 5459 2017 5518 Palaeo-

429 5539 589 5610 logus
621 5539 818 5597 Junior
850 5543 1180 5612 imperator,
1219 5545 1287 5599 de
1327 5561 1438 5615 quo
1493 5546 1768 5622 Cregoras
1813 5556 1918 5612 sub
1949 5557 2014 5612 fi-

427 5647 554 5688 nem
584 5647 696 5688 sua:
731 5633 1022 5690 Historiae:
1077 5635 1249 5691 Canes
1280 5646 1330 5691 et
1371 5655 1488 5694 aves
1521 5645 1784 5701 uenaticas
1818 5665 2009 5721 magno

425 5726 601 5779 alebat
624 5743 880 5797 numero;
917 5729 1102 5798 quibus
1155 5730 1233 5782 ita
1264 5740 1378 5786 erat
1426 5732 1656 5806 deditus,
1699 5742 1830 5797 utsi
1885 5747 2005 5810 quis

2217 3247 2366 3304 Ibid.
2404 3249 2703 3321 [Meursius
2767 3257 3018 3313 vexillum
3077 3263 3422 3332 imperatoris
3478 3269 3746 3338 biﬁdum,

2141 3338 2434 3398 Gretserus
2458 3344 2712 3399 vexillum
2737 3347 3083 3426 imperatoris
3101 3358 3310 3425 gemino
3336 3361 3449 3415 velo
3469 3373 3744 3420 constans.

2144 3429 2239 3487 Ille
2268 3432 2468 3490 iterum
2496 3452 2511 3490 :
2555 3435 2669 3492 Viri
2693 3438 2858 3508 docti,
2890 3441 3116 3500 Junium
3150 3447 3428 3523 intelligit,
3453 3455 3621 3526 27o
3659 3459 3748 3514 hie

2141 3542 2343 3597 quoque
2403 3530 2818 3602 interpretantur
2842 3538 3024 3595 divum
3073 3543 3242 3600 velum
3270 3562 3291 3603 :
3320 3551 3412 3603 sed
3445 3552 3744 3619 falluntur.

2141 3617 2242 3676 Hic
2278 3637 2469 3680 rursus
2498 3641 2514 3678 :
2550 3626 2746 3684 Junius
2782 3632 2972 3703 ubique
3001 3638 3290 3696 inscienter
3317 3643 3494 3700 divum
3547 3649 3742 3705 velum.

2140 3715 2207 3768 At
2239 3731 2340 3770 nec
2369 3715 2575 3775 fallitur
2612 3737 2716 3776 nec
2751 3723 3050 3783 inscienter
3073 3727 3271 3789 Junius
3306 3735 3573 3807 loquitur,
3624 3741 3741 3807 cui,

2141 3820 2206 3860 eo
2242 3809 2411 3864 tutius
2429 3825 2538 3880 quo
2560 3816 2856 3880 eruditius,
2887 3823 3265 3888 patrocinatur
3297 3826 3652 3900 Dempsterus
3681 3834 3739 3889 in

2142 3898 2335 3954 ultima
2367 3901 2738 3960 Romanarum
2773 3911 3032 3980 antiquit.
3065 3915 3236 3971 calce.
3267 3917 3352 3972 Ea:
3377 3898 3498 3990 quo.
3535 3924 3736 3993 inquit,

2141 3992 2356 4045 nomina
2384 3995 2577 4050 ducunt
2603 3998 2811 4054 vexillis
2843 4006 3180 4074 praescripta,
3231 4021 3359 4074 puto
3403 3992 3648 4082 eﬁ‘ectum
3679 4028 3736 4073 ut

2139 4084 2492 4139 adorerentur
2526 4090 2700 4158 signa.
2740 4090 2868 4147 Ideo
2899 4095 3133 4151 salutari
3169 4103 3395 4170 concilio
3423 4105 3736 4164 Constanti-

2141 4192 2238 4229 nus
2270 4193 2477 4233 crucem
2501 4182 2640 4235 inter
2663 4185 2816 4254 signa
2852 4189 3155 4258 collocavit,
3192 4203 3248 4247 ut
3278 4198 3505 4252 adorari
3534 4213 3732 4267 posset.

2140 4265 2493 4338 Hieronymus
2520 4273 2676 4339 epist.
2706 4275 2777 4328 ad
2803 4273 3008 4332 Lwtam
3041 4281 3106 4334 de
3135 4283 3306 4340 instit.
3335 4288 3489 4354 ﬁlim:
3527 4265 3736 4346 Vexilla

2139 4361 2372 4415 militum
2422 4365 2596 4419 crucis
2657 4367 2891 4438 insignia
2946 4382 3088 4426 sunt.
3149 4375 3484 4435 Claudianus
3517 4383 3555 4436 l.
3609 4384 3645 4437 2
3679 4387 3733 4439 in

2141 4453 2402 4523 Ruﬁinum
2425 4473 2444 4510 :
2478 4460 2748 4526 Augustus
2772 4466 3069 4519 veneranda
3110 4471 3259 4536 prior
3287 4474 3481 4527 vexilla
3504 4477 3729 4533 salutat.

2133 4547 2200 4600 Et
2232 4548 2270 4600 l.
2302 4547 2365 4602 de
2388 4549 2519 4604 bello
2548 4549 2762 4608 Getico:
2799 4554 2974 4610 Turba
2990 4559 3240 4616 salutatis
3266 4565 3561 4634 effunditur
3577 4569 3730 4625 obvia

2131 4635 2314 4705 signis.
2364 4634 2624 4693 Vexillum
2665 4641 2808 4696 istud
2862 4643 3110 4703 labarum
3147 4654 3320 4710 audit.
3378 4655 3730 4728 Curopalates

2129 4725 2393 4781 διϐέλλιον
2452 4740 2643 4796 vocat,
2703 4734 2881 4790 divum
2939 4740 3133 4797 velum.
3193 4725 3530 4804 Prudentius
3569 4751 3607 4806 ι.
3671 4755 3728 4808 in

2129 4816 2508 4889 Symmachum
2533 4840 2551 4877 :
2610 4823 2854 4883 Christus
2887 4847 3211 4902 purpureum
3251 4853 3514 4908 gemmato
3550 4853 3726 4901 textus

2128 4911 2183 4964 in
2214 4927 2345 4966 auro
2368 4911 2628 4984 Signabat
2657 4917 2928 4978 labarum.
2965 4924 3048 4981 Ea
3080 4944 3244 4985 causa
3291 4936 3453 4988 etiam
3510 4954 3606 4992 cur
3633 4957 3729 5009 per

2126 5003 2279 5073 signa
2305 5005 2552 5074 iurarent
2582 5011 2802 5068 milites.
2857 5013 2984 5074 Haec
3025 5036 3125 5077 nos
3179 5037 3244 5078 ex
3283 5003 3721 5098 Dempstero'in

2125 5095 2238 5148 divi
2293 5100 2552 5170 sacrique
2602 5103 2707 5159 veli
2762 5111 3157 5180 patrocinium,
3223 5132 3293 5173 ne
3350 5125 3719 5194 proscriptam

2124 5185 2273 5243 Junii
2303 5191 2607 5250 doctrinam
2644 5205 2848 5256 temere
2889 5202 3202 5260 videremur
3251 5208 3567 5269 defendere.
3623 5218 3718 5272 ln-

2126 5290 2207 5334 ter
2234 5281 2427 5341 iconas
2451 5288 2693 5345 concilio
2729 5291 3056 5353 Florentino
3085 5295 3350 5358 Romanae
3374 5305 3634 5364 editionis
3664 5318 3721 5364 et

2121 5373 2302 5445 Regia
2326 5378 2627 5449 admixtus,
2656 5385 2725 5439 ad
2756 5385 3118 5473 imperatoris
3140 5391 3458 5451 Graecorum
3494 5398 3550 5454 in
3609 5402 3717 5456 tri-

2119 5467 2257 5522 remi
2282 5469 2525 5529 sedentis
2556 5474 2703 5532 latus
2727 5479 2985 5536 vexillum
3013 5467 3361 5555 est—longius,
3389 5499 3446 5543 at
3475 5506 3583 5547 non
3621 5493 3710 5548 bi-

2125 5558 2318 5626 fidum,
2351 5563 2441 5616 cui
2472 5578 2608 5621 crux
2637 5569 2852 5639 appicta
2879 5580 3002 5628 est:
3036 5588 3106 5630 an
3129 5591 3239 5634 non
3274 5585 3459 5649 ponus
3481 5584 3554 5652 ob
3585 5601 3720 5641 cru-

2115 5675 2233 5715 cem
2269 5671 2324 5718 et
2345 5663 2666 5735 religionem
2699 5670 2877 5727 divum
2918 5673 3086 5730 velum
3135 5693 3297 5748 quam
3329 5683 3598 5752 geminum
3627 5701 3719 5741 ve.

2117 5754 2221 5810 lum
2244 5756 2270 5808 ?
