4064 6420
288 261 392 327 3|}!

1385 261 1775 319 GilE'l‘SEiil
1823 259 1919 319 ET
1955 257 2188 315 GOARI
2244 257 2484 316 NUT/E-

3466 258 3573 321 302

341 374 402 428 Ι).
440 371 530 430 40.
557 369 965 445 [Ὃκοιέστωρ.
1003 369 1178 424 Etiam
1208 368 1446 423 labentis
1479 370 1696 437 imperii
1733 377 1870 421 tcm—

1999 365 2248 434 ;ingulari
2300 379 2533 419 numero
2608 365 2864 434 legimus.
2921 363 3314 421 Constantinus
3378 364 3574 423 Tlicm.

267 480 400 533 pore
423 464 656 534 plurima
683 463 924 534 pollebat
949 473 1194 534 quaestor
1228 468 1586 515 auctoritate.
1652 459 1851 531 Ecloga

269 555 469 611 Leonis
493 563 549 610 et
579 554 920 608 Constantini
951 553 1038 606 AA
1069 553 1148 606 tit.
1179 547 1244 606 εἰς
1279 553 1341 606 Ὀ
1369 550 1670 621 κοιαίστωρ
1700 549 1854 615 ἐξου·

271 650 397 704 σὶαν
442 648 536 701 ἐπὶ
586 647 716 711 τοὺς
780 647 880 716 τῆς
913 644 1162 716 μεγάλης
1191 645 1398 714 ταύτης
1449 628 1859 715 ἐπιδημοῦνίτας

271 738 484 806 πόλεως
515 740 573 807 ἐξ
625 739 1025 811 οἱασδηποτοῦν
1058 740 1270 811 χώρας,
1305 739 1417 792 εἴτε
1475 724 1695 817 ἄνδρας
1744 736 1858 791 εἴτε

270 839 540 907 γυναῖκας
587 828 700 888 εἴτε
744 834 1045 905 κληρικοὺς
1081 833 1114 902 ἦ
1155 815 1430 902 μοπδαχοῦς
1464 831 1498 902 ἢ
1531 815 1864 909 ἀσκητρξας,

271 933 383 984 εἴτε
418 930 528 982 τῶν
587 927 695 992 ἔξω
753 927 964 980 πόλεων
1021 925 1383 997 συνηγόρους,
1448 926 1496 978 εἰ
1545 925 1640 980 καὶ
1697 923 1866 1002 ἄλλης

275 1019 494 1076 οἱασοῠν
523 1019 698 1090 τύχης
746 1037 804 1072 τε
857 1019 954 1072 καὶ
1003 1001 1185 1084 ἀξίας,
1239 1018 1337 1071 καὶ
1395 1001 1866 1094 περιεργάζεοθαι

275 1115 420 1177 τίνες
437 1131 498 1168 τε
519 1102 630 1166 Ἲεῖεν
661 1114 756 1167 καὶ
777 1112 940 1164 πόθεν
963 1112 1155 1182 ἥκοιεν
1178 1098 1272 1165 καὶ
1297 1097 1390 1164 tiu
1413 1111 1544 1182 ποίᾳ
1573 1110 1869 1181 προφάσει.

276 1207 438 1262 Plura
469 1205 816 1276 persequitur
849 1190 980 1260 illud
1016 1213 1182 1272 caput
1211 1205 1275 1288 ad
1330 1219 1538 1259 moram
1571 1203 1872 1281 alienorum

256 1288 333 1354 in
354 1299 486 1354 urbe
519 1299 824 1353 faciendam
865 1297 1191 1367 spectantia.
1223 1295 1726 1354 ConsulaturJuris
1752 1297 1874 1354 GR.

280 1403 414 1446 tom.
451 1377 511 1456 ιι,
548 1407 600 1461 ρ.
645 1391 736 1456 s7,
768 1392 838 1448 90
873 1401 926 1445 et
960 1390 1052 1447 99.
1465 1466 1468 1470 η

357 1484 438 1540 Ib.
461 1484 558 1558 ['0
572 1475 765 1556 μένας
787 1483 1243 1555 διερμηνευτής.
1272 1472 1403 1552 ριιω
1433 1482 1535 1540 sibi
1560 1480 1878 1560 prmstiterit

278 1579 451 1634 ollicia
492 1595 718 1649 magnus
747 1579 1090 1649 interpretes,
1126 1578 1494 1649 Luitprandus
1542 1563 1594 1634 in
1631 1595 1730 1636 sua
1766 1578 1873 1634 Le.-

280 1673 497 1748 gationc
527 1672 798 1754 edisserit.
842 1657 1050 1745 Ceam]
1540 1749 1542 1753 _
1790 1745 1796 1753 ,

358 1763 504 1820 Ibid.
565 1749 910 1845 Δραγομενοι
967 1767 1079 1820 sive
1140 1765 1480 1845 δρτιγομάνοι
1540 1749 1870 1838 interpretes

284 1857 596 1936 linguarum
625 1842 986 1924 exeticarum,
1017 1859 1206 1929 quales
1232 1842 1286 1936 in
1322 1859 1461 1915 aulis
1488 1859 1673 1931 magni
1725 1875 1881 1931 reges

285 1935 510 2015 habent,
548 1935 608 2006 ut
654 1937 1063 2022 peregrinarum
1115 1935 1355 2023 gentium
1427 1953 1726 2024 legationes
1791 1954 1877 2008 in-

285 2054 676 2117 terpretentur.
713 2044 811 2102 Est
842 2060 907 2100 ex
937 2043 1237 2101 Chaldaico
1274 2047 1552 2117 tltargum,
1589 2047 1880 2104 metathesi

287 2139 584 2212 primarum
607 2137 932 2205 litterarum,
974 2138 1121 2208 quod
1173 2147 1256 2192 est
1299 2138 1881 2208 interpretamentum:

297 2241 352 2288 et
406 2238 688 2304 metargem
747 2246 848 2288 seu
906 2235 1196 2302 turgeman
1260 2231 1633 2302 interpretes,
1687 2230 1885 2302 δραγο-

302 2325 548 2396 μανίζειν
582 2312 938 2395 interpretem
971 2338 1152 2395 agere.
1192 2323 1474 2396 Hodieque
1499 2324 1592 2396 qui
1647 2325 1765 2379 loca
1792 2340 1882 2380 sa-

294 2431 384 2472 cra
421 2418 718 2474 Palaestinae
767 2417 1022 2484 lustrant,
1078 2431 1207 2474 suos
1258 2407 1586 2488 interpretes
1634 2417 1879 2474 drassel-

294 2525 524 2566 mannos
553 2517 777 2566 vocant.

369 2601 454 2658 Ib.
493 2603 612 2660 Sive
645 2605 708 2658 de
736 2605 923 2660 armis.
961 2603 1039 2660 lta
1077 2606 1424 2676 vertendum,
1460 2619 1568 2660 non
1601 2615 1660 2660 ut
1685 2602 1887 2660 Junius

291 2683 496 2780 ubique
543 2699 606 2753 de
665 2699 934 2764 curribus,
991 2698 1116 2769 quia
1174 2698 1380 2755 Grtecis
1436 2699 1591 2769 ἅρμα
1636 2701 1888 2780 ᾄρματος

293 2791 391 2844 καὶ
411 2789 476 2842 τὰ
505 2790 728 2860 ἅρματα
762 2806 914 2844 arma
949 2797 1099 2857 sunt,
1136 2798 1196 2843 ut
1252 2789 1440 2846 multis
1487 2791 1750 2860 exemplis
1781 2789 1881 2846 do—

293 2893 425 2940 cent
483 2871 748 2955 Rigaltius
801 2893 859 2942 et
918 2882 1194 2939 Meursius
1253 2883 1309 2938 in
1373 2881 1688 2939 Glossariis.
1753 2880 1890 2938 llinc

294 2961 793 3048 ἀρμαμενταρείον,
842 2964 1330 3048 ἁρμαμενταρεῖα,
1377 2973 1740 3046 ἀρματώριον
1800 2991 1889 3029 ar-

299 3069 734 3134 mamentarium,
767 3068 1008 3139 ἀρμάτοι
1039 3069 1260 3132 armati,
1312 3067 1666 3140 ἀρματοῦραι
1697 3082 1884 3122 arma-
1913 3080 1958 3140 ο

300 3151 457 3228 tat-te,
480 3161 782 3235 ἀρματοῦν,
808 3156 1142 3235 ἀρματόνειν
1165 3178 1397 3216 armare.
1424 3160 1568 3227 Quin
1614 3171 1668 3216 et
1695 3161 1887 3217 vocula

298 3245 576 3327 ἀρμᾶριον
613 3265 667 3311 et
698 3255 930 3327 ἀρμάρη
959 3241 1210 3324 utuntur,
1259 3238 1403 3327 quod
1433 3263 1519 3310 est
1569 3265 1888 3324 promptua-

300 3349 444 3406 rium
471 3364 564 3406 seu
599 3343 865 3420 ταμιεῖον.
888 3339 1093 3405 eam.
1407 3416 1412 3426 ι
1625 3420 1636 3426 Α
1683 3410 1687 3414 .

378 3427 522 3496 Ibid.
559 3431 894 3514 [Κούρονων.
929 3442 1173 3513 Πραῖδαν
1209 3451 1364 3499 vocat
1401 3420 1511 3499 Leo
1561 3420 1890 3502 in‘Tacticis

305 3533 557 3605 pluribus
587 3535 805 3591 constit.
843 3534 908 3588 Π
968 3533 1123 3600 locis,
1167 3535 1498 3592 incursiones
1541 3535 1789 3594 videlicet
1838 3548 1894 3593 et

304 3629 742 3699 deprwdationes.
797 3628 999 3702 60am]
1140 3696 1142 3698 τ
1729 3693 1733 3698 .

380 3721 442 3775 Ρ.
477 3721 566 3776 41.
630 3721 1070 3777 I’rotonotarius.
1137 3719 1236 3776 llic
1295 3705 1593 3789 palatinum
1654 3719 1892 3776 cilicium

308 3814 598 3884 signiﬁcat,
629 3815 1057 3896 ecclesiasticum
1115 3829 1247 3869 vero
1277 3815 1330 3868 in
1393 3812 1632 3869 secunda
1667 3815 1898 3884 peulade

309 3905 619 3964 oﬂicialium
667 3908 872 3979 Magna
901 3906 1178 3963 Ecclesiae.
1226 3907 1468 3977 Uterque
1499 3907 1680 3981 plures
1709 3908 1813 3963 sub
1837 3923 1897 3963 se

311 4000 545 4057 habebat
576 4000 938 4071 notarios,qui
971 4000 1100 4054 olim
1163 3999 1518 4055 celebrabant
1551 3999 1622 4076 25
1644 4001 1898 4056 Octobris

314 4087 514 4150 festum
546 4092 646 4149 SS.
688 4093 988 4164 martyrum
1027 4090 1289 4148 Marciani
1341 4101 1394 4147 et
1430 4091 1675 4162 Martyri,
1729 4109 1892 4163 quos,

313 4196 376 4241 ut
424 4202 488 4242 ex
529 4186 687 4256 271
722 4184 928 4240 Menam
983 4182 1174 4255 liquet,
1234 4167 1473 4238 notarios
1526 4183 1896 4253 appellabant.

315 4267 527 4333 Notarii
561 4279 724 4350 igitur
753 4278 891 4333 duos
922 4277 1057 4333 istos
1084 4278 1350 4344 notarios,
1406 4275 1512 4336 sub
1566 4277 1896 4336 Constantio

315 4371 520 4426 Ariano
579 4370 906 4441 imperatore
958 4385 1055 4440 pro
1111 4370 1217 4425 tide
1269 4369 1576 4446 orthodoxa
1639 4368 1894 4437 occisos,

1967 455 2288 512 OricutJO:
2321 459 2579 527 Κάστρον
2603 459 2751 510 ἐστὶν
2768 456 3140 528 ὀχυρώτατον.
3171 457 3578 528 Καστροφύ).αξ

1979 536 2279 602 castrorum
2305 559 2507 612 custos,
2538 550 2980 618 καστροκτεστης
3003 559 3306 602 castrorum
3329 559 3572 608 metator.

1967 629 2367 712 morpourtcla
2430 651 2729 695 castrorum
2789 643 3006 695 metatio
3035 691 3050 717 ,
3086 627 3415 714 καστρέσιον
3460 650 3579 698 sive

1976 735 2307 812 uaacpictov
2341 721 2627 791 castrense.
2673 736 2870 790 Iisdem
2925 735 2980 789 in
3019 751 3119 790 usu
3176 749 3305 809 sunt
3345 738 3579 796 κάπελ-

1985 829 2093 894 λοι,
2166 827 2529 898 καστέλλιον,
2585 829 2828 898 καστέλη
2882 843 2983 896 pro
3028 830 3266 900 castellis
3305 846 3413 900 seu
3461 849 3580 884 mn-

1979 923 2268 978 nitionibus
2316 931 2370 978 et
2402 913 2500 992 pro
2557 922 2768 993 oppido.
2824 922 2983 992 Ilinc,
3017 905 3318 976 castelliani
3377 926 3578 979 milites

1978 1018 2225 1083 castellis
2300 1019 2566 1094 impositi.
2640 1019 3038 1077 Καστελλοῦν
3098 1019 3277 1074 locum
3338 1021 3574 1091 aliquem
3661 1047 3675 1050 κ

1983 1109 2221 1187 munire.
2257 1109 2467 1165 Gasrs.
2686 1181 2690 1184 _

2056 1204 2199 1259 Ibid.
2218 1196 2489 1282 [qutpa
2513 1205 2756 1269 civitates
2778 1197 3032 1270 manibus
3060 1208 3292 1273 munitas
3321 1209 3582 1278 interpre-

1983 1292 2416 1350 tare.Cedrenus
2437 1294 2488 1348 in
2510 1291 2778 1350 Michacle
2807 1293 3200 1370 Paphlagone‘:
3231 1301 3583 1368 Παγκράτιος

1983 1380 2039 1438 δὲ
2074 1385 2102 1438 ὁ
2141 1372 2734 1456 Ἀὄασγὸς,⁹Ρωμανῦν
2773 1385 2863 1439 τὸν
2895 1385 3125 1457 βασιλέα
3157 1386 3325 1461 δῆθεν
3350 1389 3583 1442 ἐκδικῶν

1982 1478 2058 1541 ὡς
2087 1463 2233 1532 δεῖον
2255 1479 2352 1549 τῆς
2380 1464 2645 1556 γὺναικδς
2671 1477 2862 1546 αὐτοῦ,
2893 1480 2995 1550 τήν
3017 1496 3076 1532 τε
3098 1479 3237 1550 πρὸς
3273 1481 3584 1550 Ῥωμαίους

1941 1629 1949 1635 _
1986 1555 2217 1642 εἰρήνην
2264 1553 2539 1626 ἀπείπατο
2570 1576 2664 1652 καὶ
2707 1573 3028 1643 τὰ⁹πρώην
3094 1571 3319 1628 δοθέντα
3366 1572 3585 1644 κάστρα

1913 1705 1963 1768 Β
1991 1667 2086 1720 καὶ
2113 1666 2352 1737 φρούρια
2377 1654 2741 1739 ἀνεκτήσατο.
2778 1665 3025 1730 Barium,
3074 1665 3342 1736 Capuam,
3406 1665 3579 1720 Bene-

1991 1770 2210 1816 ventum
2248 1769 2539 1816 vocavcrat
2570 1760 2624 1814 in
2686 1760 3067 1830 superioribus
3104 1760 3340 1832 κάστρα.
3401 1759 3578 1830 l-lnjus

1986 1837 2187 1909 mentis
2213 1852 2392 1910 fuerat
2420 1854 2489 1908 ab
2519 1855 2744 1925 antiquo
2769 1841 2918 1910 circa
2982 1847 3171 1909 roceni
3232 1854 3374 1909 hanc
3403 1852 3573 1909 Justi-

1987 1947 2186 2004 nianus
2211 1947 2347 2004 Nov.
2381 1946 2520 2003 i318:
2556 1947 2667 2024 Καὶ
2694 1949 2911 2024 τοὺςὲν
2941 1949 3063 2011 ταῖς
3089 1933 3387 2018 ἐπαρχ’ίαις
3411 1948 3576 2011 ὄντας

1987 2041 2258 2111 ἄρχοντας
2293 2040 2618 2118 πολιτικούς
2655 2058 2716 2094 τε
2758 2041 2855 2095 καὶ
2885 2041 3323 2111 στρατιωτικοὺς
3364 2041 3420 2096 ὲν
3452 2043 3579 2104 ταῖς

1988 2133 2208 2187 πόλεσιν
2230 2133 2352 2205 ἤτοι
2377 2133 2660 2205 κάπροις.
2691 2129 2889 2205 Ceam]

2062 2223 2122 2280 P.
2155 2225 2246 2280 42.
2278 2223 2572 2297 Catergon,
2618 2225 2768 2297 quod
2801 2235 2885 2282 est
2949 2217 3205 2290 triremis,
3259 2234 3317 2280 ut
3377 2227 3428 2280 in
3460 2215 3580 2297 ipso

1987 2318 2198 2375 Codino
2229 2321 2544 2389 exponitur,
2577 2333 2646 2374 ex
2710 2319 2911 2374 Arabia
2965 2334 2996 2375 a
3051 2318 3220 2375 Junio
3253 2315 3580 2375 advocatur.

1990 2409 2207 2482 Ubique
2264 2411 2528 2468 nimirum
2589 2413 2672 2468 sui
2723 2412 3001 2468 Arabismi
3075 2406 3384 2484 specimina
3448 2411 3581 2468 edit.

1988 2504 2099 2561 Cur
2128 2521 2235 2562 non
2269 2521 2336 2562 ex
2367 2505 2512 2560 κατά
2540 2514 2598 2561 et
2642 2505 2805 2577 ἔργον
2837 2507 3202 2574 compositura
3232 2505 3343 2560 sit?
3456 2577 3458 2579 η

2063 2599 2148 2657 Ib.
2195 2601 2664 2678 Λογγαριαστὴν
2717 2601 2856 2656 aulae
2892 2602 2969 2656 ait
3020 2599 3220 2656 Junius
3254 2594 3377 2655 esse
3431 2597 3586 2655 illum

1991 2693 2085 2764 qui
2111 2693 2282 2752 Gallis
2299 2703 2386 2752 est
2409 2711 2633 2766 magnus
2659 2679 3135 2762 contrarotulatbr,
3155 2707 3183 2747 a
3205 2691 3590 2763 λογαριάζειν,

1994 2781 2144 2859 quod
2178 2799 2260 2846 est
2295 2781 2628 2860 computare.

2064 2881 2152 2938 Ib.
2179 2883 2719 2954 Μεγαλοαλογῖται.
2774 2882 2973 2938 Junius
3025 2884 3420 2954 interpretatur
3477 2899 3592 2937 nta-

1995 2977 2114 3049 gnis
2148 2978 2296 3047 equis
2333 2975 2559 3042 utentes,
2588 2962 2796 3048 magnis
2839 2978 2986 3048 equis
3018 2985 3336 3046 pugnantes.
3383 2975 3591 3032 Gas'rs.

2066 3067 2214 3123 Ibid.
2246 3066 2670 3140 [Cataphractos
2699 3069 2914 3140 equites
2944 3071 3226 3135 existimo,
3247 3059 3338 3139 qui
3363 3085 3596 3124 numero

1996 3169 2052 3217 et
2102 3161 2342 3231 pondere
2395 3176 2679 3217 armorum
2731 3177 2928 3234 graves
2977 3165 3194 3235 magnis
3247 3171 3302 3219 et
3351 3162 3590 3220 fortibus

2004 3253 2166 3324 equis
2211 3268 2350 3324 opus
2383 3253 2672 3321 haberent.
2767 3316 2770 3318 ,

2079 3346 2225 3402 Ibid.
2265 3346 2708 3420 [Τρικάϐαλλοι.
2765 3346 3138 3404 Τι’ἱηιανοὶεὶοε
3194 3351 3404 3422 antiqui
3453 3350 3596 3408 Galli

2005 3438 2295 3516 dixissent,
2324 3439 2416 3507 qui
2446 3440 2624 3496 tribus
2663 3440 2866 3512 singuli
2903 3450 3136 3507 utuntur
3173 3445 3350 3514 equis.
3387 3442 3594 3500 Pausa-

2001 3532 2122 3587 nias
2153 3531 2340 3589 Gallos
2374 3541 2432 3588 ut
2454 3535 2528 3588 ita
2563 3534 2745 3590 dicam
2768 3535 3173 3606 τρικαϐἁλλους
3201 3536 3340 3591 duce
3367 3535 3585 3595 Brenno

2001 3625 2056 3679 in
2093 3625 2317 3682 Graecos
2351 3634 2551 3683 euntes
2598 3628 2918 3700 descripsit,
2950 3629 2991 3685 l.
3037 3642 3110 3684 x:
3150 3627 3349 3696 Fuere,
3389 3630 3596 3700 inquit,

2001 3736 2163 3789 supra
2183 3707 2461 3789 sexaginta
2490 3722 2726 3790 equitum
2749 3721 2919 3776 millia
2939 3723 3168 3792 amplius
3193 3725 3336 3776 mille
3359 3723 3599 3776 ducenti.

2005 3813 2150 3867 Nam
2199 3812 2437 3884 singulos
2496 3813 2692 3883 equites
2744 3813 2850 3867 duo
2879 3812 3074 3882 [amuli
3139 3812 3492 3884 sequebantur
3544 3815 3600 3867 in

2004 3908 2168 3977 equis,
2203 3919 2251 3962 et
2281 3909 2382 3976 ipsi
2429 3908 2752 3977 equestrium
2779 3909 2980 3961 artium
3016 3909 3244 3963 maxime
3277 3910 3457 3978 gnari.
3520 3907 3595 3964 IIi

1932 4054 1937 4061 _
2003 4001 2371 4070 prwliantibus
2405 4000 2634 4054 dominis
2665 4001 2719 4054 in
2747 4009 2987 4054 extrema
3019 4001 3133 4071 acie
3181 4002 3526 4056 consistentes
3549 4003 3601 4056 ei

2004 4104 2158 4146 erant
2179 4094 2322 4158 usui,
2347 4103 2401 4146 ut
2423 4093 2468 4147 si
2489 4093 2624 4162 [arte
2643 4109 2804 4162 equus
2818 4103 2950 4148 esset
2969 4093 3223 4158 amissus,
3243 4096 3426 4148 statim
3445 4110 3602 4148 suum

2004 4185 2395 4250 submitterent,
2425 4185 2471 4239 si
2504 4187 2583 4240 vir
2627 4187 2968 4254 ‘concidisset,
2993 4203 3175 4241 seruus
3202 4187 3256 4241 in
3279 4188 3394 4256 ejus
3423 4187 3600 4241 locum

2006 4282 2303 4335 succederet
2329 4296 2345 4334 :
2383 4281 2571 4351 quodsi
2607 4291 2892 4351 utrumque
2911 4280 3034 4335 belli
3051 4281 3284 4352 impetus
3306 4283 3597 4348 evertisset,

1995 4377 2115 4443 jam
2153 4385 2346 4443 praesto
2386 4384 2500 4429 erat
2535 4376 2746 4442 tertius,
2781 4375 2874 4445 qui
2909 4391 3006 4446 pro
3059 4378 3286 4430 mortuis
3321 4376 3497 4431 locum
3527 4386 3604 4431 te-

320 4455 516 4520 merito
545 4464 980 4547 venerabantur,
1004 4463 1150 4544 sicut
1189 4463 1387 4518 medici
1416 4463 1518 4520 SS.
1549 4464 1806 4546 Cosmum
1863 4472 1918 4518 et
1952 4465 1994 4521 Β
2026 4481 2187 4523 neret.
2217 4468 2393 4539 Atque
2420 4469 2561 4523 hanc
2586 4468 2989 4524 institutionem
3017 4485 3150 4525 voce
3183 4470 3355 4540 patria
3383 4471 3604 4526 trimar-

323 4557 640 4612 Damianum
669 4552 933 4611 medicos.
969 4553 1075 4610 Sed
1114 4571 1377 4626 processu
1429 4557 1689 4626 temporis
1720 4571 1916 4628 super.

321 4651 612 4707 seminavit
647 4649 906 4705 inimicus
940 4650 1104 4704 homo
1170 4650 1404 4705 zizania.
1439 4649 1583 4706 l'esto
1624 4641 1914 4722 propemo-

323 4748 452 4802 dum
497 4747 548 4798 in
608 4729 974 4799 Bacchanalia
1027 4731 1114 4798 vel
1157 4743 1485 4813 Lupercalia
1539 4759 1723 4800 verso.
1781 4743 1914 4809 Qua:

324 4839 609 4909 aliquando
640 4837 836 4906 ﬁebant
870 4838 923 4891 in
959 4834 1059 4891 SS.
1095 4837 1431 4891 notariorum
1453 4837 1586 4906 {esto
1609 4831 1644 4890 α
1689 4839 1916 4891 notariis

325 4951 512 5005 pueros
576 4931 906 5012 docentibus,
965 4946 1087 4984 cum
1149 4931 1367 4984 scenicis
1443 4931 1684 5000 personis
1739 4931 1916 5002 forum

326 5013 658 5092 obeuntibus,
693 5036 814 5080 ante
848 5025 1055 5096 aliquot
1095 5016 1263 5078 annos
1303 5023 1641 5099 exoleverunt
1688 5025 1918 5079 sanctis-

325 5123 447 5176 simi
498 5103 639 5175 illius
692 5119 896 5173 do'mini
929 5115 1092 5172 Lacte
1148 5100 1480 5186 patriarcha:
1543 5119 1775 5172 decreto.
1840 5117 1916 5171 Ita

327 5215 615 5272 Balsamon
645 5213 712 5268 ad
739 5212 810 5267 62
835 5225 1103 5289 canonem
1136 5209 1482 5288 Tru'lanum.
1517 5210 1718 5284 Eadem
1750 5203 1920 5265 ferme

329 5309 574 5364 invenies
626 5316 666 5361 t.
714 5303 784 5360 lll
841 5301 994 5359 Juris
1053 5301 1588 5372 Graeco-Romanip.
1629 5302 1756 5358 225.
1815 5303 1923 5358 Νο-

329 5402 458 5457 tarii
501 5415 630 5469 ergo
657 5411 862 5468 pueros
921 5396 1088 5452 etiam
1143 5395 1435 5450 docebant.
1501 5394 1598 5450 Vix
1662 5396 1795 5452 iich
1854 5401 1920 5452 tle

331 5494 593 5567 palatinis
636 5501 692 5547 et
741 5487 1182 5554 ecclesiasticis;
1216 5503 1388 5559 quare
1440 5488 1506 5544 ad
1572 5489 1714 5544 alios
1769 5499 1922 5544 uota-

330 5591 444 5647 rios
467 5588 704 5644 olIicium
729 5599 931 5657 pueros
964 5583 1194 5640 docendi
1225 5583 1572 5639 referendum
1603 5585 1738 5639 erit.

402 5685 485 5740 Ib.
517 5681 858 5739 Vocabulum
904 5679 1122 5749 κάστρα
1164 5678 1468 5748 generatim
1524 5679 1612 5734 hic
1652 5677 1922 5748 signiﬁcat

330 5779 676 5847 muni‘iones,
716 5776 831 5834 sive
859 5774 1046 5848 oppidi
1080 5772 1197 5832 sive
1231 5772 1444 5832 tossati.
1475 5772 1652 5837 Etiam
1683 5771 1922 5844 κάστρον

2021 4561 2212 4614 cisi'am
2249 4561 2574 4630 nominaut:
2608 4573 2810 4626 equum
2846 4561 2992 4614 enim
3028 4576 3264 4614 marcum
3297 4562 3604 4630 appellant.

2019 4650 2182 4722 272
2220 4652 2410 4710 Livius
2451 4653 2704 4708 eumdem
2755 4651 3116 4708 Numidarum
3174 4668 3380 4708 morem
3429 4653 3599 4710 {uisas

2019 4745 2208 4811 refert,
2252 4746 2288 4803 Ι.
2316 4759 2449 4801 xxm
2475 4761 2489 4800 :
2531 4745 2736 4812 Quibus
2767 4746 3096 4801 desultorum
3122 4746 3177 4800 in
3215 4745 3426 4800 modum
3457 4746 3605 4800 binos

2022 4836 2356 4892 trahentibus
2387 4852 2546 4908 equos
2582 4838 2720 4890 inter
2758 4837 3078 4900 acerrimam
3109 4851 3244 4902 stupe
3267 4852 3502 4906 pugnam
3551 4840 3608 4891 in

2021 4938 2278 4985 recentem
2321 4947 2511 5002 equum
2570 4943 2636 4984 ea:
2698 4927 2837 4997 fesso
2887 4927 3214 4980 transultare
3279 4943 3390 4980 mos
3445 4940 3605 4982 erat:

2024 5034 2174 5080 tanta
2208 5023 2462 5080 velocitas
2522 5023 2676 5092 ipsis,
2726 5030 2834 5074 tam
2883 5019 3056 5073 docile
3107 5035 3366 5087 equorum
3417 5036 3601 5090 genus.

2025 5115 2100 5171 De
2148 5116 2359 5182 Quadis
2413 5127 2467 5170 et
2515 5112 2781 5172 Sarmatis
2832 5111 2974 5168 idem
3020 5121 3204 5167 narrat
3259 5111 3607 5168 Marcellinus

2024 5209 2061 5264 1.
2099 5225 2232 5265 ινη.
3680 5261 3684 5266 .

2095 5301 2157 5354 Ρ.
2187 5301 2277 5355 42.
2313 5297 2719 5371 [Δικαϐἁλλοι.
2753 5296 2904 5364 Quos
2931 5297 3264 5368 ἀμφίππους
3293 5296 3490 5354 Pollux
3517 5299 3604 5354 di-

2024 5406 2191 5460 ceret,
2219 5395 2307 5465 qui
2343 5395 2490 5448 binos
2526 5403 2682 5462 equos
2715 5392 2997 5458 habebant,
3027 5409 3254 5463 quorum
3285 5394 3424 5448 alter
3448 5393 3606 5446 alteri

2027 5487 2438 5557 adjungebatur.
2460 5487 2760 5558 Hesychius
2779 5505 2792 5541 :
2811 5485 3122 5557 Ἀμίππους
3143 5496 3196 5540 et
3216 5485 3447 5554 ἄζυγας.
3479 5484 3608 5538 Sui-

2026 5582 2144 5636 das:
2169 5581 2444 5652 ⁶¹Αμιπποι
2461 5583 2508 5633 οἱ
2533 5581 2629 5634 σὺν
2647 5580 2835 5644 ἵπποις
2854 5581 3302 5651 στρατευόμνεοι,
3327 5579 3423 5632 καὶ
3436 5579 3464 5630 ὁ
3483 5579 3614 5630 ἐπες

2025 5674 2240 5729 λαύνων
2259 5673 2460 5738 αὐτοὺς
2483 5673 2579 5728 τοῦ
2603 5674 2704 5745 μὲν
2727 5675 3008 5744 ἐποχεῖται
3034 5673 3124 5726 τὸν
3166 5672 3224 5725 δὲ
3249 5671 3610 5752 παρέλκεται.

2003 5761 2070 5828 Ἀ
2106 5770 2372 5829 Romanis
2407 5769 2650 5838 antiquis
2670 5769 2724 5826 in
2766 5768 2988 5826 Gracos
3013 5781 3132 5824 mos
3164 5767 3268 5822 istc
3300 5763 3615 5824 desultoriis
