4064 6442
429 290 533 346 303

1530 286 1607 343 ΙΝ
1656 284 1959 344 LIBRUM
2005 283 2101 342 DE
2136 284 2464 344 OFFICIIS
2499 283 2610 343 CP.

3587 279 3698 342 304

429 418 491 453 ιτς
527 402 683 469 equis
721 400 997 470 pugnandi
1050 399 1346 454 derivarat.
1380 397 1447 452 de
1512 400 1710 467 quibus
1761 399 1955 454 Festus
1988 417 1999 452 :
2035 405 2080 460 Α
2109 400 2430 466 ὑπηρεσίαι,
2457 408 2512 451 ut
2541 408 2756 452 constet
2789 399 2986 453 oratio.
3026 397 3244 453 Certum
3280 409 3360 454 est
3384 408 3566 453 autem
3597 397 3706 452 Co-

434 493 662 546 I’aribus
694 495 860 562 equis,
897 493 950 544 id
979 501 1056 545 est
1093 485 1319 554 duobus,
1355 493 1584 546 Romani
1618 492 1901 545 utebantur
1951 493 2005 544 in

427 587 631 656 prndio,
663 594 718 638 ut
743 585 970 638 sudante
1007 585 1176 638 altero
1216 586 1507 639 transirent
1543 586 1596 637 in
1653 587 1873 638 siccum.
1932 583 2007 636 De

434 676 824 730 tnouocahallis
849 686 1030 730 aetum
1052 677 1378 746 jandudutu.
1421 675 1619 746 Genu]

497 768 580 821 Ib.
617 768 690 820 De
725 768 959 820 Arabica
993 768 1206 835 origine
1256 769 1507 822 vocabuli
1570 769 2005 823 Blacliernarum

429 861 790 915 suavissimas
833 876 1005 932 nugas
1065 863 1176 929 agit
1234 859 1451 917 Junius.
1520 860 1740 927 Quanto
1799 862 2008 917 rectius

427 969 619 1012 anetor
657 955 821 1010 libelli
878 955 943 1010 de
985 957 1051 1010 ω
1115 955 1433 1023 regionibus
1470 957 1622 1008 urbis
1654 953 1957 1023 Cpolitanaa
1990 955 2002 1005 ι

429 1051 844 1102 Btuchernarum
885 1048 1181 1118 (subiti-bii)
1249 1063 1435 1100 nomen
1493 1065 1524 1099 a
1576 1047 1807 1116 quodam
1861 1061 1920 1098 eo
1954 1045 2007 1096 in

425 1143 538 1194 lucu
571 1149 817 1210 regnante
845 1141 1071 1193 inditum
1104 1140 1265 1209 fuisse
1317 1155 1380 1191 ea:
1437 1137 1690 1208 Dionysio
1738 1137 2007 1207 Byzantio

428 1233 620 1288 Gillius
682 1242 943 1286 autumat.
1009 1231 1236 1286 Iacebat
1303 1230 1368 1284 ad
1439 1230 1591 1284 littus
1651 1233 1860 1294 maris,
1916 1230 2006 1282 ubi

423 1329 588 1384 etiam
636 1327 744 1381 Leo
803 1326 1032 1394 Magnus
1080 1326 1326 1395 Deiparze
1377 1325 1640 1395 templum
1702 1324 2005 1389 exstruxit,

425 1421 569 1476 aliud
598 1419 666 1474 ab
699 1419 792 1472 illo
829 1416 1150 1484 Pulclierize,
1183 1417 1249 1472 de
1273 1433 1378 1486 quo
1413 1415 1755 1488 Nicephorus
1788 1417 1871 1484 15,
1913 1418 2005 1472 Ή.

496 1513 558 1568 Ρ.
598 1511 687 1566 45.
718 1511 958 1579 Drunga.
1003 1509 1094 1564 Sic
1151 1509 1272 1581 lego
1304 1525 1369 1564 ex
1405 1525 1543 1566 mss.
1579 1509 1877 1564 codicibus.
1911 1507 2008 1565 Ju-

427 1604 552 1659 nius
582 1603 844 1673 druugas,
872 1603 1056 1657 mallet
1094 1611 1274 1657 tamen
1305 1607 1561 1672 drungus.
1594 1601 1793 1657 Gen-rs.

497 1695 578 1750 Ib.
613 1694 1172 1768 [Καστροφύλακες.
1211 1677 1510 1765 Ἀρχοντὲς
1534 1696 1922 1764 στρατιωτικοὶ
1952 1695 2009 1746 ὲν

423 1793 541 1851 ταῖς
587 1790 807 1842 πόλεσιν
841 1790 957 1860 ἦτοι
989 1785 1632 1858 κάστροις.1ιιειίηἱειιυδ
1658 1801 1832 1856 nuper
1866 1786 2004 1840 cita-

425 1894 531 1937 tus.
560 1882 759 1955 Ceam]

493 1973 575 2029 Ib.
631 1974 855 2031 Videtur
913 1976 1200 2047 legendum
1259 1983 1354 2029 aut
1405 1974 1624 2029 πάντων
1667 1981 1762 2028 aut
1824 1973 1999 2027 πᾶσαι

2113 493 2301 546 diuum
2339 492 2522 544 omnia
2550 489 2726 546 oIIicia
2752 500 2806 544 et
2837 491 3161 555 ministeria,
3188 505 3310 559 quae
3333 490 3466 544 olim
3496 491 3549 544 in
3578 490 3704 545 aula

2111 582 2392 652 Cpolitaua
2423 591 2601 648 erant,
2627 597 2735 636 non
2769 583 3152 652 percensuisse
3180 582 3280 653 (a),
3306 583 3401 638 sed
3436 597 3498 637 ea
3534 585 3706 652 potis-

2119 673 2319 726 siuiutn
2357 691 2475 742 quae
2514 688 2614 727 suo
2650 682 2895 741 tempore
2934 673 3191 742 vigebant
3223 692 3236 728 :
3272 690 3396 727 nam
3433 674 3560 727 olim
3593 675 3702 728 alia

2111 773 2275 835 atque
2307 766 2410 819 alia
2443 777 2619 829 erant,
2650 774 2708 820 ut
2735 765 2937 820 Graecae
2972 766 3216 821 historiae
3270 766 3437 822 lectio
3473 782 3573 821 nos
3597 769 3695 822 do-

2113 869 2220 912 cet.
2272 860 2428 927 Apud
2463 858 2884 912 Coustautinum
2952 857 3486 929 Porphyrogenitum
3536 859 3575 913 l.
3631 858 3700 912 de

2115 952 2550 1006 administrando
2583 952 2813 1020 imperio
2847 967 2896 1006 c.
2929 951 2991 1006 5i
3027 960 3224 1020 praeter
3249 949 3626 1019 protocarabos
3645 958 3700 1004 et
3750 943 3755 947 ’

2114 1046 2251 1100 alios
2280 1045 2524 1099 invenies
2547 1046 2639 1098 τὸν
2659 1046 2751 1098 ἐπὶ
2781 1045 2881 1116 τῆς
2905 1043 3106 1114 φιάλης
3127 1059 3223 1099 seu
3247 1044 3338 1098 τὸν
3363 1047 3464 1114 τῆς
3491 1044 3694 1113 φιάλης

2113 1137 2203 1205 qui
2237 1148 2351 1192 erat
2399 1138 2561 1208 jndex
2600 1138 2770 1192 turba:
2831 1138 3067 1192 nautica:
3099 1138 3404 1190 dromorum
3438 1152 3532 1192 seu
3566 1135 3695 1188 dro-

2113 1233 2410 1285 moniorum
2450 1231 2837 1300 imperialium,
2868 1231 3069 1300 jusque
3099 1231 3318 1286 dicebat
3373 1230 3572 1286 sedens
3635 1230 3690 1284 in

2113 1326 2231 1378 loco
2260 1325 2563 1390 dromonis,
2602 1326 2692 1395 qui
2736 1326 2924 1380 Phiala
2955 1324 3283 1394 appellatur.
3329 1322 3475 1378 Idem
3529 1323 3696 1377 Cedi-

2113 1432 2219 1471 nus
2251 1418 2385 1472 nihil
2413 1418 2636 1488 scripsit
2661 1419 2726 1473 de
2758 1418 3082 1472 oliicialibus
3107 1423 3364 1487 Augustae
3398 1431 3494 1471 seu
3523 1416 3698 1484 impe-

2115 1509 2374 1576 ratricis;
2410 1519 2463 1564 et
2492 1520 2698 1576 tamen,
2735 1521 2794 1564 ut
2840 1511 2944 1564 hoc
2977 1525 3092 1564 inve
3147 1507 3590 1577 imperatricibus
3639 1515 3697 1560 et

2114 1603 2320 1673 reginis
2353 1603 2591 1659 suisunt
2622 1603 2903 1668 oﬂieiales,
2939 1605 3013 1657 ita
3041 1611 3096 1658 et
3153 1601 3458 1670 antiquitus
3511 1608 3716 1654 erant..

2114 1694 2252 1750 Ilinc
2279 1695 2421 1766 apud
2477 1695 2639 1750 modo
2692 1695 3034 1749 nominatum
3095 1692 3516 1748 Constantinum
3548 1706 3598 1747 c.
3625 1690 3690 1744 51

2117 1788 2370 1842 invenies
2401 1788 2494 1841 τὸν
2514 1789 2610 1840 ἐπὶ
2641 1787 2741 1856 τῆς
2768 1785 3054 1857 τραπέζης
3092 1785 3195 1854 τῆς
3224 1781 3568 1849 Αὐγούστης,
3597 1779 3695 1849 qui

2110 1877 2272 1932 etiam
2305 1885 2423 1931 erat
2447 1876 2612 1946 judex
2643 1877 2990 1947 Agrariorum
3024 1873 3246 1944 (navigii
3276 1874 3324 1927 id
3350 1869 3567 1944 genus),
3589 1870 3697 1922 Au-

2112 1978 2298 2039 gustae.
2328 1968 2530 2025 GRE’I‘S.

485 2089 556 2153 (τι)
595 2091 775 2142 Gre-ts“
810 2098 963 2151 erant,
1001 2091 1354 2154 percensuisse,
1391 2095 1502 2141 sine
1531 2090 1745 2154 negandi
1789 2090 2028 2152 particula
2059 2103 2068 2134 :
2101 2089 2358 2140 mendose.
2398 2088 2531 2137 Eutr.

429 2217 841 2236 ω--υ-οσ--ο-..νοο-,η--
869 2226 968 2232 ...η-
983 2226 1164 2234 -..ο-.-

1165 2226 1348 2234 σιν-’.σ--σι

2025 2225 2128 2236 ..ο-

2389 2222 2622 2232 m

2131 2224 2388 2234 ...α-...ινφ-

1553 2341 1906 2430 LIBER
2006 2343 2575 2433 TERTIUS.

970 2619 1132 2693 273
1173 2617 1402 2676 caper
1445 2621 1485 2674 ι.

427 2738 832 2795 Observationes
874 2717 919 2789 et
958 2736 1336 2806 explicationes
1394 2734 1445 2787 in
1489 2743 1645 2803 caput
1684 2734 1734 2799 6,
1766 2737 1903 2805 quod
1934 2747 2008 2790 est

1096 2807 1160 2860 de
1197 2807 1368 2874 feriis.
1843 2880 1851 2889 Ι

495 2902 559 2959 Ρ.
598 2899 686 2953 45.
735 2895 1020 2952 Ἐντεῦθεν
1053 2899 1109 2952 αἱ
1146 2898 1354 2966 ἑορταί,
1409 2907 1516 2954 etc.
1568 2899 1625 2952 In
1661 2899 1785 2953 cod.
1830 2897 1998 2952 Boico

421 2993 612 3049 tiiulus
651 2993 815 3062 hujus
844 2991 1039 3061 capitis
1074 2991 1148 3044 ita
1190 2991 1391 3044 habet:
1429 2990 1594 3054 Τάεις
1642 2991 1908 3060 γινομένη
1939 2992 1998 3045 ὲν

2115 2624 2372 2695 Eugeniae
2402 2633 2456 2678 et
2511 2623 2727 2689 Basil'ae,
2789 2622 3041 2694 Philippo
3100 2615 3358 2695 Eugeniae
3391 2629 3553 2697 patri,
3589 2645 3690 2687 nec

2117 2730 2223 2768 non
2251 2713 2478 2768 Nicolao
2516 2714 2874 2784 martyribus,
2909 2729 2971 2769 ex
3008 2715 3206 2784 majori
3234 2728 3386 2786 parte
3421 2720 3692 2790 impendi-

2123 2818 2239 2861 tur:
2313 2807 2691 2862 natalitiorum
2769 2809 3072 2879 προεὸρτια
3150 2818 3364 2866 tantum
3434 2816 3686 2884 quadam

2117 2897 2340 2969 ᾄσματα
2369 2897 2656 2953 admiscet.
2683 2899 2763 2952 Ad
2793 2900 2920 2954 illud
2955 2902 3137 2970 itaque
3163 2917 3271 2957 non
3311 2908 3690 2961 convenitim-

2111 3001 2354 3060 perator,
2399 2993 2543 3060 quod
2576 2991 2698 3062 ejus
2745 2993 3074 3048 solemnitas
3121 2993 3302 3050 minor
3330 2997 3401 3052 sit
3424 3013 3524 3052 nec
3553 2999 3689 3055 adeo

420 3091 539 3150 ταῖς
567 3086 929 3147 Δεσποτικαῑς
948 3086 1191 3155 ἑορταῖς,
1214 3082 1415 3138 Forma
1439 3085 1714 3138 observari
1742 3085 1905 3138 solita
1939 3086 1991 3138 in

2107 3087 2292 3144 iestiva
2319 3107 2332 3143 :
2374 3090 2511 3145 alias
2533 3090 2697 3145 horas
2721 3090 2998 3146 Christum
3031 3091 3144 3160 jam
3171 3102 3356 3148 natum
3383 3105 3688 3165 personan-

421 3181 572 3250 jcstis
621 3177 826 3232 Christi
867 3176 1097 3229 Domini.
1169 3175 1303 3229 Nam
1353 3190 1449 3244 per
1503 3178 1844 3238 Δεσποτικὰς
1877 3177 1999 3245 ἐορ-

427 3273 528 3332 ei;
585 3271 895 3339 intelligunt
955 3264 1126 3321 Graeci
1191 3281 1297 3319 non
1362 3265 1478 3319 dies
1524 3265 1864 3330 Domiulcos,
1903 3265 1998 3320 sed

425 3368 560 3416 testa
612 3361 832 3415 Christ-0
882 3359 1114 3413 Domino
1173 3359 1393 3428 proprie
1447 3357 1646 3425 dicata,
1702 3373 1824 3428 qua:
1875 3368 2002 3414 sunt

427 3459 561 3509 ista:
624 3453 1018 3506 Chanetismus
1053 3451 1169 3505 sive
1219 3449 1584 3503 Aunuutiatio
1623 3449 1687 3502 Β.
1739 3449 1995 3519 Virginis,

425 3545 691 3600 Nativitas
749 3544 994 3608 Christi,
1040 3543 1358 3612 Ilypapante
1403 3541 1516 3596 sive
1567 3542 1885 3597 Purilicatio
1937 3542 1996 3595 Β.

431 3637 687 3706 Virginis,
731 3635 1034 3706 Epiphania
1079 3649 1173 3689 seu
1212 3632 1489 3704 Baptisma
1516 3634 1741 3701 Christi,
1782 3635 2000 3704 quando

426 3754 452 3786 ;ι
496 3730 712 3786 Joanne
740 3732 792 3782 iu
823 3727 1064 3782 Iordane
1091 3728 1398 3796 baptizatus
1433 3736 1538 3791 est,
1570 3727 1998 3799 Transtigurati-o

423 3821 670 3887 Domini,
694 3821 1064 3874 Resuseitatio
1087 3819 1301 3884 Lazari,
1331 3819 1463 3872 festa
1483 3819 1816 3887 Palmarum,
1844 3822 1998 3891 Ligni

425 3929 523 3969 seu
569 3915 627 3968 S.
689 3912 907 3976 Crucis,
943 3909 1416 3973 Resurrectionis,
1452 3909 1822 3974 Ascensionis,
1859 3912 1998 3965 Mis-

427 4009 601 4062 sionis
631 4006 689 4062 S.
733 4006 992 4076 Spiritus,
1039 4004 1446 4073 Assumptiouis
1495 4002 1552 4056 D.
1604 4002 1862 4074 Virginis.
1897 4004 1996 4059 Ubi

421 4115 515 4165 per
542 4099 741 4154 festum
801 4094 951 4166 Ligni
987 4111 1082 4150 seu
1119 4095 1180 4150 δ.
1219 4091 1406 4147 Cruci:
1458 4106 1565 4145 non
1601 4100 1812 4146 tantum
1844 4093 1998 4146 intel-

421 4194 608 4263 ligitur
686 4191 994 4244 I’arasceve
1064 4187 1155 4240 illa
1224 4201 1329 4255 qua
1389 4185 1642 4240 Christus
1714 4186 1766 4239 in
1823 4183 1996 4239 Cruce

419 4288 723 4338 exsdnctus
747 4290 852 4347 est,
873 4281 1051 4335 sedet
1081 4277 1276 4332 festum
1301 4277 1662 4331 Exaltatiouis
1684 4275 1740 4331 S.
1761 4277 1990 4331 Crucis:

421 4396 544 4431 nam
574 4387 628 4430 et
672 4377 775 4429 hoc
839 4381 1134 4426 numerant
1183 4369 1356 4426 Graeci
1393 4382 1447 4424 et
1475 4371 1593 4439 ipse
1633 4370 1873 4424 Codinus
1898 4383 1996 4422 no—

421 4481 536 4524 ster
561 4475 611 4521 in
649 4465 954 4536 Despoticis
979 4464 1150 4517 l'eriis.

493 4563 631 4616 Ibid.
687 4562 886 4615 Ibidem
937 4558 1224 4628 legendum
1259 4556 1477 4611 videtur
1502 4552 1993 4625 Χριστουγεννῶν.

423 4659 644 4725 Legitur
675 4657 837 4707 etiam
869 4653 1184 4721 disjunctiut
1228 4650 1470 4719 Χριστοῦ
1504 4651 1694 4718 γέννα.

496 4750 636 4804 Ibid.
668 4747 966 4817 ηιραμονή
1000 4745 1086 4799 hic
1118 4752 1200 4799 est
1228 4742 1431 4811 vigilia,
1471 4743 1538 4796 ad
1577 4743 1802 4796 verbum
1835 4742 1992 4809 quasi

419 4843 739 4913 exspectatio
810 4840 948 4908 festi.
992 4838 1177 4906 Inepte
1235 4834 1433 4889 Junius
1484 4835 1734 4890 stativum
1791 4839 1985 4907 feriam

419 4939 604 4999 vertit,
649 4936 812 5004 idque
837 4948 944 4986 non
979 4939 1188 4983 tantum
1251 4941 1395 4993 meo,
1428 4928 1522 4981 sed
1564 4939 1616 4983 et
1657 4928 1880 4985 Meursii
1907 4932 1993 4999 ju-

370 5084 375 5088 ,
422 5031 582 5087 dicit»
617 5029 801 5094 Inepte
827 5025 1025 5079 ibidem
1059 5023 1140 5084 εἰς
1163 5020 1258 5072 τὸν
1287 5019 1487 5089 ὄρθρον
1512 5022 1676 5076 vertit
1709 5023 1992 5078 adverbia-

367 5097 385 5139 ’ἓ
422 5121 543 5174 liter
569 5117 864 5171 matutino:
892 5116 1001 5170 imo
1031 5115 1101 5168 ad
1127 5113 1474 5180 matutinum,
1509 5114 1577 5167 ad
1603 5114 1786 5169 laudes
1822 5124 1998 5169 matu-

422 5214 581 5265 tinas.
613 5210 815 5264 Gens.

494 5305 638 5358 Ibid.
666 5301 877 5374 [Basilii
905 5302 1088 5358 missae
1117 5303 1312 5359 titulus
1338 5304 1388 5356 iu
1417 5302 1790 5371 Euchelogio:
1821 5301 1908 5353 'Ev
1933 5303 1995 5370 τῇ

423 5399 719 5468 παραμονῇ
783 5395 884 5460 τῆς
907 5394 999 5447 τοῦ
1059 5395 1307 5466 Χριστοῦ
1345 5396 1501 5465 ἡμῶν
1533 5400 1857 5462 γεννήσεως.
1885 5392 1996 5448 Me-

420 5506 638 5548 tiaeum:
677 5491 737 5543 Ei
785 5491 926 5562 τύχῃ
966 5491 996 5557 ἡ
1045 5489 1336 5558 παραμονὴ
1395 5491 1493 5557 τῆς
1548 5488 1784 5558 Χριστοῦ
1845 5487 2000 5557 ἡμῶν

419 5587 732 5657 γεννήσεως
772 5587 829 5636 ὲν
873 5583 1191 5651 Σαϐϐάτῳῆ
1226 5583 1501 5650 κυριακῇ.

490 5679 632 5731 Ibid.
659 5677 785 5748 [Εἰς
818 5677 923 5729 τὸν
957 5677 1172 5744 ὄρθρον
1196 5677 1280 5742 μὴ
1314 5674 1690 5739 ἐξελθόντος.
1721 5672 1996 5744 Pervigilii
2047 5741 2054 5746 _

427 5774 795 5831 natalitiorum
826 5771 1029 5832 Christi
1062 5769 1298 5828 alliciqu
1326 5771 1658 5827 matutinum
1706 5770 1998 5827 laudandis

2107 3190 2187 3233 tes
2226 3194 2288 3234 ac
2322 3179 2662 3236 celebrantes
2705 3181 2883 3236 audit.
2920 3182 3106 3251 Ipsum
3143 3184 3407 3240 ltlenreum
3447 3189 3690 3243 minori-

2105 3273 2208 3328 bus
2277 3273 2426 3327 horis
2479 3273 2710 3345 przetigit
2761 3275 3012 3354 titulum;
3095 3278 3265 3348 Ἀρχὴ
3298 3279 3395 3350 τῆς
3446 3281 3679 3334 ἀκολου-

2105 3364 2224 3428 θίας
2245 3365 2353 3418 τῶν
2384 3365 2542 3436 ὡρῶν
2577 3367 2678 3437 τῆς
2710 3367 2853 3421 κατὰ
2885 3368 3067 3437 σάρκα
3094 3373 3400 3440 γεννήσεως
3431 3371 3524 3424 τοῦ
3556 3374 3677 3426 Ku-

2109 3458 2247 3528 ρίου.

2168 3550 2228 3605 P.
2249 3549 2337 3604 44.
2363 3549 2546 3622 [Μετὰ
2567 3551 2682 3620 τὴν
2702 3551 3030 3606 ἀπόλυσιν.
3055 3549 3294 3622 Supplex
3320 3555 3680 3611 ecclesiastici

2103 3641 2267 3697 ofﬁcii
2300 3643 2582 3698 conclusio
2604 3652 2688 3698 est
2712 3642 2997 3706 ἀπόλυσις.
3041 3642 3266 3698 Scatent
3311 3646 3676 3717 undequaque

2103 3732 2368 3801 exemplis
2397 3731 2757 3787 ecclesiastici
2793 3731 2940 3786 libri.
2975 3733 3273 3790 luscienter
3304 3735 3468 3808 2⁸14
3489 3737 3677 3806 itaque

2105 3825 2372 3879 Meursius
2421 3825 2688 3878 ἀπόλυσιν
2720 3823 2978 3878 ultimum
3011 3825 3154 3880 diem
3217 3827 3484 3896 cujusque
3526 3827 3674 3897 testi,

2103 3917 2250 3986 quod
2277 3924 2406 3970 tunc
2430 3915 2587 3985 quasi
2612 3915 2941 3981 solveretur,
2994 3917 3268 3986 exposuit.
3294 3920 3455 3974 Solus
3483 3921 3571 3975 hic
3594 3921 3676 3974 Io-

2102 4026 2222 4076 cus,
2252 4025 2361 4080 quo
2413 4024 2513 4065 nec
2540 4008 2813 4064 festivitas
2837 4008 2996 4079 plene
3026 4011 3192 4080 erepit
3221 4026 3321 4067 nec
3350 4012 3456 4067 alia
3482 4013 3670 4077 desiit,

2105 4099 2494 4158 hallucinatum
2533 4102 2796 4157 declarat.
2823 4101 3028 4174 Cum]

2173 4197 2234 4251 P.
2272 4197 2362 4250 Μ.
2393 4195 2589 4251 Inscite
2639 4193 2836 4252 Junius
2867 4196 3276 4250 εἰκονοστὰσιον
3325 4202 3486 4254 vertit
3522 4199 3672 4253 delu-

2102 4291 2273 4345 brum.
2308 4289 2789 4352 Dclubrum-uerti,
2849 4290 3049 4358 inquit,
3077 4292 3231 4359 quasi
3273 4292 3357 4344 dei
3387 4303 3477 4345 aut
3521 4296 3675 4346 diro-

2102 4398 2218 4434 rum
2243 4382 2472 4434 labrum.
2508 4381 2820 4449 Praeclare“
2859 4380 3227 4435 Iconostasion
3260 4385 3464 4437 dicitur
3511 4401 3678 4440 omne

2029 4477 2076 4532 Ι)
2108 4474 2236 4528 illud
2269 4475 2320 4528 in
2355 4489 2468 4544 quo
2508 4474 2587 4528 vel
2615 4481 2760 4526 stant
2801 4475 2879 4528 vel
2934 4490 3000 4527 ex
3056 4491 3164 4544 quo
3219 4479 3452 4545 pculent
3506 4494 3678 4533 sacra:

2099 4570 2384 4639 imagines,
2416 4578 2473 4621 ut
2498 4584 2560 4621 ex
2601 4567 2707 4622 isto
2734 4568 3044 4637 pendebant
3077 4571 3342 4640 imagines
3375 4573 3679 4627 nativitatis

2098 4663 2300 4717 Christi
2343 4662 2570 4728 aliaeque
2602 4671 2711 4715 tres
2755 4671 2846 4714 aut
2879 4671 3132 4731 quatuor.
3168 4663 3424 4718 Germani
3478 4677 3678 4720 vocant

2099 4755 2180 4805 ein
2217 4753 2382 4806 bi!der
2420 4752 2650 4822 gestelle.
2678 4752 2883 4808 Gners.

2173 4843 2312 4898 Ibid.
2333 4844 2544 4916 [Sacris
2570 4845 2906 4914 imaginibus
2922 4846 3310 4917 circumposita
3331 4865 3676 4916 ornamenta,

2101 4940 2304 5008 quibus
2335 4940 2438 4993 illze
2468 4951 2596 4995 sunt
2654 4939 2850 5003 aliive,
2895 4951 2978 4994 est
3013 4941 3434 4997 εἰκονοστάσιον.
3471 4944 3676 4999 Tereu-

2102 5033 2190 5082 tici
2217 5032 2384 5097 operis
2419 5030 2740 5098 quadratum
2769 5029 2980 5084 tabella:
3005 5033 3295 5101 marginem
3326 5034 3415 5088 alii
3457 5046 3674 5091 vocant.

2104 5120 2307 5191 CMB.)

2173 5215 2312 5268 Ibid.
2374 5214 2746 5282 Ἀναλότιον.
2801 5212 3077 5270 Scribitur
3115 5216 3279 5270 etiam
3325 5217 3670 5285 ἀναλογεῖον.

2104 5307 2347 5360 Suidas:
2421 5307 2784 5373 Ἂναλογεῖον,
2846 5307 2900 5360 ὲν
2972 5299 3282 5374 ᾧτὶθενται
3350 5310 3416 5361 τὰ
3468 5310 3672 5378 βιϐλία.

2107 5398 2386 5467 Usurpant
2446 5414 2664 5467 quoque
2693 5398 2892 5453 Latini.
2924 5397 3118 5453 Isidori
3145 5399 3393 5455 Glossae:
3433 5401 3679 5458 Lectrum

2104 5491 2619 5559 analogittm,-super
2642 5508 2743 5560 quo
2777 5491 2985 5561 legitur.
3024 5491 3379 5553 Walafridus,
3418 5493 3490 5550 De
3517 5497 3680 5553 rebus

2103 5585 2417 5639 ccclesiast.
2443 5598 2492 5636 c.
2525 5584 2590 5637 6:
2623 5585 2966 5654 Auatogium,
3000 5588 3140 5652 quod
3169 5584 3222 5637 in
3250 5601 3310 5638 eo
3336 5586 3546 5639 verbum
3585 5587 3683 5643 Dei
3719 5651 3722 5653 γ

2105 5677 2298 5746 legitur
2331 5685 2379 5728 et
2423 5680 2797 5728 annuntiatur.
2827 5676 2916 5728 i-Zst
2939 5675 3184 5745 ejusdem
3219 5679 3425 5733 mentio
3459 5681 3511 5732 in
3543 5669 3682 5732 Tur-

2105 5771 2311 5837 cogt‘.l.
2351 5785 2406 5834 ll,
2439 5784 2486 5838 ρ.
2526 5767 2876 5823 IGS.Gnt-:rs.
