4064 6438
364 467 464 534 305

1449 469 1841 530 GRETSEIH
1883 473 1975 530 ET
2021 472 2255 531 (illim
2300 472 2540 531 ΝΟῚἻΕ.

3509 470 3620 534 306

437 587 580 642 Ibid.
607 584 711 659 [De
728 586 980 659 analogio
1000 586 1112 642 sive
1128 585 1336 658 pulpito
1362 587 1572 658 egimus
1598 601 1695 642 nos
1717 602 1935 656 quoque
1969 592 2010 647 Α
2039 587 2424 657 διϐἀμπουλον,
2459 589 2509 642 id
2547 587 2799 642 nimirum
2846 588 2932 642 cui
2978 587 3187 658 lampas
3242 587 3625 657 imponebatur

368 678 433 736 ad
465 678 854 750 Eucbologica.

437 770 580 826 Ibid.
645 770 831 843 [Μετὰ
881 771 1001 826 τῶν
1036 772 1351 838 ἱερατικῶν
1389 772 1653 826 στολῶν.
1685 771 1798 828 Hoc
1856 782 1940 828 est

366 877 487 920 cum
513 863 839 917 sacerdota-li
872 864 1011 918 dicta
1033 866 1174 919 stola
1203 875 1255 918 et
1286 868 1493 930 casula,
1523 862 1663 935 μετᾶ
1693 867 1787 920 τοῦ
1817 869 1938 943 sn:-

365 954 656 1023 τραχηλίου
705 956 799 1007 καὶ
833 947 1116 1024 estw/Emi.
1152 954 1470 1012 Philotheus
1493 961 1545 1013 in
1576 960 1768 1016 ordine
1795 961 1937 1016 sacri

365 1045 653 1101 ministerii
682 1045 736 1098 in
769 1046 1086 1118 Euchologii
1131 1049 1338 1104 limine.

441 1135 584 1190 Ibid.
645 1135 784 1208 [Τοῦ
846 1139 1173 1206 τρικλίνου.
1228 1139 1454 1208 Majort's
1519 1144 1657 1197 aula:
1723 1146 1933 1211 palatii.

367 1231 827 1298 Χρυτετρῖκλινον
880 1230 1039 1284 habet
1075 1215 1320 1287 Zonaras
1351 1233 1402 1285 in
1427 1231 1676 1291 Justino:
1709 1236 1812 1288 Τὸν
1843 1235 1936 1290 τοῦ

371 1319 630 1370 παλαιτίου
663 1319 1107 1389 χρυσοτρίκλινον
1151 1323 1478 1391 ὲδομήσατο.
1512 1325 1618 1378 Leo
1653 1326 1940 1380 Gramma-

372 1409 546 1463 ticus:
603 1411 700 1461 Atii
730 1411 829 1478 τῆς
851 1411 1074 1481 δυτικῆς
1107 1413 1201 1466 τοῦ
1241 1416 1692 1484 χρυσοτρικλίνου
1745 1419 1924 1470 εἰσελ-

369 1503 500 1556 Οών.
530 1501 807 1556 Celebrent
840 1518 1007 1570 porro
1054 1505 1196 1561 diem
1224 1507 1367 1561 hunc
1403 1516 1455 1560 ct
1492 1509 1806 1576 Epiphania
1843 1525 1938 1565 c0.

367 1595 548 1650 iubant
599 1593 981 1662 imperatores,
1012 1609 1073 1647 ac
1098 1595 1150 1647 in
1191 1596 1257 1650 iis
1301 1611 1421 1651 sese
1467 1600 1718 1653 vestibus
1771 1602 1934 1670 regiis

369 1687 673 1752 ornabant;
732 1687 874 1742 unde
909 1696 1130 1742 notatur
1178 1687 1522 1748 Justittianus
1595 1693 1938 1764 λυπούμενος

367 1780 450 1842 εἰς
500 1780 564 1831 τὰ
621 1779 869 1846 γενέθλια
917 1780 1011 1834 καὶ
1072 1780 1336 1850 Θεοφάνη
1391 1785 1559 1856 χωρὶς
1622 1787 1940 1858 στέμματος

371 1872 529 1941 προε)
544 1871 666 1925 Θών.

440 1959 580 2016 Ibid.
615 1961 1168 2036 [Ἑπιρῤιπταρίων.
1203 1966 1409 2038 Capitis
1433 1972 1656 2040 tegimen
1676 1981 1760 2027 est
1786 1973 1937 2043 ὲπιῤ-
1975 1946 2014 2003 θ

373 2052 685 2124 ριπτάριον,
720 2056 874 2110 vestis
912 2073 1074 2125 genus
1108 2076 1136 2112 a
1172 2059 1412 2117 Meursio
1439 2064 1695 2132 genericc
1719 2066 1937 2133 exposi-

370 2157 506 2200 tum.
563 2147 776 2203 Evincit
804 2149 1143 2219 Curopalatte
1169 2155 1222 2208 in
1256 2154 1620 2214 Constantino
1643 2157 1840 2214 Leonis
1872 2159 1935 2214 F.

377 2238 704 2294 auctoritas:
753 2241 860 2294 Τοῦ
900 2243 1127 2312 Συμεὼν
1193 2246 1594 2312 ὑποκλεναντος
1623 2249 1701 2318 τῷ
1733 2267 1936 2319 πατρι-

372 2331 511 2404 άρχῃ
526 2334 622 2402 τὴν
649 2335 893 2404 κεφαλὴν
928 2336 1022 2389 καὶ
1053 2336 1216 2408 εὐχὴν
1248 2337 1554 2409 δεξαμένου
1581 2341 1714 2409 παρ’
1745 2341 1934 2408 αὑτοῦ,

369 2422 718 2488 ἐπιτιθέντος,
771 2424 846 2488 ὥς
880 2444 1034 2494 φασι,
1083 2432 1146 2498 τῇ
1201 2429 1485 2502 βαρϐάρου
1539 2435 1755 2503 κεφαλῇ
1816 2435 1939 2487 ἀντὶ

370 2514 630 2583 στεφάνου
669 2515 730 2568 τὸ
755 2514 885 2571 [διον
915 2519 1368 2591 ἐπιρριπτάριον.
1398 2522 1507 2578 Leo
1526 2520 1938 2580 Grammaticus

369 2619 482 2660 rem
521 2607 760 2662 eamdem
797 2624 1054 2676 narrans,
1087 2611 1267 2685 Εὐχὴν
1301 2612 1418 2682 οὖν,
1451 2615 1649 2685 inquit,
1681 2618 1707 2670 ὁ
1742 2633 1939 2687 πατρι-

367 2697 543 2768 ᾀρχης
576 2699 824 2770 ποιήσας.
851 2702 971 2756 ἀντὶ
1004 2706 1317 2776 στέμματος
1355 2707 1414 2759 τὸ
1438 2707 1637 2762 ἑαυτοῦ
1683 2709 1940 2779 ἐπιρριπ-

367 2791 553 2864 τάριον
582 2797 646 2866 τῇ
676 2796 839 2848 αὑτοῦ
867 2795 1106 2866 ἐπέθηκε
1148 2798 1379 2869 κεφαλῇ.
1421 2797 1614 2854 Merito
1651 2800 1937 2869 equidem:

367 2888 538 2944 Vestis
569 2889 709 2943 enim
742 2903 911 2958 genus
947 2903 1052 2942 non
1092 2887 1470 2956 imposuisset,
1509 2905 1606 2944 nec
1639 2889 1739 2944 nisi
1789 2900 1939 2958 trgu-

371 2979 538 3034 tnenti
568 2981 761 3049 capitis
812 2981 961 3047 vice,
1028 2985 1196 3036 idest
1257 2982 1617 3043 diadematis,
1660 2983 1940 3051 proprium

369 3076 573 3147 pileum
603 3075 979 3130 substituissct
1031 3076 1369 3144 patriarcha.
1401 3077 1551 3131 Adde
1581 3078 1843 3140 lectores,
1868 3077 1935 3132 de

370 3167 570 3236 quibus
592 3182 796 3231 sermo,
824 3167 1015 3222 adesse
1038 3168 1354 3236 imperatori
1383 3170 1521 3236 μετὰ
1567 3168 1675 3220 τῶν
1703 3167 1937 3237 ἱματίων

2045 690 2099 734 et
2127 695 2236 750 quo
2259 681 2554 736 ferebatur.
2581 680 2636 735 ld
2665 690 2780 736 erat
2811 695 3011 735 aureus
3038 689 3259 747 contus,
3293 689 3353 734 ut
3382 678 3625 736 Codinus

2045 771 2203 825 docet
2234 788 2249 824 :
2277 773 2328 824 in
2365 771 2528 841 hujus
2563 771 2708 826 enim
2744 772 2947 826 vertice
3011 773 3221 840 lampas
3282 771 3540 827 insistens
3591 787 3624 826 a

2043 863 2379 932 lampadario
2410 864 2745 933 portabatur.
2782 862 2902 919 llaec
2930 863 3198 920 sententia
3225 863 3358 917 mihi
3412 862 3538 916 olim
3568 863 3626 916 in

2045 955 2245 1010 Facula
2275 970 2379 1010 non
2409 955 2728 1024 displicebat
2761 972 2775 1009 :
2801 971 2947 1010 nunc
2980 957 3083 1010 alia
3112 965 3292 1011 mente
3321 971 3467 1018 sum,
3499 955 3626 1023 quia

2044 1064 2142 1101 cur
2173 1058 2379 1128 agitus,
2409 1050 2772 1126 qui‘acccnscc
2797 1047 3066 1116 lampadis
3092 1048 3346 1102 fulcrum.
3401 1055 3628 1126 voci-tur

2045 1138 2432 1206 ὃιόἀμπουλον,
2461 1147 2729 1208 exputare
2771 1154 2981 1192 mecum
3027 1155 3255 1207 nequeo,
3277 1138 3492 1192 etiamsi
3519 1153 3622 1189 non

2040 1232 2408 1300 διϐάμπουλον
2432 1234 2526 1285 sed
2552 1230 2920 1299 διϐἐιμμουλον
2943 1233 3268 1285 scribamus.
3303 1232 3451 1282 Adde
3477 1231 3623 1298 quod

2044 1323 2288 1379 manuale
2319 1335 2372 1378 et
2395 1323 2808 1392 κηρομανουάλε
2836 1322 3000 1376 nimis
3020 1322 3223 1376 distant
3243 1338 3270 1374 τι
3289 1321 3616 1383 dibampulo.

2115 1415 2294 1469 'I‘crtia
2343 1415 2613 1470 sententia
2644 1423 2819 1467 exstat
2852 1413 2902 1466 in
2934 1413 3120 1466 eadem
3179 1411 3627 1468 Turco-Grtecia.

2042 1501 2412 1571 διϐάμτεουλον
2465 1517 2586 1558 esse
2641 1501 2950 1567 turibulum,
3009 1516 3172 1572 quam
3227 1501 3627 1569 expositionem

2043 1593 2250 1660 accepit
2281 1592 2510 1647 Crusius
2540 1607 2568 1645 a
2603 1593 2808 1648 Graecis
2841 1594 3034 1647 insula:
3063 1591 3393 1656 Santorinae,
3425 1590 3625 1660 quibus

2044 1683 2225 1740 favere
2243 1685 2456 1740 videtur
2489 1693 2600 1740 tum
2626 1686 2737 1754 ipsa
2753 1685 2922 1750 natio,
2956 1686 3081 1754 quia
3100 1683 3277 1739 Graeci
3306 1693 3454 1749 sunt,
3491 1698 3629 1750 quos

2049 1777 2232 1846 utique
2265 1778 2461 1834 melius
2495 1792 2660 1833 nosse
2690 1779 2793 1832 ista
2823 1778 3107 1847 Oportebat
3149 1792 3316 1845 quam
3381 1786 3625 1840 exteros,

2044 1879 2158 1929 tum
2193 1871 2318 1940 quia
2346 1886 2450 1924 non
2481 1871 2550 1923 sit
2578 1871 2874 1925 verisimile
2899 1869 3190 1924 turibulum
3226 1871 3277 1924 in
3307 1870 3393 1924 his
3437 1870 3632 1923 aulicis

2044 1965 2405 2018 conventibus
2436 1962 2675 2018 adfuisse
2711 1981 2724 2027 ;
2757 1970 2811 2015 et
2851 1963 2990 2017 forte
3045 1960 3398 2016 scribendum
3456 1961 3631 2029 Ouip-

2043 2055 2256 2122 τυουλον,
2296 2057 2457 2112 aerio)
2487 2056 2722 2121 immoto,
2756 2056 2897 2110 unde
2923 2056 3112 2110 ett/tus
3142 2054 3626 2124 originemduccre

2042 2147 2276 2203 videtur.

2110 2234 2309 2299 Quarta
2334 2237 2598 2291 sententia
2630 2237 2844 2290 videtur
2872 2250 2992 2290 esse
3017 2235 3237 2290 Meursii
3261 2250 3309 2288 v.
3337 2233 3630 2301 Μονοὸεέμ-

2040 2323 2227 2377 ϐουλον
2253 2366 2268 2392 ,
2295 2325 2389 2394 qui
2423 2325 2838 2395 μονοϐἅμπυλον
2876 2332 2931 2378 et
2964 2322 3304 2394 διὸάμπυλον
3325 2324 3391 2376 ab
3413 2321 3626 2375 ambulo

2041 2415 2290 2480 arcessit,
2319 2422 2378 2470 ut
2405 2415 2474 2469 sit
2504 2415 2631 2469 illud
2661 2415 2816 2484 quasi
2850 2414 3081 2483 simplex
3112 2422 3166 2468 et
3228 2413 3478 2473 unicum,
3525 2413 3628 2465 hoc

2041 2508 2242 2577 duplex
2272 2507 2676 2574 ambulacrum,
2711 2523 2808 2562 seu
2839 2517 2897 2562 ut
2927 2507 3040 2577 ipse
3085 2499 3348 2576 loquitur,
3391 2505 3617 2573 simplex

2039 2601 2281 2656 conclave
2308 2601 2500 2671 palatii
2527 2601 2796 2666 secretius,
2821 2601 2988 2670 inquo
3009 2599 3430 2670 congregabatur
3458 2598 3626 2652 clerus

2040 2693 2404 2762 patriarcham
2429 2710 2615 2748 novum
2635 2693 2917 2746 electurus.
2947 2691 3181 2748 Codinus
3201 2692 3314 2769 ejus
3334 2691 3573 2744 meminit
3610 2706 3624 2743 :

2053 2786 2114 2838 '0
2147 2785 2393 2852 δεύτερος
2424 2786 2696 2856 ὀστιάριος
2720 2783 2939 2856 κρατῶν
2961 2783 3023 2838 τὸ
3054 2783 3486 2854 μονοϐἀμϐυλον.
3519 2784 3628 2834 An-

2045 2889 2093 2932 te
2116 2880 2212 2930 hoc
2233 2889 2345 2931 erat
2375 2879 2543 2934 aliud.
2565 2880 2618 2929 in
2641 2876 2779 2945 quod
2804 2876 3104 2940 promiscue
3124 2874 3498 2928 conveniebant
3524 2891 3634 2926 om-

2044 2987 2132 3024 nes
2156 2973 2244 3040 qui
2272 2977 2514 3036 cuperent
2544 2969 2727 3020 statim
2757 2967 2892 3020 scire
2913 2983 3065 3036 quem
3086 2965 3634 3034 cleruspatriarcltam

2043 3070 2270 3116 creasset
2295 3078 2311 3115 :
2335 3070 2380 3114 et
2409 3061 2543 3113 illud
2561 3055 2887 3125 διϐἀμσυλον
2924 3055 3217 3110 dicebatur.
3254 3054 3465 3107 Invenio
3522 3054 3635 3120 ejus

2047 3156 2359 3210 mentionem
2387 3154 2527 3222 apud
2551 3151 2870 3214 Phranzent,
2906 3165 2989 3212 ttt,
3038 3147 3124 3202 19.
3178 3145 3477 3200 Secundum
3527 3146 3637 3199 haec

373 3258 469 3312 καὶ
501 3258 941 3330 ὲπιῤῥιπταρζων
969 3278 981 3314 :
1011 3261 1374 3314 canonarclur
1395 3275 1530 3316 vero
1564 3276 1797 3316 numero
1822 3274 1935 3326 seq.
1970 3281 2013 3340 α
2047 3249 2352 3320 patriarcha
2387 3261 2502 3299 cum
2531 3243 2864 3310 lampadibus
2888 3244 2955 3296 ad
2978 3238 3285 3294 dibambula
3317 3239 3422 3292 sive
3439 3239 3638 3290 atrium

375 3352 515 3420 μετὰ
536 3353 771 3422 ἱματίων
791 3354 969 3424 μόνων
993 3356 1085 3406 καὶ
1110 3357 1405 3419 ἀσκεπείςε
1433 3356 1641 3426 absque
1658 3357 1942 3424 epirripta-

375 3443 473 3494 riis
532 3442 714 3510 igitur,
746 3442 897 3497 idest
925 3442 1094 3510 pileis.

445 3533 587 3602 Ibid.
661 3534 942 3603 Καμίσια.
996 3534 1233 3608 Syrueon
1294 3533 1810 3608 Thessalonicensis
1880 3539 1945 3592 de

377 3627 776 3682 Sacralnenlis:
823 3626 881 3681 '0
929 3628 1284 3696 ἀναγνώστης
1338 3605 1601 3698 κέκτηται
1653 3629 1856 3698 ἔνδυμα
1884 3629 1946 3684 τὸ

377 3718 710 3786 καλούμενον
779 3718 1060 3787 καμίσιον,
1120 3718 1258 3788 ὅπερ
1291 3719 1433 3772 κατὰ
1456 3717 1625 3772 τύπον
1675 3719 1944 3788 φελωνίου

376 3813 494 3864 ἐστὶ
531 3810 724 3880 μικροῦ
760 3811 1100 3882 ἢστιχαρίου
1138 3812 1200 3865 ἐκ
1233 3811 1404 3878 λίνου,
1440 3812 1541 3882 τὴν
1572 3813 1830 3885 ἀπαρχὴν
1847 3813 1946 3884 τῆς

379 3902 674 3973 ἰερωσὺνης
709 3902 924 3972 δηλοῦν,
956 3903 1035 3956 διὸ
1067 3904 1393 3974 καὶμικρόν
1427 3906 1564 3970 ἐστι,
1595 3906 1690 3961 καὶ
1720 3907 1820 3976 τὴν
1839 3906 1947 3961 ἀπὸ

377 3997 509 4050 Θεοῦ
531 3999 738 4066 σκέπην
764 3998 1040 4066 σημαίνει,
1065 3998 1096 4068 ἦ
1119 3997 1431 4068 πορφυροῦν
1449 3997 1536 4052 διὰ
1555 3999 1615 4052 τὸ
1634 4001 1948 4070 πορφυροῦν

378 4091 466 4142 τοῦ
497 4089 735 4158 Χριστοῦ
767 4091 1006 4158 ἱμάτιον,
1041 4091 1130 4142 καὶ
1162 4090 1356 4144 λευκὸν
1383 4090 1470 4144 διὰ
1501 4089 1560 4142 τὸ
1574 4090 1814 4160 καθαρὸν
1845 4091 1948 4161 τῆς

382 4182 673 4250 ἱερωσύνης
706 4184 796 4235 καὶ
836 4182 925 4236 τὸν
979 4183 1084 4234 ἀπο
1119 4180 1256 4234 Θεοῦ
1305 4182 1604 4252 φωτισμόν.
1662 4181 1946 4238 Ccdrenus

378 4285 429 4327 et
461 4273 816 4342 Theophanes
860 4274 1176 4343 καρϐασίων
1214 4274 1486 4335 καμισὲων
1519 4275 1946 4346 bombycinarum

380 4363 458 4415 vel
509 4363 766 4415 linearum
803 4362 1158 4416 interularum
1192 4363 1492 4427 meminere
1541 4365 1596 4418 in
1659 4362 1945 4418 Heracleo.

449 4454 510 4507 Ib
539 4457 592 4508 tl.
616 4455 856 4526 [.tevua'.
877 4456 1038 4510 Color
1062 4457 1366 4525 prareipuus
1393 4457 1447 4510 in
1475 4457 1704 4518 ecclesia
1733 4457 1947 4510 habitus

379 4546 734 4615 dignioribus,
761 4562 1092 4614 purpureus,
1129 4563 1238 4616 quo
1267 4563 1358 4615 per
1387 4547 1863 4616 quadragesimam
1894 4557 1947 4601 et

383 4638 430 4689 in
463 4637 748 4690 funeribus
786 4647 1014 4690 titaritur
1049 4636 1220 4691 Gra'ci
1247 4678 1260 4699 ,
1290 4637 1647 4692 inferioribus
1678 4637 1946 4692 ministris

381 4728 653 4780 trilmitur.
692 4727 920 4797 Symeou
949 4727 1456 4782 Thessalonicensis
1486 4729 1559 4781 Dc
1593 4742 1854 4795 sacram.,
1889 4735 1948 4781 et

381 4820 687 4877 Demetrius
717 4823 982 4891 Bulgaria:
1006 4822 1092 4876 Jul
1112 4825 1156 4879 is
1180 4823 1295 4878 GR.
1319 4825 1359 4878 l.
1387 4841 1435 4878 ν.
1468 4822 1667 4896 Ceam]
1923 4884 1936 4892 _

449 4916 606 4987 27³5
627 4917 680 4970 Ρ.
705 4917 794 4972 «Η.
826 4921 978 4971 Circa
1001 4917 1391 4987 διϐἀμπουλον,
1411 4917 1554 4983 quod
1580 4917 1950 4986 lmnparlarius

379 5021 572 5075 geszat,
601 5019 651 5062 et
677 5001 1094 5080 cujusCoitinus
1127 5023 1207 5066 ter
1242 5010 1510 5076 meminit,
1553 5009 1640 5063 hic
1689 5020 1742 5062 et
1791 5008 1952 5078 paulo

381 5102 542 5169 infra,
575 5104 737 5158 variae
759 5087 888 5159 sunt
925 5106 1230 5158 sententiae.
1266 5103 1444 5157 Prima
1484 5102 1654 5166 Junii,
1705 5104 1795 5171 qui
1840 5101 1958 5156 ubi-

379 5212 484 5264 que
515 5198 845 5252 vertitdiviui
868 5201 1040 5256 cultus
1071 5201 1378 5265 anrpullam.
1404 5195 1950 5268 Nonpossumassen-

381 5288 490 5353 tiri,
528 5289 698 5358 inquit
739 5289 1007 5346 Meursius
1039 5309 1052 5344 ε
1089 5289 1340 5344 Facerem
1376 5292 1421 5344 si
1445 5289 1589 5354 δίϐος
1643 5306 1739 5358 pro
1787 5288 1950 5344 divus

381 5383 688 5435 recentiores
715 5385 927 5438 ercos
962 5399 1246 5451 usurpasse
1292 5382 1594 5436 invenirent.

449 5475 630 5528 Altera
654 5476 922 5529 sententia
958 5473 1412 5543 εειδιϐἁμ.6ουλον
1443 5487 1560 5526 esse
1583 5473 1949 5543 κηροδοχεῖον,

377 5565 459 5618 ein
483 5565 852 5637 'kcrzenstang.
879 5567 1023 5636 quod
1056 5567 1108 5620 in
1136 5565 1371 5629 διατάξει
1398 5567 1496 5631 τῆς
1556 5564 1954 5633 tepetii-auctrix;

377 5654 644 5710 Pbilotbei
661 5659 980 5725 patriarcha!
994 5658 1261 5728 Cpolitani
1280 5657 1590 5711 nominatur
1612 5656 1957 5727 μανουὰλιον,

381 5747 665 5802 manuale:
704 5749 760 5801 '0
787 5749 1135 5818 ἀναγνώστης
1167 5751 1407 5817 κατέχων
1438 5752 1763 5816 μανουέι).ιον
1820 5751 1957 5817 μετὰ

377 5838 655 5907 λαμπάδος
688 5830 1037 5909 ἡμμένης.ἶιι
1061 5839 1264 5910 Typico
1293 5841 1346 5893 S.
1383 5836 1537 5893 Saba:
1562 5841 1763 5907 reperis
1792 5857 1953 5910 κηρο-

384 5932 681 5999 pauo-milia
711 5933 895 5987 eodem
928 5948 1147 6002 prorsus
1178 5930 1503 6001 signiﬁcatu.
1540 5931 1679 5986 Idem
1730 5935 1952 5986 omnino

2048 3343 2411 3406 descendebat,
2437 3351 2786 3410 paratumque
2804 3339 3066 3392 inveniens
3089 3351 3276 3407 equum.
3301 3333 3636 3389 ascendebat.

2037 3434 2158 3504 Sed
2185 3434 2312 3504 qui]
2349 3435 2416 3488 de
2453 3431 2856 3501 monobambylo
2888 3430 3231 3485 sentiendum
3263 3427 3333 3482 sit
3365 3427 3474 3496 jam
3510 3427 3542 3477 l.
3595 3439 3636 3484 ι.

2049 3546 2098 3586 c.
2134 3529 2221 3591 lO,
2255 3529 2479 3599 exposui
2520 3546 2531 3580 :
2561 3526 2798 3596 expungi
2831 3525 3090 3579 nimirum
3122 3521 3303 3587 debet,
3335 3520 3498 3590 inquo
3523 3519 3640 3589 ejus

2049 3623 2228 3678 locum
2261 3621 2521 3676 substitui
2551 3615 2935 3689 μονάμπουλον
2970 3616 3086 3670 sive
3127 3611 3566 3684 μονάμπουλλον,
3591 3623 3643 3664 et

2051 3716 2207 3785 notio
2241 3715 2370 3768 atrii
2396 3728 2491 3769 seu
2515 3709 2814 3765 ambulacri
2881 3709 2966 3763 bis
3023 3705 3238 3762 duobus
3285 3703 3477 3760 Codini
3510 3703 3642 3759 locis

2048 3809 2201 3866 nullo
2233 3806 2396 3862 modo
2419 3803 2681 3875 applicari
2712 3809 2892 3874 potest
2922 3818 2934 3854 :
2973 3814 3098 3853 nam
3140 3795 3513 3868 lampadarius
3559 3794 3645 3849 di-

2048 3879 2192 3958 citur
2221 3899 2432 3970 φέρειν,
2466 3896 2710 3950 manibus
2737 3895 2896 3963 ferre,
2929 3905 3052 3946 cum
3109 3903 3338 3944 accensa
3393 3884 3646 3956 lampade

2046 3993 2428 4064 διϐἀμπουλον.
2463 3993 2542 4045 An
2566 3989 2821 4044 conclave
2847 3986 2928 4039 vel
2967 3985 3131 4039 triuia
3149 3982 3404 4037 manibus
3425 3989 3644 4050 gestare

2050 4085 2568 4160 potuit?Addehaec
2592 4082 2656 4135 de
2685 4077 2929 4134 conclavi
2963 4077 3234 4131 exteriore
3284 4085 3335 4128 et
3385 4071 3644 4126 interiore

2050 4195 2170 4236 esse
2223 4178 2476 4249 ﬁgmenta
2541 4173 2711 4240 Junii,
2745 4185 3059 4240 quanquam
3113 4169 3228 4238 ipse
3277 4163 3643 4235 διϐἀμπουλον

2050 4286 2327 4342 nunquam
2357 4267 2422 4322 ad
2456 4267 2699 4322 exterius
2733 4263 2988 4319 conclave
3021 4261 3226 4325 retulit,
3261 4273 3438 4327 neque
3469 4257 3636 4309 etiam

2051 4364 2105 4421 in
2127 4378 2228 4418 suo
2253 4356 2652 4428 monobambylo
2686 4357 2750 4410 ad
2768 4355 2827 4406 τὸ
2847 4353 3213 4408 ambulacrum
3243 4349 3324 4404 vel
3342 4348 3642 4411 ambulare,

2051 4457 2143 4514 sed
2167 4456 2231 4510 ad
2253 4455 2310 4508 τὸ
2330 4450 2632 4522 βαμὸἁλειν
2651 4446 2915 4516 respexit.
2936 4443 3155 4498 Accedit
3174 4440 3317 4511 apud
3337 4439 3640 4494 Phranzem

2051 4565 2161 4606 non
2194 4547 2294 4618 legi
2319 4542 2708 4612 διϐἀμπουλον,
2743 4539 2837 4592 sed
2886 4534 3196 4590 diababula.
3249 4533 3319 4587 At
3373 4530 3644 4585 Meursius

2047 4638 2277 4708 corrigit
2303 4636 2467 4706 276
2493 4631 2861 4703 sietiamne.
2921 4629 3042 4694 Quo
3103 4625 3294 4681 codice
3323 4623 3497 4678 fretus
3534 4621 3556 4674 ?
3587 4620 3644 4674 Si

2055 4730 2183 4801 quid
2216 4728 2601 4798 corrigendum
2632 4723 2704 4778 sit
2733 4765 2745 4789 ,
2780 4721 2963 4790 potius
3024 4727 3078 4773 et
3115 4733 3245 4774 vero
3274 4719 3499 4786 prapius
3526 4729 3649 4787 cor-

2055 4823 2286 4881 rexerim
2316 4819 2675 4884 διαπάτουλα,
2701 4825 2804 4870 hoc
2828 4823 2909 4870 est
2932 4814 2996 4868 ad
3044 4812 3163 4866 loca
3220 4809 3487 4880 patentia,
3538 4823 3648 4862 uno

2059 4919 2225 4974 verbo
2252 4917 2316 4971 ad
2350 4915 2574 4977 atrium,
2596 4927 2692 4968 seu
2718 4911 2782 4964 ad
2803 4909 3053 4971 διὰὃατα,
3084 4907 3361 4959 transitus.

2132 5009 2331 5076 Quinta
2356 5004 2628 5061 sententia
2658 5012 2739 5057 est
2763 4998 3006 5069 ejusdem
3055 4994 3300 5059 Meursii,
3336 4993 3426 5062 qui
3452 5001 3505 5047 et
3555 4993 3643 5047 hic

2061 5079 2180 5160 etin
2200 5102 2446 5172 catalogo
2466 5097 2775 5154 ofﬁciorum
2792 5093 2996 5164 Magnae
3015 5087 3273 5145 Ecclesiae
3291 5086 3612 5159 μονοόἀμϐη
3627 5116 3645 5124 -

2056 5200 2146 5251 λον
2170 5206 2224 5250 et
2247 5194 2638 5264 διϐάμϐηλονο
2677 5191 2788 5245 vela
2810 5186 3222 5244 rescribendum
3253 5192 3460 5246 censet,
3483 5183 3641 5253 quasi

2061 5291 2149 5346 ille
2179 5288 2413 5357 simplex
2450 5285 2652 5347 velum,
2686 5283 2774 5338 hic
2803 5283 3005 5352 duplex
3042 5281 3098 5338 in
3131 5279 3384 5336 custodia
3413 5293 3510 5332 sua
3547 5277 3645 5330 ha-

2061 5381 2260 5446 buerit,
2294 5380 2479 5433 relarii
2503 5379 2710 5445 utique,
2743 5379 2832 5445 qui
2873 5393 3018 5431 nunc
3048 5391 3077 5429 a
3124 5377 3300 5440 ianuis
3337 5373 3599 5442 janitores
3624 5386 3645 5432 ;

2064 5489 2188 5530 nam
2222 5474 2322 5528 sub
2359 5471 2488 5525 velis
2519 5470 2647 5525 olim
2697 5486 2781 5522 res
2832 5469 3141 5539 gerebatur.
3199 5468 3465 5522 Caeterum
3503 5478 3636 5516 mss.

2063 5565 2220 5619 codd.
2260 5551 2312 5616 ﬁt
2343 5563 2531 5631 primis
2577 5571 2902 5631 repugnant,
2960 5576 3192 5630 quorum
3245 5557 3426 5611 nullus
3480 5557 3638 5608 istam

2063 5657 2388 5725 scripturam
2427 5653 2581 5707 nobis
2607 5653 2847 5706 exhibet.
2888 5651 3089 5705 Deinde
3139 5646 3512 5714 lampadarius
3565 5652 3641 5696 te-

2063 5766 2196 5802 nens
2230 5746 2594 5814 διϐἀμπουλον
2621 5761 2740 5800 cum
2777 5746 3022 5813 lampade
3068 5746 3293 5796 accensa
3339 5740 3641 5806 διϐἀμπουσ-

2061 5846 2148 5896 λον
2187 5845 2236 5896 in
2264 5858 2424 5896 manu
2451 5841 2700 5909 portabat
2731 5857 2741 5891 :
2783 5856 2887 5892 non
2923 5846 3040 5892 erat.
3071 5825 3201 5904 ergo
3231 5834 3432 5896 vrlum,
3467 5848 3493 5885 a
3529 5844 3636 5900 quo

2061 5926 2238 5990 velarit
2274 5945 2317 5990 rt
2351 5934 2586 5989 custodes
2623 5931 2718 5985 rcli
2745 5947 2942 5986 nomen
2978 5929 3153 5982 sortiti
3189 5925 3460 5981 .~uut.Ncc
3483 5927 3638 5992 juvat
