4064 6436
478 492 585 559 3ΟἸ

1548 494 1630 553 ΙΝ
1678 494 1979 555 LIBRUM
2050 493 2148 553 DE
2190 494 2519 556 OFFICIIS
2558 498 2661 559 (ΖΡ.

3610 494 3706 555 308

476 610 618 663 hanc
651 605 961 677 ophiouem
993 603 1314 663 Anastasius
1339 608 1391 661 in
1424 606 1666 678 Sylverio
1694 617 1787 661 aut
1832 606 2053 661 collatio

2167 610 2381 678 generis
2403 609 2778 681 δισάμπουλον
2808 628 2821 677 ;
2854 609 2934 663 ἔτι
2959 609 3013 663 δὲ
3047 610 3157 665 τῶν
3182 609 3281 679 μὲν
3306 608 3707 679 αὐτοκρατόρων

475 690 599 758 eum
633 700 931 756 Donatistis
969 701 1112 770 apud
1143 700 1198 754 S.
1257 692 1615 769 Augustinum
1655 721 1666 754 :
1706 702 1842 755 nihil
1907 700 2051 753 enim

473 793 621 847 aliud
646 793 943 848 03lendunt
972 810 1134 863 quam
1169 794 1267 845 sub
1302 795 1418 845 w-lo
1446 808 1530 847 res
1563 794 1693 847 olim
1720 794 2055 859 disceptatas

472 881 663 946 fuisse,
686 882 801 937 sive
843 898 952 937 uno
1003 883 1117 957 sive
1178 883 1618 949 duobus;extra
1677 884 1820 953 quod
1878 882 2053 935 velum

472 960 654 1042 partes
684 979 1094 1049 exspectabant.
1131 966 1233 1029 Pro
1257 976 1366 1030 velo
1395 986 1513 1029 sunt
1558 978 1830 1045 utriusque
1880 976 2057 1052 partis

474 1067 721 1134 episcopi,
753 1067 928 1136 inquit
970 1067 1246 1127 Cullatio;
1318 1066 1376 1121 St
1415 1068 1566 1134 jubet
1622 1066 1919 1120 sublimitas
1944 1080 2055 1131 tua,

473 1157 917 1213 intromittentur.
951 1157 1041 1210 Sic
1068 1156 1129 1211 B.
1155 1156 1519 1227 Sylveriusad
1548 1157 1775 1225 primum
1798 1166 1845 1210 et
1872 1173 2058 1209 secun-

474 1232 600 1296 dum
626 1232 796 1297 velum
834 1246 1049 1298 retinuit
1079 1262 1280 1299 omnem
1300 1246 1516 1306 clerum,
1549 1248 1683 1311 Quid
1707 1248 1817 1299 lnrc
1840 1247 1903 1299 ad
1926 1232 2057 1301 lam»

479 1334 764 1400 padarium
797 1344 1076 1400 nostrum,
1103 1335 1191 1387 cui
1222 1333 1314 1387 τοῦ
1344 1333 1710 1403 διϐαμπού>.ου
1738 1350 1867 1388 cura
1902 1348 2057 1389 corn-

480 1425 649 1479 missa
674 1433 794 1479 erat
819 1425 843 1476 ‘i

555 1515 723 1570 Sexta
758 1516 1028 1591 sententia
1069 1525 1151 1570 est
1197 1514 1564 1586 διϐἀμπουλον
1616 1532 1738 1572 esse
1786 1516 2055 1586 duplicem

479 1600 773 1675 ampullam
817 1616 873 1661 et
918 1608 1301 1677 μονάμπου).ον
1339 1608 1638 1677 simplicem
1683 1609 1979 1677 ampullam
2042 1628 2055 1674 ;

404 1728 407 1729 ν
482 1696 625 1750 hanc
642 1690 882 1751 tenuisse
912 1697 965 1750 in
992 1698 1312 1752 clericorum
1338 1698 1775 1752 ordinationibus
1800 1708 1854 1753 et
1876 1700 2057 1753 initia-

432 1854 441 1869 .
485 1790 728 1844 tionibus
757 1791 1058 1845 secundum
1092 1790 1400 1855 ostiarium,
1425 1792 1615 1861 dequo
1646 1791 1700 1845 in
1736 1774 1883 1846 Sexta
1932 1808 2061 1863 pen-

482 1884 603 1937 tade
618 1882 935 1938 ofllcialium
958 1883 1160 1953 Magna:
1179 1884 1455 1950 Ecclesiae,
1478 1884 1627 1938 illam
1666 1884 1907 1941 tenuisse
1923 1886 2059 1938 lam-

2160 704 2194 772 ή
2226 703 2417 774 ἀρωγὴ
2443 703 2579 773 πρὸς
2610 703 2893 772 φωτισμὸν
2924 704 3019 756 καὶ
3050 702 3315 755 σύστασιν
3344 701 3705 752 ἐπεκτείνεται

2158 795 2336 866 ψυχῆς
2362 812 2421 849 τε
2454 798 2546 849 καὶ
2574 799 2850 866 σώματος,
2874 797 2933 850 τὸ
2952 796 3009 849 δὲ
3045 794 3340 865 μεγαλεῖον
3384 792 3491 844 τῶν
3528 808 3712 858 πατρι-

2169 889 2356 959 αρχῶν
2387 890 2445 951 ἐς
2480 890 2650 960 μόνην
2672 888 2770 957 τὴν
2796 888 3038 965 ψυχικὴν
3063 883 3490 953 ὲστενοχώρηται
3512 882 3713 934 λυσιτέ-

2160 982 2314 1034 λειαν
2350 981 2523 1051 (ὀλίγη
2560 982 2669 1051 γὰρ
2710 980 2925 1043 τούτοις
2968 980 3088 1032 ἐστὶ
3144 976 3367 1046 φροντὶς
3428 974 3712 1035 εὐπαθείας

2164 1073 2821 1143 σωματικῆς),ὼσαύτως
2880 1073 3030 1141 καὶή
3087 1070 3217 1135 περὶ
3261 1068 3389 1129 τοὺς
3448 1066 3713 1133 ὑπηκόους

2160 1166 2257 1235 τῆς
2289 1164 2613 1235 βασιλίσσης
2640 1164 2937 1234 κηδεμονία
2968 1166 3061 1217 καλ¹
3091 1162 3336 1231 μέριμνα
3396 1158 3529 1227 πρὸς
3562 1156 3718 1225 μόνην

2164 1257 2484 1327 σωματικὴν
2503 1258 2738 1321 εὐζωῖαν
2759 1257 3074 1333 ὲξήπλωται
3112 1256 3320 1323 (πάσης
3348 1252 3457 1320 γὰρ
3489 1248 3717 1318 ψυχικῆς

2165 1350 2416 1421 βοηθείας
2445 1351 2499 1403 αἱ
2538 1351 2795 1417 γυναῖκες
2823 1348 3195 1421 ἐστέρηνται).
3234 1348 3299 1398 Αἱ
3341 1344 3619 1411 λαμπάδες
3669 1342 3721 1393 δὲ

2162 1444 2270 1495 τῶν
2296 1444 2395 1512 μὲν
2424 1442 2689 1513 βασιλέων
2710 1444 2909 1505 διττοῖς
2931 1441 3247 1511 διαχρύσοις
3268 1457 3331 1490 πε
3343 1435 3720 1507 ριζωννύονται

2166 1536 2579 1605 στεφανώμασι,
2599 1536 2707 1588 τῶν
2735 1535 2791 1587 δὲ
2824 1533 3187 1602 πατριαρχῶν
3215 1531 3309 1584 καὶ
3336 1531 3433 1598 τῆς
3494 1527 3724 1598 βασιλίσ-

2166 1647 2262 1699 σης
2288 1630 2367 1681 ἑνὶ
2431 1625 2904 1681 κατακυκλοῦνται
2961 1623 3341 1695 Θριγγὼματι.
3398 1621 3507 1674 Fax
3554 1620 3725 1686 itaque

2166 1719 2481 1789 imperatori
2506 1720 2725 1789 praelata
2753 1716 2954 1786 duplici
2977 1730 3178 1770 corona
3198 1728 3363 1767 aurea
3396 1712 3723 1767 circumdata

2163 1808 2557 1877 διϐἀμπουλον,
2584 1808 2905 1878 patriarchae
2966 1813 3019 1857 et
3052 1801 3389 1872 impcratrici
3453 1801 3608 1854 unica
3641 1813 3726 1852 ea-

2164 1914 2269 1968 que
2302 1907 2556 1967 argentea
2592 1896 2981 1966 μονάμπονλον
3028 1902 3131 1947 est.
3163 1892 3407 1947 Consule
3440 1903 3560 1959 quae
3610 1901 3729 1957 pro-

478 1976 767 2044 padariutn
798 1977 849 2030 in
882 1968 1324 2032 solemnitatibus
1352 1993 1488 2046 quas
1505 1976 1745 2032 Codinus
1764 1976 2051 2033 describit:

2167 1990 2352 2042 lixitati
2387 1989 2616 2043 vitandae
2658 1987 2801 2057 apud
2835 1985 3090 2041 eumdem
3127 1983 3507 2038 Balsamonem
3535 1978 3728 2048 scripta

478 2066 555 2123 ita
581 2070 745 2123 etiam
768 2060 886 2138 ipse
909 2068 1178 2125 Meursius
1209 2085 1261 2123 ν.
1294 2068 1686 2138 διϐάμπουλον.
1724 2068 1830 2122 Sed
1849 2068 1980 2137 quid
2010 2069 2062 2122 in

479 2162 564 2217 his
597 2161 850 2228 ampullis
879 2162 903 2216 Τ
929 2163 983 2216 in
1006 2162 1354 2231 monampulo
1372 2176 1479 2215 non
1498 2161 1687 2216 dubito
1706 2161 1874 2215 fuisse
1890 2160 2065 2216 chris-

482 2268 593 2316 ma,
624 2268 735 2325 quo
766 2254 858 2324 qui
906 2254 1215 2310 sacerdotio
1276 2254 1562 2308 initiantur
1607 2253 1963 2325 inunguatur,
2007 2253 2061 2307 in

482 2346 797 2415 dibampulo
825 2354 1007 2400 autem
1043 2344 1215 2401 fuisse
1248 2359 1466 2401 sacrum
1494 2343 1670 2399 oleum
1700 2354 1753 2397 et
1795 2344 2059 2407 chrisma,

451 2508 457 2515 ο
486 2447 546 2515 ut
586 2438 885 2507 imperator
908 2438 1185 2493 unctionis
1216 2452 1326 2493 suae
1359 2446 1464 2489 tam
1502 2435 1557 2490 in
1595 2435 1863 2504 baptismo
1895 2451 2059 2504 quam

482 2512 539 2583 in
572 2529 925 2599 imperatoria
955 2531 1367 2600 inauguratione
1390 2543 1603 2597 semper
1634 2543 1845 2582 memor
1892 2538 2058 2583 esset.

483 2608 579 2672 His
609 2606 749 2673 forte
783 2620 959 2676 lucem
1018 2608 1205 2691 dabit,
1242 2620 1459 2675 tametsi
1510 2620 1729 2682 exilem,
1789 2620 1988 2673 citatus
2031 2634 2061 2672 a

482 2700 721 2789 blettrSio
742 2698 1272 2784 Ansegisus,t,162:
1299 2714 1575 2781 Presbyter
1594 2714 1645 2766 in
1668 2711 1827 2765 Carna
1851 2711 2060 2765 Domini

483 2805 619 2883 duas
643 2806 907 2876 ampullas
930 2822 1102 2861 secum
1123 2807 1346 2875 deferat,
1377 2822 1536 2860 unum
1575 2806 1643 2858 ad
1657 2805 1908 2867 chrisma,
1929 2805 2055 2857 alte-

484 2916 599 2952 ram
633 2900 702 2953 ad
731 2900 925 2968 oleum,
951 2901 1019 2955 ad
1045 2901 1439 2955 catechumenos
1469 2899 1790 2968 inungendos
1814 2898 1891 2953 vel
1911 2898 2062 2966 inﬁr-

484 3009 616 3067 mos.
651 2990 916 3048 Fecerunt
940 3009 1067 3063 ergo
1095 2984 1293 3060 Graeci,
1322 3002 1379 3048 ut
1409 2993 1515 3047 alia
1541 2992 1731 3057 multa,
1760 2995 1839 3048 sic
1868 3001 1919 3047 et
1944 3009 2061 3045 amo

484 3085 646 3163 pulice
667 3101 865 3160 nomen
904 3101 1065 3161 suum
1086 3087 1139 3140 in
1167 3086 1507 3154 monampulo
1535 3096 1587 3139 et
1618 3084 1940 3156 dibampulo,
1964 3098 2058 3138 seu

484 3181 760 3251 geminato
789 3180 817 3232 λ
847 3178 1176 3247 dibampullo
1208 3197 1226 3243 ;
1251 3166 1278 3231 a
1308 3193 1417 3247 quo
1432 3192 1531 3232 vox
1555 3179 1714 3232 etiam
1736 3176 2058 3232 Germanica

486 3275 656 3353 αηῳει
685 3260 839 3342 quasi
874 3271 1109 3339 ampulla
1138 3271 1432 3325 descendit.
1463 3269 1529 3325 Et
1557 3271 1694 3324 hanc
1732 3270 2053 3324 sententiam

485 3381 589 3434 ego
623 3382 731 3436 prie
752 3366 875 3421 aliis
905 3358 1074 3434 prebo
1100 3374 1154 3419 et
1184 3365 1507 3434 amplector,
1547 3362 1979 3419 licetBalsamon
2004 3361 2056 3416 in
2086 3351 2129 3410 C-

488 3448 685 3514 meiete
717 3476 813 3515 seu
851 3458 1239 3514 exercitatione
1272 3474 1370 3515 sua
1398 3458 1531 3512 nihil
1557 3458 1622 3512 de
1637 3456 2063 3525 dibampuloim-

487 3553 729 3622 peratori
755 3568 783 3605 a
806 3551 1143 3621 lampadario
1167 3550 1408 3621 praeferri
1436 3550 1621 3617 solito,
1651 3550 1743 3604 sed
1764 3556 1971 3602 tantum
1997 3546 2063 3601 de

488 3632 739 3715 lampade
771 3644 996 3699 scribat.
1057 3634 1167 3699 Nec
1216 3659 1544 3713 quemquam
1596 3642 1780 3696 turbet
1838 3638 1970 3694 illud
2000 3639 2060 3709 βξ

490 3738 601 3819 etsi
620 3738 762 3793 enint
794 3734 909 3815 sola
938 3737 1125 3810 vocula
1165 3736 1213 3790 δι
1248 3736 1505 3808 duplicat,
1567 3744 1628 3789 ut
1676 3734 1928 3805 bigarius,
1979 3733 2064 3787 hic

489 3816 668 3886 tamen
700 3830 768 3884 ob
805 3818 1043 3884 vocalem
1068 3836 1386 3907 sequentem
1420 3826 1821 3898 pinterjicitur,
1859 3816 2066 3896 eupho-

490 3920 792 3975 niaecausa.
812 3918 1011 3975 (ἴητε.

560 3998 830 4085 [Graecum
859 3996 1205 4091 proverbium
1230 4011 1381 4091 lubet
1414 4012 1519 4066 huc
1546 4024 1821 4066 arcessere
1847 4027 1859 4063 :
1886 4009 2062 4062 Ὅπου

491 4109 674 4163 πολλοὶ
708 4096 944 4160 πετεινοὶ
998 4106 1361 4177 φωνάζουσιν,
1394 4107 1510 4160 ἐκεῖ
1556 4106 1715 4177 ἀργεῖ
1752 4106 1819 4159 vi
1867 4105 2063 4174 ἐξημε-

491 4192 659 4274 ρώσῃ,
688 4199 785 4254 Ubi
812 4201 987 4269 plures
1013 4200 1147 4271 galli
1181 4198 1481 4265 cantillant,
1509 4199 1579 4253 ibi
1607 4199 1821 4252 tardum
1846 4206 1921 4251 est
1959 4212 2067 4249 cre-

486 4290 760 4358 pusculum
787 4306 804 4344 :
841 4291 962 4358 quia
997 4290 1247 4345 videlicet
1272 4303 1339 4343 ex
1363 4291 1731 4355 contentione,
1755 4303 1864 4342 non
1889 4302 1951 4341 ex
1983 4287 2065 4339 lu-

489 4384 569 4438 cis
601 4398 763 4437 sensu
788 4390 1006 4437 canunt.
1034 4382 1258 4444 Μύθους
1292 4381 1454 4439 etiam
1501 4382 1659 4436 hodie
1681 4380 1966 4451 proverbia
1986 4380 2067 4433 di-

489 4488 620 4531 cunt
662 4495 674 4532 :
717 4475 1009 4548 ὲηιμύθιον
1060 4466 1244 4545 itaque
1286 4474 1595 4545 proferam:
1624 4474 1746 4539 Quo
1779 4472 1961 4542 plures
2012 4472 2063 4525 in

486 4584 547 4623 re
580 4552 813 4624 obscura
851 4569 1154 4633 sententiae,
1214 4582 1279 4622 eo
1323 4566 1506 4621 dubiis
1555 4566 1854 4636 majoribus
1917 4578 2067 4618 mens

2167 2080 2657 2149 prretermittimus.
2702 2075 2905 2146 Goan.)

2238 2171 2300 2223 Ρ.
2340 2171 2427 2224 Μ.
2452 2172 2755 2237 Μαΐστωρ.
2792 2169 2952 2223 Clara
2986 2168 3141 2235 origo
3176 2180 3205 2220 a
3238 2163 3439 2219 Latino
3465 2163 3723 2232 magister.

2166 2261 2364 2317 Gaa'rs.

2233 2352 2379 2408 Ibid.
2414 2355 2482 2407 Τὸ
2522 2354 2957 2421 πολυχρόνιον.
2994 2353 3067 2406 De
3088 2351 3232 2408 votis
3262 2352 3319 2405 in
3356 2353 3729 2422 imperatores,

2168 2444 2361 2499 faustis
2387 2445 2875 2501 acclamationibus
2904 2453 2959 2500 et
2998 2446 3052 2499 in
3102 2444 3305 2499 multos
3343 2460 3515 2498 annos
3546 2458 3733 2511 appre-

2166 2539 2473 2593 cationihus
2528 2538 2647 2594 fuse
2704 2537 2926 2607 quidem
2981 2538 3125 2592 infra
3184 2553 3285 2592 nec
3341 2539 3525 2591 minus
3587 2538 3733 2589 docte

2164 2631 2477 2694 Gretserus,
2508 2639 2562 2683 at
2592 2644 2713 2699 quae
2758 2629 3111 2700 πολυχρόνιον
3140 2629 3195 2683 ἱη
3225 2629 3437 2684 Christi
3472 2626 3725 2681 natalitiis

2164 2722 2473 2780 faciendum
2500 2738 2609 2775 non
2642 2722 2931 2790 attingant.
2987 2722 3278 2777 Succincte
3332 2724 3620 2777 addimus:
3650 2722 3731 2772 ln-

2166 2816 2402 2884 cipiente
2432 2814 2564 2868 olim
2597 2814 2650 2867 in
2682 2812 2926 2868 Ecclesia
2965 2813 3032 2867 ab
3051 2812 3140 2868 bis
3170 2812 3520 2869 solemnibus
3573 2824 3729 2871 anno,

2165 2916 2223 2961 ut
2247 2908 2451 2962 mutuis
2485 2923 2607 2962 sese
2635 2908 2796 2962 donis
2834 2916 2887 2959 et
2916 2907 3093 2962 xeniis
3131 2907 3413 2976 excipere,
3452 2908 3526 2960 ita
3554 2914 3604 2959 et
3626 2904 3733 2958 feli-

2165 3000 2320 3056 cibus
2344 3000 2485 3054 votis
2512 3000 2768 3070 prosequi
2796 3001 3006 3055 etlzetis
3041 3000 3269 3054 vocibus
3298 2999 3447 3055 bene
3487 2998 3728 3059 ominari,

2164 3096 2308 3161 quod
2368 3092 2664 3147 observant
2713 3094 2891 3148 adlmc
2945 3092 3081 3156 Itali,
3140 3107 3492 3147 consuevere
3550 3090 3729 3144 Gl'il‘Cl.

2164 3181 2487 3239 Discurrunt
2513 3183 2696 3253 itaque
2721 3198 2817 3253 per
2850 3184 2967 3237 vias
2994 3192 3046 3237 et
3068 3183 3305 3253 compita
3344 3184 3497 3253 pueri
3530 3192 3581 3236 ct
3611 3181 3732 3232 ado-

2163 3273 2431 3329 lescentes
2469 3275 2569 3328 hac
2609 3275 2716 3339 die,
2745 3288 2797 3329 et
2827 3275 2892 3328 ad
2950 3275 3252 3329 amicorum
3284 3286 3484 3344 portas
3516 3273 3735 3326 modulis

2164 3368 2318 3422 sonis
2352 3382 2416 3433 ac
2441 3368 2677 3423 musices
2699 3367 3079 3421 instrumentis
3106 3367 3453 3436 πολυχρόνια
3505 3374 3733 3437 perstre-

2165 3468 2328 3529 punt,
2359 3460 2517 3513 xenia
2548 3460 2905 3529 reportattn-i,
2928 3460 3217 3526 cunctique
3238 3461 3737 3527 Χριστουγεννητι-

2165 3555 2280 3614 κοῖς
2304 3569 2398 3620 pro
2430 3553 2695 3605 natttlitiis
2745 3552 2945 3607 Clm'sti
2982 3553 3288 3619 muneribus
3359 3567 3420 3607 se
3471 3547 3741 3605 cumulant

2167 3644 2443 3699 certatim.
2477 3644 2719 3698 Ecclesia
2750 3629 2961 3713 igitur:
2992 3645 3152 3712 cujus
3203 3652 3339 3697 vota
3398 3649 3528 3699 sunt
3582 3641 3737 3698 dona,

2166 3736 2432 3790 natalium
2462 3734 2872 3791 Dominicurum
2903 3736 3209 3805 pervigilio,
3246 3736 3300 3788 in
3358 3735 3547 3803 palatii
3582 3745 3738 3799 pene-

2172 3831 2609 3898 tralibus,annis
2630 3832 2679 3886 ei
2718 3830 2905 3885 multis
2955 3829 3229 3898 exoptatis
3284 3828 3428 3881 bene
3488 3832 3733 3895 precator

2168 3924 2509 3993 imperatori.
2546 3922 2651 3992 lpsi
2686 3937 2906 3993 quoque
2943 3920 3207 3975 monachi
3236 3920 3364 3974 vita:
3393 3927 3450 3973 et
3475 3928 3735 3970 annorum

2168 4015 2582 4069 diuturnitatem
2617 4015 2908 4083 superiori,
2936 4015 3001 4067 ad
3039 4012 3232 4067 cellam
3273 4013 3400 4080 ejus
3430 4007 3737 4064 catervatim

2145 4108 2585 4170 'convenientes,
2616 4121 2645 4160 a
2680 4106 2787 4161 Deo
2827 4108 3126 4177 postulant,
3156 4106 3235 4167 ei;
3286 4106 3349 4157 τὸ
3376 4105 3587 4157 χελλὶον
3650 4096 3738 4149 τοῦ

2170 4201 2517 4272 προεστῶτος
2537 4200 2666 4273 (διὰ)
2698 4201 2798 4268 τῆς
2829 4201 2963 4262 ἰδίας
2999 4200 3465 4267 πολυχρονίσεως,
3492 4199 3569 4251 ait
3629 4192 3735 4246 Me-

2173 4309 2351 4348 nazum
2388 4293 2491 4346 hac
2527 4292 2634 4346 die.
2668 4290 2804 4345 Hinc
2832 4290 2890 4343 τὸ
2952 4287 3371 4359 πολυχρονίζειν
3408 4287 3631 4343 nannisi
3676 4285 3739 4338 de

2172 4387 2315 4441 votis
2347 4401 2447 4455 pro
2478 4386 2654 4441 salute
2698 4383 3005 4454 cujuspiam
3060 4384 3320 4452 praesenti
3344 4384 3467 4437 luce
3532 4378 3745 4436 emissis

2173 4482 2371 4549 vulgus
2394 4490 2716 4533 consuetmn
2743 4486 2827 4532 est
2856 4476 3158 4545 percipere.
3225 4474 3522 4539 Quondam
3570 4485 3743 4526 tamen

2173 4562 2296 4627 aliis
2320 4571 2484 4626 etiam
2508 4568 2701 4623 diebus
2718 4568 3009 4623 decantata
3047 4566 3389 4634 πολυχρόνια
3414 4566 3619 4621 docent
3644 4562 3743 4616 Re-

486 4662 735 4737 iluctuat.
766 4661 921 4716 Circa
944 4677 1131 4718 vocem
1163 4658 1532 4737 διὸάμπουλον
1559 4659 1735 4713 allatis
1760 4658 2060 4743 aGretsero
2089 4689 2141 4748 Ι)
2172 4663 2257 4733 gia
2289 4677 2425 4717 mss.
2451 4676 2515 4717 ex
2545 4661 2745 4732 quibus
2772 4658 3059 4729 sequentia
3081 4657 3299 4711 erudito
3330 4658 3528 4713 lectori
3556 4657 3743 4722 depro-

487 4770 582 4809 sex
626 4756 901 4817 sensibus,
927 4770 1087 4823 quem
1120 4751 1419 4823 amplectar
1466 4766 1571 4807 non
1630 4751 1785 4805 video
1816 4769 1827 4805 :
1860 4751 2063 4804 certior
2144 4752 2391 4811 'mimus.

488 4849 673 4917 itaque
702 4863 879 4903 meum
905 4846 1216 4902 inmedium
1237 4845 1502 4900 adducam
1535 4859 1600 4899 ex
1619 4843 2067 4899 BalsamoneMe—

488 4943 661 4997 ditato
692 4941 757 4995 de
776 4926 1210 5010 patriarcharum
1244 4936 1561 5008 privilegiis.
1592 4935 1799 4991 Lumen
1826 4946 1880 4991 et
1905 4935 2067 5005 277

488 5035 636 5089 faces
666 5033 733 5088 ad
766 5031 1000 5088 docendi
1022 5030 1263 5105 cilicium
1292 5037 1561 5099 spectant,
1595 5028 1793 5099 inquit,
1816 5043 1878 5082 ac
1906 5040 2068 5098 prop-

488 5139 658 5192 terea,
694 5124 1120 5198 utpatriarchae,
1141 5122 1210 5177 ita
1234 5134 1286 5177 ct
1320 5121 1635 5193 imperatori
1656 5122 1883 5190 lampas,
1904 5120 2067 5190 ignis,

487 5221 670 5275 lumen
697 5214 1004 5288 praefertur,
1031 5222 1163 5268 etut
1194 5214 1337 5268 clare
1360 5213 1573 5283 loquar,
1600 5228 1777 5266 cereus
1797 5225 2069 5264 accensus:

488 5312 779 5382 Λαμψάτω
806 5290 867 5363 «te
898 5308 1010 5378 φῶς
1031 5306 1184 5379 ὑμῶν
1227 5296 1536 5377 ἔμπροσθεν
1580 5304 1689 5360 τῶν
1740 5298 2065 5375 ἀνθρώπων.

503 5407 947 5469 ’Ᾱκουσάτωσαν,
976 5404 1051 5464 ὡς
1073 5404 1120 5457 oi
1152 5401 1411 5471 βασιλεῖς,
1475 5399 1569 5459 καὶ
1597 5400 1647 5451 οἱ
1694 5399 2030 5469 πατριάρχαι
2052 5416 2067 5430 ·

497 5499 895 5571 μεγαλύνονται
931 5499 1029 5566 μὲν
1055 5496 1147 5549 καὶ
1168 5482 1585 5555 Διδασκαλικοῖς
1613 5491 1908 5567 ἀξιώμασι.
1949 5494 2066 5545 Ἐν-

492 5588 683 5641 τεῦθεν
710 5588 816 5656 γὰρ
850 5589 899 5638 οἱ
930 5585 1112 5638 πιστοὶ
1140 5583 1396 5635 δεσπόται
1427 5582 1519 5634 καὶ
1565 5584 1612 5634 οἱ
1664 5583 2071 5655 αὐτοκράτορες

492 5679 873 5750 κατηχητικῶς
902 5675 1152 5745 ὁμιλοῦσι
1183 5675 1260 5745 τῷ
1287 5672 1665 5743 Χριστωνύμῳ
1696 5675 1827 5746 λαῷ.
1862 5675 1937 5729 De
1968 5677 2072 5730 im-

492 5781 748 5845 peratore
781 5769 1103 5824 concionem
1139 5767 1202 5819 ad
1229 5767 1485 5836 populum
1510 5766 1742 5822 habente
1773 5769 1978 5822 dictum
2003 5769 2068 5823 ad

492 5878 549 5934 p.
591 5859 681 5915 37.
728 5862 797 5913 At
839 5856 1154 5927 imperatori
1194 5857 1560 5928 διϐάμπουλον
1607 5858 1929 5927 praefertur,
1975 5877 2072 5929 pa-

490 5955 747 6044 t‘riatcbte
782 5951 1187 6020 etimperatrici
1220 5950 1625 6022 μονάμπουλον.
1651 5952 1763 6007 Cur
1791 5952 1863 6006 ita
1892 5953 2065 6025 ?quid

2245 4847 2600 4916 Πολυχρόνια.
2639 4848 2828 4908 Ὅπως
2857 4844 3300 4915 πολυχρονίζουσι
3328 4845 3463 4906 τοὺς
3512 4839 3749 4911 βασιλεῖς

2173 4930 2269 4992 και
2297 4938 2388 4991 τὸν
2421 4938 2778 5009 πατριάρχην
2817 4939 2875 4990 ὲν
2906 4940 2971 5007 τῇ
3010 4935 3221 5006 μεγάλῃ
3270 4932 3548 5003 ἐκκλησίᾳ
3612 4926 3750 4982 κατὰ

2171 5033 2273 5103 τὴν
2304 5032 2499 5102 ἑορτὴν
2526 5032 2626 5099 τῆς
2655 5029 2896 5098 Χριστοῦ
2944 5025 3369 5099 γεννήσεω;”καὶ
3405 5026 3519 5078 τῶν
3550 5024 3750 5075 Φώτων

2173 5124 2268 5178 xal.
2298 5124 2365 5193 τῇ
2409 5123 2622 5195 μεγάλῃ
2654 5124 3009 5194 Παρασκευῇ.

2204 5206 2207 5207 ν
2246 5216 2609 5286 Πολυχρόνιον
2650 5216 2874 5285 ποιήσαι
2899 5214 3083 5289 ὁΘεὺς
3114 5214 3213 5284 τὴν
3264 5214 3435 5279 ἁγίαν
3473 5210 3754 5282 βασιλείαν

2174 5311 2355 5364 αὐτῶν
2382 5310 2463 5373 εἰς
2496 5310 2671 5363 πολλὰ
2698 5308 2815 5379 ἔτη.
2855 5307 3215 5378 Πολυγρόνιον
3247 5309 3486 5373 ποιήσαι
3540 5307 3567 5358 ὁ
3620 5301 3753 5363 Θεὸς

2173 5404 2274 5475 τὴν
2310 5405 2475 5470 ἁγίαν
2511 5403 2607 5457 καὶ
2643 5397 2919 5471 κραταιὰν
2940 5401 3218 5469 βασιλείαν
3252 5399 3442 5452 αὐτῶν
3473 5399 3555 5460 εἰς
3592 5394 3758 5448 πολλὰ

2176 5495 2298 5564 ἔτη.
2340 5490 2719 5565 ’Πολυχρὸνιον
2751 5495 3027 5564 ποιήσαιὸ
3062 5492 3196 5557 Θεὸς
3246 5493 3351 5558 τὴν
3404 5490 3756 5547 θεόστεπτον,

2176 5571 2598 5657 θεοπρδϐλητον,
2633 5586 2979 5651 Οεοδόξαστον
3010 5586 3103 5639 καὶ
3124 5583 3592 5652 Θεομεγὰλυντον,
3621 5592 3759 5647 κρα-

2172 5680 2334 5732 ταιὰν
2359 5680 2454 5732 καὶ
2482 5680 2645 5745 ἁγίαν
2681 5679 2958 5750 βασιλείαν
2981 5672 3161 5730 αὐτῶν
3196 5679 3275 5735 si;
3316 5674 3495 5725 πολλὰ
3535 5672 3655 5740 ἐτη.

2247 5777 2372 5825 Haec
2402 5772 2454 5824 in
2478 5772 2729 5836 ecclesia,
2768 5771 2859 5825 ubi
2886 5770 3071 5839 plures
3096 5765 3511 5837 .itnperabant',
3558 5778 3764 5818 nuncu-

2177 5866 2445 5931 pabantur
2486 5872 2631 5931 vota;
2669 5863 2953 5933 sequentia
3002 5850 3142 5915 inter
3163 5860 3366 5930 epulas
3422 5867 3477 5910 et
3545 5854 3762 5928 poeula,

2178 5956 2392 6011 bibente
2436 5956 2695 6012 nin'iirum
2717 5955 3072 6026 imperatore,
3092 5949 3552 6025 proferebantur.
