  <div class='ocr_page' id='page_1' title='image "/cluster/home/n/w/nwhite01/storage/ocr_20150623/157/coo.31924054870625/160.png"; bbox 0 0 4064 6420; ppageno 0'>
   <div class='ocr_carea' id='block_1_1' title="bbox 394 437 500 494">
    <p class='ocr_par' dir='ltr' id='par_1_1' title="bbox 394 437 500 494">
     <span class='ocr_line' id='line_1_1' title="bbox 394 437 500 494; baseline 0 0"><span class='ocrx_word' id='word_1_1' title='bbox 394 437 500 494; x_wconf 75' lang='lat'><strong>309</strong></span> 
     </span>
    </p>
   </div>
   <div class='ocr_carea' id='block_1_2' title="bbox 468 534 1521 616">
    <p class='ocr_par' dir='ltr' id='par_1_2' title="bbox 468 534 1521 616">
     <span class='ocr_line' id='line_1_2' title="bbox 468 534 1521 616; baseline -0.018 -13"><span class='ocrx_word' id='word_1_2' title='bbox 468 551 565 612; x_wconf 79' lang='lat' dir='ltr'><strong>Et;</strong></span> <span class='ocrx_word' id='word_1_3' title='bbox 599 547 704 616; x_wconf 81' lang='grc' dir='ltr'>τὴν</span> <span class='ocrx_word' id='word_1_4' title='bbox 747 539 1034 616; x_wconf 74' lang='grc' dir='ltr'>τράπεζαν</span> <span class='ocrx_word' id='word_1_5' title='bbox 1059 537 1285 608; x_wconf 75' lang='grc' dir='ltr'><strong>εὔχεται</strong></span> <span class='ocrx_word' id='word_1_6' title='bbox 1313 534 1486 596; x_wconf 80' lang='grc' dir='ltr'>οὓτως</span> <span class='ocrx_word' id='word_1_7' title='bbox 1509 550 1521 564; x_wconf 75' lang='grc' dir='ltr'><strong>ο</strong></span> 
     </span>
    </p>
   </div>
   <div class='ocr_carea' id='block_1_3' title="bbox 401 620 1984 717">
    <p class='ocr_par' dir='ltr' id='par_1_3' title="bbox 401 620 1984 717">
     <span class='ocr_line' id='line_1_3' title="bbox 401 620 1984 717; baseline -0.016 -20"><span class='ocrx_word' id='word_1_8' title='bbox 401 644 643 717; x_wconf 81' lang='grc' dir='ltr'>χρόνιον,</span> <span class='ocrx_word' id='word_1_9' title='bbox 675 638 844 708; x_wconf 79' lang='grc' dir='ltr'>ζωὴν,</span> <span class='ocrx_word' id='word_1_10' title='bbox 874 637 1124 704; x_wconf 77' lang='grc' dir='ltr'><strong>εἰρήνην,</strong></span> <span class='ocrx_word' id='word_1_11' title='bbox 1158 628 1371 698; x_wconf 72' lang='grc' dir='ltr'>ὑγείαν,</span> <span class='ocrx_word' id='word_1_12' title='bbox 1423 627 1686 680; x_wconf 73' lang='grc' dir='ltr'>εὐόδωςιν</span> <span class='ocrx_word' id='word_1_13' title='bbox 1720 622 1818 676; x_wconf 71' lang='grc' dir='ltr'><strong>καὶ</strong></span> <span class='ocrx_word' id='word_1_14' title='bbox 1861 620 1984 674; x_wconf 78' lang='grc' dir='ltr'>κατ’</span> 
     </span>
    </p>
   </div>
   <div class='ocr_carea' id='block_1_4' title="bbox 407 714 1990 808">
    <p class='ocr_par' dir='ltr' id='par_1_4' title="bbox 407 714 1990 808">
     <span class='ocr_line' id='line_1_4' title="bbox 407 714 1990 808; baseline -0.018 -17"><span class='ocrx_word' id='word_1_15' title='bbox 407 714 618 808; x_wconf 50' lang='grc' dir='ltr'><strong>ἐχθρῶν</strong></span> <span class='ocrx_word' id='word_1_16' title='bbox 637 731 798 802; x_wconf 85' lang='grc' dir='ltr'>νίκην</span> <span class='ocrx_word' id='word_1_17' title='bbox 829 727 935 782; x_wconf 83' lang='grc' dir='ltr'><strong>τῶν</strong></span> <span class='ocrx_word' id='word_1_18' title='bbox 970 721 1256 795; x_wconf 76' lang='grc' dir='ltr'>κραταιῶν.</span> <span class='ocrx_word' id='word_1_19' title='bbox 1271 721 1367 774; x_wconf 75' lang='grc' dir='ltr'><strong>καὶ</strong></span> <span class='ocrx_word' id='word_1_20' title='bbox 1393 718 1568 788; x_wconf 72' lang='grc' dir='ltr'>ἁγίων</span> <span class='ocrx_word' id='word_1_21' title='bbox 1602 715 1762 788; x_wconf 79' lang='grc' dir='ltr'><strong>ἡμῶν</strong></span> <span class='ocrx_word' id='word_1_22' title='bbox 1794 714 1990 768; x_wconf 78' lang='grc' dir='ltr'>αὐθεν-</span> 
     </span>
    </p>
   </div>
   <div class='ocr_carea' id='block_1_5' title="bbox 406 822 962 896">
    <p class='ocr_par' dir='ltr' id='par_1_5' title="bbox 406 822 962 896">
     <span class='ocr_line' id='line_1_5' title="bbox 406 822 962 896; baseline -0.02 -12"><span class='ocrx_word' id='word_1_23' title='bbox 406 831 518 884; x_wconf 81' lang='grc' dir='ltr'>τῶν</span> <span class='ocrx_word' id='word_1_24' title='bbox 547 826 640 882; x_wconf 72' lang='grc' dir='ltr'>καὶ</span> <span class='ocrx_word' id='word_1_25' title='bbox 671 822 962 896; x_wconf 77' lang='grc' dir='ltr'><strong>βασιλέων.</strong></span> 
     </span>
    </p>
   </div>
   <div class='ocr_carea' id='block_1_6' title="bbox 407 902 1778 981">
    <p class='ocr_par' dir='ltr' id='par_1_6' title="bbox 407 902 1778 981">
     <span class='ocr_line' id='line_1_6' title="bbox 407 902 1778 981; baseline -0.018 -3"><span class='ocrx_word' id='word_1_26' title='bbox 407 922 564 978; x_wconf 82' lang='lat' dir='ltr'><strong>Votis</strong></span> <span class='ocrx_word' id='word_1_27' title='bbox 585 920 703 976; x_wconf 89' lang='lat' dir='ltr'><strong>istis</strong></span> <span class='ocrx_word' id='word_1_28' title='bbox 730 920 784 972; x_wconf 88' lang='lat' dir='ltr'><strong>in</strong></span> <span class='ocrx_word' id='word_1_29' title='bbox 817 915 1050 971; x_wconf 83' lang='lat' dir='ltr'><strong>ecclesia</strong></span> <span class='ocrx_word' id='word_1_30' title='bbox 1079 907 1448 981; x_wconf 87' lang='lat' dir='ltr'><strong>patriarcham</strong></span> <span class='ocrx_word' id='word_1_31' title='bbox 1475 902 1778 970; x_wconf 88' lang='lat' dir='ltr'><strong>excipiunt:</strong></span> 
     </span>
    </p>
   </div>
   <div class='ocr_carea' id='block_1_7' title="bbox 478 995 1996 1077">
    <p class='ocr_par' dir='ltr' id='par_1_7' title="bbox 478 995 1996 1077">
     <span class='ocr_line' id='line_1_7' title="bbox 478 995 1996 1077; baseline -0.014 -11"><span class='ocrx_word' id='word_1_32' title='bbox 478 1013 586 1067; x_wconf 85' lang='grc' dir='ltr'><strong>Τὸν</strong></span> <span class='ocrx_word' id='word_1_33' title='bbox 616 1010 892 1077; x_wconf 79' lang='grc' dir='ltr'><strong>δεσπότην</strong></span> <span class='ocrx_word' id='word_1_34' title='bbox 915 1007 1011 1059; x_wconf 71' lang='grc' dir='ltr'>καὶ</span> <span class='ocrx_word' id='word_1_35' title='bbox 1040 1002 1310 1074; x_wconf 78' lang='grc' dir='ltr'>ἀρχιερέα</span> <span class='ocrx_word' id='word_1_36' title='bbox 1339 997 1520 1069; x_wconf 79' lang='grc' dir='ltr'>ἡμῶν,</span> <span class='ocrx_word' id='word_1_37' title='bbox 1559 997 1760 1066; x_wconf 78' lang='grc' dir='ltr'>Κύριε,</span> <span class='ocrx_word' id='word_1_38' title='bbox 1792 995 1996 1065; x_wconf 83' lang='grc' dir='ltr'>φύλατ-</span> 
     </span>
    </p>
   </div>
   <div class='ocr_carea' id='block_1_8' title="bbox 409 1088 1997 1173">
    <p class='ocr_par' dir='ltr' id='par_1_8' title="bbox 409 1088 1997 1173">
     <span class='ocr_line' id='line_1_8' title="bbox 409 1088 1997 1173; baseline -0.025 -11"><span class='ocrx_word' id='word_1_39' title='bbox 409 1126 490 1162; x_wconf 84' lang='grc' dir='ltr'>τε.</span> <span class='ocrx_word' id='word_1_40' title='bbox 523 1107 760 1173; x_wconf 77' lang='grc' dir='ltr'><strong>Λέγεται</strong></span> <span class='ocrx_word' id='word_1_41' title='bbox 798 1101 854 1154; x_wconf 74' lang='grc' dir='ltr'><strong>δὲ</strong></span> <span class='ocrx_word' id='word_1_42' title='bbox 884 1101 1029 1170; x_wconf 68' lang='lat' dir='ltr'><strong>cpit,&quot;</strong></span> <span class='ocrx_word' id='word_1_43' title='bbox 1066 1097 1234 1166; x_wconf 76' lang='lat'><strong>278</strong></span> <span class='ocrx_word' id='word_1_44' title='bbox 1278 1095 1372 1157; x_wconf 75' lang='lat' dir='ltr'><strong>Et;</strong></span> <span class='ocrx_word' id='word_1_45' title='bbox 1433 1090 1609 1145; x_wconf 82' lang='grc' dir='ltr'>πολλὰ</span> <span class='ocrx_word' id='word_1_46' title='bbox 1666 1089 1786 1158; x_wconf 72' lang='grc' dir='ltr'>ἐτη,</span> <span class='ocrx_word' id='word_1_47' title='bbox 1839 1088 1997 1158; x_wconf 75' lang='grc' dir='ltr'>Τρίς.</span> 
     </span>
    </p>
   </div>
   <div class='ocr_carea' id='block_1_9' title="bbox 417 1182 1997 1268">
    <p class='ocr_par' dir='ltr' id='par_1_9' title="bbox 417 1182 1997 1268">
     <span class='ocr_line' id='line_1_9' title="bbox 417 1182 1997 1268; baseline -0.014 -12"><span class='ocrx_word' id='word_1_48' title='bbox 417 1201 510 1264; x_wconf 83' lang='lat' dir='ltr'><strong>Et;</strong></span> <span class='ocrx_word' id='word_1_49' title='bbox 536 1200 594 1254; x_wconf 77' lang='grc' dir='ltr'><strong>δὲ</strong></span> <span class='ocrx_word' id='word_1_50' title='bbox 623 1199 726 1266; x_wconf 75' lang='grc' dir='ltr'><strong>τὴν</strong></span> <span class='ocrx_word' id='word_1_51' title='bbox 760 1194 1050 1268; x_wconf 81' lang='grc' dir='ltr'>τράπεζαν</span> <span class='ocrx_word' id='word_1_52' title='bbox 1080 1190 1308 1262; x_wconf 75' lang='grc' dir='ltr'><strong>εὔχεται</strong></span> <span class='ocrx_word' id='word_1_53' title='bbox 1335 1186 1512 1249; x_wconf 77' lang='grc' dir='ltr'>οὕτως</span> <span class='ocrx_word' id='word_1_54' title='bbox 1545 1201 1560 1218; x_wconf 80' lang='grc'><strong><em>⁸</em></strong></span> <span class='ocrx_word' id='word_1_55' title='bbox 1601 1187 1697 1248; x_wconf 72' lang='lat' dir='ltr'><strong>El;</strong></span> <span class='ocrx_word' id='word_1_56' title='bbox 1736 1184 1797 1237; x_wconf 80' lang='grc' dir='ltr'><strong>τὸ</strong></span> <span class='ocrx_word' id='word_1_57' title='bbox 1829 1182 1997 1237; x_wconf 81' lang='grc' dir='ltr'>πολυ-</span> 
     </span>
    </p>
   </div>
   <div class='ocr_carea' id='block_1_10' title="bbox 417 1273 2001 1364">
    <p class='ocr_par' dir='ltr' id='par_1_10' title="bbox 417 1273 2001 1364">
     <span class='ocr_line' id='line_1_10' title="bbox 417 1273 2001 1364; baseline -0.013 -17"><span class='ocrx_word' id='word_1_58' title='bbox 417 1293 650 1364; x_wconf 80' lang='grc' dir='ltr'>χρόνιον,</span> <span class='ocrx_word' id='word_1_59' title='bbox 685 1286 852 1358; x_wconf 77' lang='grc' dir='ltr'>ζωὴν,</span> <span class='ocrx_word' id='word_1_60' title='bbox 887 1287 1136 1356; x_wconf 81' lang='grc' dir='ltr'>εἰρήνην,</span> <span class='ocrx_word' id='word_1_61' title='bbox 1168 1281 1360 1350; x_wconf 76' lang='grc' dir='ltr'>ὑγείαν</span> <span class='ocrx_word' id='word_1_62' title='bbox 1420 1280 1518 1332; x_wconf 74' lang='grc' dir='ltr'><strong>καὶ</strong></span> <span class='ocrx_word' id='word_1_63' title='bbox 1577 1276 1862 1347; x_wconf 80' lang='grc' dir='ltr'>σωτηρίαν</span> <span class='ocrx_word' id='word_1_64' title='bbox 1904 1273 2001 1328; x_wconf 80' lang='grc' dir='ltr'><strong>τοῦ</strong></span> 
     </span>
    </p>
   </div>
   <div class='ocr_carea' id='block_1_11' title="bbox 423 1369 2002 1452">
    <p class='ocr_par' dir='ltr' id='par_1_11' title="bbox 423 1369 2002 1452">
     <span class='ocr_line' id='line_1_11' title="bbox 423 1369 2002 1452; baseline -0.012 -13"><span class='ocrx_word' id='word_1_65' title='bbox 423 1381 848 1452; x_wconf 85' lang='grc' dir='ltr'>παναγιωτόιτου</span> <span class='ocrx_word' id='word_1_66' title='bbox 899 1377 1066 1450; x_wconf 75' lang='grc' dir='ltr'>ἡμῶν</span> <span class='ocrx_word' id='word_1_67' title='bbox 1123 1374 1390 1429; x_wconf 82' lang='grc' dir='ltr'><strong>δεσπότου</strong></span> <span class='ocrx_word' id='word_1_68' title='bbox 1462 1371 1558 1425; x_wconf 80' lang='grc' dir='ltr'>καὶ</span> <span class='ocrx_word' id='word_1_69' title='bbox 1614 1369 2002 1439; x_wconf 73' lang='grc' dir='ltr'>οἰκουμενικοῦ</span> 
     </span>
    </p>
   </div>
   <div class='ocr_carea' id='block_1_12' title="bbox 425 1469 1020 1547">
    <p class='ocr_par' dir='ltr' id='par_1_12' title="bbox 425 1469 1020 1547">
     <span class='ocr_line' id='line_1_12' title="bbox 425 1469 1020 1547; baseline -0.015 -15"><span class='ocrx_word' id='word_1_70' title='bbox 425 1477 782 1547; x_wconf 78' lang='grc' dir='ltr'><strong>πατριάρχου.</strong></span> <span class='ocrx_word' id='word_1_71' title='bbox 817 1469 1020 1542; x_wconf 77' lang='lat' dir='ltr'><strong>Go.\n.]</strong></span> 
     </span>
    </p>
   </div>
   <div class='ocr_carea' id='block_1_13' title="bbox 496 1553 2008 1637">
    <p class='ocr_par' dir='ltr' id='par_1_13' title="bbox 496 1553 2008 1637">
     <span class='ocr_line' id='line_1_13' title="bbox 496 1553 2008 1637; baseline -0.011 -14"><span class='ocrx_word' id='word_1_72' title='bbox 496 1569 558 1623; x_wconf 91' lang='lat' dir='ltr'><strong>P.</strong></span> <span class='ocrx_word' id='word_1_73' title='bbox 583 1569 673 1623; x_wconf 70' lang='grc'><strong>45.</strong></span> <span class='ocrx_word' id='word_1_74' title='bbox 708 1566 876 1637; x_wconf 81' lang='lat' dir='ltr'><strong><em>Cujus</em></strong></span> <span class='ocrx_word' id='word_1_75' title='bbox 911 1563 1200 1634; x_wconf 74' lang='lat' dir='ltr'><strong>lampadis,</strong></span> <span class='ocrx_word' id='word_1_76' title='bbox 1226 1569 1337 1616; x_wconf 91' lang='lat' dir='ltr'><strong>etc.</strong></span> <span class='ocrx_word' id='word_1_77' title='bbox 1361 1561 1557 1616; x_wconf 83' lang='lat' dir='ltr'><strong>Exstat</strong></span> <span class='ocrx_word' id='word_1_78' title='bbox 1590 1555 1864 1612; x_wconf 89' lang='lat' dir='ltr'><strong>Theodori</strong></span> <span class='ocrx_word' id='word_1_79' title='bbox 1887 1553 2008 1607; x_wconf 83' lang='lat' dir='ltr'><strong>Bal-</strong></span> 
     </span>
    </p>
   </div>
   <div class='ocr_carea' id='block_1_14' title="bbox 428 1650 2013 1722">
    <p class='ocr_par' dir='ltr' id='par_1_14' title="bbox 428 1650 2013 1722">
     <span class='ocr_line' id='line_1_14' title="bbox 428 1650 2013 1722; baseline -0.011 -4"><span class='ocrx_word' id='word_1_80' title='bbox 428 1661 878 1719; x_wconf 73' lang='lat' dir='ltr'><strong>samonismcl-ete</strong></span> <span class='ocrx_word' id='word_1_81' title='bbox 921 1671 1014 1713; x_wconf 89' lang='lat' dir='ltr'><strong>seu</strong></span> <span class='ocrx_word' id='word_1_82' title='bbox 1059 1655 1390 1722; x_wconf 77' lang='lat' dir='ltr'><strong>disceptatio</strong></span> <span class='ocrx_word' id='word_1_83' title='bbox 1421 1653 1488 1709; x_wconf 90' lang='lat' dir='ltr'><strong>de</strong></span> <span class='ocrx_word' id='word_1_84' title='bbox 1521 1652 1629 1708; x_wconf 92' lang='lat' dir='ltr'><strong>hoc</strong></span> <span class='ocrx_word' id='word_1_85' title='bbox 1663 1650 2013 1718; x_wconf 79' lang='lat' dir='ltr'><strong>moreimpc-</strong></span> 
     </span>
    </p>
   </div>
   <div class='ocr_carea' id='block_1_15' title="bbox 429 1743 2013 1824">
    <p class='ocr_par' dir='ltr' id='par_1_15' title="bbox 429 1743 2013 1824">
     <span class='ocr_line' id='line_1_15' title="bbox 429 1743 2013 1824; baseline -0.009 -14"><span class='ocrx_word' id='word_1_86' title='bbox 429 1755 598 1812; x_wconf 83' lang='lat' dir='ltr'><strong>ratori</strong></span> <span class='ocrx_word' id='word_1_87' title='bbox 631 1751 954 1824; x_wconf 64' lang='lat' dir='ltr'><strong>praeferendi</strong></span> <span class='ocrx_word' id='word_1_88' title='bbox 990 1751 1324 1820; x_wconf 80' lang='lat' dir='ltr'><strong>lampadem,</strong></span> <span class='ocrx_word' id='word_1_89' title='bbox 1365 1757 1424 1804; x_wconf 91' lang='lat' dir='ltr'><strong>ut</strong></span> <span class='ocrx_word' id='word_1_90' title='bbox 1455 1755 1519 1804; x_wconf 89' lang='lat' dir='ltr'><strong>et</strong></span> <span class='ocrx_word' id='word_1_91' title='bbox 1568 1743 1907 1814; x_wconf 89' lang='lat' dir='ltr'><strong>imperatrici</strong></span> <span class='ocrx_word' id='word_1_92' title='bbox 1958 1749 2013 1796; x_wconf 91' lang='lat' dir='ltr'><strong>et</strong></span> 
     </span>
    </p>
   </div>
   <div class='ocr_carea' id='block_1_16' title="bbox 435 1837 2016 1919">
    <p class='ocr_par' dir='ltr' id='par_1_16' title="bbox 435 1837 2016 1919">
     <span class='ocr_line' id='line_1_16' title="bbox 435 1837 2016 1919; baseline -0.009 -15"><span class='ocrx_word' id='word_1_93' title='bbox 435 1852 681 1919; x_wconf 88' lang='lat' dir='ltr'><strong>quinque</strong></span> <span class='ocrx_word' id='word_1_94' title='bbox 714 1845 1067 1918; x_wconf 88' lang='lat' dir='ltr'><strong>patriarcbis,</strong></span> <span class='ocrx_word' id='word_1_95' title='bbox 1121 1843 1395 1909; x_wconf 85' lang='lat' dir='ltr'><strong>Romano,</strong></span> <span class='ocrx_word' id='word_1_96' title='bbox 1436 1840 1745 1912; x_wconf 90' lang='lat' dir='ltr'><strong>Cpolitano,</strong></span> <span class='ocrx_word' id='word_1_97' title='bbox 1783 1837 2016 1892; x_wconf 84' lang='lat' dir='ltr'><strong>Alexan—</strong></span> 
     </span>
    </p>
   </div>
   <div class='ocr_carea' id='block_1_17' title="bbox 433 1931 2022 2016">
    <p class='ocr_par' dir='ltr' id='par_1_17' title="bbox 433 1931 2022 2016">
     <span class='ocr_line' id='line_1_17' title="bbox 433 1931 2022 2016; baseline -0.008 -19"><span class='ocrx_word' id='word_1_98' title='bbox 433 1943 614 2007; x_wconf 87' lang='lat' dir='ltr'><strong>drino,</strong></span> <span class='ocrx_word' id='word_1_99' title='bbox 645 1941 1017 2016; x_wconf 77' lang='lat' dir='ltr'><strong>Antincheno,</strong></span> <span class='ocrx_word' id='word_1_100' title='bbox 1039 1937 1568 2009; x_wconf 82' lang='lat' dir='ltr'><strong>Hierosolymitano.</strong></span> <span class='ocrx_word' id='word_1_101' title='bbox 1594 1934 1684 1998; x_wconf 88' lang='lat' dir='ltr'><strong>Ait</strong></span> <span class='ocrx_word' id='word_1_102' title='bbox 1707 1931 2022 2003; x_wconf 84' lang='lat' dir='ltr'><strong>imperatori</strong></span> 
     </span>
    </p>
   </div>
   <div class='ocr_carea' id='block_1_18' title="bbox 438 2023 2021 2105">
    <p class='ocr_par' dir='ltr' id='par_1_18' title="bbox 438 2023 2021 2105">
     <span class='ocr_line' id='line_1_18' title="bbox 438 2023 2021 2105; baseline -0.009 -13"><span class='ocrx_word' id='word_1_103' title='bbox 438 2036 708 2105; x_wconf 83' lang='lat' dir='ltr'><strong>duplicem</strong></span> <span class='ocrx_word' id='word_1_104' title='bbox 737 2035 805 2090; x_wconf 94' lang='lat' dir='ltr'><strong>ob</strong></span> <span class='ocrx_word' id='word_1_105' title='bbox 827 2049 1048 2091; x_wconf 83' lang='lat' dir='ltr'><strong>causam</strong></span> <span class='ocrx_word' id='word_1_106' title='bbox 1080 2029 1330 2102; x_wconf 78' lang='lat' dir='ltr'><strong>praeferri</strong></span> <span class='ocrx_word' id='word_1_107' title='bbox 1363 2029 1694 2099; x_wconf 85' lang='lat' dir='ltr'><strong>lampadem,</strong></span> <span class='ocrx_word' id='word_1_108' title='bbox 1727 2037 1842 2080; x_wconf 92' lang='lat' dir='ltr'><strong>tum</strong></span> <span class='ocrx_word' id='word_1_109' title='bbox 1890 2023 2021 2094; x_wconf 89' lang='lat' dir='ltr'><strong>quia</strong></span> 
     </span>
    </p>
   </div>
   <div class='ocr_carea' id='block_1_19' title="bbox 441 2115 2020 2197">
    <p class='ocr_par' dir='ltr' id='par_1_19' title="bbox 441 2115 2020 2197">
     <span class='ocr_line' id='line_1_19' title="bbox 441 2115 2020 2197; baseline -0.009 -13"><span class='ocrx_word' id='word_1_110' title='bbox 441 2131 679 2184; x_wconf 88' lang='lat' dir='ltr'><strong>humana</strong></span> <span class='ocrx_word' id='word_1_111' title='bbox 713 2138 828 2183; x_wconf 92' lang='lat' dir='ltr'><strong>tum</strong></span> <span class='ocrx_word' id='word_1_112' title='bbox 860 2127 988 2197; x_wconf 87' lang='lat' dir='ltr'><strong>quia</strong></span> <span class='ocrx_word' id='word_1_113' title='bbox 1019 2125 1204 2181; x_wconf 83' lang='lat' dir='ltr'><strong>divina</strong></span> <span class='ocrx_word' id='word_1_114' title='bbox 1228 2131 1407 2189; x_wconf 88' lang='lat' dir='ltr'><strong>curat,</strong></span> <span class='ocrx_word' id='word_1_115' title='bbox 1433 2129 1658 2192; x_wconf 90' lang='lat' dir='ltr'><strong>tamque</strong></span> <span class='ocrx_word' id='word_1_116' title='bbox 1692 2134 1756 2174; x_wconf 86' lang='lat' dir='ltr'><strong>ea</strong></span> <span class='ocrx_word' id='word_1_117' title='bbox 1787 2133 1920 2188; x_wconf 75' lang='lat' dir='ltr'><strong>qua:</strong></span> <span class='ocrx_word' id='word_1_118' title='bbox 1951 2115 2020 2170; x_wconf 85' lang='lat' dir='ltr'><strong>ad</strong></span> 
     </span>
    </p>
   </div>
   <div class='ocr_carea' id='block_1_20' title="bbox 451 2210 2024 2293">
    <p class='ocr_par' dir='ltr' id='par_1_20' title="bbox 451 2210 2024 2293">
     <span class='ocr_line' id='line_1_20' title="bbox 451 2210 2024 2293; baseline -0.011 -12"><span class='ocrx_word' id='word_1_119' title='bbox 451 2238 643 2293; x_wconf 85' lang='lat' dir='ltr'><strong>corpus</strong></span> <span class='ocrx_word' id='word_1_120' title='bbox 667 2236 828 2292; x_wconf 88' lang='lat' dir='ltr'><strong>quam</strong></span> <span class='ocrx_word' id='word_1_121' title='bbox 860 2235 920 2275; x_wconf 86' lang='lat' dir='ltr'><strong>ea</strong></span> <span class='ocrx_word' id='word_1_122' title='bbox 944 2233 1066 2289; x_wconf 84' lang='lat' dir='ltr'><strong>quae</strong></span> <span class='ocrx_word' id='word_1_123' title='bbox 1094 2217 1161 2272; x_wconf 83' lang='lat' dir='ltr'><strong>ad</strong></span> <span class='ocrx_word' id='word_1_124' title='bbox 1191 2216 1435 2270; x_wconf 86' lang='lat' dir='ltr'><strong>animam</strong></span> <span class='ocrx_word' id='word_1_125' title='bbox 1494 2212 1776 2284; x_wconf 88' lang='lat' dir='ltr'><strong>pertinent</strong></span> <span class='ocrx_word' id='word_1_126' title='bbox 1830 2210 2024 2280; x_wconf 90' lang='lat' dir='ltr'><strong>(hujus</strong></span> 
     </span>
    </p>
   </div>
   <div class='ocr_carea' id='block_1_21' title="bbox 453 2300 2027 2384">
    <p class='ocr_par' dir='ltr' id='par_1_21' title="bbox 453 2300 2027 2384">
     <span class='ocr_line' id='line_1_21' title="bbox 453 2300 2027 2384; baseline -0.009 -15"><span class='ocrx_word' id='word_1_127' title='bbox 453 2315 589 2370; x_wconf 89' lang='lat' dir='ltr'><strong>enim</strong></span> <span class='ocrx_word' id='word_1_128' title='bbox 622 2312 852 2382; x_wconf 72' lang='lat' dir='ltr'><strong>gemina:</strong></span> <span class='ocrx_word' id='word_1_129' title='bbox 874 2308 1161 2384; x_wconf 76' lang='lat' dir='ltr'><strong>potestatis</strong></span> <span class='ocrx_word' id='word_1_130' title='bbox 1185 2304 1549 2363; x_wconf 86' lang='lat' dir='ltr'><strong>concessione</strong></span> <span class='ocrx_word' id='word_1_131' title='bbox 1598 2300 2027 2360; x_wconf 87' lang='lat' dir='ltr'><strong>blandiebantur</strong></span> 
     </span>
    </p>
   </div>
   <div class='ocr_carea' id='block_1_22' title="bbox 452 2394 2031 2469">
    <p class='ocr_par' dir='ltr' id='par_1_22' title="bbox 452 2394 2031 2469">
     <span class='ocr_line' id='line_1_22' title="bbox 452 2394 2031 2469; baseline -0.008 -8"><span class='ocrx_word' id='word_1_132' title='bbox 452 2407 774 2462; x_wconf 81' lang='lat' dir='ltr'><strong>recentiores</strong></span> <span class='ocrx_word' id='word_1_133' title='bbox 812 2402 985 2459; x_wconf 61' lang='lat' dir='ltr'><strong>Graeci</strong></span> <span class='ocrx_word' id='word_1_134' title='bbox 1022 2401 1138 2458; x_wconf 87' lang='lat' dir='ltr'><strong>suis</strong></span> <span class='ocrx_word' id='word_1_135' title='bbox 1182 2396 1667 2469; x_wconf 84' lang='lat' dir='ltr'><strong>imperatoribus),</strong></span> <span class='ocrx_word' id='word_1_136' title='bbox 1723 2411 1898 2466; x_wconf 85' lang='lat' dir='ltr'><strong>eaque</strong></span> <span class='ocrx_word' id='word_1_137' title='bbox 1961 2394 2031 2450; x_wconf 91' lang='lat' dir='ltr'><strong>de</strong></span> 
     </span>
    </p>
   </div>
   <div class='ocr_carea' id='block_1_23' title="bbox 453 2489 2033 2567">
    <p class='ocr_par' dir='ltr' id='par_1_23' title="bbox 453 2489 2033 2567">
     <span class='ocr_line' id='line_1_23' title="bbox 453 2489 2033 2567; baseline -0.007 -13"><span class='ocrx_word' id='word_1_138' title='bbox 453 2513 619 2554; x_wconf 87' lang='lat' dir='ltr'><strong>causa</strong></span> <span class='ocrx_word' id='word_1_139' title='bbox 649 2494 1303 2567; x_wconf 88' lang='lat' dir='ltr'><strong>lampadesimperatoris</strong></span> <span class='ocrx_word' id='word_1_140' title='bbox 1347 2489 1671 2562; x_wconf 86' lang='lat' dir='ltr'><strong>duplicibus</strong></span> <span class='ocrx_word' id='word_1_141' title='bbox 1701 2489 1890 2545; x_wconf 84' lang='lat' dir='ltr'><strong>aureis</strong></span> <span class='ocrx_word' id='word_1_142' title='bbox 1942 2503 2033 2544; x_wconf 90' lang='lat' dir='ltr'><strong>co-</strong></span> 
     </span>
    </p>
   </div>
   <div class='ocr_carea' id='block_1_24' title="bbox 457 2581 2027 2656">
    <p class='ocr_par' dir='ltr' id='par_1_24' title="bbox 457 2581 2027 2656">
     <span class='ocr_line' id='line_1_24' title="bbox 457 2581 2027 2656; baseline -0.008 -10"><span class='ocrx_word' id='word_1_143' title='bbox 457 2590 608 2647; x_wconf 88' lang='lat' dir='ltr'><strong>ronis</strong></span> <span class='ocrx_word' id='word_1_144' title='bbox 634 2590 842 2645; x_wconf 77' lang='lat' dir='ltr'><strong>cinctus</strong></span> <span class='ocrx_word' id='word_1_145' title='bbox 871 2602 1029 2653; x_wconf 83' lang='lat' dir='ltr'><strong>esse;</strong></span> <span class='ocrx_word' id='word_1_146' title='bbox 1086 2585 1525 2656; x_wconf 80' lang='lat' dir='ltr'><strong>patriarcharum</strong></span> <span class='ocrx_word' id='word_1_147' title='bbox 1555 2597 1686 2638; x_wconf 74' lang='lat' dir='ltr'><strong>vero</strong></span> <span class='ocrx_word' id='word_1_148' title='bbox 1719 2581 2027 2652; x_wconf 79' lang='lat' dir='ltr'><strong>lampades,</strong></span> 
     </span>
    </p>
   </div>
   <div class='ocr_carea' id='block_1_25' title="bbox 457 2676 2036 2754">
    <p class='ocr_par' dir='ltr' id='par_1_25' title="bbox 457 2676 2036 2754">
     <span class='ocr_line' id='line_1_25' title="bbox 457 2676 2036 2754; baseline -0.004 -15"><span class='ocrx_word' id='word_1_149' title='bbox 457 2694 516 2739; x_wconf 90' lang='lat' dir='ltr'><strong>ut</strong></span> <span class='ocrx_word' id='word_1_150' title='bbox 543 2693 597 2739; x_wconf 90' lang='lat' dir='ltr'><strong>et</strong></span> <span class='ocrx_word' id='word_1_151' title='bbox 636 2681 1026 2754; x_wconf 86' lang='lat' dir='ltr'><strong>imperatricis,</strong></span> <span class='ocrx_word' id='word_1_152' title='bbox 1054 2694 1162 2735; x_wconf 76' lang='lat' dir='ltr'><strong>una</strong></span> <span class='ocrx_word' id='word_1_153' title='bbox 1187 2688 1426 2745; x_wconf 89' lang='lat' dir='ltr'><strong>tantum,</strong></span> <span class='ocrx_word' id='word_1_154' title='bbox 1447 2693 1513 2733; x_wconf 92' lang='lat' dir='ltr'><strong>eo</strong></span> <span class='ocrx_word' id='word_1_155' title='bbox 1532 2677 1678 2748; x_wconf 89' lang='lat' dir='ltr'><strong>quod</strong></span> <span class='ocrx_word' id='word_1_156' title='bbox 1709 2676 2036 2746; x_wconf 68' lang='lat' dir='ltr'><strong>patriarchae</strong></span> 
     </span>
    </p>
   </div>
   <div class='ocr_carea' id='block_1_26' title="bbox 459 2767 2032 2847">
    <p class='ocr_par' dir='ltr' id='par_1_26' title="bbox 459 2767 2032 2847">
     <span class='ocr_line' id='line_1_26' title="bbox 459 2767 2032 2847; baseline -0.007 -15"><span class='ocrx_word' id='word_1_157' title='bbox 459 2776 826 2847; x_wconf 80' lang='lat' dir='ltr'><strong>spiritualium</strong></span> <span class='ocrx_word' id='word_1_158' title='bbox 847 2771 1232 2829; x_wconf 85' lang='lat' dir='ltr'><strong>tantummodo</strong></span> <span class='ocrx_word' id='word_1_159' title='bbox 1254 2769 1446 2826; x_wconf 87' lang='lat' dir='ltr'><strong>curam</strong></span> <span class='ocrx_word' id='word_1_160' title='bbox 1481 2769 1738 2835; x_wconf 86' lang='lat' dir='ltr'><strong>habeant,</strong></span> <span class='ocrx_word' id='word_1_161' title='bbox 1771 2767 2032 2823; x_wconf 88' lang='lat' dir='ltr'><strong>mulieres</strong></span> 
     </span>
    </p>
   </div>
   <div class='ocr_carea' id='block_1_27' title="bbox 461 2858 2038 2940">
    <p class='ocr_par' dir='ltr' id='par_1_27' title="bbox 461 2858 2038 2940">
     <span class='ocr_line' id='line_1_27' title="bbox 461 2858 2038 2940; baseline -0.006 -17"><span class='ocrx_word' id='word_1_162' title='bbox 461 2867 783 2940; x_wconf 82' lang='lat' dir='ltr'><strong>temporalia</strong></span> <span class='ocrx_word' id='word_1_163' title='bbox 811 2867 1081 2922; x_wconf 84' lang='lat' dir='ltr'><strong>duntaxat</strong></span> <span class='ocrx_word' id='word_1_164' title='bbox 1142 2870 1414 2934; x_wconf 88' lang='lat' dir='ltr'><strong>spectent,</strong></span> <span class='ocrx_word' id='word_1_165' title='bbox 1474 2861 1679 2932; x_wconf 86' lang='lat' dir='ltr'><strong>quippe</strong></span> <span class='ocrx_word' id='word_1_166' title='bbox 1724 2859 1929 2931; x_wconf 85' lang='lat' dir='ltr'><strong>quibus</strong></span> <span class='ocrx_word' id='word_1_167' title='bbox 1980 2858 2038 2913; x_wconf 90' lang='lat' dir='ltr'><strong>in</strong></span> 
     </span>
    </p>
   </div>
   <div class='ocr_carea' id='block_1_28' title="bbox 463 2955 1968 3016">
    <p class='ocr_par' dir='ltr' id='par_1_28' title="bbox 463 2955 1968 3016">
     <span class='ocr_line' id='line_1_28' title="bbox 463 2955 1968 3016; baseline -0.008 -1"><span class='ocrx_word' id='word_1_168' title='bbox 463 2961 694 3016; x_wconf 81' lang='lat' dir='ltr'><strong>coclesia</strong></span> <span class='ocrx_word' id='word_1_169' title='bbox 719 2959 924 3015; x_wconf 90' lang='lat' dir='ltr'><strong>docere</strong></span> <span class='ocrx_word' id='word_1_170' title='bbox 960 2956 1319 3012; x_wconf 86' lang='lat' dir='ltr'><strong>interdictum</strong></span> <span class='ocrx_word' id='word_1_171' title='bbox 1349 2955 1444 3008; x_wconf 88' lang='lat' dir='ltr'><strong>sit.</strong></span> <span class='ocrx_word' id='word_1_172' title='bbox 1964 3000 1968 3003; x_wconf 84' lang='lat'><strong>.</strong></span> 
     </span>
    </p>
   </div>
   <div class='ocr_carea' id='block_1_29' title="bbox 535 3041 2043 3116">
    <p class='ocr_par' dir='ltr' id='par_1_29' title="bbox 535 3041 2043 3116">
     <span class='ocr_line' id='line_1_29' title="bbox 535 3041 2043 3116; baseline -0.008 -8"><span class='ocrx_word' id='word_1_173' title='bbox 535 3051 803 3108; x_wconf 81' lang='lat' dir='ltr'><strong>Videntur</strong></span> <span class='ocrx_word' id='word_1_174' title='bbox 825 3061 1004 3106; x_wconf 88' lang='lat' dir='ltr'><strong>autem</strong></span> <span class='ocrx_word' id='word_1_175' title='bbox 1031 3051 1148 3106; x_wconf 65' lang='lat' dir='ltr'><strong>haec</strong></span> <span class='ocrx_word' id='word_1_176' title='bbox 1177 3063 1342 3104; x_wconf 87' lang='lat' dir='ltr'><strong>aurea</strong></span> <span class='ocrx_word' id='word_1_177' title='bbox 1373 3047 1456 3102; x_wconf 85' lang='lat' dir='ltr'><strong>vel</strong></span> <span class='ocrx_word' id='word_1_178' title='bbox 1488 3055 1744 3116; x_wconf 85' lang='lat' dir='ltr'><strong>argentea</strong></span> <span class='ocrx_word' id='word_1_179' title='bbox 1765 3041 2043 3114; x_wconf 81' lang='grc' dir='ltr'><strong>στεφανώ-</strong></span> 
     </span>
    </p>
   </div>
   <div class='ocr_carea' id='block_1_30' title="bbox 469 3138 2041 3216">
    <p class='ocr_par' dir='ltr' id='par_1_30' title="bbox 469 3138 2041 3216">
     <span class='ocr_line' id='line_1_30' title="bbox 469 3138 2041 3216; baseline -0.007 -15"><span class='ocrx_word' id='word_1_180' title='bbox 469 3163 637 3216; x_wconf 81' lang='grc' dir='ltr'>ματα,</span> <span class='ocrx_word' id='word_1_181' title='bbox 677 3153 739 3200; x_wconf 88' lang='lat' dir='ltr'><strong>ut</strong></span> <span class='ocrx_word' id='word_1_182' title='bbox 760 3143 1052 3200; x_wconf 86' lang='lat' dir='ltr'><strong>Balsamon</strong></span> <span class='ocrx_word' id='word_1_183' title='bbox 1086 3151 1262 3204; x_wconf 76' lang='lat' dir='ltr'><strong>vocat;</strong></span> <span class='ocrx_word' id='word_1_184' title='bbox 1303 3148 1356 3194; x_wconf 90' lang='lat' dir='ltr'><strong>et</strong></span> <span class='ocrx_word' id='word_1_185' title='bbox 1382 3138 1773 3210; x_wconf 80' lang='grc' dir='ltr'>θριγγὼματα,</span> <span class='ocrx_word' id='word_1_186' title='bbox 1823 3149 2041 3192; x_wconf 79' lang='lat' dir='ltr'><strong>coronae</strong></span> 
     </span>
    </p>
   </div>
   <div class='ocr_carea' id='block_1_31' title="bbox 1498 397 2618 475">
    <p class='ocr_par' dir='ltr' id='par_1_31' title="bbox 1498 397 2618 475">
     <span class='ocr_line' id='line_1_31' title="bbox 1498 397 2618 475; baseline -0.021 1"><span class='ocrx_word' id='word_1_187' title='bbox 1498 409 1886 475; x_wconf 69' lang='grc' dir='ltr'>διιΕτεΕιιι</span> <span class='ocrx_word' id='word_1_188' title='bbox 1924 409 2017 466; x_wconf 80' lang='lat' dir='ltr'><strong>E&#39;l‘</strong></span> <span class='ocrx_word' id='word_1_189' title='bbox 2057 404 2296 463; x_wconf 66' lang='lat' dir='ltr'><strong>GOARI</strong></span> <span class='ocrx_word' id='word_1_190' title='bbox 2343 397 2584 459; x_wconf 60' lang='lat' dir='ltr'><strong>NOTJ‘Z-</strong></span> <span class='ocrx_word' id='word_1_191' title='bbox 2615 416 2618 420; x_wconf 93' lang='grc'><strong>·</strong></span> 
     </span>
    </p>
   </div>
   <div class='ocr_carea' id='block_1_32' title="bbox 1591 493 3686 595">
    <p class='ocr_par' dir='ltr' id='par_1_32' title="bbox 1591 493 3686 595">
     <span class='ocr_line' id='line_1_32' title="bbox 1591 493 3686 595; baseline -0.019 -11"><span class='ocrx_word' id='word_1_192' title='bbox 1591 534 1683 595; x_wconf 81' lang='grc' dir='ltr'><strong>Εἰς</strong></span> <span class='ocrx_word' id='word_1_193' title='bbox 1713 532 1775 583; x_wconf 82' lang='grc' dir='ltr'><strong>τὸ</strong></span> <span class='ocrx_word' id='word_1_194' title='bbox 1827 528 1996 581; x_wconf 77' lang='grc' dir='ltr'>πολυ-</span> <span class='ocrx_word' id='word_1_195' title='bbox 2029 532 2070 587; x_wconf 79' lang='grc' dir='ltr'><strong>Α</strong></span> <span class='ocrx_word' id='word_1_196' title='bbox 2103 523 2197 584; x_wconf 88' lang='lat' dir='ltr'><strong>sit,</strong></span> <span class='ocrx_word' id='word_1_197' title='bbox 2223 519 2474 575; x_wconf 85' lang='lat' dir='ltr'><strong>versibus</strong></span> <span class='ocrx_word' id='word_1_198' title='bbox 2499 512 2758 585; x_wconf 83' lang='lat' dir='ltr'><strong>explicat,</strong></span> <span class='ocrx_word' id='word_1_199' title='bbox 2792 507 2860 564; x_wconf 86' lang='lat' dir='ltr'><strong>de</strong></span> <span class='ocrx_word' id='word_1_200' title='bbox 2916 501 3176 560; x_wconf 86' lang='lat' dir='ltr'><strong>laudibus</strong></span> <span class='ocrx_word' id='word_1_201' title='bbox 3236 494 3466 558; x_wconf 82' lang='lat' dir='ltr'><strong>Justini,</strong></span> <span class='ocrx_word' id='word_1_202' title='bbox 3497 509 3537 559; x_wconf 87' lang='lat' dir='ltr'><strong>I,</strong></span> <span class='ocrx_word' id='word_1_203' title='bbox 3579 493 3686 546; x_wconf 64' lang='grc' dir='ltr'><strong>εὶοΞ</strong></span> 
     </span>
    </p>
   </div>
   <div class='ocr_carea' id='block_1_33' title="bbox 2093 603 2780 677">
    <p class='ocr_par' dir='ltr' id='par_1_33' title="bbox 2093 603 2780 677">
     <span class='ocr_line' id='line_1_33' title="bbox 2093 603 2780 677; baseline -0.019 -8"><span class='ocrx_word' id='word_1_204' title='bbox 2093 625 2146 669; x_wconf 91' lang='lat' dir='ltr'><strong>et</strong></span> <span class='ocrx_word' id='word_1_205' title='bbox 2171 612 2298 677; x_wconf 77' lang='lat'><strong>556,</strong></span> <span class='ocrx_word' id='word_1_206' title='bbox 2335 628 2396 676; x_wconf 89' lang='lat' dir='ltr'><strong>ll,</strong></span> <span class='ocrx_word' id='word_1_207' title='bbox 2431 610 2536 664; x_wconf 81' lang='grc'><strong>165</strong></span> <span class='ocrx_word' id='word_1_208' title='bbox 2566 617 2621 661; x_wconf 93' lang='lat' dir='ltr'><strong>et</strong></span> <span class='ocrx_word' id='word_1_209' title='bbox 2652 603 2780 659; x_wconf 84' lang='grc'><strong>³508.</strong></span> 
     </span>
    </p>
   </div>
   <div class='ocr_carea' id='block_1_34' title="bbox 3575 375 3688 438">
    <p class='ocr_par' dir='ltr' id='par_1_34' title="bbox 3575 375 3688 438">
     <span class='ocr_line' id='line_1_34' title="bbox 3575 375 3688 438; baseline -0.044 1"><span class='ocrx_word' id='word_1_210' title='bbox 3575 375 3688 438; x_wconf 75' lang='lat'><strong>310</strong></span> 
     </span>
    </p>
   </div>
   <div class='ocr_carea' id='block_1_35' title="bbox 2166 676 3693 772">
    <p class='ocr_par' dir='ltr' id='par_1_35' title="bbox 2166 676 3693 772">
     <span class='ocr_line' id='line_1_35' title="bbox 2166 676 3693 772; baseline -0.02 -14"><span class='ocrx_word' id='word_1_211' title='bbox 2166 703 2475 772; x_wconf 80' lang='lat' dir='ltr'><strong>Nicephoro</strong></span> <span class='ocrx_word' id='word_1_212' title='bbox 2511 698 2706 752; x_wconf 73' lang='lat' dir='ltr'><strong>Phncae</strong></span> <span class='ocrx_word' id='word_1_213' title='bbox 2735 693 2910 748; x_wconf 82' lang='lat' dir='ltr'><strong>factas</strong></span> <span class='ocrx_word' id='word_1_214' title='bbox 2941 684 3376 744; x_wconf 84' lang='lat' dir='ltr'><strong>acclamationes</strong></span> <span class='ocrx_word' id='word_1_215' title='bbox 3433 676 3693 738; x_wconf 57' lang='lat' dir='ltr'><strong>suaviter,</strong></span> 
     </span>
    </p>
   </div>
   <div class='ocr_carea' id='block_1_36' title="bbox 2095 772 3688 855">
    <p class='ocr_par' dir='ltr' id='par_1_36' title="bbox 2095 772 3688 855">
     <span class='ocr_line' id='line_1_36' title="bbox 2095 772 3688 855; baseline -0.022 -2"><span class='ocrx_word' id='word_1_216' title='bbox 2095 799 2398 855; x_wconf 86' lang='lat' dir='ltr'><strong>admodum</strong></span> <span class='ocrx_word' id='word_1_217' title='bbox 2436 791 2631 846; x_wconf 89' lang='lat' dir='ltr'><strong>irridet</strong></span> <span class='ocrx_word' id='word_1_218' title='bbox 2690 781 3068 855; x_wconf 85' lang='lat' dir='ltr'><strong>Luitprandus</strong></span> <span class='ocrx_word' id='word_1_219' title='bbox 3139 778 3194 831; x_wconf 92' lang='lat' dir='ltr'><strong>in</strong></span> <span class='ocrx_word' id='word_1_220' title='bbox 3250 772 3526 844; x_wconf 82' lang='lat' dir='ltr'><strong>legatione</strong></span> <span class='ocrx_word' id='word_1_221' title='bbox 3590 781 3688 823; x_wconf 89' lang='lat' dir='ltr'><strong>sua</strong></span> 
     </span>
    </p>
   </div>
   <div class='ocr_carea' id='block_1_37' title="bbox 2095 866 3694 954">
    <p class='ocr_par' dir='ltr' id='par_1_37' title="bbox 2095 866 3694 954">
     <span class='ocr_line' id='line_1_37' title="bbox 2095 866 3694 954; baseline -0.024 -7"><span class='ocrx_word' id='word_1_222' title='bbox 2095 887 2670 954; x_wconf 84' lang='lat' dir='ltr'><strong>CPolitana,loquens</strong></span> <span class='ocrx_word' id='word_1_223' title='bbox 2703 881 2771 934; x_wconf 92' lang='lat' dir='ltr'><strong>de</strong></span> <span class='ocrx_word' id='word_1_224' title='bbox 2834 871 3195 946; x_wconf 84' lang='lat' dir='ltr'><strong>processione</strong></span> <span class='ocrx_word' id='word_1_225' title='bbox 3219 866 3418 921; x_wconf 71' lang='lat' dir='ltr'><strong>Phocaa</strong></span> <span class='ocrx_word' id='word_1_226' title='bbox 3469 876 3536 915; x_wconf 87' lang='lat' dir='ltr'><strong>ex</strong></span> <span class='ocrx_word' id='word_1_227' title='bbox 3594 873 3694 927; x_wconf 86' lang='lat' dir='ltr'><strong>pa-</strong></span> 
     </span>
    </p>
   </div>
   <div class='ocr_carea' id='block_1_38' title="bbox 2099 951 3696 1042">
    <p class='ocr_par' dir='ltr' id='par_1_38' title="bbox 2099 951 3696 1042">
     <span class='ocr_line' id='line_1_38' title="bbox 2099 951 3696 1042; baseline -0.022 -4"><span class='ocrx_word' id='word_1_228' title='bbox 2099 985 2232 1039; x_wconf 83' lang='lat' dir='ltr'><strong>latio</strong></span> <span class='ocrx_word' id='word_1_229' title='bbox 2269 983 2336 1036; x_wconf 85' lang='lat' dir='ltr'><strong>ad</strong></span> <span class='ocrx_word' id='word_1_230' title='bbox 2369 951 2626 1034; x_wconf 77' lang='lat' dir='ltr'><strong>Sanctam</strong></span> <span class='ocrx_word' id='word_1_231' title='bbox 2677 972 2967 1042; x_wconf 85' lang='lat' dir='ltr'><strong>Sophiam.</strong></span> <span class='ocrx_word' id='word_1_232' title='bbox 3021 963 3174 1018; x_wconf 83' lang='lat' dir='ltr'><strong>Multi</strong></span> <span class='ocrx_word' id='word_1_233' title='bbox 3225 958 3472 1029; x_wconf 79' lang='lat' dir='ltr'><strong>profecto</strong></span> <span class='ocrx_word' id='word_1_234' title='bbox 3511 955 3563 1006; x_wconf 90' lang='lat' dir='ltr'><strong>in</strong></span> <span class='ocrx_word' id='word_1_235' title='bbox 3610 951 3696 1004; x_wconf 91' lang='lat' dir='ltr'><strong>his</strong></span> 
     </span>
    </p>
   </div>
   <div class='ocr_carea' id='block_1_39' title="bbox 2101 1039 3699 1130">
    <p class='ocr_par' dir='ltr' id='par_1_39' title="bbox 2101 1039 3699 1130">
     <span class='ocr_line' id='line_1_39' title="bbox 2101 1039 3699 1130; baseline -0.024 0"><span class='ocrx_word' id='word_1_236' title='bbox 2101 1069 2594 1130; x_wconf 86' lang='lat' dir='ltr'><strong>acclamationibus</strong></span> <span class='ocrx_word' id='word_1_237' title='bbox 2631 1039 2804 1115; x_wconf 57' lang='lat' dir='ltr'><strong>nona</strong></span> <span class='ocrx_word' id='word_1_238' title='bbox 2852 1059 2947 1127; x_wconf 83' lang='grc' dir='ltr'><strong>ἔτη</strong></span> <span class='ocrx_word' id='word_1_239' title='bbox 2995 1050 3453 1123; x_wconf 82' lang='lat' dir='ltr'><strong>apprecabantur,</strong></span> <span class='ocrx_word' id='word_1_240' title='bbox 3500 1039 3699 1111; x_wconf 85' lang='lat' dir='ltr'><strong>quibus</strong></span> 
     </span>
    </p>
   </div>
   <div class='ocr_carea' id='block_1_40' title="bbox 2105 1135 3697 1236">
    <p class='ocr_par' dir='ltr' id='par_1_40' title="bbox 2105 1135 3697 1236">
     <span class='ocr_line' id='line_1_40' title="bbox 2105 1135 3697 1236; baseline -0.024 -13"><span class='ocrx_word' id='word_1_241' title='bbox 2105 1167 2239 1223; x_wconf 86' lang='lat' dir='ltr'><strong>nihil</strong></span> <span class='ocrx_word' id='word_1_242' title='bbox 2272 1160 2580 1236; x_wconf 86' lang='lat' dir='ltr'><strong>jucundius</strong></span> <span class='ocrx_word' id='word_1_243' title='bbox 2626 1153 2879 1211; x_wconf 85' lang='lat' dir='ltr'><strong>accidere</strong></span> <span class='ocrx_word' id='word_1_244' title='bbox 2925 1146 3194 1219; x_wconf 86' lang='lat' dir='ltr'><strong>potuisset</strong></span> <span class='ocrx_word' id='word_1_245' title='bbox 3226 1154 3392 1210; x_wconf 86' lang='lat' dir='ltr'><strong>quam</strong></span> <span class='ocrx_word' id='word_1_246' title='bbox 3429 1137 3475 1192; x_wconf 88' lang='lat' dir='ltr'><strong>si</strong></span> <span class='ocrx_word' id='word_1_247' title='bbox 3523 1135 3697 1201; x_wconf 86' lang='lat' dir='ltr'><strong>impe-</strong></span> 
     </span>
    </p>
   </div>
   <div class='ocr_carea' id='block_1_41' title="bbox 2105 1227 3702 1323">
    <p class='ocr_par' dir='ltr' id='par_1_41' title="bbox 2105 1227 3702 1323">
     <span class='ocr_line' id='line_1_41' title="bbox 2105 1227 3702 1323; baseline -0.024 -5"><span class='ocrx_word' id='word_1_248' title='bbox 2105 1269 2256 1317; x_wconf 89' lang='lat' dir='ltr'><strong>rator</strong></span> <span class='ocrx_word' id='word_1_249' title='bbox 2287 1258 2383 1314; x_wconf 88' lang='lat' dir='ltr'><strong>illo</strong></span> <span class='ocrx_word' id='word_1_250' title='bbox 2420 1256 2541 1323; x_wconf 90' lang='lat' dir='ltr'><strong>ipso</strong></span> <span class='ocrx_word' id='word_1_251' title='bbox 2573 1251 2664 1306; x_wconf 89' lang='lat' dir='ltr'><strong>die</strong></span> <span class='ocrx_word' id='word_1_252' title='bbox 2691 1248 2828 1318; x_wconf 91' lang='lat' dir='ltr'><strong>quin</strong></span> <span class='ocrx_word' id='word_1_253' title='bbox 2861 1253 2915 1300; x_wconf 91' lang='lat' dir='ltr'><strong>et</strong></span> <span class='ocrx_word' id='word_1_254' title='bbox 2953 1243 3048 1296; x_wconf 88' lang='lat' dir='ltr'><strong>illo</strong></span> <span class='ocrx_word' id='word_1_255' title='bbox 3076 1244 3378 1300; x_wconf 86' lang='lat' dir='ltr'><strong>momento,</strong></span> <span class='ocrx_word' id='word_1_256' title='bbox 3413 1227 3702 1299; x_wconf 85' lang='lat' dir='ltr'><strong>repentina</strong></span> 
     </span>
    </p>
   </div>
   <div class='ocr_carea' id='block_1_42' title="bbox 2108 1340 2890 1410">
    <p class='ocr_par' dir='ltr' id='par_1_42' title="bbox 2108 1340 2890 1410">
     <span class='ocr_line' id='line_1_42' title="bbox 2108 1340 2890 1410; baseline -0.024 1"><span class='ocrx_word' id='word_1_257' title='bbox 2108 1360 2286 1410; x_wconf 86' lang='lat' dir='ltr'><strong>morte</strong></span> <span class='ocrx_word' id='word_1_258' title='bbox 2330 1347 2638 1404; x_wconf 78' lang='lat' dir='ltr'><strong>exstinctus</strong></span> <span class='ocrx_word' id='word_1_259' title='bbox 2672 1340 2890 1396; x_wconf 84' lang='lat' dir='ltr'><strong>luisset.</strong></span> 
     </span>
    </p>
   </div>
   <div class='ocr_carea' id='block_1_43' title="bbox 2183 1416 3706 1503">
    <p class='ocr_par' dir='ltr' id='par_1_43' title="bbox 2183 1416 3706 1503">
     <span class='ocr_line' id='line_1_43' title="bbox 2183 1416 3706 1503; baseline -0.025 1"><span class='ocrx_word' id='word_1_260' title='bbox 2183 1440 2546 1503; x_wconf 89' lang='lat' dir='ltr'><strong>Acclamandi</strong></span> <span class='ocrx_word' id='word_1_261' title='bbox 2580 1452 2700 1493; x_wconf 88' lang='lat' dir='ltr'><strong>mos</strong></span> <span class='ocrx_word' id='word_1_262' title='bbox 2732 1443 2888 1490; x_wconf 82' lang='lat' dir='ltr'><strong>vetus</strong></span> <span class='ocrx_word' id='word_1_263' title='bbox 2911 1438 3018 1496; x_wconf 89' lang='lat' dir='ltr'><strong>cst,</strong></span> <span class='ocrx_word' id='word_1_264' title='bbox 3054 1422 3414 1489; x_wconf 83' lang='lat' dir='ltr'><strong>manavitquc</strong></span> <span class='ocrx_word' id='word_1_265' title='bbox 3435 1434 3499 1472; x_wconf 85' lang='lat' dir='ltr'><strong>ex</strong></span> <span class='ocrx_word' id='word_1_266' title='bbox 3551 1416 3706 1468; x_wconf 83' lang='lat' dir='ltr'><strong>thea-</strong></span> 
     </span>
    </p>
   </div>
   <div class='ocr_carea' id='block_1_44' title="bbox 2111 1505 3710 1599">
    <p class='ocr_par' dir='ltr' id='par_1_44' title="bbox 2111 1505 3710 1599">
     <span class='ocr_line' id='line_1_44' title="bbox 2111 1505 3710 1599; baseline -0.026 -2"><span class='ocrx_word' id='word_1_267' title='bbox 2111 1540 2213 1596; x_wconf 88' lang='lat' dir='ltr'><strong>tris</strong></span> <span class='ocrx_word' id='word_1_268' title='bbox 2245 1539 2300 1593; x_wconf 91' lang='lat' dir='ltr'><strong>in</strong></span> <span class='ocrx_word' id='word_1_269' title='bbox 2333 1531 2693 1599; x_wconf 79' lang='lat' dir='ltr'><strong>fora,deinde</strong></span> <span class='ocrx_word' id='word_1_270' title='bbox 2709 1528 2875 1584; x_wconf 88' lang='lat' dir='ltr'><strong>etiam</strong></span> <span class='ocrx_word' id='word_1_271' title='bbox 2904 1526 2956 1578; x_wconf 89' lang='lat' dir='ltr'><strong>in</strong></span> <span class='ocrx_word' id='word_1_272' title='bbox 2985 1530 3271 1580; x_wconf 81' lang='lat' dir='ltr'><strong>senatum;</strong></span> <span class='ocrx_word' id='word_1_273' title='bbox 3306 1515 3431 1567; x_wconf 90' lang='lat' dir='ltr'><strong>hinc</strong></span> <span class='ocrx_word' id='word_1_274' title='bbox 3456 1509 3521 1564; x_wconf 84' lang='lat' dir='ltr'><strong>ad</strong></span> <span class='ocrx_word' id='word_1_275' title='bbox 3550 1505 3710 1561; x_wconf 88' lang='lat' dir='ltr'><strong>Chri-</strong></span> 
     </span>
    </p>
   </div>
   <div class='ocr_carea' id='block_1_45' title="bbox 2117 1597 3714 1697">
    <p class='ocr_par' dir='ltr' id='par_1_45' title="bbox 2117 1597 3714 1697">
     <span class='ocr_line' id='line_1_45' title="bbox 2117 1597 3714 1697; baseline -0.024 -8"><span class='ocrx_word' id='word_1_276' title='bbox 2117 1634 2425 1691; x_wconf 86' lang='lat' dir='ltr'><strong>stianorum</strong></span> <span class='ocrx_word' id='word_1_277' title='bbox 2455 1623 2718 1697; x_wconf 84' lang='lat' dir='ltr'><strong>synodos.</strong></span> <span class='ocrx_word' id='word_1_278' title='bbox 2740 1616 3062 1686; x_wconf 83' lang='lat' dir='ltr'><strong>Exemplum</strong></span> <span class='ocrx_word' id='word_1_279' title='bbox 3099 1609 3264 1679; x_wconf 79' lang='lat'><strong>279</strong></span> <span class='ocrx_word' id='word_1_280' title='bbox 3295 1597 3714 1660; x_wconf 85' lang='lat' dir='ltr'><strong>acc’amationis</strong></span> 
     </span>
    </p>
   </div>
   <div class='ocr_carea' id='block_1_46' title="bbox 2120 1690 3715 1783">
    <p class='ocr_par' dir='ltr' id='par_1_46' title="bbox 2120 1690 3715 1783">
     <span class='ocr_line' id='line_1_46' title="bbox 2120 1690 3715 1783; baseline -0.024 0"><span class='ocrx_word' id='word_1_281' title='bbox 2120 1725 2284 1783; x_wconf 81' lang='lat' dir='ltr'><strong>factae</strong></span> <span class='ocrx_word' id='word_1_282' title='bbox 2315 1729 2556 1778; x_wconf 88' lang='lat' dir='ltr'><strong>asenatu</strong></span> <span class='ocrx_word' id='word_1_283' title='bbox 2593 1715 2664 1771; x_wconf 79' lang='grc' dir='ltr'>Μ.</span> <span class='ocrx_word' id='word_1_284' title='bbox 2695 1711 2974 1768; x_wconf 81' lang='lat' dir='ltr'><strong>Antonino</strong></span> <span class='ocrx_word' id='word_1_285' title='bbox 3005 1709 3403 1761; x_wconf 85' lang='lat' dir='ltr'><strong>commemorat</strong></span> <span class='ocrx_word' id='word_1_286' title='bbox 3432 1690 3715 1750; x_wconf 81' lang='lat' dir='ltr'><strong>Vulcatius</strong></span> 
     </span>
    </p>
   </div>
   <div class='ocr_carea' id='block_1_47' title="bbox 2122 1785 3718 1878">
    <p class='ocr_par' dir='ltr' id='par_1_47' title="bbox 2122 1785 3718 1878">
     <span class='ocr_line' id='line_1_47' title="bbox 2122 1785 3718 1878; baseline -0.028 0"><span class='ocrx_word' id='word_1_287' title='bbox 2122 1822 2179 1878; x_wconf 88' lang='lat' dir='ltr'><strong>i-n</strong></span> <span class='ocrx_word' id='word_1_288' title='bbox 2207 1818 2402 1874; x_wconf 87' lang='lat' dir='ltr'><strong>Avidio</strong></span> <span class='ocrx_word' id='word_1_289' title='bbox 2434 1813 2626 1868; x_wconf 87' lang='lat' dir='ltr'><strong>Cassio</strong></span> <span class='ocrx_word' id='word_1_290' title='bbox 2655 1826 2669 1864; x_wconf 89' lang='lat'>:</span> <span class='ocrx_word' id='word_1_291' title='bbox 2702 1803 2966 1862; x_wconf 90' lang='lat' dir='ltr'><strong>Antonine</strong></span> <span class='ocrx_word' id='word_1_292' title='bbox 2999 1796 3211 1861; x_wconf 86' lang='lat' dir='ltr'><strong>Pie,dii</strong></span> <span class='ocrx_word' id='word_1_293' title='bbox 3242 1803 3286 1846; x_wconf 85' lang='lat' dir='ltr'><strong>te</strong></span> <span class='ocrx_word' id='word_1_294' title='bbox 3310 1797 3530 1846; x_wconf 76' lang='lat' dir='ltr'><strong>servent.</strong></span> <span class='ocrx_word' id='word_1_295' title='bbox 3554 1785 3718 1838; x_wconf 65' lang='lat' dir='ltr'><strong>Ante.-</strong></span> 
     </span>
    </p>
   </div>
   <div class='ocr_carea' id='block_1_48' title="bbox 2129 1880 3718 1971">
    <p class='ocr_par' dir='ltr' id='par_1_48' title="bbox 2129 1880 3718 1971">
     <span class='ocr_line' id='line_1_48' title="bbox 2129 1880 3718 1971; baseline -0.027 -1"><span class='ocrx_word' id='word_1_296' title='bbox 2129 1916 2250 1971; x_wconf 87' lang='lat' dir='ltr'><strong>nine</strong></span> <span class='ocrx_word' id='word_1_297' title='bbox 2273 1911 2520 1969; x_wconf 88' lang='lat' dir='ltr'><strong>clemens,</strong></span> <span class='ocrx_word' id='word_1_298' title='bbox 2544 1905 2619 1957; x_wconf 87' lang='lat' dir='ltr'><strong>dii</strong></span> <span class='ocrx_word' id='word_1_299' title='bbox 2653 1911 2701 1956; x_wconf 87' lang='lat' dir='ltr'><strong>te</strong></span> <span class='ocrx_word' id='word_1_300' title='bbox 2727 1905 2948 1953; x_wconf 82' lang='lat' dir='ltr'><strong>servent.</strong></span> <span class='ocrx_word' id='word_1_301' title='bbox 2974 1891 3050 1946; x_wconf 87' lang='lat' dir='ltr'><strong>Tu</strong></span> <span class='ocrx_word' id='word_1_302' title='bbox 3077 1888 3300 1944; x_wconf 88' lang='lat' dir='ltr'><strong>noluisti</strong></span> <span class='ocrx_word' id='word_1_303' title='bbox 3323 1881 3459 1953; x_wconf 82' lang='lat' dir='ltr'><strong>quod</strong></span> <span class='ocrx_word' id='word_1_304' title='bbox 3482 1880 3670 1933; x_wconf 75' lang='lat' dir='ltr'><strong>licebat</strong></span> <span class='ocrx_word' id='word_1_305' title='bbox 3703 1892 3718 1926; x_wconf 88' lang='lat'><strong><em>:</em></strong></span> 
     </span>
    </p>
   </div>
   <div class='ocr_carea' id='block_1_49' title="bbox 2131 1973 3722 2076">
    <p class='ocr_par' dir='ltr' id='par_1_49' title="bbox 2131 1973 3722 2076">
     <span class='ocr_line' id='line_1_49' title="bbox 2131 1973 3722 2076; baseline -0.026 -13"><span class='ocrx_word' id='word_1_306' title='bbox 2131 2025 2232 2063; x_wconf 88' lang='lat' dir='ltr'><strong>non</strong></span> <span class='ocrx_word' id='word_1_307' title='bbox 2277 2004 2498 2076; x_wconf 76' lang='lat' dir='ltr'><strong>fecimus</strong></span> <span class='ocrx_word' id='word_1_308' title='bbox 2525 1997 2664 2068; x_wconf 88' lang='lat' dir='ltr'><strong>quod</strong></span> <span class='ocrx_word' id='word_1_309' title='bbox 2696 1991 2934 2048; x_wconf 84' lang='lat' dir='ltr'><strong>decebat.</strong></span> <span class='ocrx_word' id='word_1_310' title='bbox 2979 1981 3266 2040; x_wconf 89' lang='lat' dir='ltr'><strong>Commodo</strong></span> <span class='ocrx_word' id='word_1_311' title='bbox 3301 1976 3580 2046; x_wconf 78' lang='lat' dir='ltr'><strong>impetitth</strong></span> <span class='ocrx_word' id='word_1_312' title='bbox 3629 1973 3722 2040; x_wconf 83' lang='lat' dir='ltr'><strong>ju-</strong></span> 
     </span>
    </p>
   </div>
   <div class='ocr_carea' id='block_1_50' title="bbox 2130 2063 3724 2168">
    <p class='ocr_par' dir='ltr' id='par_1_50' title="bbox 2130 2063 3724 2168">
     <span class='ocr_line' id='line_1_50' title="bbox 2130 2063 3724 2168; baseline -0.028 -10"><span class='ocrx_word' id='word_1_313' title='bbox 2130 2112 2275 2157; x_wconf 88' lang='lat' dir='ltr'><strong>stum</strong></span> <span class='ocrx_word' id='word_1_314' title='bbox 2309 2109 2581 2168; x_wconf 78' lang='lat' dir='ltr'><strong>rogamus,</strong></span> <span class='ocrx_word' id='word_1_315' title='bbox 2615 2087 2914 2160; x_wconf 79' lang='lat' dir='ltr'><strong>progeniem</strong></span> <span class='ocrx_word' id='word_1_316' title='bbox 2957 2091 3102 2134; x_wconf 89' lang='lat' dir='ltr'><strong>tuam</strong></span> <span class='ocrx_word' id='word_1_317' title='bbox 3140 2076 3350 2129; x_wconf 83' lang='lat' dir='ltr'><strong>robora.</strong></span> <span class='ocrx_word' id='word_1_318' title='bbox 3387 2069 3500 2121; x_wconf 78' lang='lat' dir='ltr'><strong>Fac</strong></span> <span class='ocrx_word' id='word_1_319' title='bbox 3553 2063 3724 2118; x_wconf 84' lang='lat' dir='ltr'><strong>securi</strong></span> 
     </span>
    </p>
   </div>
   <div class='ocr_carea' id='block_1_51' title="bbox 2131 2160 3724 2252">
    <p class='ocr_par' dir='ltr' id='par_1_51' title="bbox 2131 2160 3724 2252">
     <span class='ocr_line' id='line_1_51' title="bbox 2131 2160 3724 2252; baseline -0.025 -1"><span class='ocrx_word' id='word_1_320' title='bbox 2131 2196 2236 2251; x_wconf 81' lang='lat' dir='ltr'><strong>sint</strong></span> <span class='ocrx_word' id='word_1_321' title='bbox 2261 2191 2415 2247; x_wconf 88' lang='lat' dir='ltr'><strong>liberi</strong></span> <span class='ocrx_word' id='word_1_322' title='bbox 2433 2189 2546 2252; x_wconf 86' lang='lat' dir='ltr'><strong>tui;</strong></span> <span class='ocrx_word' id='word_1_323' title='bbox 2573 2187 2763 2240; x_wconf 86' lang='lat' dir='ltr'><strong>bonum</strong></span> <span class='ocrx_word' id='word_1_324' title='bbox 2795 2177 3077 2249; x_wconf 86' lang='lat' dir='ltr'><strong>imperium</strong></span> <span class='ocrx_word' id='word_1_325' title='bbox 3100 2170 3248 2226; x_wconf 88' lang='lat' dir='ltr'><strong>nulla</strong></span> <span class='ocrx_word' id='word_1_326' title='bbox 3281 2169 3354 2223; x_wconf 82' lang='lat' dir='ltr'><strong>vis</strong></span> <span class='ocrx_word' id='word_1_327' title='bbox 3383 2163 3548 2219; x_wconf 74' lang='lat' dir='ltr'><strong>la’dit.</strong></span> <span class='ocrx_word' id='word_1_328' title='bbox 3569 2160 3724 2214; x_wconf 83' lang='lat' dir='ltr'><strong>Com-</strong></span> 
     </span>
    </p>
   </div>
   <div class='ocr_carea' id='block_1_52' title="bbox 2133 2268 3725 2342">
    <p class='ocr_par' dir='ltr' id='par_1_52' title="bbox 2133 2268 3725 2342">
     <span class='ocr_line' id='line_1_52' title="bbox 2133 2268 3725 2342; baseline -0.024 1"><span class='ocrx_word' id='word_1_329' title='bbox 2133 2285 2290 2342; x_wconf 89' lang='lat' dir='ltr'><strong>modo</strong></span> <span class='ocrx_word' id='word_1_330' title='bbox 2330 2281 2596 2338; x_wconf 81' lang='lat' dir='ltr'><strong>Antonino</strong></span> <span class='ocrx_word' id='word_1_331' title='bbox 2659 2273 3005 2330; x_wconf 86' lang='lat' dir='ltr'><strong>tribuniciam</strong></span> <span class='ocrx_word' id='word_1_332' title='bbox 3060 2274 3379 2334; x_wconf 78' lang='lat' dir='ltr'><strong>potestatem</strong></span> <span class='ocrx_word' id='word_1_333' title='bbox 3433 2268 3725 2329; x_wconf 78' lang='lat' dir='ltr'><strong>rogamus;</strong></span> 
     </span>
    </p>
   </div>
   <div class='ocr_carea' id='block_1_53' title="bbox 2133 2347 3728 2450">
    <p class='ocr_par' dir='ltr' id='par_1_53' title="bbox 2133 2347 3728 2450">
     <span class='ocr_line' id='line_1_53' title="bbox 2133 2347 3728 2450; baseline -0.025 -14"><span class='ocrx_word' id='word_1_334' title='bbox 2133 2377 2469 2450; x_wconf 63' lang='lat' dir='ltr'><strong>pra’sentiatn</strong></span> <span class='ocrx_word' id='word_1_335' title='bbox 2512 2384 2661 2425; x_wconf 89' lang='lat' dir='ltr'><strong>tuam</strong></span> <span class='ocrx_word' id='word_1_336' title='bbox 2715 2379 2986 2437; x_wconf 86' lang='lat' dir='ltr'><strong>rogamus,</strong></span> <span class='ocrx_word' id='word_1_337' title='bbox 3011 2355 3355 2429; x_wconf 78' lang='lat' dir='ltr'><strong>philosophia:</strong></span> <span class='ocrx_word' id='word_1_338' title='bbox 3380 2361 3504 2414; x_wconf 74' lang='lat' dir='ltr'><strong>tum,</strong></span> <span class='ocrx_word' id='word_1_339' title='bbox 3528 2347 3728 2417; x_wconf 83' lang='lat' dir='ltr'><strong>patien-</strong></span> 
     </span>
    </p>
   </div>
   <div class='ocr_carea' id='block_1_54' title="bbox 2136 2441 3728 2531">
    <p class='ocr_par' dir='ltr' id='par_1_54' title="bbox 2136 2441 3728 2531">
     <span class='ocr_line' id='line_1_54' title="bbox 2136 2441 3728 2531; baseline -0.024 -4"><span class='ocrx_word' id='word_1_340' title='bbox 2136 2476 2225 2527; x_wconf 66' lang='lat' dir='ltr'><strong>tiae</strong></span> <span class='ocrx_word' id='word_1_341' title='bbox 2249 2482 2373 2531; x_wconf 80' lang='lat' dir='ltr'><strong>tute,</strong></span> <span class='ocrx_word' id='word_1_342' title='bbox 2395 2463 2651 2520; x_wconf 67' lang='lat' dir='ltr'><strong>doctrinm</strong></span> <span class='ocrx_word' id='word_1_343' title='bbox 2678 2468 2802 2523; x_wconf 64' lang='lat' dir='ltr'><strong>tua’,</strong></span> <span class='ocrx_word' id='word_1_344' title='bbox 2831 2450 3098 2509; x_wconf 84' lang='lat' dir='ltr'><strong>nobilitati</strong></span> <span class='ocrx_word' id='word_1_345' title='bbox 3124 2457 3246 2503; x_wconf 76' lang='lat' dir='ltr'><strong>tute.</strong></span> <span class='ocrx_word' id='word_1_346' title='bbox 3265 2441 3580 2498; x_wconf 79' lang='lat' dir='ltr'><strong>innocentite</strong></span> <span class='ocrx_word' id='word_1_347' title='bbox 3599 2449 3728 2490; x_wconf 66' lang='lat' dir='ltr'><strong>tua&#39;.</strong></span> 
     </span>
    </p>
   </div>
   <div class='ocr_carea' id='block_1_55' title="bbox 2147 2535 3728 2620">
    <p class='ocr_par' dir='ltr' id='par_1_55' title="bbox 2147 2535 3728 2620">
     <span class='ocr_line' id='line_1_55' title="bbox 2147 2535 3728 2620; baseline -0.026 -1"><span class='ocrx_word' id='word_1_348' title='bbox 2147 2562 2326 2620; x_wconf 77' lang='lat' dir='ltr'><strong>Vincis</strong></span> <span class='ocrx_word' id='word_1_349' title='bbox 2358 2556 2622 2620; x_wconf 82' lang='lat' dir='ltr'><strong>inimicos,</strong></span> <span class='ocrx_word' id='word_1_350' title='bbox 2659 2551 2834 2604; x_wconf 77' lang='lat' dir='ltr'><strong>hostes</strong></span> <span class='ocrx_word' id='word_1_351' title='bbox 2887 2556 3172 2610; x_wconf 76' lang='lat' dir='ltr'><strong>exsuperas</strong></span> <span class='ocrx_word' id='word_1_352' title='bbox 3209 2553 3226 2590; x_wconf 90' lang='lat'><strong><em>:</em></strong></span> <span class='ocrx_word' id='word_1_353' title='bbox 3270 2535 3346 2588; x_wconf 88' lang='lat' dir='ltr'><strong>dii</strong></span> <span class='ocrx_word' id='word_1_354' title='bbox 3393 2541 3440 2586; x_wconf 89' lang='lat' dir='ltr'><strong>te</strong></span> <span class='ocrx_word' id='word_1_355' title='bbox 3494 2539 3728 2583; x_wconf 81' lang='lat' dir='ltr'><strong>tuentur.</strong></span> 
     </span>
    </p>
   </div>
   <div class='ocr_carea' id='block_1_56' title="bbox 2206 2625 3734 2727">
    <p class='ocr_par' dir='ltr' id='par_1_56' title="bbox 2206 2625 3734 2727">
     <span class='ocr_line' id='line_1_56' title="bbox 2206 2625 3734 2727; baseline -0.025 -16"><span class='ocrx_word' id='word_1_356' title='bbox 2206 2651 2497 2727; x_wconf 83' lang='lat' dir='ltr'><strong>Synodicae</strong></span> <span class='ocrx_word' id='word_1_357' title='bbox 2519 2640 2937 2702; x_wconf 84' lang='lat' dir='ltr'><strong>acclamationis</strong></span> <span class='ocrx_word' id='word_1_358' title='bbox 2990 2651 3057 2690; x_wconf 92' lang='lat' dir='ltr'><strong>en</strong></span> <span class='ocrx_word' id='word_1_359' title='bbox 3128 2631 3225 2688; x_wconf 91' lang='lat' dir='ltr'><strong>tibi</strong></span> <span class='ocrx_word' id='word_1_360' title='bbox 3290 2625 3605 2695; x_wconf 77' lang='lat' dir='ltr'><strong>exemplum</strong></span> <span class='ocrx_word' id='word_1_361' title='bbox 3665 2635 3734 2675; x_wconf 84' lang='lat' dir='ltr'><strong>ex</strong></span> 
     </span>
    </p>
   </div>
   <div class='ocr_carea' id='block_1_57' title="bbox 2139 2713 3732 2810">
    <p class='ocr_par' dir='ltr' id='par_1_57' title="bbox 2139 2713 3732 2810">
     <span class='ocr_line' id='line_1_57' title="bbox 2139 2713 3732 2810; baseline -0.025 -4"><span class='ocrx_word' id='word_1_362' title='bbox 2139 2744 2479 2806; x_wconf 79' lang='lat' dir='ltr'><strong>tecumeniea</strong></span> <span class='ocrx_word' id='word_1_363' title='bbox 2527 2736 2739 2810; x_wconf 80' lang='lat' dir='ltr'><strong>synodo</strong></span> <span class='ocrx_word' id='word_1_364' title='bbox 2783 2725 3247 2793; x_wconf 81' lang='lat' dir='ltr'><strong>Chalcedonensi,</strong></span> <span class='ocrx_word' id='word_1_365' title='bbox 3303 2725 3425 2777; x_wconf 90' lang='lat' dir='ltr'><strong>Act.</strong></span> <span class='ocrx_word' id='word_1_366' title='bbox 3481 2732 3579 2783; x_wconf 78' lang='lat' dir='ltr'><strong>vn,</strong></span> <span class='ocrx_word' id='word_1_367' title='bbox 3637 2713 3732 2769; x_wconf 89' lang='lat' dir='ltr'><strong>ubi</strong></span> 
     </span>
    </p>
   </div>
   <div class='ocr_carea' id='block_1_58' title="bbox 2143 2810 3738 2904">
    <p class='ocr_par' dir='ltr' id='par_1_58' title="bbox 2143 2810 3738 2904">
     <span class='ocr_line' id='line_1_58' title="bbox 2143 2810 3738 2904; baseline -0.026 -5"><span class='ocrx_word' id='word_1_368' title='bbox 2143 2841 2423 2898; x_wconf 76' lang='lat' dir='ltr'><strong>Marciano</strong></span> <span class='ocrx_word' id='word_1_369' title='bbox 2457 2831 2778 2904; x_wconf 87' lang='lat' dir='ltr'><strong>imperatori</strong></span> <span class='ocrx_word' id='word_1_370' title='bbox 2806 2838 2860 2882; x_wconf 88' lang='lat' dir='ltr'><strong>et</strong></span> <span class='ocrx_word' id='word_1_371' title='bbox 2887 2820 3194 2879; x_wconf 73' lang='lat' dir='ltr'><strong>Pulcheriae</strong></span> <span class='ocrx_word' id='word_1_372' title='bbox 3252 2810 3591 2886; x_wconf 83' lang='lat' dir='ltr'><strong>impcratrici</strong></span> <span class='ocrx_word' id='word_1_373' title='bbox 3650 2824 3738 2861; x_wconf 81' lang='lat' dir='ltr'><strong>ac—</strong></span> 
     </span>
    </p>
   </div>
   <div class='ocr_carea' id='block_1_59' title="bbox 2143 2908 3740 2990">
    <p class='ocr_par' dir='ltr' id='par_1_59' title="bbox 2143 2908 3740 2990">
     <span class='ocr_line' id='line_1_59' title="bbox 2143 2908 3740 2990; baseline -0.025 0"><span class='ocrx_word' id='word_1_374' title='bbox 2143 2935 2386 2990; x_wconf 82' lang='lat' dir='ltr'><strong>clantant</strong></span> <span class='ocrx_word' id='word_1_375' title='bbox 2426 2928 2655 2982; x_wconf 85' lang='lat' dir='ltr'><strong>Patres:</strong></span> <span class='ocrx_word' id='word_1_376' title='bbox 2691 2919 2971 2975; x_wconf 80' lang='lat' dir='ltr'><strong>Marciano</strong></span> <span class='ocrx_word' id='word_1_377' title='bbox 3006 2928 3136 2968; x_wconf 86' lang='lat' dir='ltr'><strong>novo</strong></span> <span class='ocrx_word' id='word_1_378' title='bbox 3173 2908 3552 2965; x_wconf 83' lang='lat' dir='ltr'><strong>Constantino,</strong></span> <span class='ocrx_word' id='word_1_379' title='bbox 3610 2913 3740 2954; x_wconf 79' lang='lat' dir='ltr'><strong>novo</strong></span> 
     </span>
    </p>
   </div>
   <div class='ocr_carea' id='block_1_60' title="bbox 2145 2993 3742 3091">
    <p class='ocr_par' dir='ltr' id='par_1_60' title="bbox 2145 2993 3742 3091">
     <span class='ocr_line' id='line_1_60' title="bbox 2145 2993 3742 3091; baseline -0.026 -9"><span class='ocrx_word' id='word_1_380' title='bbox 2145 3025 2339 3091; x_wconf 87' lang='lat' dir='ltr'><strong>Paulo,</strong></span> <span class='ocrx_word' id='word_1_381' title='bbox 2365 3037 2495 3076; x_wconf 85' lang='lat' dir='ltr'><strong>novo</strong></span> <span class='ocrx_word' id='word_1_382' title='bbox 2533 3015 2702 3072; x_wconf 83' lang='lat' dir='ltr'><strong>David</strong></span> <span class='ocrx_word' id='word_1_383' title='bbox 2723 3015 2914 3068; x_wconf 89' lang='lat' dir='ltr'><strong>multos</strong></span> <span class='ocrx_word' id='word_1_384' title='bbox 2945 3022 3131 3062; x_wconf 89' lang='lat' dir='ltr'><strong>annos.</strong></span> <span class='ocrx_word' id='word_1_385' title='bbox 3166 3003 3267 3057; x_wconf 88' lang='lat' dir='ltr'><strong>Vos</strong></span> <span class='ocrx_word' id='word_1_386' title='bbox 3290 3000 3412 3055; x_wconf 89' lang='lat' dir='ltr'><strong>estis</strong></span> <span class='ocrx_word' id='word_1_387' title='bbox 3445 3010 3551 3067; x_wconf 69' lang='lat' dir='ltr'><strong>pars</strong></span> <span class='ocrx_word' id='word_1_388' title='bbox 3578 2993 3742 3053; x_wconf 79' lang='lat' dir='ltr'><strong>orbis,</strong></span> 
     </span>
    </p>
   </div>
   <div class='ocr_carea' id='block_1_61' title="bbox 2148 3086 3742 3192">
    <p class='ocr_par' dir='ltr' id='par_1_61' title="bbox 2148 3086 3742 3192">
     <span class='ocr_line' id='line_1_61' title="bbox 2148 3086 3742 3192; baseline -0.024 -17"><span class='ocrx_word' id='word_1_389' title='bbox 2148 3123 2232 3192; x_wconf 89' lang='lat' dir='ltr'><strong>pie</strong></span> <span class='ocrx_word' id='word_1_390' title='bbox 2262 3117 2492 3172; x_wconf 85' lang='lat' dir='ltr'><strong>domine.</strong></span> <span class='ocrx_word' id='word_1_391' title='bbox 2532 3110 2790 3166; x_wconf 89' lang='lat' dir='ltr'><strong>Dominus</strong></span> <span class='ocrx_word' id='word_1_392' title='bbox 2826 3107 2989 3161; x_wconf 79' lang='lat' dir='ltr'><strong>vitam</strong></span> <span class='ocrx_word' id='word_1_393' title='bbox 3019 3103 3067 3156; x_wconf 88' lang='lat' dir='ltr'><strong>ei</strong></span> <span class='ocrx_word' id='word_1_394' title='bbox 3125 3103 3414 3152; x_wconf 75' lang='lat' dir='ltr'><strong>conservet.</strong></span> <span class='ocrx_word' id='word_1_395' title='bbox 3446 3091 3546 3143; x_wconf 86' lang='lat' dir='ltr'><strong>Vos</strong></span> <span class='ocrx_word' id='word_1_396' title='bbox 3613 3086 3742 3150; x_wconf 87' lang='lat' dir='ltr'><strong>ﬁdes</strong></span> 
     </span>
    </p>
   </div>
   <div class='ocr_carea' id='block_1_62' title="bbox 467 3180 3741 3306">
    <p class='ocr_par' dir='ltr' id='par_1_62' title="bbox 467 3180 3741 3306">
     <span class='ocr_line' id='line_1_62' title="bbox 469 3180 2160 3216; baseline -0.006 -14"><span class='ocrx_word' id='word_1_397' title='bbox 469 3180 637 3216; x_wconf 70' lang='grc' dir='ltr'>μυιυυι,</span> <span class='ocrx_word' id='word_1_398' title='bbox 680 3180 1052 3200; x_wconf 71' lang='grc' dir='ltr'><strong>υιυαηωιιυ..</strong></span> <span class='ocrx_word' id='word_1_399' title='bbox 1093 3180 1262 3204; x_wconf 68' lang='grc' dir='ltr'>νυνι...</span> <span class='ocrx_word' id='word_1_400' title='bbox 1304 3180 1356 3194; x_wconf 67' lang='grc' dir='ltr'>υ..</span> <span class='ocrx_word' id='word_1_401' title='bbox 1385 3180 1498 3210; x_wconf 47' lang='grc' dir='ltr'><strong>Ἴηλ</strong></span> <span class='ocrx_word' id='word_1_402' title='bbox 1525 3180 1773 3209; x_wconf 51' lang='grc' dir='ltr'>,νμηη</span> <span class='ocrx_word' id='word_1_403' title='bbox 1825 3180 2039 3192; x_wconf 60' lang='grc' dir='ltr'>πη...-</span> <span class='ocrx_word' id='word_1_404' title='bbox 2149 3180 2160 3192; x_wconf 91' lang='grc'>,</span> 
     </span>
     <span class='ocr_line' id='line_1_63' title="bbox 467 3180 3741 3306; baseline -0.012 -11"><span class='ocrx_word' id='word_1_405' title='bbox 467 3235 526 3295; x_wconf 87' lang='lat' dir='ltr'><strong>in</strong></span> <span class='ocrx_word' id='word_1_406' title='bbox 561 3255 764 3294; x_wconf 85' lang='lat' dir='ltr'><strong>morem</strong></span> <span class='ocrx_word' id='word_1_407' title='bbox 795 3237 1032 3306; x_wconf 88' lang='lat' dir='ltr'><strong>lampadi</strong></span> <span class='ocrx_word' id='word_1_408' title='bbox 1065 3235 1238 3290; x_wconf 80' lang='lat' dir='ltr'><strong>fuisse</strong></span> <span class='ocrx_word' id='word_1_409' title='bbox 1271 3233 1556 3302; x_wconf 91' lang='lat' dir='ltr'><strong>imposita,</strong></span> <span class='ocrx_word' id='word_1_410' title='bbox 1583 3232 1670 3287; x_wconf 79' lang='lat' dir='ltr'><strong>vel</strong></span> <span class='ocrx_word' id='word_1_411' title='bbox 1705 3228 2049 3300; x_wconf 86' lang='lat' dir='ltr'><strong>certe,quod</strong></span> <span class='ocrx_word' id='word_1_412' title='bbox 2078 3209 2120 3268; x_wconf 68' lang='grc' dir='ltr'>ο</span> <span class='ocrx_word' id='word_1_413' title='bbox 2155 3223 2360 3270; x_wconf 75' lang='grc' dir='ltr'><strong>ηοδινα·</strong></span> <span class='ocrx_word' id='word_1_414' title='bbox 2396 3204 2639 3264; x_wconf 58' lang='lat' dir='ltr'><strong>altrm“</strong></span> <span class='ocrx_word' id='word_1_415' title='bbox 2671 3245 2684 3269; x_wconf 71' lang='grc' dir='ltr'><strong>ι</strong></span> <span class='ocrx_word' id='word_1_416' title='bbox 2721 3216 2874 3268; x_wconf 67' lang='lat' dir='ltr'><strong>quem</strong></span> <span class='ocrx_word' id='word_1_417' title='bbox 2910 3198 3162 3257; x_wconf 72' lang='grc' dir='ltr'><strong>Ῑιοηοταδ,</strong></span> <span class='ocrx_word' id='word_1_418' title='bbox 3199 3193 3306 3260; x_wconf 70' lang='grc' dir='ltr'><strong>δρεθ</strong></span> <span class='ocrx_word' id='word_1_419' title='bbox 3343 3197 3388 3239; x_wconf 69' lang='grc' dir='ltr'><em>τε</em></span> <span class='ocrx_word' id='word_1_420' title='bbox 3455 3180 3741 3236; x_wconf 61' lang='grc' dir='ltr'><strong>⁶⁸¹⁸²⁰ίίίθ¹⁶</strong></span> 
     </span>
     <span class='ocr_line' id='line_1_64' title="bbox 2186 3271 3741 3306; baseline 0 0"><span class='ocrx_word' id='word_1_421' title='bbox 2186 3305 2190 3306; x_wconf 65' lang='lat'><strong><em>,</em></strong></span> <span class='ocrx_word' id='word_1_422' title='bbox 2275 3305 2280 3306; x_wconf 63' lang='lat'><strong><em>,</em></strong></span> <span class='ocrx_word' id='word_1_423' title='bbox 2355 3303 2364 3306; x_wconf 95' lang='lat'><em>_</em></span> <span class='ocrx_word' id='word_1_424' title='bbox 2568 3299 2589 3306; x_wconf 82' lang='grc'><strong>-</strong></span> <span class='ocrx_word' id='word_1_425' title='bbox 2618 3297 2628 3306; x_wconf 90' lang='grc'><strong>.</strong></span> <span class='ocrx_word' id='word_1_426' title='bbox 2748 3305 2754 3306; x_wconf 62' lang='lat'><strong><em>,</em></strong></span> <span class='ocrx_word' id='word_1_427' title='bbox 2896 3291 2907 3306; x_wconf 80' lang='grc' dir='ltr'><strong>ι</strong></span> <span class='ocrx_word' id='word_1_428' title='bbox 2938 3305 2946 3306; x_wconf 59' lang='lat'><strong><em>,</em></strong></span> <span class='ocrx_word' id='word_1_429' title='bbox 3013 3289 3094 3306; x_wconf 59' lang='lat'><strong>,-.,-</strong></span> <span class='ocrx_word' id='word_1_430' title='bbox 3161 3282 3303 3306; x_wconf 61' lang='grc' dir='ltr'>ξιιμ..</span> <span class='ocrx_word' id='word_1_431' title='bbox 3335 3273 3612 3306; x_wconf 61' lang='grc' dir='ltr'><strong>-..κυνιεΙῖρὶ</strong></span> <span class='ocrx_word' id='word_1_432' title='bbox 3671 3271 3741 3306; x_wconf 61' lang='lat' dir='ltr'><strong>{In</strong></span> 
     </span>
    </p>
   </div>
   <div class='ocr_carea' id='block_1_63' title="bbox 470 3320 2050 3402">
    <p class='ocr_par' dir='ltr' id='par_1_63' title="bbox 470 3320 2050 3402">
     <span class='ocr_line' id='line_1_65' title="bbox 470 3320 2050 3402; baseline -0.006 -17"><span class='ocrx_word' id='word_1_433' title='bbox 470 3332 859 3402; x_wconf 80' lang='grc' dir='ltr'><strong>Θριγγώματος</strong></span> <span class='ocrx_word' id='word_1_434' title='bbox 891 3344 1093 3384; x_wconf 88' lang='lat' dir='ltr'><strong>nomen</strong></span> <span class='ocrx_word' id='word_1_435' title='bbox 1157 3327 1342 3398; x_wconf 90' lang='lat' dir='ltr'><strong>potius</strong></span> <span class='ocrx_word' id='word_1_436' title='bbox 1373 3327 1589 3390; x_wconf 88' lang='lat' dir='ltr'><strong>suadet,</strong></span> <span class='ocrx_word' id='word_1_437' title='bbox 1655 3324 1758 3394; x_wconf 88' lang='lat' dir='ltr'><strong>ipsi</strong></span> <span class='ocrx_word' id='word_1_438' title='bbox 1807 3320 2050 3391; x_wconf 86' lang='lat' dir='ltr'><strong>lampadi</strong></span> 
     </span>
    </p>
   </div>
   <div class='ocr_carea' id='block_1_64' title="bbox 475 3412 2051 3492">
    <p class='ocr_par' dir='ltr' id='par_1_64' title="bbox 475 3412 2051 3492">
     <span class='ocr_line' id='line_1_66' title="bbox 475 3412 2051 3492; baseline -0.011 -12"><span class='ocrx_word' id='word_1_439' title='bbox 475 3423 843 3480; x_wconf 85' lang='lat' dir='ltr'><strong>cancellorum</strong></span> <span class='ocrx_word' id='word_1_440' title='bbox 892 3435 990 3492; x_wconf 84' lang='lat' dir='ltr'><strong>seu</strong></span> <span class='ocrx_word' id='word_1_441' title='bbox 1041 3416 1329 3487; x_wconf 89' lang='lat' dir='ltr'><strong>sepimenti</strong></span> <span class='ocrx_word' id='word_1_442' title='bbox 1400 3416 1572 3470; x_wconf 86' lang='lat' dir='ltr'><strong>instar</strong></span> <span class='ocrx_word' id='word_1_443' title='bbox 1631 3412 2051 3481; x_wconf 80' lang='lat' dir='ltr'><strong>circumposita.</strong></span> 
     </span>
    </p>
   </div>
   <div class='ocr_carea' id='block_1_65' title="bbox 479 3502 2060 3576">
    <p class='ocr_par' dir='ltr' id='par_1_65' title="bbox 479 3502 2060 3576">
     <span class='ocr_line' id='line_1_67' title="bbox 479 3502 2060 3576; baseline -0.01 -3"><span class='ocrx_word' id='word_1_444' title='bbox 479 3518 641 3573; x_wconf 81' lang='lat' dir='ltr'><strong>Addit</strong></span> <span class='ocrx_word' id='word_1_445' title='bbox 674 3516 962 3570; x_wconf 83' lang='lat' dir='ltr'><strong>Balsamon</strong></span> <span class='ocrx_word' id='word_1_446' title='bbox 989 3510 1271 3566; x_wconf 87' lang='lat' dir='ltr'><strong>hoc-idem</strong></span> <span class='ocrx_word' id='word_1_447' title='bbox 1307 3507 1605 3576; x_wconf 85' lang='grc' dir='ltr'>προνόμιον</span> <span class='ocrx_word' id='word_1_448' title='bbox 1664 3519 1762 3560; x_wconf 89' lang='lat' dir='ltr'><strong>seu</strong></span> <span class='ocrx_word' id='word_1_449' title='bbox 1832 3502 2060 3573; x_wconf 88' lang='lat' dir='ltr'><strong>privile-</strong></span> 
     </span>
    </p>
   </div>
   <div class='ocr_carea' id='block_1_66' title="bbox 482 3596 2060 3683">
    <p class='ocr_par' dir='ltr' id='par_1_66' title="bbox 482 3596 2060 3683">
     <span class='ocr_line' id='line_1_68' title="bbox 482 3596 2060 3683; baseline -0.011 -16"><span class='ocrx_word' id='word_1_450' title='bbox 482 3614 627 3683; x_wconf 61' lang='lat' dir='ltr'><strong>pium</strong></span> <span class='ocrx_word' id='word_1_451' title='bbox 663 3607 980 3682; x_wconf 86' lang='lat' dir='ltr'><strong>procedenti</strong></span> <span class='ocrx_word' id='word_1_452' title='bbox 1017 3619 1140 3660; x_wconf 92' lang='lat' dir='ltr'><strong>cum</strong></span> <span class='ocrx_word' id='word_1_453' title='bbox 1193 3602 1448 3674; x_wconf 86' lang='lat' dir='ltr'><strong>lampade</strong></span> <span class='ocrx_word' id='word_1_454' title='bbox 1501 3613 1828 3656; x_wconf 88' lang='lat' dir='ltr'><strong>concessum</strong></span> <span class='ocrx_word' id='word_1_455' title='bbox 1891 3596 2060 3651; x_wconf 82' lang='lat' dir='ltr'><strong>fuisse</strong></span> 
     </span>
    </p>
   </div>
   <div class='ocr_carea' id='block_1_67' title="bbox 483 3690 2062 3780">
    <p class='ocr_par' dir='ltr' id='par_1_67' title="bbox 483 3690 2062 3780">
     <span class='ocr_line' id='line_1_69' title="bbox 483 3690 2062 3780; baseline -0.011 -19"><span class='ocrx_word' id='word_1_456' title='bbox 483 3703 896 3780; x_wconf 84' lang='lat' dir='ltr'><strong>archiepiscopo</strong></span> <span class='ocrx_word' id='word_1_457' title='bbox 931 3699 1203 3768; x_wconf 60' lang='lat' dir='ltr'><strong>Bulgaria;</strong></span> <span class='ocrx_word' id='word_1_458' title='bbox 1227 3705 1287 3751; x_wconf 89' lang='lat' dir='ltr'><strong>et.</strong></span> <span class='ocrx_word' id='word_1_459' title='bbox 1311 3694 1481 3765; x_wconf 81' lang='lat' dir='ltr'><strong>Cypri</strong></span> <span class='ocrx_word' id='word_1_460' title='bbox 1517 3692 1796 3764; x_wconf 80' lang='lat' dir='ltr'><strong>etpaucis</strong></span> <span class='ocrx_word' id='word_1_461' title='bbox 1828 3690 2062 3762; x_wconf 75' lang='lat' dir='ltr'><strong>quibus-</strong></span> 
     </span>
    </p>
   </div>
   <div class='ocr_carea' id='block_1_68' title="bbox 485 3780 2067 3863">
    <p class='ocr_par' dir='ltr' id='par_1_68' title="bbox 485 3780 2067 3863">
     <span class='ocr_line' id='line_1_70' title="bbox 485 3780 2067 3863; baseline -0.013 -10"><span class='ocrx_word' id='word_1_462' title='bbox 485 3801 608 3852; x_wconf 88' lang='lat' dir='ltr'><strong>dam</strong></span> <span class='ocrx_word' id='word_1_463' title='bbox 631 3791 1098 3863; x_wconf 86' lang='lat' dir='ltr'><strong>metropolitanis,</strong></span> <span class='ocrx_word' id='word_1_464' title='bbox 1123 3797 1176 3843; x_wconf 84' lang='lat' dir='ltr'><strong>et</strong></span> <span class='ocrx_word' id='word_1_465' title='bbox 1199 3794 1400 3858; x_wconf 66' lang='lat' dir='ltr'><strong>praeter</strong></span> <span class='ocrx_word' id='word_1_466' title='bbox 1424 3785 1526 3841; x_wconf 90' lang='lat' dir='ltr'><strong>hos</strong></span> <span class='ocrx_word' id='word_1_467' title='bbox 1554 3783 1686 3839; x_wconf 89' lang='lat' dir='ltr'><strong>nulli</strong></span> <span class='ocrx_word' id='word_1_468' title='bbox 1711 3802 1724 3849; x_wconf 88' lang='lat'><strong>;</strong></span> <span class='ocrx_word' id='word_1_469' title='bbox 1754 3792 1807 3838; x_wconf 91' lang='lat' dir='ltr'><strong>et</strong></span> <span class='ocrx_word' id='word_1_470' title='bbox 1828 3780 2067 3852; x_wconf 84' lang='lat' dir='ltr'><strong>patriar-</strong></span> 
     </span>
    </p>
   </div>
   <div class='ocr_carea' id='block_1_69' title="bbox 487 3871 2067 3963">
    <p class='ocr_par' dir='ltr' id='par_1_69' title="bbox 487 3871 2067 3963">
     <span class='ocr_line' id='line_1_71' title="bbox 487 3871 2067 3963; baseline -0.011 -19"><span class='ocrx_word' id='word_1_471' title='bbox 487 3891 618 3963; x_wconf 85' lang='lat' dir='ltr'><strong>chas</strong></span> <span class='ocrx_word' id='word_1_472' title='bbox 635 3901 741 3942; x_wconf 90' lang='lat' dir='ltr'><strong>non</strong></span> <span class='ocrx_word' id='word_1_473' title='bbox 766 3885 928 3940; x_wconf 86' lang='lat' dir='ltr'><strong>modo</strong></span> <span class='ocrx_word' id='word_1_474' title='bbox 958 3884 1011 3936; x_wconf 93' lang='lat' dir='ltr'><strong>in</strong></span> <span class='ocrx_word' id='word_1_475' title='bbox 1033 3895 1131 3936; x_wconf 91' lang='lat' dir='ltr'><strong>sua</strong></span> <span class='ocrx_word' id='word_1_476' title='bbox 1152 3877 1400 3941; x_wconf 80' lang='lat' dir='ltr'><strong>dicecesi,</strong></span> <span class='ocrx_word' id='word_1_477' title='bbox 1433 3877 1528 3932; x_wconf 91' lang='lat' dir='ltr'><strong>sed</strong></span> <span class='ocrx_word' id='word_1_478' title='bbox 1550 3886 1605 3930; x_wconf 93' lang='lat' dir='ltr'><strong>et</strong></span> <span class='ocrx_word' id='word_1_479' title='bbox 1637 3883 1792 3930; x_wconf 81' lang='lat' dir='ltr'><strong>extra</strong></span> <span class='ocrx_word' id='word_1_480' title='bbox 1816 3871 2067 3942; x_wconf 87' lang='lat' dir='ltr'><strong>lampade</strong></span> 
     </span>
    </p>
   </div>
   <div class='ocr_carea' id='block_1_70' title="bbox 490 3967 2067 4048">
    <p class='ocr_par' dir='ltr' id='par_1_70' title="bbox 490 3967 2067 4048">
     <span class='ocr_line' id='line_1_72' title="bbox 490 3967 2067 4048; baseline -0.012 -13"><span class='ocrx_word' id='word_1_481' title='bbox 490 3982 736 4037; x_wconf 87' lang='lat' dir='ltr'><strong>illustres</strong></span> <span class='ocrx_word' id='word_1_482' title='bbox 765 3977 1022 4048; x_wconf 81' lang='lat' dir='ltr'><strong>progredi</strong></span> <span class='ocrx_word' id='word_1_483' title='bbox 1055 3989 1216 4044; x_wconf 88' lang='lat' dir='ltr'><strong>posse</strong></span> <span class='ocrx_word' id='word_1_484' title='bbox 1245 3971 1424 4042; x_wconf 89' lang='lat' dir='ltr'><strong>;quod</strong></span> <span class='ocrx_word' id='word_1_485' title='bbox 1455 3969 1777 4039; x_wconf 89' lang='lat' dir='ltr'><strong>multisipse</strong></span> <span class='ocrx_word' id='word_1_486' title='bbox 1799 3967 2067 4021; x_wconf 86' lang='lat' dir='ltr'><strong>adversus</strong></span> 
     </span>
    </p>
   </div>
   <div class='ocr_carea' id='block_1_71' title="bbox 493 4059 2069 4138">
    <p class='ocr_par' dir='ltr' id='par_1_71' title="bbox 493 4059 2069 4138">
     <span class='ocr_line' id='line_1_73' title="bbox 493 4059 2069 4138; baseline -0.011 -9"><span class='ocrx_word' id='word_1_487' title='bbox 493 4074 836 4130; x_wconf 88' lang='lat' dir='ltr'><strong>oblocutores</strong></span> <span class='ocrx_word' id='word_1_488' title='bbox 868 4068 1134 4138; x_wconf 86' lang='lat' dir='ltr'><strong>quosdam</strong></span> <span class='ocrx_word' id='word_1_489' title='bbox 1159 4066 1478 4131; x_wconf 88' lang='lat' dir='ltr'><strong>conlirmat,</strong></span> <span class='ocrx_word' id='word_1_490' title='bbox 1548 4076 1711 4132; x_wconf 85' lang='lat' dir='ltr'><strong>quem</strong></span> <span class='ocrx_word' id='word_1_491' title='bbox 1766 4061 1911 4131; x_wconf 80' lang='lat' dir='ltr'><strong>legat</strong></span> <span class='ocrx_word' id='word_1_492' title='bbox 1973 4059 2069 4128; x_wconf 89' lang='lat' dir='ltr'><strong>qui</strong></span> 
     </span>
    </p>
   </div>
   <div class='ocr_carea' id='block_1_72' title="bbox 496 4158 1342 4221">
    <p class='ocr_par' dir='ltr' id='par_1_72' title="bbox 496 4158 1342 4221">
     <span class='ocr_line' id='line_1_74' title="bbox 496 4158 1342 4221; baseline -0.013 1"><span class='ocrx_word' id='word_1_493' title='bbox 496 4166 693 4221; x_wconf 86' lang='lat' dir='ltr'><strong>voletl.</strong></span> <span class='ocrx_word' id='word_1_494' title='bbox 728 4167 756 4218; x_wconf 84' lang='grc'><strong>7</strong></span> <span class='ocrx_word' id='word_1_495' title='bbox 782 4162 929 4217; x_wconf 85' lang='lat' dir='ltr'><strong>Juris</strong></span> <span class='ocrx_word' id='word_1_496' title='bbox 953 4160 1067 4216; x_wconf 81' lang='lat' dir='ltr'><strong>GR.</strong></span> <span class='ocrx_word' id='word_1_497' title='bbox 1130 4158 1342 4215; x_wconf 69' lang='lat' dir='ltr'><strong>(iners.</strong></span> 
     </span>
    </p>
   </div>
   <div class='ocr_carea' id='block_1_73' title="bbox 568 4243 2072 4328">
    <p class='ocr_par' dir='ltr' id='par_1_73' title="bbox 568 4243 2072 4328">
     <span class='ocr_line' id='line_1_75' title="bbox 568 4243 2072 4328; baseline -0.013 -14"><span class='ocrx_word' id='word_1_498' title='bbox 568 4260 634 4314; x_wconf 91' lang='lat' dir='ltr'><strong>P.</strong></span> <span class='ocrx_word' id='word_1_499' title='bbox 665 4258 752 4313; x_wconf 70' lang='grc'><strong>46.</strong></span> <span class='ocrx_word' id='word_1_500' title='bbox 787 4254 1130 4328; x_wconf 81' lang='grc' dir='ltr'>[Τροπάριον</span> <span class='ocrx_word' id='word_1_501' title='bbox 1159 4249 1403 4306; x_wconf 84' lang='lat' dir='ltr'><strong>modulus</strong></span> <span class='ocrx_word' id='word_1_502' title='bbox 1434 4256 1542 4315; x_wconf 90' lang='lat' dir='ltr'><strong>est,</strong></span> <span class='ocrx_word' id='word_1_503' title='bbox 1569 4245 1774 4303; x_wconf 86' lang='lat' dir='ltr'><strong>cantici</strong></span> <span class='ocrx_word' id='word_1_504' title='bbox 1807 4243 2072 4298; x_wconf 86' lang='lat' dir='ltr'><strong>nimirum</strong></span> 
     </span>
    </p>
   </div>
   <div class='ocr_carea' id='block_1_74' title="bbox 500 4335 2074 4429">
    <p class='ocr_par' dir='ltr' id='par_1_74' title="bbox 500 4335 2074 4429">
     <span class='ocr_line' id='line_1_76' title="bbox 500 4335 2074 4429; baseline -0.015 -17"><span class='ocrx_word' id='word_1_505' title='bbox 500 4371 690 4429; x_wconf 78' lang='lat' dir='ltr'><strong>genus,</strong></span> <span class='ocrx_word' id='word_1_506' title='bbox 715 4355 781 4410; x_wconf 88' lang='lat' dir='ltr'><strong>ad</strong></span> <span class='ocrx_word' id='word_1_507' title='bbox 809 4353 1038 4408; x_wconf 87' lang='lat' dir='ltr'><strong>alterius</strong></span> <span class='ocrx_word' id='word_1_508' title='bbox 1105 4345 1448 4417; x_wconf 84' lang='lat' dir='ltr'><strong>exemplaris</strong></span> <span class='ocrx_word' id='word_1_509' title='bbox 1506 4341 1672 4399; x_wconf 90' lang='lat' dir='ltr'><strong>modo</strong></span> <span class='ocrx_word' id='word_1_510' title='bbox 1706 4355 1764 4395; x_wconf 90' lang='lat' dir='ltr'><strong>se</strong></span> <span class='ocrx_word' id='word_1_511' title='bbox 1813 4335 2074 4393; x_wconf 89' lang='lat' dir='ltr'><strong>habentis</strong></span> 
     </span>
    </p>
   </div>
   <div class='ocr_carea' id='block_1_75' title="bbox 503 4429 2077 4518">
    <p class='ocr_par' dir='ltr' id='par_1_75' title="bbox 503 4429 2077 4518">
     <span class='ocr_line' id='line_1_77' title="bbox 503 4429 2077 4518; baseline -0.015 -14"><span class='ocrx_word' id='word_1_512' title='bbox 503 4464 746 4504; x_wconf 86' lang='lat' dir='ltr'><strong>normam</strong></span> <span class='ocrx_word' id='word_1_513' title='bbox 775 4444 1135 4518; x_wconf 83' lang='grc' dir='ltr'>τρεπόμενον,</span> <span class='ocrx_word' id='word_1_514' title='bbox 1190 4437 1614 4494; x_wconf 84' lang='lat' dir='ltr'><strong>decantandum.</strong></span> <span class='ocrx_word' id='word_1_515' title='bbox 1651 4431 1808 4487; x_wconf 59' lang='grc' dir='ltr'><strong>Ἦρξε</strong></span> <span class='ocrx_word' id='word_1_516' title='bbox 1868 4429 2077 4502; x_wconf 81' lang='grc' dir='ltr'>τροπα-</span> 
     </span>
    </p>
   </div>
   <div class='ocr_carea' id='block_1_76' title="bbox 2157 3271 3748 3368">
    <p class='ocr_par' dir='ltr' id='par_1_76' title="bbox 2157 3271 3748 3368">
     <span class='ocr_line' id='line_1_78' title="bbox 2157 3271 3748 3368; baseline -0.025 -8"><span class='ocrx_word' id='word_1_517' title='bbox 2157 3303 2528 3361; x_wconf 74' lang='lat' dir='ltr'><strong>Orthodoxam</strong></span> <span class='ocrx_word' id='word_1_518' title='bbox 2555 3297 2713 3368; x_wconf 82' lang='lat' dir='ltr'><strong>ﬁdem</strong></span> <span class='ocrx_word' id='word_1_519' title='bbox 2741 3305 2795 3347; x_wconf 84' lang='grc' dir='ltr'><strong>ιιι</strong></span> <span class='ocrx_word' id='word_1_520' title='bbox 2829 3289 3116 3345; x_wconf 87' lang='lat' dir='ltr'><strong>roborasti.</strong></span> <span class='ocrx_word' id='word_1_521' title='bbox 3155 3282 3304 3338; x_wconf 86' lang='lat' dir='ltr'><strong>Sicut</strong></span> <span class='ocrx_word' id='word_1_522' title='bbox 3331 3273 3634 3346; x_wconf 86' lang='lat' dir='ltr'><strong>apostolici,</strong></span> <span class='ocrx_word' id='word_1_523' title='bbox 3671 3271 3748 3323; x_wconf 77' lang='lat' dir='ltr'><strong>ita</strong></span> 
     </span>
    </p>
   </div>
   <div class='ocr_carea' id='block_1_77' title="bbox 2157 3371 3749 3464">
    <p class='ocr_par' dir='ltr' id='par_1_77' title="bbox 2157 3371 3749 3464">
     <span class='ocr_line' id='line_1_79' title="bbox 2157 3371 3749 3464; baseline -0.024 -10"><span class='ocrx_word' id='word_1_524' title='bbox 2157 3399 2395 3454; x_wconf 84' lang='lat' dir='ltr'><strong>creditis.</strong></span> <span class='ocrx_word' id='word_1_525' title='bbox 2439 3393 2689 3464; x_wconf 75' lang='lat' dir='ltr'><strong>Augustae</strong></span> <span class='ocrx_word' id='word_1_526' title='bbox 2717 3386 2909 3441; x_wconf 86' lang='lat' dir='ltr'><strong>multos</strong></span> <span class='ocrx_word' id='word_1_527' title='bbox 2937 3395 3128 3436; x_wconf 88' lang='lat' dir='ltr'><strong>annos.</strong></span> <span class='ocrx_word' id='word_1_528' title='bbox 3165 3377 3265 3430; x_wconf 83' lang='lat' dir='ltr'><strong>Vos</strong></span> <span class='ocrx_word' id='word_1_529' title='bbox 3315 3372 3519 3425; x_wconf 87' lang='lat' dir='ltr'><strong>lumina</strong></span> <span class='ocrx_word' id='word_1_530' title='bbox 3572 3371 3749 3420; x_wconf 83' lang='lat' dir='ltr'><strong>ortho-</strong></span> 
     </span>
    </p>
   </div>
   <div class='ocr_carea' id='block_1_78' title="bbox 2159 3459 3752 3560">
    <p class='ocr_par' dir='ltr' id='par_1_78' title="bbox 2159 3459 3752 3560">
     <span class='ocr_line' id='line_1_80' title="bbox 2159 3459 3752 3560; baseline -0.023 -14"><span class='ocrx_word' id='word_1_531' title='bbox 2159 3494 2312 3548; x_wconf 74' lang='lat' dir='ltr'><strong>doxa:</strong></span> <span class='ocrx_word' id='word_1_532' title='bbox 2352 3459 2753 3560; x_wconf 69' lang='lat' dir='ltr'><strong>fidei.I’ropter</strong></span> <span class='ocrx_word' id='word_1_533' title='bbox 2785 3480 2894 3533; x_wconf 65' lang='lat' dir='ltr'><strong>haec</strong></span> <span class='ocrx_word' id='word_1_534' title='bbox 2948 3475 3141 3543; x_wconf 85' lang='lat' dir='ltr'><strong>ubique</strong></span> <span class='ocrx_word' id='word_1_535' title='bbox 3197 3482 3304 3537; x_wconf 75' lang='lat' dir='ltr'><strong>pax</strong></span> <span class='ocrx_word' id='word_1_536' title='bbox 3359 3473 3454 3518; x_wconf 88' lang='lat' dir='ltr'><strong>est.</strong></span> <span class='ocrx_word' id='word_1_537' title='bbox 3527 3459 3752 3515; x_wconf 87' lang='lat' dir='ltr'><strong>Lumina</strong></span> 
     </span>
    </p>
   </div>
   <div class='ocr_carea' id='block_1_79' title="bbox 2159 3553 3753 3657">
    <p class='ocr_par' dir='ltr' id='par_1_79' title="bbox 2159 3553 3753 3657">
     <span class='ocr_line' id='line_1_81' title="bbox 2159 3553 3753 3657; baseline -0.025 -17"><span class='ocrx_word' id='word_1_538' title='bbox 2159 3587 2328 3657; x_wconf 85' lang='lat' dir='ltr'><strong>pacis,</strong></span> <span class='ocrx_word' id='word_1_539' title='bbox 2362 3581 2593 3646; x_wconf 87' lang='lat' dir='ltr'><strong>domine,</strong></span> <span class='ocrx_word' id='word_1_540' title='bbox 2613 3588 2666 3629; x_wconf 88' lang='lat' dir='ltr'><strong>tu</strong></span> <span class='ocrx_word' id='word_1_541' title='bbox 2686 3572 2912 3629; x_wconf 87' lang='lat' dir='ltr'><strong>custodi.</strong></span> <span class='ocrx_word' id='word_1_542' title='bbox 2938 3564 3252 3622; x_wconf 87' lang='lat' dir='ltr'><strong>Luminaria</strong></span> <span class='ocrx_word' id='word_1_543' title='bbox 3283 3557 3489 3618; x_wconf 88' lang='lat' dir='ltr'><strong>mundi,</strong></span> <span class='ocrx_word' id='word_1_544' title='bbox 3519 3553 3753 3613; x_wconf 78' lang='lat' dir='ltr'><strong>domine,</strong></span> 
     </span>
    </p>
   </div>
   <div class='ocr_carea' id='block_1_80' title="bbox 2166 3649 3754 3737">
    <p class='ocr_par' dir='ltr' id='par_1_80' title="bbox 2166 3649 3754 3737">
     <span class='ocr_line' id='line_1_82' title="bbox 2166 3649 3754 3737; baseline -0.023 -5"><span class='ocrx_word' id='word_1_545' title='bbox 2166 3691 2222 3734; x_wconf 90' lang='lat' dir='ltr'><strong>tu</strong></span> <span class='ocrx_word' id='word_1_546' title='bbox 2250 3675 2479 3732; x_wconf 86' lang='lat' dir='ltr'><strong>custodi.</strong></span> <span class='ocrx_word' id='word_1_547' title='bbox 2526 3675 2796 3737; x_wconf 86' lang='lat' dir='ltr'><strong>Perpetua</strong></span> <span class='ocrx_word' id='word_1_548' title='bbox 2856 3661 3115 3718; x_wconf 83' lang='lat' dir='ltr'><strong>memoria</strong></span> <span class='ocrx_word' id='word_1_549' title='bbox 3178 3673 3307 3710; x_wconf 85' lang='lat' dir='ltr'><strong>novo</strong></span> <span class='ocrx_word' id='word_1_550' title='bbox 3373 3649 3754 3706; x_wconf 87' lang='lat' dir='ltr'><strong>Constantino.</strong></span> 
     </span>
    </p>
   </div>
   <div class='ocr_carea' id='block_1_81' title="bbox 2167 3741 3751 3839">
    <p class='ocr_par' dir='ltr' id='par_1_81' title="bbox 2167 3741 3751 3839">
     <span class='ocr_line' id='line_1_83' title="bbox 2167 3741 3751 3839; baseline -0.025 -10"><span class='ocrx_word' id='word_1_551' title='bbox 2167 3772 2298 3839; x_wconf 76' lang='lat' dir='ltr'><strong>Qua:</strong></span> <span class='ocrx_word' id='word_1_552' title='bbox 2332 3785 2397 3824; x_wconf 64' lang='lat' dir='ltr'><strong>ex</strong></span> <span class='ocrx_word' id='word_1_553' title='bbox 2444 3781 2628 3838; x_wconf 87' lang='lat' dir='ltr'><strong>genere</strong></span> <span class='ocrx_word' id='word_1_554' title='bbox 2659 3759 2961 3816; x_wconf 75' lang='lat' dir='ltr'><strong>orthodoxa</strong></span> <span class='ocrx_word' id='word_1_555' title='bbox 2990 3763 3090 3814; x_wconf 86' lang='lat' dir='ltr'><strong>est,</strong></span> <span class='ocrx_word' id='word_1_556' title='bbox 3128 3750 3266 3803; x_wconf 83' lang='lat' dir='ltr'><strong>Deus</strong></span> <span class='ocrx_word' id='word_1_557' title='bbox 3312 3760 3428 3800; x_wconf 84' lang='lat' dir='ltr'><strong>eam</strong></span> <span class='ocrx_word' id='word_1_558' title='bbox 3461 3741 3751 3795; x_wconf 87' lang='lat' dir='ltr'><strong>custodiat.</strong></span> 
     </span>
    </p>
   </div>
   <div class='ocr_carea' id='block_1_82' title="bbox 2169 3830 3758 3930">
    <p class='ocr_par' dir='ltr' id='par_1_82' title="bbox 2169 3830 3758 3930">
     <span class='ocr_line' id='line_1_84' title="bbox 2169 3830 3758 3930; baseline -0.028 -7"><span class='ocrx_word' id='word_1_559' title='bbox 2169 3830 2594 3930; x_wconf 59' lang='lat' dir='ltr'><strong>auatodeniﬁdei</strong></span> <span class='ocrx_word' id='word_1_560' title='bbox 2621 3857 2758 3911; x_wconf 88' lang='lat' dir='ltr'><strong>Deus</strong></span> <span class='ocrx_word' id='word_1_561' title='bbox 2792 3849 3080 3907; x_wconf 85' lang='lat' dir='ltr'><strong>custodiat.</strong></span> <span class='ocrx_word' id='word_1_562' title='bbox 3120 3843 3254 3897; x_wconf 83' lang='lat' dir='ltr'><strong>Eam</strong></span> <span class='ocrx_word' id='word_1_563' title='bbox 3283 3855 3400 3910; x_wconf 75' lang='lat' dir='ltr'><strong>qua:</strong></span> <span class='ocrx_word' id='word_1_564' title='bbox 3433 3848 3642 3902; x_wconf 88' lang='lat' dir='ltr'><strong>semper</strong></span> <span class='ocrx_word' id='word_1_565' title='bbox 3669 3830 3758 3897; x_wconf 80' lang='lat' dir='ltr'><strong>pia</strong></span> 
     </span>
    </p>
   </div>
   <div class='ocr_carea' id='block_1_83' title="bbox 2169 3928 3761 4015">
    <p class='ocr_par' dir='ltr' id='par_1_83' title="bbox 2169 3928 3761 4015">
     <span class='ocr_line' id='line_1_85' title="bbox 2169 3928 3761 4015; baseline -0.026 0"><span class='ocrx_word' id='word_1_566' title='bbox 2169 3970 2242 4015; x_wconf 91' lang='lat' dir='ltr'><strong>est</strong></span> <span class='ocrx_word' id='word_1_567' title='bbox 2265 3959 2400 4012; x_wconf 86' lang='lat' dir='ltr'><strong>Deus</strong></span> <span class='ocrx_word' id='word_1_568' title='bbox 2431 3928 2714 4009; x_wconf 82' lang='lat' dir='ltr'><strong>custodiat.</strong></span> <span class='ocrx_word' id='word_1_569' title='bbox 2734 3947 2852 4011; x_wconf 89' lang='lat' dir='ltr'><strong>Pia,</strong></span> <span class='ocrx_word' id='word_1_570' title='bbox 2887 3940 3203 4000; x_wconf 79' lang='lat' dir='ltr'><strong>orthodoxa,</strong></span> <span class='ocrx_word' id='word_1_571' title='bbox 3238 3949 3353 4004; x_wconf 76' lang='lat' dir='ltr'><strong>qua:</strong></span> <span class='ocrx_word' id='word_1_572' title='bbox 3379 3928 3652 3984; x_wconf 84' lang='lat' dir='ltr'><strong>contraria</strong></span> <span class='ocrx_word' id='word_1_573' title='bbox 3685 3932 3761 3976; x_wconf 87' lang='lat' dir='ltr'><strong>est</strong></span> 
     </span>
    </p>
   </div>
   <div class='ocr_carea' id='block_1_84' title="bbox 2172 4021 3762 4112">
    <p class='ocr_par' dir='ltr' id='par_1_84' title="bbox 2172 4021 3762 4112">
     <span class='ocr_line' id='line_1_86' title="bbox 2172 4021 3762 4112; baseline -0.026 -4"><span class='ocrx_word' id='word_1_574' title='bbox 2172 4045 2622 4112; x_wconf 80' lang='lat' dir='ltr'><strong>luereticis,Deus</strong></span> <span class='ocrx_word' id='word_1_575' title='bbox 2645 4056 2759 4095; x_wconf 89' lang='lat' dir='ltr'><strong>eam</strong></span> <span class='ocrx_word' id='word_1_576' title='bbox 2810 4035 3093 4091; x_wconf 87' lang='lat' dir='ltr'><strong>custodiat.</strong></span> <span class='ocrx_word' id='word_1_577' title='bbox 3148 4029 3346 4082; x_wconf 81' lang='lat' dir='ltr'><strong>Omnes</strong></span> <span class='ocrx_word' id='word_1_578' title='bbox 3414 4021 3762 4075; x_wconf 67' lang='lat' dir='ltr'><strong>ha&#39;reticostu</strong></span> 
     </span>
    </p>
   </div>
   <div class='ocr_carea' id='block_1_85' title="bbox 2175 4108 3765 4215">
    <p class='ocr_par' dir='ltr' id='par_1_85' title="bbox 2175 4108 3765 4215">
     <span class='ocr_line' id='line_1_87' title="bbox 2175 4108 3765 4215; baseline -0.026 -16"><span class='ocrx_word' id='word_1_579' title='bbox 2175 4142 2394 4215; x_wconf 82' lang='lat' dir='ltr'><strong>fugasti.</strong></span> <span class='ocrx_word' id='word_1_580' title='bbox 2424 4135 2728 4192; x_wconf 82' lang='lat' dir='ltr'><strong>Nestorium</strong></span> <span class='ocrx_word' id='word_1_581' title='bbox 2747 4141 2796 4184; x_wconf 90' lang='lat' dir='ltr'><strong>et</strong></span> <span class='ocrx_word' id='word_1_582' title='bbox 2831 4125 3101 4196; x_wconf 84' lang='lat' dir='ltr'><strong>Eutychen</strong></span> <span class='ocrx_word' id='word_1_583' title='bbox 3135 4131 3192 4174; x_wconf 84' lang='lat' dir='ltr'><strong>tu</strong></span> <span class='ocrx_word' id='word_1_584' title='bbox 3224 4125 3494 4188; x_wconf 86' lang='lat' dir='ltr'><strong>persecuta</strong></span> <span class='ocrx_word' id='word_1_585' title='bbox 3519 4129 3592 4165; x_wconf 87' lang='lat' dir='ltr'><strong>es.</strong></span> <span class='ocrx_word' id='word_1_586' title='bbox 3617 4108 3765 4160; x_wconf 69' lang='lat' dir='ltr'><strong>Absit</strong></span> 
     </span>
    </p>
   </div>
   <div class='ocr_carea' id='block_1_86' title="bbox 2177 4202 3793 4290">
    <p class='ocr_par' dir='ltr' id='par_1_86' title="bbox 2177 4202 3793 4290">
     <span class='ocr_line' id='line_1_88' title="bbox 2177 4202 3793 4290; baseline -0.026 0"><span class='ocrx_word' id='word_1_587' title='bbox 2177 4235 2372 4290; x_wconf 76' lang='lat' dir='ltr'><strong>invidia</strong></span> <span class='ocrx_word' id='word_1_588' title='bbox 2392 4248 2423 4284; x_wconf 93' lang='lat' dir='ltr'><strong>a</strong></span> <span class='ocrx_word' id='word_1_589' title='bbox 2447 4237 2614 4283; x_wconf 85' lang='lat' dir='ltr'><strong>vestro</strong></span> <span class='ocrx_word' id='word_1_590' title='bbox 2657 4222 2896 4289; x_wconf 80' lang='lat' dir='ltr'><strong>imperio.</strong></span> <span class='ocrx_word' id='word_1_591' title='bbox 2921 4217 3127 4271; x_wconf 83' lang='lat' dir='ltr'><strong>Fideles</strong></span> <span class='ocrx_word' id='word_1_592' title='bbox 3147 4214 3491 4280; x_wconf 82' lang='lat' dir='ltr'><strong>imperatores</strong></span> <span class='ocrx_word' id='word_1_593' title='bbox 3515 4205 3588 4256; x_wconf 87' lang='lat' dir='ltr'><strong>sic</strong></span> <span class='ocrx_word' id='word_1_594' title='bbox 3606 4202 3793 4275; x_wconf 44' lang='grc' dir='ltr'>Ιιοηοέ</span> 
     </span>
    </p>
   </div>
   <div class='ocr_carea' id='block_1_87' title="bbox 2179 4297 3771 4381">
    <p class='ocr_par' dir='ltr' id='par_1_87' title="bbox 2179 4297 3771 4381">
     <span class='ocr_line' id='line_1_89' title="bbox 2179 4297 3771 4381; baseline -0.023 0"><span class='ocrx_word' id='word_1_595' title='bbox 2179 4335 2389 4381; x_wconf 88' lang='lat' dir='ltr'><strong>rantur.</strong></span> <span class='ocrx_word' id='word_1_596' title='bbox 2427 4322 2562 4376; x_wconf 89' lang='lat' dir='ltr'><strong>Deus</strong></span> <span class='ocrx_word' id='word_1_597' title='bbox 2593 4314 2859 4370; x_wconf 81' lang='lat' dir='ltr'><strong>custodiat</strong></span> <span class='ocrx_word' id='word_1_598' title='bbox 2886 4318 3202 4380; x_wconf 87' lang='lat' dir='ltr'><strong>potestatem</strong></span> <span class='ocrx_word' id='word_1_599' title='bbox 3222 4310 3470 4362; x_wconf 82' lang='lat' dir='ltr'><strong>vestram,</strong></span> <span class='ocrx_word' id='word_1_600' title='bbox 3498 4297 3633 4349; x_wconf 84' lang='lat' dir='ltr'><strong>Deus</strong></span> <span class='ocrx_word' id='word_1_601' title='bbox 3678 4309 3771 4363; x_wconf 85' lang='lat' dir='ltr'><strong>pa-</strong></span> 
     </span>
    </p>
   </div>
   <div class='ocr_carea' id='block_1_88' title="bbox 2180 4387 3772 4485">
    <p class='ocr_par' dir='ltr' id='par_1_88' title="bbox 2180 4387 3772 4485">
     <span class='ocr_line' id='line_1_90' title="bbox 2180 4387 3772 4485; baseline -0.023 -15"><span class='ocrx_word' id='word_1_602' title='bbox 2180 4416 2340 4485; x_wconf 77' lang='lat' dir='ltr'><strong>ciﬁcct</strong></span> <span class='ocrx_word' id='word_1_603' title='bbox 2367 4410 2647 4480; x_wconf 75' lang='lat' dir='ltr'><strong>imperium</strong></span> <span class='ocrx_word' id='word_1_604' title='bbox 2682 4414 2932 4460; x_wconf 75' lang='lat' dir='ltr'><strong>uestrum.</strong></span> <span class='ocrx_word' id='word_1_605' title='bbox 2963 4397 3274 4452; x_wconf 80' lang='lat' dir='ltr'><strong>Marcianus</strong></span> <span class='ocrx_word' id='word_1_606' title='bbox 3319 4407 3482 4446; x_wconf 82' lang='lat' dir='ltr'><strong>novus</strong></span> <span class='ocrx_word' id='word_1_607' title='bbox 3508 4387 3772 4442; x_wconf 84' lang='lat' dir='ltr'><strong>Constan-</strong></span> 
     </span>
    </p>
   </div>
   <div class='ocr_carea' id='block_1_89' title="bbox 2184 4484 3774 4569">
    <p class='ocr_par' dir='ltr' id='par_1_89' title="bbox 2184 4484 3774 4569">
     <span class='ocr_line' id='line_1_91' title="bbox 2184 4484 3774 4569; baseline -0.023 -7"><span class='ocrx_word' id='word_1_608' title='bbox 2184 4512 2348 4569; x_wconf 83' lang='lat' dir='ltr'><strong>tinus,</strong></span> <span class='ocrx_word' id='word_1_609' title='bbox 2375 4501 2652 4557; x_wconf 81' lang='lat' dir='ltr'><strong>Pulcheria</strong></span> <span class='ocrx_word' id='word_1_610' title='bbox 2672 4514 2803 4552; x_wconf 85' lang='lat' dir='ltr'><strong>nova</strong></span> <span class='ocrx_word' id='word_1_611' title='bbox 2829 4496 3030 4549; x_wconf 87' lang='lat' dir='ltr'><strong>Helena</strong></span> <span class='ocrx_word' id='word_1_612' title='bbox 3055 4507 3070 4545; x_wconf 91' lang='lat'><em>:</em></span> <span class='ocrx_word' id='word_1_613' title='bbox 3094 4489 3265 4544; x_wconf 78' lang='lat' dir='ltr'><strong>zelum</strong></span> <span class='ocrx_word' id='word_1_614' title='bbox 3295 4484 3504 4540; x_wconf 71' lang='lat' dir='ltr'><strong>Helena:</strong></span> <span class='ocrx_word' id='word_1_615' title='bbox 3535 4488 3774 4533; x_wconf 70' lang='lat' dir='ltr'><strong>lusecta-</strong></span> 
     </span>
    </p>
   </div>
   <div class='ocr_carea' id='block_1_90' title="bbox 506 4523 2079 4615">
    <p class='ocr_par' dir='ltr' id='par_1_90' title="bbox 506 4523 2079 4615">
     <span class='ocr_line' id='line_1_92' title="bbox 506 4523 2079 4615; baseline -0.013 -18"><span class='ocrx_word' id='word_1_616' title='bbox 506 4547 620 4615; x_wconf 79' lang='grc' dir='ltr'>ρίου</span> <span class='ocrx_word' id='word_1_617' title='bbox 651 4539 996 4597; x_wconf 88' lang='lat' dir='ltr'><strong>communior</strong></span> <span class='ocrx_word' id='word_1_618' title='bbox 1025 4533 1322 4604; x_wconf 79' lang='lat' dir='ltr'><strong>expositio.</strong></span> <span class='ocrx_word' id='word_1_619' title='bbox 1355 4530 1508 4585; x_wconf 87' lang='lat' dir='ltr'><strong>Alias</strong></span> <span class='ocrx_word' id='word_1_620' title='bbox 1537 4527 1716 4584; x_wconf 80' lang='lat' dir='ltr'><strong>fusius</strong></span> <span class='ocrx_word' id='word_1_621' title='bbox 1747 4526 1801 4580; x_wconf 88' lang='lat' dir='ltr'><strong>in</strong></span> <span class='ocrx_word' id='word_1_622' title='bbox 1865 4523 2079 4579; x_wconf 79' lang='lat' dir='ltr'><strong>Euclio-</strong></span> 
     </span>
    </p>
   </div>
   <div class='ocr_carea' id='block_1_91' title="bbox 506 4615 2080 4707">
    <p class='ocr_par' dir='ltr' id='par_1_91' title="bbox 506 4615 2080 4707">
     <span class='ocr_line' id='line_1_93' title="bbox 506 4615 2080 4707; baseline -0.017 -14"><span class='ocrx_word' id='word_1_623' title='bbox 506 4638 698 4707; x_wconf 84' lang='lat' dir='ltr'><strong>logicis</strong></span> <span class='ocrx_word' id='word_1_624' title='bbox 735 4631 1048 4687; x_wconf 88' lang='lat' dir='ltr'><strong>retulimus.</strong></span> <span class='ocrx_word' id='word_1_625' title='bbox 1092 4625 1332 4696; x_wconf 79' lang='grc' dir='ltr'><strong>Ποιητάς</strong></span> <span class='ocrx_word' id='word_1_626' title='bbox 1385 4635 1550 4694; x_wconf 86' lang='lat' dir='ltr'><strong>porro</strong></span> <span class='ocrx_word' id='word_1_627' title='bbox 1601 4620 1711 4674; x_wconf 81' lang='grc' dir='ltr'><strong>τῶν</strong></span> <span class='ocrx_word' id='word_1_628' title='bbox 1760 4615 2080 4688; x_wconf 81' lang='grc' dir='ltr'>τροπαρίων</span> 
     </span>
    </p>
   </div>
   <div class='ocr_carea' id='block_1_92' title="bbox 509 4708 2086 4787">
    <p class='ocr_par' dir='ltr' id='par_1_92' title="bbox 509 4708 2086 4787">
     <span class='ocr_line' id='line_1_94' title="bbox 509 4708 2086 4787; baseline -0.018 -1"><span class='ocrx_word' id='word_1_629' title='bbox 509 4730 822 4787; x_wconf 82' lang='lat' dir='ltr'><strong>Anthimum</strong></span> <span class='ocrx_word' id='word_1_630' title='bbox 851 4719 1226 4778; x_wconf 82' lang='lat' dir='ltr'><strong>etTimoclem</strong></span> <span class='ocrx_word' id='word_1_631' title='bbox 1289 4722 1560 4771; x_wconf 87' lang='lat' dir='ltr'><strong>memorat</strong></span> <span class='ocrx_word' id='word_1_632' title='bbox 1617 4708 1980 4779; x_wconf 82' lang='lat' dir='ltr'><strong>&#39;l‘heOphancs</strong></span> <span class='ocrx_word' id='word_1_633' title='bbox 2032 4714 2086 4759; x_wconf 90' lang='lat' dir='ltr'><strong>et</strong></span> 
     </span>
    </p>
   </div>
   <div class='ocr_carea' id='block_1_93' title="bbox 510 4812 1146 4880">
    <p class='ocr_par' dir='ltr' id='par_1_93' title="bbox 510 4812 1146 4880">
     <span class='ocr_line' id='line_1_95' title="bbox 510 4812 1146 4880; baseline -0.024 0"><span class='ocrx_word' id='word_1_634' title='bbox 510 4824 785 4880; x_wconf 85' lang='lat' dir='ltr'><strong>Cedrenus</strong></span> <span class='ocrx_word' id='word_1_635' title='bbox 812 4818 866 4872; x_wconf 90' lang='lat' dir='ltr'><strong>in</strong></span> <span class='ocrx_word' id='word_1_636' title='bbox 892 4815 1072 4871; x_wconf 86' lang='lat' dir='ltr'><strong>Leone</strong></span> <span class='ocrx_word' id='word_1_637' title='bbox 1103 4812 1146 4866; x_wconf 92' lang='lat' dir='ltr'><strong>l.</strong></span> 
     </span>
    </p>
   </div>
   <div class='ocr_carea' id='block_1_94' title="bbox 581 4889 2088 4982">
    <p class='ocr_par' dir='ltr' id='par_1_94' title="bbox 581 4889 2088 4982">
     <span class='ocr_line' id='line_1_96' title="bbox 581 4889 2088 4982; baseline -0.016 -15"><span class='ocrx_word' id='word_1_638' title='bbox 581 4913 722 4968; x_wconf 85' lang='lat' dir='ltr'><strong>Ibid.</strong></span> <span class='ocrx_word' id='word_1_639' title='bbox 762 4907 955 4982; x_wconf 77' lang='grc' dir='ltr'>[δόξα.</span> <span class='ocrx_word' id='word_1_640' title='bbox 1011 4901 1213 4974; x_wconf 80' lang='lat' dir='ltr'><strong>Supple</strong></span> <span class='ocrx_word' id='word_1_641' title='bbox 1255 4900 1466 4970; x_wconf 82' lang='lat' dir='ltr'><strong>reliqua</strong></span> <span class='ocrx_word' id='word_1_642' title='bbox 1499 4895 1678 4966; x_wconf 76' lang='grc' dir='ltr'>Πατρὶ</span> <span class='ocrx_word' id='word_1_643' title='bbox 1700 4894 1804 4949; x_wconf 65' lang='grc' dir='ltr'><strong>καὶ</strong></span> <span class='ocrx_word' id='word_1_644' title='bbox 1846 4889 1958 4961; x_wconf 80' lang='grc' dir='ltr'><strong>Υἱῴ</strong></span> <span class='ocrx_word' id='word_1_645' title='bbox 1995 4892 2088 4945; x_wconf 79' lang='grc' dir='ltr'>καὶ</span> 
     </span>
    </p>
   </div>
   <div class='ocr_carea' id='block_1_95' title="bbox 517 4985 2090 5074">
    <p class='ocr_par' dir='ltr' id='par_1_95' title="bbox 517 4985 2090 5074">
     <span class='ocr_line' id='line_1_97' title="bbox 517 4985 2090 5074; baseline -0.016 -14"><span class='ocrx_word' id='word_1_646' title='bbox 517 5007 654 5074; x_wconf 65' lang='grc' dir='ltr'><strong>ἁγίῳ</strong></span> <span class='ocrx_word' id='word_1_647' title='bbox 692 5001 992 5070; x_wconf 79' lang='grc' dir='ltr'>Πνεύματι.</span> <span class='ocrx_word' id='word_1_648' title='bbox 1024 4998 1156 5052; x_wconf 83' lang='lat' dir='ltr'><strong>Post</strong></span> <span class='ocrx_word' id='word_1_649' title='bbox 1191 4997 1285 5048; x_wconf 67' lang='grc' dir='ltr'>καὶ</span> <span class='ocrx_word' id='word_1_650' title='bbox 1318 4992 1414 5046; x_wconf 80' lang='grc' dir='ltr'>νῦν</span> <span class='ocrx_word' id='word_1_651' title='bbox 1450 4992 1543 5045; x_wconf 69' lang='grc' dir='ltr'>καὶ</span> <span class='ocrx_word' id='word_1_652' title='bbox 1579 4989 1666 5044; x_wconf 80' lang='grc' dir='ltr'><strong>ἀει</strong></span> <span class='ocrx_word' id='word_1_653' title='bbox 1697 4987 1834 5043; x_wconf 86' lang='lat' dir='ltr'><strong>addc</strong></span> <span class='ocrx_word' id='word_1_654' title='bbox 1869 4985 1967 5038; x_wconf 74' lang='grc' dir='ltr'>καὶ</span> <span class='ocrx_word' id='word_1_655' title='bbox 2009 4985 2090 5046; x_wconf 77' lang='grc' dir='ltr'>εἰς</span> 
     </span>
    </p>
   </div>
   <div class='ocr_carea' id='block_1_96' title="bbox 519 5085 2009 5160">
    <p class='ocr_par' dir='ltr' id='par_1_96' title="bbox 519 5085 2009 5160">
     <span class='ocr_line' id='line_1_98' title="bbox 519 5085 2009 5160; baseline -0.015 -9"><span class='ocrx_word' id='word_1_656' title='bbox 519 5099 643 5160; x_wconf 74' lang='grc' dir='ltr'>τοὺς</span> <span class='ocrx_word' id='word_1_657' title='bbox 677 5095 877 5154; x_wconf 78' lang='grc' dir='ltr'>αἰῶνας</span> <span class='ocrx_word' id='word_1_658' title='bbox 905 5091 1013 5144; x_wconf 84' lang='grc' dir='ltr'>τῶν</span> <span class='ocrx_word' id='word_1_659' title='bbox 1042 5089 1278 5142; x_wconf 74' lang='grc' dir='ltr'>αἰώνων.</span> <span class='ocrx_word' id='word_1_660' title='bbox 1320 5085 1518 5153; x_wconf 84' lang='grc' dir='ltr'>Ἀμήν.</span> <span class='ocrx_word' id='word_1_661' title='bbox 1997 5090 2009 5116; x_wconf 80' lang='grc' dir='ltr'><strong>ι</strong></span> 
     </span>
    </p>
   </div>
   <div class='ocr_carea' id='block_1_97' title="bbox 593 5167 2094 5260">
    <p class='ocr_par' dir='ltr' id='par_1_97' title="bbox 593 5167 2094 5260">
     <span class='ocr_line' id='line_1_99' title="bbox 593 5167 2094 5260; baseline -0.014 -17"><span class='ocrx_word' id='word_1_662' title='bbox 593 5188 731 5243; x_wconf 84' lang='lat' dir='ltr'><strong>Ibid.</strong></span> <span class='ocrx_word' id='word_1_663' title='bbox 766 5184 867 5260; x_wconf 80' lang='grc' dir='ltr'><strong>[Οὐ</strong></span> <span class='ocrx_word' id='word_1_664' title='bbox 912 5181 1238 5252; x_wconf 69' lang='grc' dir='ltr'><strong>ψάλλει-αι.</strong></span> <span class='ocrx_word' id='word_1_665' title='bbox 1292 5174 1586 5232; x_wconf 83' lang='lat' dir='ltr'><strong>Modulatis</strong></span> <span class='ocrx_word' id='word_1_666' title='bbox 1627 5172 1888 5242; x_wconf 79' lang='lat' dir='ltr'><strong>varieque</strong></span> <span class='ocrx_word' id='word_1_667' title='bbox 1934 5167 2094 5224; x_wconf 83' lang='lat' dir='ltr'><strong>ﬂexis</strong></span> 
     </span>
    </p>
   </div>
   <div class='ocr_carea' id='block_1_98' title="bbox 523 5261 2096 5342">
    <p class='ocr_par' dir='ltr' id='par_1_98' title="bbox 523 5261 2096 5342">
     <span class='ocr_line' id='line_1_100' title="bbox 523 5261 2096 5342; baseline -0.014 -6"><span class='ocrx_word' id='word_1_668' title='bbox 523 5288 714 5342; x_wconf 83' lang='lat' dir='ltr'><strong>cantus</strong></span> <span class='ocrx_word' id='word_1_669' title='bbox 737 5277 888 5333; x_wconf 88' lang='lat' dir='ltr'><strong>sonis</strong></span> <span class='ocrx_word' id='word_1_670' title='bbox 912 5290 1023 5328; x_wconf 89' lang='lat' dir='ltr'><strong>non</strong></span> <span class='ocrx_word' id='word_1_671' title='bbox 1073 5269 1391 5326; x_wconf 85' lang='lat' dir='ltr'><strong>decurritur</strong></span> <span class='ocrx_word' id='word_1_672' title='bbox 1453 5265 1758 5336; x_wconf 78' lang='grc' dir='ltr'>μελῳδῶςε</span> <span class='ocrx_word' id='word_1_673' title='bbox 1799 5261 1894 5317; x_wconf 85' lang='lat' dir='ltr'><strong>sed</strong></span> <span class='ocrx_word' id='word_1_674' title='bbox 1961 5274 2096 5314; x_wconf 88' lang='lat' dir='ltr'><strong>voce</strong></span> 
     </span>
    </p>
   </div>
   <div class='ocr_carea' id='block_1_99' title="bbox 526 5351 2100 5445">
    <p class='ocr_par' dir='ltr' id='par_1_99' title="bbox 526 5351 2100 5445">
     <span class='ocr_line' id='line_1_101' title="bbox 526 5351 2100 5445; baseline -0.017 -17"><span class='ocrx_word' id='word_1_675' title='bbox 526 5372 804 5435; x_wconf 85' lang='lat' dir='ltr'><strong>continua,</strong></span> <span class='ocrx_word' id='word_1_676' title='bbox 833 5367 1002 5445; x_wconf 70' lang='grc' dir='ltr'>χύμα,</span> <span class='ocrx_word' id='word_1_677' title='bbox 1041 5373 1099 5418; x_wconf 93' lang='lat' dir='ltr'><strong>ut</strong></span> <span class='ocrx_word' id='word_1_678' title='bbox 1121 5362 1342 5432; x_wconf 83' lang='lat' dir='ltr'><strong>scripsit</strong></span> <span class='ocrx_word' id='word_1_679' title='bbox 1365 5358 1706 5423; x_wconf 87' lang='lat' dir='ltr'><strong>Philotheus,</strong></span> <span class='ocrx_word' id='word_1_680' title='bbox 1727 5351 2100 5422; x_wconf 80' lang='grc' dir='ltr'>ἀναγινώσκε-</span> 
     </span>
    </p>
   </div>
   <div class='ocr_carea' id='block_1_100' title="bbox 533 5461 871 5533">
    <p class='ocr_par' dir='ltr' id='par_1_100' title="bbox 533 5461 871 5533">
     <span class='ocr_line' id='line_1_102' title="bbox 533 5461 871 5533; baseline -0.024 -12"><span class='ocrx_word' id='word_1_681' title='bbox 533 5485 633 5521; x_wconf 76' lang='lat' dir='ltr'><strong>cat.</strong></span> <span class='ocrx_word' id='word_1_682' title='bbox 675 5461 871 5533; x_wconf 67' lang='lat' dir='ltr'><strong>Com]</strong></span> 
     </span>
    </p>
   </div>
   <div class='ocr_carea' id='block_1_101' title="bbox 599 5533 2104 5614">
    <p class='ocr_par' dir='ltr' id='par_1_101' title="bbox 599 5533 2104 5614">
     <span class='ocr_line' id='line_1_103' title="bbox 599 5533 2104 5614; baseline -0.019 -1"><span class='ocrx_word' id='word_1_683' title='bbox 599 5556 740 5612; x_wconf 82' lang='lat' dir='ltr'><strong>Ibid.</strong></span> <span class='ocrx_word' id='word_1_684' title='bbox 769 5554 883 5610; x_wconf 86' lang='lat' dir='ltr'><strong>Mos</strong></span> <span class='ocrx_word' id='word_1_685' title='bbox 914 5555 1016 5610; x_wconf 91' lang='lat' dir='ltr'><strong>iste</strong></span> <span class='ocrx_word' id='word_1_686' title='bbox 1047 5546 1336 5605; x_wconf 90' lang='lat' dir='ltr'><strong>accinendi</strong></span> <span class='ocrx_word' id='word_1_687' title='bbox 1384 5539 1812 5614; x_wconf 88' lang='lat' dir='ltr'><strong>imperatoribus</strong></span> <span class='ocrx_word' id='word_1_688' title='bbox 1837 5538 1897 5590; x_wconf 81' lang='grc' dir='ltr'><strong>τὸ</strong></span> <span class='ocrx_word' id='word_1_689' title='bbox 1937 5533 2104 5588; x_wconf 77' lang='grc' dir='ltr'>πολυ-</span> 
     </span>
    </p>
   </div>
   <div class='ocr_carea' id='block_1_102' title="bbox 536 5629 2106 5724">
    <p class='ocr_par' dir='ltr' id='par_1_102' title="bbox 536 5629 2106 5724">
     <span class='ocr_line' id='line_1_104' title="bbox 536 5629 2106 5724; baseline -0.018 -16"><span class='ocrx_word' id='word_1_690' title='bbox 536 5653 744 5724; x_wconf 70' lang='grc' dir='ltr'>χρόνιον</span> <span class='ocrx_word' id='word_1_691' title='bbox 768 5657 822 5704; x_wconf 89' lang='lat' dir='ltr'><strong>et</strong></span> <span class='ocrx_word' id='word_1_692' title='bbox 844 5643 1185 5702; x_wconf 81' lang='lat' dir='ltr'><strong>acclamantli</strong></span> <span class='ocrx_word' id='word_1_693' title='bbox 1215 5644 1296 5704; x_wconf 78' lang='grc' dir='ltr'><strong>εἰς</strong></span> <span class='ocrx_word' id='word_1_694' title='bbox 1323 5637 1497 5690; x_wconf 81' lang='grc' dir='ltr'>πολλά</span> <span class='ocrx_word' id='word_1_695' title='bbox 1531 5634 1632 5700; x_wconf 75' lang='grc' dir='ltr'>ἔτη</span> <span class='ocrx_word' id='word_1_696' title='bbox 1686 5629 1892 5686; x_wconf 58' lang='lat' dir='ltr'><strong>Graecis</strong></span> <span class='ocrx_word' id='word_1_697' title='bbox 1948 5629 2106 5680; x_wconf 83' lang='lat' dir='ltr'><strong>valde</strong></span> 
     </span>
    </p>
   </div>
   <div class='ocr_carea' id='block_1_103' title="bbox 539 5717 2106 5814">
    <p class='ocr_par' dir='ltr' id='par_1_103' title="bbox 539 5717 2106 5814">
     <span class='ocr_line' id='line_1_105' title="bbox 539 5717 2106 5814; baseline -0.019 -16"><span class='ocrx_word' id='word_1_698' title='bbox 539 5717 794 5813; x_wconf 54' lang='lat' dir='ltr'><strong>frequens</strong></span> <span class='ocrx_word' id='word_1_699' title='bbox 827 5739 950 5814; x_wconf 63' lang='lat' dir='ltr'><strong>fuit,</strong></span> <span class='ocrx_word' id='word_1_700' title='bbox 981 5748 1040 5792; x_wconf 88' lang='lat' dir='ltr'><strong>ut</strong></span> <span class='ocrx_word' id='word_1_701' title='bbox 1062 5735 1262 5804; x_wconf 67' lang='lat' dir='ltr'><strong>saepius</strong></span> <span class='ocrx_word' id='word_1_702' title='bbox 1289 5729 1521 5803; x_wconf 84' lang='lat' dir='ltr'><strong>posthac</strong></span> <span class='ocrx_word' id='word_1_703' title='bbox 1551 5723 1847 5780; x_wconf 84' lang='lat' dir='ltr'><strong>exCodino</strong></span> <span class='ocrx_word' id='word_1_704' title='bbox 1901 5717 2106 5773; x_wconf 82' lang='lat' dir='ltr'><strong>intelli-</strong></span> 
     </span>
    </p>
   </div>
   <div class='ocr_carea' id='block_1_104' title="bbox 540 5811 2105 5909">
    <p class='ocr_par' dir='ltr' id='par_1_104' title="bbox 540 5811 2105 5909">
     <span class='ocr_line' id='line_1_106' title="bbox 540 5811 2105 5909; baseline -0.02 -16"><span class='ocrx_word' id='word_1_705' title='bbox 540 5853 749 5909; x_wconf 83' lang='lat' dir='ltr'><strong>gemus,</strong></span> <span class='ocrx_word' id='word_1_706' title='bbox 784 5811 944 5904; x_wconf 78' lang='lat' dir='ltr'><strong>quem</strong></span> <span class='ocrx_word' id='word_1_707' title='bbox 974 5831 1253 5900; x_wconf 77' lang='lat' dir='ltr'><strong>ele‘ganter</strong></span> <span class='ocrx_word' id='word_1_708' title='bbox 1302 5820 1570 5881; x_wconf 85' lang='lat' dir='ltr'><strong>describit</strong></span> <span class='ocrx_word' id='word_1_709' title='bbox 1622 5817 1918 5886; x_wconf 80' lang='lat' dir='ltr'><strong>Corippus,</strong></span> <span class='ocrx_word' id='word_1_710' title='bbox 1973 5811 2105 5866; x_wconf 88' lang='lat' dir='ltr'><strong>dum</strong></span> 
     </span>
    </p>
   </div>
   <div class='ocr_carea' id='block_1_105' title="bbox 540 5907 2104 6000">
    <p class='ocr_par' dir='ltr' id='par_1_105' title="bbox 540 5907 2104 6000">
     <span class='ocr_line' id='line_1_107' title="bbox 540 5907 2104 6000; baseline -0.017 -19"><span class='ocrx_word' id='word_1_711' title='bbox 540 5928 813 6000; x_wconf 84' lang='lat' dir='ltr'><strong>quomodo</strong></span> <span class='ocrx_word' id='word_1_712' title='bbox 828 5923 1038 5981; x_wconf 82' lang='lat' dir='ltr'><strong>Justiuo</strong></span> <span class='ocrx_word' id='word_1_713' title='bbox 1056 5918 1270 5979; x_wconf 86' lang='lat' dir='ltr'><strong>Juniori</strong></span> <span class='ocrx_word' id='word_1_714' title='bbox 1285 5918 1344 5970; x_wconf 62' lang='grc' dir='ltr'><strong>τὸ</strong></span> <span class='ocrx_word' id='word_1_715' title='bbox 1365 5912 1718 5984; x_wconf 67' lang='grc' dir='ltr'>πολυχρόνιον</span> <span class='ocrx_word' id='word_1_716' title='bbox 1739 5907 2104 5964; x_wconf 83' lang='lat' dir='ltr'><strong>acclamatum</strong></span> 
     </span>
    </p>
   </div>
   <div class='ocr_carea' id='block_1_106' title="bbox 2191 4568 3772 4654">
    <p class='ocr_par' dir='ltr' id='par_1_106' title="bbox 2191 4568 3772 4654">
     <span class='ocr_line' id='line_1_108' title="bbox 2191 4568 3772 4654; baseline -0.022 -2"><span class='ocrx_word' id='word_1_717' title='bbox 2191 4603 2286 4654; x_wconf 88' lang='lat' dir='ltr'><strong>ris.</strong></span> <span class='ocrx_word' id='word_1_718' title='bbox 2325 4598 2510 4651; x_wconf 85' lang='lat' dir='ltr'><strong>Vestra</strong></span> <span class='ocrx_word' id='word_1_719' title='bbox 2526 4595 2637 4649; x_wconf 86' lang='lat' dir='ltr'><strong>vita</strong></span> <span class='ocrx_word' id='word_1_720' title='bbox 2664 4589 2934 4644; x_wconf 87' lang='lat' dir='ltr'><strong>munimen</strong></span> <span class='ocrx_word' id='word_1_721' title='bbox 2954 4593 3262 4639; x_wconf 81' lang='lat' dir='ltr'><strong>cunctorum</strong></span> <span class='ocrx_word' id='word_1_722' title='bbox 3297 4586 3374 4632; x_wconf 88' lang='lat' dir='ltr'><strong>est</strong></span> <span class='ocrx_word' id='word_1_723' title='bbox 3405 4583 3614 4628; x_wconf 75' lang='lat' dir='ltr'><strong>:uestra</strong></span> <span class='ocrx_word' id='word_1_724' title='bbox 3646 4568 3772 4637; x_wconf 80' lang='lat' dir='ltr'><strong>ﬁdes</strong></span> 
     </span>
    </p>
   </div>
   <div class='ocr_carea' id='block_1_107' title="bbox 2190 4684 3605 4756">
    <p class='ocr_par' dir='ltr' id='par_1_107' title="bbox 2190 4684 3605 4756">
     <span class='ocr_line' id='line_1_109' title="bbox 2190 4684 3605 4756; baseline -0.015 -10"><span class='ocrx_word' id='word_1_725' title='bbox 2190 4691 2528 4746; x_wconf 85' lang='lat' dir='ltr'><strong>ecclesiarum</strong></span> <span class='ocrx_word' id='word_1_726' title='bbox 2553 4684 2724 4756; x_wconf 88' lang='lat' dir='ltr'><strong>gloria</strong></span> <span class='ocrx_word' id='word_1_727' title='bbox 2744 4690 2842 4736; x_wconf 89' lang='lat' dir='ltr'><strong>est.</strong></span> <span class='ocrx_word' id='word_1_728' title='bbox 3602 4688 3605 4690; x_wconf 92' lang='grc'><strong>·</strong></span> 
     </span>
    </p>
   </div>
   <div class='ocr_carea' id='block_1_108' title="bbox 2269 4760 3774 4847">
    <p class='ocr_par' dir='ltr' id='par_1_108' title="bbox 2269 4760 3774 4847">
     <span class='ocr_line' id='line_1_110' title="bbox 2269 4760 3774 4847; baseline -0.02 -8"><span class='ocrx_word' id='word_1_729' title='bbox 2269 4782 2553 4838; x_wconf 88' lang='lat' dir='ltr'><strong>Similibus</strong></span> <span class='ocrx_word' id='word_1_730' title='bbox 2583 4771 3022 4847; x_wconf 87' lang='lat' dir='ltr'><strong>epiphonematis</strong></span> <span class='ocrx_word' id='word_1_731' title='bbox 3058 4773 3316 4839; x_wconf 80' lang='lat' dir='ltr'><strong>personat</strong></span> <span class='ocrx_word' id='word_1_732' title='bbox 3353 4772 3461 4818; x_wconf 74' lang='lat' dir='ltr'><strong>tota</strong></span> <span class='ocrx_word' id='word_1_733' title='bbox 3528 4760 3774 4831; x_wconf 51' lang='lat' dir='ltr'><strong>synodus</strong></span> 
     </span>
    </p>
   </div>
   <div class='ocr_carea' id='block_1_109' title="bbox 2191 4853 3781 4948">
    <p class='ocr_par' dir='ltr' id='par_1_109' title="bbox 2191 4853 3781 4948">
     <span class='ocr_line' id='line_1_111' title="bbox 2191 4853 3781 4948; baseline -0.021 -14"><span class='ocrx_word' id='word_1_734' title='bbox 2191 4877 2478 4948; x_wconf 86' lang='lat' dir='ltr'><strong>Cpolitana</strong></span> <span class='ocrx_word' id='word_1_735' title='bbox 2513 4871 2615 4927; x_wconf 91' lang='lat' dir='ltr'><strong>sub</strong></span> <span class='ocrx_word' id='word_1_736' title='bbox 2651 4869 2806 4923; x_wconf 79' lang='lat' dir='ltr'><strong>Mena</strong></span> <span class='ocrx_word' id='word_1_737' title='bbox 2843 4861 3155 4935; x_wconf 86' lang='lat' dir='ltr'><strong>patriarcha</strong></span> <span class='ocrx_word' id='word_1_738' title='bbox 3188 4867 3240 4911; x_wconf 88' lang='lat' dir='ltr'><strong>et</strong></span> <span class='ocrx_word' id='word_1_739' title='bbox 3305 4854 3624 4909; x_wconf 81' lang='lat' dir='ltr'><strong>Justiuiano</strong></span> <span class='ocrx_word' id='word_1_740' title='bbox 3677 4853 3781 4903; x_wconf 82' lang='lat' dir='ltr'><strong>im-</strong></span> 
     </span>
    </p>
   </div>
   <div class='ocr_carea' id='block_1_110' title="bbox 2196 4945 3779 5043">
    <p class='ocr_par' dir='ltr' id='par_1_110' title="bbox 2196 4945 3779 5043">
     <span class='ocr_line' id='line_1_112' title="bbox 2196 4945 3779 5043; baseline -0.022 -15"><span class='ocrx_word' id='word_1_741' title='bbox 2196 4979 2472 5043; x_wconf 85' lang='lat' dir='ltr'><strong>peratore.</strong></span> <span class='ocrx_word' id='word_1_742' title='bbox 2507 4963 2651 5030; x_wconf 83' lang='lat' dir='ltr'><strong>Quin</strong></span> <span class='ocrx_word' id='word_1_743' title='bbox 2680 4970 2737 5016; x_wconf 93' lang='lat' dir='ltr'><strong>et</strong></span> <span class='ocrx_word' id='word_1_744' title='bbox 2757 4961 2815 5013; x_wconf 88' lang='lat' dir='ltr'><strong>iu</strong></span> <span class='ocrx_word' id='word_1_745' title='bbox 2848 4953 3212 5011; x_wconf 86' lang='lat' dir='ltr'><strong>electionibus</strong></span> <span class='ocrx_word' id='word_1_746' title='bbox 3241 4962 3375 5003; x_wconf 89' lang='lat' dir='ltr'><strong>usus</strong></span> <span class='ocrx_word' id='word_1_747' title='bbox 3406 4954 3526 4999; x_wconf 83' lang='lat' dir='ltr'><strong>erat</strong></span> <span class='ocrx_word' id='word_1_748' title='bbox 3555 4945 3779 5011; x_wconf 69' lang='grc' dir='ltr'><strong>ἐπιϐοη-</strong></span> 
     </span>
    </p>
   </div>
   <div class='ocr_carea' id='block_1_111' title="bbox 2200 5035 3778 5132">
    <p class='ocr_par' dir='ltr' id='par_1_111' title="bbox 2200 5035 3778 5132">
     <span class='ocr_line' id='line_1_113' title="bbox 2200 5035 3778 5132; baseline -0.019 -17"><span class='ocrx_word' id='word_1_749' title='bbox 2200 5035 2408 5132; x_wconf 55' lang='lat' dir='ltr'><strong>potem.</strong></span> <span class='ocrx_word' id='word_1_750' title='bbox 2472 5056 2532 5109; x_wconf 92' lang='lat' dir='ltr'><strong>ln</strong></span> <span class='ocrx_word' id='word_1_751' title='bbox 2555 5054 2712 5106; x_wconf 85' lang='lat' dir='ltr'><strong>Actis</strong></span> <span class='ocrx_word' id='word_1_752' title='bbox 2765 5041 3131 5102; x_wconf 86' lang='lat' dir='ltr'><strong>ordinationis</strong></span> <span class='ocrx_word' id='word_1_753' title='bbox 3179 5037 3390 5102; x_wconf 87' lang='lat' dir='ltr'><strong>Eradii,</strong></span> <span class='ocrx_word' id='word_1_754' title='bbox 3454 5050 3577 5089; x_wconf 91' lang='lat' dir='ltr'><strong>cum</strong></span> <span class='ocrx_word' id='word_1_755' title='bbox 3623 5035 3778 5087; x_wconf 88' lang='lat' dir='ltr'><strong>illum</strong></span> 
     </span>
    </p>
   </div>
   <div class='ocr_carea' id='block_1_112' title="bbox 2199 5129 3780 5221">
    <p class='ocr_par' dir='ltr' id='par_1_112' title="bbox 2199 5129 3780 5221">
     <span class='ocr_line' id='line_1_114' title="bbox 2199 5129 3780 5221; baseline -0.02 -13"><span class='ocrx_word' id='word_1_756' title='bbox 2199 5129 2258 5208; x_wconf 77' lang='lat' dir='ltr'><strong>S.</strong></span> <span class='ocrx_word' id='word_1_757' title='bbox 2291 5147 2633 5221; x_wconf 77' lang='lat' dir='ltr'><strong>Augustinus</strong></span> <span class='ocrx_word' id='word_1_758' title='bbox 2669 5145 2780 5212; x_wconf 86' lang='lat' dir='ltr'><strong>jam</strong></span> <span class='ocrx_word' id='word_1_759' title='bbox 2811 5151 2979 5194; x_wconf 81' lang='lat' dir='ltr'><strong>senex</strong></span> <span class='ocrx_word' id='word_1_760' title='bbox 3005 5133 3152 5204; x_wconf 88' lang='lat' dir='ltr'><strong>apud</strong></span> <span class='ocrx_word' id='word_1_761' title='bbox 3205 5134 3412 5186; x_wconf 88' lang='lat' dir='ltr'><strong>clerum</strong></span> <span class='ocrx_word' id='word_1_762' title='bbox 3438 5138 3492 5183; x_wconf 94' lang='lat' dir='ltr'><strong>et</strong></span> <span class='ocrx_word' id='word_1_763' title='bbox 3523 5129 3780 5198; x_wconf 83' lang='lat' dir='ltr'><strong>populum</strong></span> 
     </span>
    </p>
   </div>
   <div class='ocr_carea' id='block_1_113' title="bbox 2201 5222 3782 5305">
    <p class='ocr_par' dir='ltr' id='par_1_113' title="bbox 2201 5222 3782 5305">
     <span class='ocr_line' id='line_1_115' title="bbox 2201 5222 3782 5305; baseline -0.018 -4"><span class='ocrx_word' id='word_1_764' title='bbox 2201 5254 2577 5301; x_wconf 85' lang='lat' dir='ltr'><strong>successorem</strong></span> <span class='ocrx_word' id='word_1_765' title='bbox 2612 5235 2714 5292; x_wconf 91' lang='lat' dir='ltr'><strong>sibi</strong></span> <span class='ocrx_word' id='word_1_766' title='bbox 2744 5231 2903 5305; x_wconf 63' lang='lat' dir='ltr'><strong>dixit,</strong></span> <span class='ocrx_word' id='word_1_767' title='bbox 2939 5235 3069 5298; x_wconf 90' lang='lat' dir='ltr'><strong>post</strong></span> <span class='ocrx_word' id='word_1_768' title='bbox 3096 5227 3231 5280; x_wconf 88' lang='lat' dir='ltr'><strong>-ista</strong></span> <span class='ocrx_word' id='word_1_769' title='bbox 3273 5223 3569 5293; x_wconf 79' lang='lat' dir='ltr'><strong>Augustini</strong></span> <span class='ocrx_word' id='word_1_770' title='bbox 3596 5222 3782 5282; x_wconf 79' lang='lat' dir='ltr'><strong>verba,</strong></span> 
     </span>
    </p>
   </div>
   <div class='ocr_carea' id='block_1_114' title="bbox 2204 5314 3786 5405">
    <p class='ocr_par' dir='ltr' id='par_1_114' title="bbox 2204 5314 3786 5405">
     <span class='ocr_line' id='line_1_116' title="bbox 2204 5314 3786 5405; baseline -0.017 -12"><span class='ocrx_word' id='word_1_771' title='bbox 2204 5336 2576 5405; x_wconf 81' lang='lat' dir='ltr'><strong>Presbyterum</strong></span> <span class='ocrx_word' id='word_1_772' title='bbox 2625 5324 2890 5381; x_wconf 85' lang='lat' dir='ltr'><strong>Eradium</strong></span> <span class='ocrx_word' id='word_1_773' title='bbox 2924 5321 3056 5374; x_wconf 88' lang='lat' dir='ltr'><strong>mihi</strong></span> <span class='ocrx_word' id='word_1_774' title='bbox 3110 5333 3463 5375; x_wconf 83' lang='lat' dir='ltr'><strong>successorem</strong></span> <span class='ocrx_word' id='word_1_775' title='bbox 3512 5314 3651 5376; x_wconf 84' lang='lat' dir='ltr'><strong>uolo,</strong></span> <span class='ocrx_word' id='word_1_776' title='bbox 3700 5330 3786 5368; x_wconf 84' lang='lat' dir='ltr'><strong>se—</strong></span> 
     </span>
    </p>
   </div>
   <div class='ocr_carea' id='block_1_115' title="bbox 2203 5408 3784 5501">
    <p class='ocr_par' dir='ltr' id='par_1_115' title="bbox 2203 5408 3784 5501">
     <span class='ocr_line' id='line_1_117' title="bbox 2203 5408 3784 5501; baseline -0.018 -17"><span class='ocrx_word' id='word_1_777' title='bbox 2203 5437 2446 5501; x_wconf 89' lang='lat' dir='ltr'><strong>quuntur</strong></span> <span class='ocrx_word' id='word_1_778' title='bbox 2471 5425 2572 5478; x_wconf 82' lang='lat' dir='ltr'><strong>ista</strong></span> <span class='ocrx_word' id='word_1_779' title='bbox 2595 5441 2608 5476; x_wconf 90' lang='lat'>:</span> <span class='ocrx_word' id='word_1_780' title='bbox 2633 5421 2671 5473; x_wconf 89' lang='lat' dir='ltr'><strong>A</strong></span> <span class='ocrx_word' id='word_1_781' title='bbox 2697 5415 2889 5488; x_wconf 86' lang='lat' dir='ltr'><strong>populo</strong></span> <span class='ocrx_word' id='word_1_782' title='bbox 2921 5414 3275 5468; x_wconf 85' lang='lat' dir='ltr'><strong>acclamatum</strong></span> <span class='ocrx_word' id='word_1_783' title='bbox 3302 5422 3400 5476; x_wconf 87' lang='lat' dir='ltr'><strong>est,</strong></span> <span class='ocrx_word' id='word_1_784' title='bbox 3424 5410 3528 5463; x_wconf 84' lang='lat' dir='ltr'><strong>Deo</strong></span> <span class='ocrx_word' id='word_1_785' title='bbox 3555 5408 3784 5477; x_wconf 76' lang='lat' dir='ltr'><strong>gratias,</strong></span> 
     </span>
    </p>
   </div>
   <div class='ocr_carea' id='block_1_116' title="bbox 2207 5499 3787 5579">
    <p class='ocr_par' dir='ltr' id='par_1_116' title="bbox 2207 5499 3787 5579">
     <span class='ocr_line' id='line_1_118' title="bbox 2207 5499 3787 5579; baseline -0.019 -1"><span class='ocrx_word' id='word_1_786' title='bbox 2207 5522 2414 5579; x_wconf 83' lang='lat' dir='ltr'><strong>Christo</strong></span> <span class='ocrx_word' id='word_1_787' title='bbox 2470 5515 2698 5576; x_wconf 88' lang='lat' dir='ltr'><strong>laudes;</strong></span> <span class='ocrx_word' id='word_1_788' title='bbox 2764 5511 2970 5565; x_wconf 85' lang='lat' dir='ltr'><strong>dictum</strong></span> <span class='ocrx_word' id='word_1_789' title='bbox 3033 5518 3119 5563; x_wconf 89' lang='lat' dir='ltr'><strong>est</strong></span> <span class='ocrx_word' id='word_1_790' title='bbox 3192 5508 3358 5561; x_wconf 81' lang='lat' dir='ltr'><strong>vicies</strong></span> <span class='ocrx_word' id='word_1_791' title='bbox 3411 5512 3517 5557; x_wconf 87' lang='lat' dir='ltr'><strong>tcr.</strong></span> <span class='ocrx_word' id='word_1_792' title='bbox 3578 5499 3787 5552; x_wconf 67' lang='lat' dir='ltr'><strong>Exaudi</strong></span> 
     </span>
    </p>
   </div>
   <div class='ocr_carea' id='block_1_117' title="bbox 2209 5592 3786 5679">
    <p class='ocr_par' dir='ltr' id='par_1_117' title="bbox 2209 5592 3786 5679">
     <span class='ocr_line' id='line_1_119' title="bbox 2209 5592 3786 5679; baseline -0.016 -8"><span class='ocrx_word' id='word_1_793' title='bbox 2209 5616 2433 5674; x_wconf 80' lang='lat' dir='ltr'><strong>Christe,</strong></span> <span class='ocrx_word' id='word_1_794' title='bbox 2463 5607 2755 5679; x_wconf 85' lang='lat' dir='ltr'><strong>Augustino</strong></span> <span class='ocrx_word' id='word_1_795' title='bbox 2800 5602 3177 5666; x_wconf 86' lang='lat' dir='ltr'><strong>vita;dictum</strong></span> <span class='ocrx_word' id='word_1_796' title='bbox 3203 5607 3286 5653; x_wconf 90' lang='lat' dir='ltr'><strong>est</strong></span> <span class='ocrx_word' id='word_1_797' title='bbox 3339 5595 3514 5650; x_wconf 77' lang='lat' dir='ltr'><strong>sexies</strong></span> <span class='ocrx_word' id='word_1_798' title='bbox 3561 5592 3742 5646; x_wconf 83' lang='lat' dir='ltr'><strong>decies</strong></span> <span class='ocrx_word' id='word_1_799' title='bbox 3772 5613 3786 5646; x_wconf 88' lang='lat'><strong>:</strong></span> 
     </span>
    </p>
   </div>
   <div class='ocr_carea' id='block_1_118' title="bbox 2214 5681 3791 5777">
    <p class='ocr_par' dir='ltr' id='par_1_118' title="bbox 2214 5681 3791 5777">
     <span class='ocr_line' id='line_1_120' title="bbox 2214 5681 3791 5777; baseline -0.019 -13"><span class='ocrx_word' id='word_1_800' title='bbox 2214 5709 2282 5764; x_wconf 86' lang='lat' dir='ltr'><strong>Te</strong></span> <span class='ocrx_word' id='word_1_801' title='bbox 2306 5715 2531 5777; x_wconf 83' lang='lat' dir='ltr'><strong>patrem,</strong></span> <span class='ocrx_word' id='word_1_802' title='bbox 2565 5710 2611 5754; x_wconf 91' lang='lat' dir='ltr'><strong>te</strong></span> <span class='ocrx_word' id='word_1_803' title='bbox 2631 5701 2950 5770; x_wconf 85' lang='lat' dir='ltr'><strong>episcopum;</strong></span> <span class='ocrx_word' id='word_1_804' title='bbox 2977 5695 3182 5750; x_wconf 79' lang='lat' dir='ltr'><strong>dictum</strong></span> <span class='ocrx_word' id='word_1_805' title='bbox 3219 5697 3302 5745; x_wconf 89' lang='lat' dir='ltr'><strong>est</strong></span> <span class='ocrx_word' id='word_1_806' title='bbox 3369 5686 3562 5740; x_wconf 87' lang='lat' dir='ltr'><strong>octies.</strong></span> <span class='ocrx_word' id='word_1_807' title='bbox 3628 5681 3791 5738; x_wconf 86' lang='lat' dir='ltr'><strong>Cum-</strong></span> 
     </span>
    </p>
   </div>
   <div class='ocr_carea' id='block_1_119' title="bbox 2211 5774 3789 5872">
    <p class='ocr_par' dir='ltr' id='par_1_119' title="bbox 2211 5774 3789 5872">
     <span class='ocr_line' id='line_1_121' title="bbox 2211 5774 3789 5872; baseline -0.02 -15"><span class='ocrx_word' id='word_1_808' title='bbox 2211 5818 2308 5872; x_wconf 86' lang='lat' dir='ltr'><strong>que</strong></span> <span class='ocrx_word' id='word_1_809' title='bbox 2330 5801 2652 5860; x_wconf 88' lang='lat' dir='ltr'><strong>reticeretur,</strong></span> <span class='ocrx_word' id='word_1_810' title='bbox 2687 5792 3010 5862; x_wconf 84' lang='lat' dir='ltr'><strong>Augustinus</strong></span> <span class='ocrx_word' id='word_1_811' title='bbox 3034 5789 3304 5858; x_wconf 86' lang='lat' dir='ltr'><strong>episcopus</strong></span> <span class='ocrx_word' id='word_1_812' title='bbox 3327 5780 3486 5842; x_wconf 71' lang='lat' dir='ltr'><strong>dixit,</strong></span> <span class='ocrx_word' id='word_1_813' title='bbox 3514 5774 3632 5831; x_wconf 83' lang='lat' dir='ltr'><strong>Non</strong></span> <span class='ocrx_word' id='word_1_814' title='bbox 3659 5792 3789 5844; x_wconf 86' lang='lat' dir='ltr'><strong>opus</strong></span> 
     </span>
    </p>
   </div>
   <div class='ocr_carea' id='block_1_120' title="bbox 2215 5867 3788 5962">
    <p class='ocr_par' dir='ltr' id='par_1_120' title="bbox 2215 5867 3788 5962">
     <span class='ocr_line' id='line_1_122' title="bbox 2215 5867 3788 5962; baseline -0.02 -13"><span class='ocrx_word' id='word_1_815' title='bbox 2215 5905 2311 5962; x_wconf 81' lang='lat' dir='ltr'><strong>est,</strong></span> <span class='ocrx_word' id='word_1_816' title='bbox 2345 5902 2443 5946; x_wconf 89' lang='lat' dir='ltr'><strong>etc.</strong></span> <span class='ocrx_word' id='word_1_817' title='bbox 2482 5887 2600 5945; x_wconf 75' lang='lat' dir='ltr'><strong>Mox</strong></span> <span class='ocrx_word' id='word_1_818' title='bbox 2635 5906 2645 5943; x_wconf 93' lang='lat'>:</span> <span class='ocrx_word' id='word_1_819' title='bbox 2713 5886 2754 5940; x_wconf 78' lang='grc' dir='ltr'><em>Α</em></span> <span class='ocrx_word' id='word_1_820' title='bbox 2784 5882 3006 5938; x_wconf 86' lang='lat' dir='ltr'><strong>notariis</strong></span> <span class='ocrx_word' id='word_1_821' title='bbox 3059 5877 3309 5940; x_wconf 65' lang='lat' dir='ltr'><strong>ecclesiis,</strong></span> <span class='ocrx_word' id='word_1_822' title='bbox 3376 5874 3509 5928; x_wconf 88' lang='lat' dir='ltr'><strong>sicut</strong></span> <span class='ocrx_word' id='word_1_823' title='bbox 3549 5867 3788 5932; x_wconf 83' lang='lat' dir='ltr'><strong>cernitis,</strong></span> 
     </span>
    </p>
   </div>
  </div>
