4064 6464
378 426 479 489 311

1438 429 1520 490 IN
1573 433 1874 494 LIBRUM
1933 433 2030 492 DE
2080 429 2410 490 OFFlCllS
2451 429 2589 488 ΟΡ..

3518 426 3624 491 312

375 534 707 601 excipiuntur
732 547 848 603 aute
869 532 1114 598 dicimus,
1143 533 1477 602 excipiuntur
1507 553 1623 605 qua:
1657 540 1867 603 dicitis;
1895 550 1961 592 et
1976 557 2016 611 Δ
2048 538 2328 606 parricida:
2362 545 2554 590 statuae
2587 535 2956 590 detrahantur.
2989 533 3220 589 Necator
3241 534 3434 589 civium
3499 544 3621 589 tra—

375 642 521 678 meus
548 641 718 679 sermo
747 634 795 678 et
822 634 1008 679 oestrte
1050 625 1456 679 acclamationes
1486 628 1539 679 in
1589 639 1784 680 terram
1843 646 1945 681 non

374 719 590 774 cadunt.
622 717 864 786 Apertius
910 727 966 770 ut
996 717 1192 782 dicam,
1224 719 1580 772 ecclesiastica
1613 737 1750 776 nunc
1804 731 1947 790 gesta

373 808 708 876 conﬁcimus.
738 808 829 862 Sic
857 809 997 861 enim
1028 809 1123 862 hoc
1143 825 1254 864 esse
1284 819 1542 878 quantum
1581 811 1649 864 ad
1710 812 1946 864 homines

374 898 747 966 conﬁrmatum
775 897 908 950 uolo.
950 897 1154 966 Populo
1187 900 1544 954 acclamatum
1583 913 1665 955 est
1701 902 1947 971 trigesics

375 990 576 1054 sexies,
606 991 711 1043 Deo
735 992 960 1059 gratias,
989 990 1196 1046 Christo
1226 992 1430 1048 laudes.
1462 992 1679 1046 Exaudi
1699 994 1906 1047 Christe
1929 993 1950 1044 !

374 1084 668 1150 Augustino
699 1084 842 1149 vita;
867 1084 1074 1140 dictum
1103 1086 1486 1140 esttredecies.
1519 1085 1584 1137 Et
1614 1087 1717 1142 sub
1748 1086 1942 1138 tinent:

376 1172 480 1227 Hic
507 1176 634 1227 mihi
660 1178 991 1243 responsione
1021 1185 1191 1242 uestra
1209 1193 1338 1245 opus
1356 1186 1455 1230 est.
1492 1176 1714 1230 Teneam
1735 1193 1943 1246 respon-

374 1266 573 1318 sionent
603 1277 850 1320 vestram.
876 1268 949 1319 De
973 1268 1072 1320 hac
1093 1271 1387 1322 assertione
1407 1269 1610 1338 aliquid
1629 1268 1940 1322 acclamate.

373 1360 414 1413 A
449 1361 644 1427 popqu
707 1360 1081 1424 acclamatum,
1137 1359 1287 1421 Fiat,
1331 1361 1426 1428 ﬁat
1453 1377 1472 1413 :
1529 1363 1736 1415 dictum
1778 1361 1944 1414 vicies

375 1451 692 1518 quinquies.
728 1449 952 1517 Dignum
980 1463 1080 1515 est,
1131 1453 1337 1520 justum
1389 1464 1489 1519 est,
1540 1454 1745 1508 dictum
1779 1455 1944 1508 vicies

375 1543 573 1596 octies.
606 1541 754 1603 Fiat,
787 1543 881 1610 ﬁat
914 1543 1157 1597 :dictum
1209 1554 1405 1612 quater
1454 1546 1654 1600 decies.
1686 1545 1824 1598 Olim
1861 1546 1944 1599 di-

378 1650 534 1703 gnus,
604 1634 730 1686 olim
783 1635 1049 1688 meritus:
1106 1636 1311 1689 dictum
1380 1636 1544 1691 vicies
1630 1637 1943 1706 quinquies.

375 1725 705 1778 Judiciotuo
742 1729 946 1795 gratias
977 1730 1204 1796 agimus,
1247 1729 1454 1782 dictum
1505 1729 1795 1786 tredecies.
1830 1729 1936 1784 Ea:-

377 1816 532 1881 audi,
570 1814 801 1881 Christe,
861 1818 1120 1872 Eradium
1153 1835 1451 1874 conserva:
1497 1819 1704 1873 dictum
1773 1822 1944 1874 octics

2052 629 2229 690 ltatur,
2261 628 2534 696 parricida
2570 628 2762 681 civium
2803 629 3069 681 trahatur.
3121 626 3452 681 Gladiatoris
3507 638 3621 681 sta-

2052 733 2154 774 tua,
2183 721 2551 778 detrahantur.
2599 722 2669 776 Te
2711 721 2858 775 saluo
2895 721 3034 775 salvi
3089 728 3139 772 et
3196 721 3370 774 securi
3411 737 3622 785 sumus,

2049 831 2178 876 rere,
2198 831 2342 878 rere;
2367 816 2519 867 modo
2550 815 2727 884 digne,
2758 815 2908 866 modo
2932 830 3065 878 vere,
3089 813 3241 866 modo
3259 811 3439 866 libere.
3465 811 3622 866 Nunc

2049 906 2219 957 securi
2250 920 2454 958 sumus.
2503 904 2838 958 Delatoribus
2870 914 3084 958 metum.
3117 904 3180 959 Ut
3227 904 3398 956 securi
3423 903 3618 965 simus,

2049 994 2629 1060 delatoribusmctum;
2672 1005 2728 1046 ut
2794 993 2928 1049 salui
2994 995 3180 1056 simus,
3241 993 3506 1048 delatores
3559 994 3626 1045 de

2049 1094 2255 1137 senatu.
2302 1084 2635 1137 Delatoribus
2688 1084 2881 1151 fustem
2913 1091 2960 1134 te
2982 1081 3149 1134 salvo.
3216 1081 3486 1135 Delatores
3550 1081 3619 1132 ad

2052 1175 2247 1230 leonem
2276 1185 2325 1228 te
2359 1178 2671 1244 imperante.
2713 1175 3047 1228 Delatoribus
3083 1175 3297 1240 fustem.
3327 1171 3626 1226 Parricida:

2049 1269 2358 1338 gladiatoris
2387 1269 2634 1320 memoria
2676 1267 2977 1329 abolentur,
3005 1264 3289 1328 parricida:
3350 1264 3624 1334 gladiato-

2049 1362 2123 1413 ris
2147 1371 2342 1413 statua:
2375 1361 2745 1413 detrahantur.
2805 1359 3015 1427 lmpuri
3061 1357 3381 1426 gladiatoris
3431 1373 3625 1409 memo-

2050 1453 2130 1505 ria
2190 1453 2494 1515 aboleatur,‘
2558 1451 2907 1519 gladiatorem
2953 1453 3022 1502 'in
3071 1449 3346 1516 spoliario.
3383 1447 3620 1509 Exaudi,

2050 1545 2250 1600 thsar.
2303 1545 2561 1612 Carnifex
2617 1559 2749 1596 unco
2791 1542 3054 1596 trahatur.
3091 1541 3348 1610 Carnifex
3408 1549 3626 1611 senatus

2051 1654 2190 1690 more
2255 1636 2517 1705 majorum
2541 1652 2674 1689 unco
2741 1635 3006 1688 trahatur.
3041 1633 3243 1688 Stroior
3290 1632 3621 1694 Domitiano,

2050 1728 2308 1793 impurior
2338 1727 2569 1790 Nerone,
2598 1729 2677 1781 sic
2733 1727 2876 1796 fecit,
2919 1727 2993 1780 sic
3049 1729 3313 1794 patiatur.
3355 1725 3626 1780 Memoria:

2047 1820 2397 1872 innocentium
2412 1830 2699 1884 serventur,
2724 1820 2943 1873 honores
2965 1820 3322 1872 innocentium
3348 1818 3620 1870 restituas.

376 1908 580 1961 decies.
613 1905 778 1961 Vides
847 1908 934 1962 hic
986 1909 1152 1985 280
1198 1911 1443 1970 eamdem
1492 1911 1939 1968 acclamationem
1978 1893 2019 1949 Β
2048 1913 2334 1983 Rogamus,
2361 1912 2642 1983 parricida:
2667 1912 2887 1964 cadaver
2911 1928 3044 1966 unco
3075 1914 3342 1974 trahatur,
3361 1909 3629 1979 gladiato-

377 2002 625 2061 iteratam
659 2001 848 2068 fuisse,
886 2016 993 2057 non
1018 2012 1228 2057 tantum
1250 2004 1440 2071 semel,
1477 2005 1574 2060 sed
1621 2017 1677 2060 et
1721 2007 1944 2076 saepius,

376 2091 488 2142 imo
523 2091 848 2158 saepissime.

448 2181 523 2233 En
565 2181 695 2250 quid
749 2195 974 2238 senatus
1020 2185 1074 2238 in
1107 2183 1422 2252 Claudium,
1479 2201 1601 2241 curn
1649 2187 1949 2256 imperator

378 2275 722 2328 rcmmtiatus
743 2289 908 2340 esset,
931 2277 1071 2343 apud
1105 2277 1432 2333 Trebellium
1462 2295 1475 2332 :
1505 2283 1736 2348 Auguste
1785 2280 1950 2335 Clau-

375 2368 453 2426 di,
484 2367 560 2423 dii
601 2375 648 2420 te
674 2369 818 2420 nobis
851 2378 1100 2435 praestent
1131 2386 1149 2423 :
1178 2372 1379 2425 dictum
1429 2373 1698 2446 sexagies.
1756 2371 1951 2426 Claudi

377 2465 634 2529 Auguste,
659 2463 944 2530 principem
975 2472 1043 2526 te,
1075 2475 1162 2514 aut
1186 2464 1359 2531 qualis
1387 2474 1440 2516 tu
1471 2481 1545 2529 es,
1582 2480 1780 2530 semper
1797 2474 1951 2531 opta-

373 2555 548 2607 cintus
575 2568 594 2606 :
626 2555 835 2608 dictum
864 2555 1212 2624 quadragies.
1246 2556 1439 2610 Claudi
1479 2557 1734 2626 Auguste,
1764 2567 1810 2610 te
1839 2574 1941 2612 res-

377 2645 595 2713 publica
661 2645 1004 2714 requirebat:
1068 2645 1273 2700 dictum
1340 2649 1684 2717 quadragies.
1759 2649 1953 2704 Claudi

380 2739 634 2804 Auguste,
669 2745 720 2789 tu
753 2737 942 2804 frater,
975 2745 1030 2789 tu
1081 2747 1254 2805 pater,
1305 2748 1364 2791 tu
1418 2741 1641 2805 amicus,
1675 2749 1730 2794 tu
1788 2741 1954 2795 bonus

379 2839 612 2895 senator,
644 2841 700 2884 tu
727 2847 839 2886 vere
864 2833 1102 2900 princeps
1131 2849 1150 2886 :
1180 2833 1387 2887 dictum
1431 2835 1692 2890 octavies.
1764 2835 1954 2890 Claudi

381 2918 634 2988 Auguste,
665 2930 721 2973 tu
760 2937 852 2975 nos
874 2921 942 2974 ab
963 2921 1189 2976 Aureolo
1229 2923 1453 3014 ’vindica
1489 2941 1509 2979 :
1549 2927 1754 2980 dictum
1796 2927 1957 2996 (ptin-

380 3009 560 3077 quies.
585 3009 776 3072 Claudi
795 3011 1049 3082 Auguste,
1081 3023 1138 3067 tu
1169 3009 1261 3068 nos
1287 3032 1318 3067 a
1343 3016 1677 3087 Palmyrenis
1709 3018 1950 3072 vindica:

379 3101 584 3155 dictum
616 3103 930 3172 quinquies.
961 3103 1158 3159 Claudi
1188 3108 1445 3177 Auguste,
1501 3120 1558 3161 tu
1601 3125 1693 3164 nos
1723 3126 1754 3162 a
1788 3107 1954 3162 Zeno—

381 3195 467 3247 bia
488 3203 537 3248 et
558 3211 591 3248 a
627 3195 855 3251 Victoria
887 3197 1056 3252 libera
1087 3214 1106 3252 :
1135 3200 1341 3254 dictum
1376 3201 1596 3270 septies.
1624 3201 1819 3256 Claudi
1845 3202 1955 3255 Au-

379 3295 546 3355 guste,
580 3285 813 3340 Tetricus
853 3287 986 3340 nihil
1011 3289 1112 3356 fuit
1146 3307 1164 3345 :
1203 3291 1408 3345 dictum
1442 3292 1670 3360 septies.

452 3377 567 3432 Nec
607 3379 764 3434 bonis
797 3389 1007 3434 tantum
1073 3381 1236 3443 bona,
1261 3383 1354 3438 sed
1397 3389 1450 3435 et
1511 3382 1649 3436 mala
1711 3383 1870 3437 malis
1898 3385 1952 3438 in

383 3469 705 3538 huiusmodi
785 3473 1280 3530 acclamationibus
1351 3475 1792 3544 apprecabautur
1871 3457 1956 3532 vel

383 3563 542 3631 quasi
586 3562 710 3630 jure
780 3579 883 3619 suo
945 3564 1332 3636 elﬂagitabant.
1388 3567 1609 3624 lllustre
1658 3569 1821 3638 hujus
1879 3570 1952 3623 rei

383 3653 690 3726 eseniplum
745 3656 1057 3726 suppeditat
1113 3656 1292 3723 [Elius
1352 3657 1722 3730 Lampridius,
1810 3661 1953 3730 apud

384 3761 546 3815 quem
594 3746 760 3802 habes
834 3748 1258 3805 acclamationes
1312 3765 1540 3808 senatus
1600 3752 1653 3806 in
1709 3750 1951 3807 occisum

385 3838 745 3891 Commodum
801 3838 1232 3908 imperatorem:
1287 3841 1442 3896 Hosti
1495 3845 1686 3911 patria:
1735 3845 1953 3897 honores

382 3929 754 3994 detrahantur,
786 3931 1072 4000 parricidte
1104 3933 1325 3987 honores
1353 3935 1723 3999 detrahantur,
1781 3935 1955 4002 parri-

382 4021 502 4077 cida
535 4025 794 4078 trahatur.
826 4023 1008 4078 Hostis
1034 4025 1244 4094 patriar,
1283 4026 1571 4093 parricida,
1606 4026 1873 4095 gladiator
1902 4027 1954 4078 ia

381 4116 635 4181 spoliario
670 4116 919 4172 lanietur.
941 4109 1130 4172 Hostis
1154 4118 1393 4183 deorum,
1436 4117 1678 4187 carnifex
1711 4126 1948 4183 senatus,

381 4209 540 4263 hostis
575 4208 810 4278 deorum,
833 4211 1102 4279 parricida
1128 4217 1360 4264 senatus.
1379 4211 1560 4265 Hostis
1602 4211 1835 4276 deorum,
1867 4211 1959 4263 ho-

381 4301 474 4352 stis
501 4308 737 4354 senatus.
772 4298 1136 4354 Gladiatorcm
1165 4301 1217 4353 in
1251 4299 1524 4369 spoliario.
1563 4301 1668 4365 Qui
1716 4309 1955 4353 senatum

382 4393 590 4458 occidit,
616 4394 669 4445 in
698 4391 947 4461 spoliario
977 4400 1226 4460 ponatur.
1285 4390 1389 4457 Qui
1446 4402 1686 4446 senatum
1746 4392 1953 4455 occidit,

383 4501 518 4537 unco
549 4485 818 4538 trahatur.
846 4484 951 4550 Qui
977 4485 1270 4538 innocentes
1303 4486 1516 4548 occidit,
1546 4499 1680 4537 unco
1707 4482 1956 4535 trahatur

2054 2007 2125 2059 ris
2155 2007 2377 2058 cadaver
2404 2007 2457 2057 in
2474 2004 2725 2070 spoliario
2743 2013 2994 2070 ponatur.
3051 2002 3307 2074 Perroga,
3339 2003 3571 2072 Perroga
3607 2018 3628 2054 :

2052 2114 2226 2152 onmes
2244 2097 2400 2166 281
2420 2113 2685 2150 censemus
2720 2112 2848 2148 unco
2870 2096 3199 2150 trahendum.
3222 2094 3322 2159 Qui
3341 2112 3514 2148 omnes
3535 2112 3624 2149 oc-

2053 2190 2347 2251 cidit,unco
2370 2191 2632 2242 trahatur.
2652 2187 2973 2252 Quiomnem
2992 2198 3201 2241 (etatem
3245 2189 3453 2254 occidit,
3493 2204 3628 2241 unco

2055 2281 2321 2334 trahatur.
2343 2281 2443 2345 Qui
2464 2290 2741 2351 utrumque
2755 2296 2936 2334 sexum
2978 2279 3187 2345 occidit,
3208 2297 3341 2334 unco
3361 2281 3626 2339 trahatur,

2055 2376 2158 2441 Qui
2175 2377 2423 2446 sanguini
2437 2393 2531 2430 suo
2550 2393 2652 2428 non
2673 2378 2920 2445 pepercit,
2942 2394 3072 2430 unco
3093 2377 3352 2430 trairatar.
3372 2376 3476 2440 Qui
3497 2384 3631 2428 tem-

2053 2466 2142 2534 pla
2183 2466 2449 2534 spoliavit,
2481 2483 2612 2519 unco
2645 2467 2904 2521 trahatur.
2937 2465 3039 2531 Qui
3075 2475 3386 2523 testamenta
3419 2464 3629 2528 delevit,

2055 2575 2189 2612 unco
2214 2560 2474 2612 trahatur.
2518 2558 2623 2624 Qui
2661 2562 2798 2615 vivos
2835 2559 3100 2622 spoliavit,
3155 2574 3288 2613 unco
3359 2558 3628 2611 trahatur.

2054 2647 2228 2704 Servis
2271 2651 2598 2705 seruiuimus.
2650 2654 2752 2716 Qui
2803 2653 2972 2721 pretia
3005 2654 3125 2705 vitta
3161 2651 3330 2721 exegit
3377 2661 3425 2704 et
3473 2650 3629 2716 ﬁdem

2057 2760 2159 2798 non
2188 2746 2439 2809 servavit,
2483 2760 2616 2804 unco
2649 2747 2921 2799 trahatur.
2958 2743 3062 2808 Qui
3097 2753 3341 2796 senatum
3377 2743 3630 2804 uendidit,

2058 2853 2190 2890 unco
2219 2837 2487 2909 trahatur.
2527 2836 2626 2900 Qui
2666 2837 2792 2904 ﬁliis
2821 2836 3040 2889 abstulit
3077 2837 3460 2899 hereditatem,
3496 2851 3633 2887 unco

2058 2930 2320 2980 trahatur.
2354 2927 2562 2981 Indices
2593 2927 2656 2980 de
2673 2934 2880 2989 senatu,
2905 2927 3166 2981 delatores
3189 2927 3251 2979 de
3276 2934 3484 2987 senatu,
3521 2941 3632 2977 scr-

2057 3034 2239 3072 oorum
2286 3020 2654 3075 subornatores
2699 3020 2763 3071 de
2797 3027 3002 3075 senatu.
3058 3017 3125 3071 Et
3167 3028 3224 3070 tu
3261 3017 3528 3070 nobiscum
3561 3018 3628 3068 ti-

2059 3110 2260 3174 muisti,
2311 3114 2487 3166 omnia
2530 3113 2666 3176 scis,
2715 3111 2875 3164 bonos
2919 3119 2967 3163 et
3017 3111 3186 3163 malos
3238 3109 3397 3162 nosti.
3441 3108 3635 3163 Omnia

1979 3237 2024 3302 C
2059 3203 2185 3265 scis,
2218 3203 2394 3256 omnia
2436 3202 2675 3256 emenda.
2705 3200 2814 3255 Pro
2843 3210 2891 3253 te
2923 3201 3217 3253 timuimus.
3260 3198 3303 3253 Ο
3332 3215 3422 3252 nos
3453 3197 3632 3266 felices

2057 3303 2107 3348 te
2137 3295 2249 3348 viro
2275 3296 2586 3362 imperante.
2624 3293 2696 3346 De
2722 3291 2990 3362 parricida
3016 3293 3175 3359 refer,
3199 3292 3354 3358 refer,
3373 3306 3591 3359 perroga
3615 3305 3634 3343 :

2053 3389 2389 3458 praesentiam
2434 3394 2582 3438 luant
2629 3400 2895 3454 rogamus.
2945 3383 3255 3438 Innocentcs
3291 3383 3481 3444 sepulti
3528 3398 3632 3436 non

2057 3485 2214 3544 sunt;
2249 3477 2532 3547 parricidio
2564 3476 2788 3528 cadaver
2830 3476 3097 3528 trahatur.
3140 3473 3425 3526 Parricida
3460 3478 3636 3540 scpui-

2059 3578 2137 3622 tos
2163 3569 2320 3633 eruit,
2345 3567 2630 3636 parricida?
2656 3565 2879 3620 cadaver
2909 3566 3174 3618 trahatur.

2130 3660 2335 3714 Similis
2367 3659 2538 3736 lenne
2556 3666 2637 3713 est
2669 3659 2754 3711 illa
2787 3658 3126 3726 ἐπιφώνησις
3159 3671 3281 3726 quae
3325 3657 3379 3710 in
3415 3654 3632 3725 synodo

2057 3754 2159 3808 sub
2197 3753 2348 3807 Mena
2382 3754 2598 3807 actione
2627 3750 2695 3806 IV
2727 3751 2944 3821 legitur.
2985 3750 3143 3805 Multi
3165 3751 3289 3802 anni
3342 3751 3632 3818 imperato-

2058 3847 2152 3910 ris,
2197 3846 2349 3898 multi
2377 3845 2501 3897 anni
2529 3845 2869 3913 patriarchae.
2908 3839 3122 3895 Petrum
3153 3842 3379 3895 Zoaram
3401 3852 3449 3894 et
3479 3841 3635 3895 Seue-

2057 3955 2173 3990 runt
2207 3936 2359 3990 modo
2387 3937 2799 3990 analhematiza.
2846 3935 3210 3990 Orthodoxum
3263 3934 3634 3998 imperatorem

2056 4027 2210 4080 habes
2235 4043 2252 4080 :
2287 4026 2578 4098 quidtimes
2603 4025 2725 4078 ?eos
2753 4028 2842 4095 qui
2864 4026 3268 4093 purabaptizant
3303 4024 3429 4088 eiice
3457 4023 3628 4100 foras;

2058 4115 2126 4169 Et
2150 4133 2269 4169 cum
2313 4118 2552 4171 monachi
2590 4116 3072 4186 Hierosolymorum
3111 4124 3452 4186 porrexerunt
3475 4114 3634 4170 char—

2030 4218 2187 4274 -tam,
2220 4209 2446 4264 universi
2473 4208 2866 4262 clamauerunt:
2898 4205 3059 4259 Multi
3108 4208 3234 4260 anni
3290 4207 3630 4270 patriarchte.

2058 4299 2317 4354 Libellum
2350 4299 2722 4352 monachorum
2753 4299 2906 4354 modo
2935 4299 3159 4367 suscipe.
3191 4296 3425 4350 Libellus
3479 4298 3634 4350 modo

2060 4391 2284 4460 legatur.
2324 4389 2423 4444 Eos
2448 4391 2538 4461 qui
2578 4406 2670 4460 per
2728 4389 2941 4442 domum
3003 4388 3273 4457 baptizari!
3315 4388 3439 4457 ejicc
3462 4388 3632 4455 foras.

2061 4481 2373 4553 Speluncam
2405 4482 2592 4535 Zoarre
2627 4486 2779 4533 modo
2833 4490 3094 4550 torqueas.
3133 4479 3288 4532 Multi
3345 4479 3472 4531 anni
3523 4494 3638 4547 pa-

384 4578 572 4640 hostis,
600 4576 884 4645 parricida,
917 4593 1053 4641 vere,
1085 4594 1276 4634 severe.
1305 4577 1410 4644 Qui
1441 4577 1686 4646 sanguini
1722 4591 1815 4629 suo
1853 4591 1958 4628 non
1989 4590 2037 4650 ι)
2065 4574 2332 4627 triarchtc.
2369 4561 2798 4641 Parabaptistam
2828 4574 2980 4626 modo
3002 4571 3416 4623 anathematiza.
3473 4567 3634 4623 Chri-

381 4671 626 4739 pepercit,
684 4686 816 4723 unco
843 4672 1104 4724 trahatur.
1141 4672 1244 4736 Qui
1279 4680 1326 4723 te
1357 4672 1623 4723 occisurus
1657 4669 1778 4738 fuit,
1823 4684 1956 4720 unco

383 4763 648 4815 trahatur.
683 4759 972 4816 Nobiscum
1027 4763 1271 4826 timuisti,
1304 4761 1575 4814 nobiscum
1631 4758 1954 4827 periclitatus

379 4874 453 4908 es.
486 4855 546 4912 Ut
569 4854 700 4910 salvi
738 4855 926 4922 simus,
979 4851 1210 4923 Jupiter,
1254 4852 1445 4920 optime
1503 4853 1748 4915 maxime,
1805 4867 1952 4904 serva

382 4949 528 5002 nobis
547 4948 894 5003 Pertinaccm.
919 4948 1067 5000 Fidei
1083 4946 1524 5015 praztorianorum
1547 4944 1763 5011 feliciter
1785 4986 1797 5006 ,
1823 4960 1946 5012 prte-

387 5043 534 5096 toriis
556 5042 853 5096 cohortibus
877 5041 1120 5109 feliciter,
1144 5038 1453 5092 exercitibus
1480 5037 1736 5090 Romanis
1784 5038 1955 5107 felici-

384 5146 482 5197 ter,
500 5134 684 5195 pietati
709 5142 924 5186 senatus
970 5131 1212 5204 feliciter.
1240 5130 1516 5185 Parricida
1553 5131 1820 5186 trahatur.
1849 5130 1952 5183 Ro-

379 5241 587 5292 gamus,
655 5225 907 5294 Auguste,
972 5223 1242 5291 parricida
1297 5225 1562 5278 trahatur.
1616 5221 1731 5276 Hoc
1797 5219 1952 5293 fuga-

381 5331 518 5380 mus,
577 5316 846 5380 parricida
920 5314 1196 5380 tra/mtur;
1253 5314 1468 5380 claudi,
1538 5312 1738 5376 Ctesar.
1795 5312 1952 5366 Dela-

378 5422 516 5461 tores
553 5409 622 5466 ad
682 5407 923 5472 leonem;
999 5410 1211 5468 exaudi,
1275 5407 1476 5461 thsar.
1563 5405 1832 5459 Delatores
1883 5406 1950 5459 ad

379 5502 612 5562 leonem;
637 5498 851 5555 exaudi.
880 5497 1082 5553 Cazsar.
1117 5498 1396 5564 Speratum
1424 5495 1492 5549 ad
1521 5496 1742 5550 leonem.
1782 5495 1949 5550 Victo-

380 5588 476 5640 ria:
505 5587 684 5655 populi
713 5587 939 5640 Romani
982 5587 1239 5653 feliciter;
1276 5585 1396 5653 ﬁdei
1437 5587 1667 5639 militum
1698 5585 1947 5655 feliciter;

378 5679 506 5748 ﬁdei
538 5680 981 5745 prmtorianorum
1034 5679 1291 5745 feliciter;
1338 5677 1639 5733 cohortibus
1686 5681 1949 5748 prtctoriis

379 5770 618 5844 feliciter.
647 5769 833 5825 [lastis
859 5779 1063 5826 statuas
1104 5771 1351 5841 undique,
1409 5771 1692 5845 parricida:
1740 5781 1946 5826 statuas

379 5860 623 5945 undique,
659 5861 976 5936 gladiatoris
1006 5873 1208 5919 statuas
1246 5865 1507 5933 undique,-
1563 5863 1872 5934 gladiatoris
1899 5873 1946 5918 et

2061 4666 2227 4719 stiani
2263 4667 2597 4734 imperatoris
2627 4665 2779 4717 multi
2800 4665 2948 4717 anni.
2977 4661 3268 4717 Orthodoxi
3299 4663 3634 4729 imperatoris

2060 4759 2214 4812 multi
2266 4759 2412 4811 anni.
2484 4756 2758 4826 Spelunctc
2811 4756 3173 4810 haereticorum
3233 4754 3388 4806 modo
3422 4753 3631 4806 ardent.

2067 4851 2239 4904 Vincit
2284 4851 2412 4919 fides
2455 4849 2809 4919 imperatoris.
2853 4847 3183 4902 Orthodoxus
3228 4855 3448 4915 regnat:
3504 4846 3634 4913 quid

2056 4945 2207 4998 times
2230 4945 2254 4996 ?
2281 4931 2470 4996 Petrus
2497 4959 2657 5012 quare
2690 4941 2841 4995 habet
2870 4940 3187 4992 monasteria
3216 4941 3240 4993 7
3278 4938 3463 4993 Omnes
3519 4939 3633 4992 htt—

2057 5017 2245 5096 reticos
2279 5035 2352 5087 ibi
2393 5033 2566 5087 habet.
2599 5032 2870 5098 Severum,
2891 5031 3108 5085 Petrum
3139 5039 3187 5082 et
3216 5029 3444 5082 Zoaram
3475 5032 3631 5083 uredo

2056 5128 2469 5184 anathematiza.
2515 5125 2747 5180 Trinitas
2775 5136 2876 5180 tres
2934 5123 3627 5178 anathematizat.Anothe-

2057 5239 2142 5276 ma
2176 5220 2393 5275 Severus
2426 5220 2612 5273 Petrus
2643 5229 2690 5272 et
2723 5217 2945 5271 Zoaras.
2992 5217 3238 5273 Severum
3284 5215 3630 5269 Manicha'um

2055 5313 2213 5378 modo
2229 5311 2638 5368 anathematiza.
2676 5309 2842 5364 Vincit
2862 5309 2989 5377 ﬁdes
3008 5307 3456 5362 Christianorum.
3477 5305 3634 5359 Multi

2054 5406 2178 5457 anni
2204 5403 2799 5472 patriarchtelnimicos
2825 5401 3025 5456 Christi
3041 5399 3157 5456 mod
3171 5417 3198 5452 o
3213 5399 3629 5452 anathematiza.

2056 5493 2344 5559 lltereticos
2422 5494 2574 5548 modo
2641 5493 3055 5546 anathematiza.
3137 5488 3629 5542 Anathematizatos

2055 5587 2208 5640 modo
2240 5587 2656 5639 anathematisa.
2698 5585 2870 5637 Vincit
2896 5583 3027 5652 ﬁdes
3060 5580 3513 5636 Christianorum.

2125 5679 2334 5734 EiAct.
2385 5680 2439 5743 5,
2493 5693 2614 5746 qua:
2666 5687 2822 5730 antea
2879 5675 2933 5728 in
2995 5673 3227 5744 vulgatis
3289 5668 3629 5725 editionibus

2055 5772 2263 5827 Solebat
2291 5787 2415 5826 esse
2465 5770 2659 5839 prima,
2691 5779 2871 5824 exstat
2902 5768 3216 5838 longissima
3276 5761 3628 5825 acclamatio,

2056 5879 2162 5932 qua
2195 5863 2391 5932 partim
2439 5862 2581 5917 bona
2613 5861 2872 5932 Augustis
2921 5869 2974 5915 et
3031 5856 3375 5928 patriarchae,
3427 5852 3626 5925 partim
