4064 6424
379 440 489 504 313

1495 443 1888 508 GRETSERI
1921 446 2014 505 ET
2051 402 2291 506 coam
2333 445 2574 508 nom.

3538 446 3642 512 3H

381 555 523 612 mala
575 554 846 614 haereticis
933 560 1166 630 popilius
1215 560 1575 630 imprecatur.
1637 562 1798 618 Multi
1847 563 1954 618 sint
1988 572 2032 626 Α
2061 563 2360 633 superioris
2379 563 2572 632 capitis
2605 560 2733 632 (col.
2767 560 2864 616 9.8!
2907 560 2992 632 D),
3023 561 3196 616 amice
3226 560 3418 625 lector,
3454 575 3640 616 recur-

375 647 508 702 ωεπὶ
525 647 882 718 imperatoris,
918 653 1072 706 multi
1101 654 1229 706 anni
1259 655 1533 724 Augustis,
1558 664 1660 710 etc.
1703 654 1952 711 Severum

378 739 728 796 Hanicbamm
802 743 950 809 εἰὶσε,
1011 754 1108 801 etc.
1181 746 1520 816 Eﬁ‘odiantur
1575 765 1700 805 ossa
1775 747 1951 802 Mani-

379 833 662 900 chaeorum,
692 843 793 888 etc.
826 833 1072 890 Seuerum
1105 835 1457 892 Maaicharum
1489 839 1635 908 [oras
1655 838 1804 907 ejice,
1848 847 1952 892 etc.

381 923 486 989 Qui
508 939 612 980 non
665 927 1083 982 anathematizat
1145 929 1413 996 Severum,
1465 931 1794 986 Manichacus
1851 940 1951 984 est.

379 1013 527 1084 Ejicc
552 1017 699 1085 {oras
765 1018 1036 1074 Severum.
1095 1021 1304 1078 Nouum
1359 1022 1562 1078 ludant
1609 1024 1740 1092 ejice
1785 1023 1950 1090 foras.

381 1107 760 1163 lnsidiatorem
790 1110 1067 1166 Trinitatis
1103 1115 1229 1180 ejice
1249 1117 1418 1184 foras,
1441 1125 1542 1170 etc.
1586 1115 1953 1169 Exlmmentur

386 1213 508 1261 ossa
541 1197 1003 1259 Nestorianorum.
1057 1203 1421 1260 lix/minentur
1455 1224 1574 1261 ossa
1598 1206 1955 1277 Eutychiani‘

376 1303 598 1348 uarum.
624 1294 754 1360 Quis
804 1305 878 1352 est
899 1296 1252 1354 Nestorianus
1273 1301 1296 1356 ?
1315 1300 1427 1371 Ego
1448 1302 1653 1364 nescio;
1672 1301 1955 1354 anathema

375 1386 444 1439 sit
470 1385 577 1454 ipse
604 1404 636 1440 a
663 1387 943 1458 Trinitate,
977 1401 1077 1445 etc.
1107 1392 1431 1449 Maniclueos
1459 1394 1523 1446 de
1554 1394 1772 1447 ecclesia
1802 1392 1952 1460 cjice.

339 1474 520 1552 .Duos
555 1477 846 1543 Stephanus
890 1481 953 1536 de
1007 1482 1227 1538 ecclesia
1275 1486 1425 1552 cjice.
1479 1483 1650 1539 Paulo
1711 1492 1835 1552 post
1899 1484 1952 1538 iu

378 1566 562 1620 eadem
589 1570 834 1625 sessione
860 1584 1163 1642 sequuntur
1189 1574 1342 1644 plura
1376 1574 1539 1646 hujus
1587 1575 1806 1646 generis
1838 1577 1956 1645 epi-

335 1681 340 1715 ;
378 1663 722 1729 phoneiuata.

447 1757 834 1814 Acclaniabant
862 1761 1027 1822 etiam
1055 1761 1535 1816 concionatoribus
1561 1780 1577 1828 ε
1609 1763 1765 1832 cujus
1787 1760 1955 1816 moris

367 1850 622 1917 exempla
676 1851 920 1903 invenies
974 1852 1119 1920 apud
1179 1851 1236 1906 S.
1280 1854 1711 1922 Augustinum].
1769 1869 1822 1908 iv
1875 1852 1954 1906 De

2059 671 2150 712 ras
2199 671 2412 726 precor.
2447 653 2649 726 Cone]

2127 747 2274 802 Ibid.
2325 748 2604 802 Crinonia.
2652 745 2765 802 Hoc
2804 746 3151 816 imperatoris
3177 756 3387 814 tegmen
3419 745 3639 800 videtur

2056 855 2087 895 a
2118 839 2301 907 specie
2329 839 2424 892 lilii
2456 839 2728 894 Crinonia:
2767 855 2963 892 nomen
3001 839 3294 896 invenisse,
3329 847 3385 890 ut
3413 845 3467 890 ct
3509 837 3638 890 illud

2059 931 2434 1002 tciraphyllum
2475 947 2506 986 a
2547 943 2782 999 quatuor
2819 929 2988 985 foliis.
3053 928 3348 998 Utriusque
3387 929 3639 982 meminit

2056 1021 2422 1084 Glossarium,
2478 1021 2573 1075 sed
2634 1021 2799 1074 nudis
2875 1019 3121 1091 solisque
3177 1018 3356 1074 verbis
3416 1017 3638 1080 Codini,

2059 1112 2205 1165 nulla
2231 1111 2594 1181 explicatione
2627 1112 2889 1165 adhibita.
2963 1111 3179 1166 Gners.

2130 1203 2514 1276 [Κρινωνιάν.
2572 1201 2836 1259 Coronam
2901 1203 3031 1256 liliis
3097 1203 3211 1256 sive
3271 1200 3513 1255 ﬂosculis
3584 1198 3638 1252 iu

2055 1313 2249 1370 gyrum
2282 1296 2690 1366 germinantem.
2743 1295 2998 1349 Coresins
3040 1295 3091 1348 in
3151 1294 3456 1362 rescriptis.
3511 1290 3639 1343 Bal-

2057 1393 2268 1448 Salmon
2305 1389 2568 1444 Meditato
2595 1389 2919 1444 deinccnsis
2971 1396 3077 1443 etc.
3145 1385 3292 1442 Juris
3345 1385 3437 1440 GR
3485 1384 3528 1460 Il.
3557 1383 3587 1435 7
3622 1401 3637 1437 :

2058 1485 2261 1554 Κρίνος
2281 1484 2349 1536 ἐκ
2372 1483 2667 1552 κρινωνιᾶς
2700 1480 3113 1548 συλλεγόμενος.

2131 1576 2275 1631 Ibid.
2312 1557 2772 1648 [tetpdyv.i.lcr.
2810 1574 3067 1628 Coresius
3109 1571 3250 1624 idem
3280 1569 3442 1623 docet
3477 1566 3635 1620 aliam

2059 1684 2316 1723 coronam
2360 1683 2497 1731 esse,
2531 1683 2561 1720 e
2590 1682 2694 1735 qua
2728 1674 2967 1737 quatuor
3003 1663 3242 1722 ﬂosculi,
3296 1661 3360 1716 ad
3400 1659 3636 1713 frement

2059 1758 2318 1811 nimirum
2350 1767 2403 1810 et
2433 1757 2676 1826 sinciput
2710 1771 2773 1810 ac
2808 1758 2872 1810 ad
2908 1768 3199 1825 utramque
3248 1767 3461 1819 aurem,
3495 1749 3640 1804 emi-

2060 1859 2206 1906 cant.
2233 1847 2434 1920 Ceam]

363 1937 613 1993 doctrina
653 1938 981 2008 Christiana,
1020 1957 1070 1997 c.
1123 1943 1218 2008 26,
1263 1952 1317 1996 et
1363 1958 1507 2012 smpe
1555 1944 1609 1998 in
1673 1944 1947 2000 lloniiliis.
1983 1927 2026 1984 Β
2125 1943 2265 1998 Ibid.
2287 1940 2613 1996 Flammula.
2641 1941 2848 1996 Dicitur
2871 1939 3284 2011 ebﬂamnmlum
3311 1935 3644 2004 attat/1am-

373 2028 645 2086 iiactenus
685 2033 876 2088 deista
923 2035 1345 2090 consuetudine.
1386 2034 1592 2092 (Iners.

445 2124 606 2194 282
625 2125 682 2178 Ρ.
707 2126 800 2182 46.
819 2126 980 2199 [Σᾱς.
1004 2127 1354 2185 Pronominis
1380 2129 1442 2182 σύ
1468 2130 1676 2200 plurale
1697 2139 1782 2185 est
1807 2131 1948 2193 ἑσεῖς

378 2219 430 2270 iu
501 2219 674 2287 primo
733 2235 901 2285 casu;
938 2222 991 2275 in
1044 2223 1272 2293 reliquis
1298 2225 1396 2286 σᾶς
1431 2226 1633 2288 etsed;
1693 2237 1950 2296 corrupte

371 2311 684 2378 pronuntiat
715 2313 946 2369 Graecia.
1595 2298 1615 2318 ’

444 2403 577 2459 Ibid.
617 2405 806 2481 [Θεόςτ
831 2407 930 2462 Cui
964 2410 1134 2465 verbo
1158 2411 1326 2466 addes
1353 2429 1416 2467 ex
1448 2412 1764 2483 liorologio,
1793 2424 1853 2469 ut
1879 2418 1949 2470 sit

375 2498 627 2554 modulus
647 2500 877 2570 integer,
899 2502 1019 2554 Τῶν
1036 2504 1289 2571 πατέριον
1311 2507 1469 2575 ἡμῶν
1487 2509 1513 2560 ὁ
1535 2509 1703 2562 ποιῶν
1725 2511 1810 2562 ἀεὶ
1831 2510 1949 2579 μεθ’

374 2591 530 2660 ἡμῶν
546 2592 684 2647 κατά
700 2593 800 2664 τὴν
821 2596 922 2663 σὴν
939 2597 1259 2662 ἐπιείκειαν,
1308 2601 1380 2668 μὴ
1393 2599 1709 2673 ἀποστήσῃς
1727 2603 1786 2655 τὸ
1807 2602 1950 2666 ἔλεός

367 2699 468 2741 σου
491 2683 581 2751 ἀφ’
605 2684 782 2754 ἡμῶν,
812 2685 948 2741 ἀλλὰ
995 2691 1113 2752 ταῖς
1152 2690 1332 2743 αὐτῶν
1393 2693 1622 2758 ἱκεσίαις
1668 2695 1727 2746 ὲν
1753 2695 1948 2768 εἰρήνῃ

370 2774 706 2846 κυϐέρνησον
728 2777 826 2846 τὴν
853 2778 999 2848 ζωὴν
1021 2781 1053 2848 ἠ
1063 2779 1200 2850 μῶν.
1254 2782 1768 2850 Polychronismum
1829 2801 1950 2841 mo-

371 2869 748 2924 nachorumin
769 2873 1077 2942 superioris
1122 2874 1358 2930 salutem
1408 2877 1674 2933 emissum
1730 2879 1952 2948 require

371 2961 428 3014 in
465 2959 666 3018 “enato
690 2973 837 3019 retro
889 2964 1055 3022 Nonae
1098 2968 1358 3025 oﬂicium.
1399 2969 1596 3043 Cum]

441 3053 587 3112 Ibid.
617 3055 1132 3125 Protapostolarins.
1164 3061 1325 3119 Vides
1356 3071 1412 3119 et
1443 3065 1533 3120 hic
1563 3080 1765 3122 nomen
1799 3065 1951 3121 Grae-

371 3146 577 3204 canica:
605 3151 949 3219 ambitionis,
988 3155 1133 3224 quod
1166 3155 1312 3210 inter
1342 3157 1462 3213 illos
1489 3159 1585 3228 qui
1638 3159 1947 3228 apostolum

371 3239 593 3301 Paulum
629 3241 840 3312 publice
863 3243 1135 3316 legebant,
1161 3246 1264 3302 hoc
1288 3256 1372 3304 est
1398 3249 1540 3302 inter
1559 3249 1945 3319 apostolarios,
1971 3283 2020 3349 ο

370 3333 659 3391 voluerunt
679 3337 884 3393 habere
935 3341 1480 3408 pretapostolarium.
1527 3342 1732 3399 Gns'rs.

440 3427 584 3484 Ibid.
615 3428 716 3501 [Ἠ
746 3431 858 3500 τῆς
877 3435 1250 3506 λειτουργίας
1283 3435 1426 3503 ὥρα.
1453 3435 1582 3502 Quae
1613 3436 1714 3492 hac
1764 3437 1852 3493 die
1882 3439 1948 3493 ab

371 3528 492 3576 orto
517 3522 632 3586 sole
661 3523 870 3580 decima
897 3534 1002 3581 est.
1032 3526 1110 3582 lla
1159 3536 1322 3598 typus
1373 3529 1621 3583 hodierni
1683 3528 1842 3583 uliicii
1882 3532 1947 3585 ad

368 3612 538 3670 Nonae
559 3616 756 3672 calcem
775 3618 986 3687 positus
1007 3636 1021 3673 :
1043 3619 1177 3690 Περὶ
1199 3620 1252 3673 δὲ
1268 3620 1418 3691 ὥραν
1439 3621 1670 3692 δεκάτην
1692 3623 1949 3693 σημαίνει

371 3705 432 3758 τὸ
485 3707 628 3776 μέγα.
699 3720 806 3762 etc.
859 3711 926 3764 ad
987 3711 1237 3780 synaxim
1295 3711 1550 3766 videlicet
1594 3728 1946 3783 vesperaruui

373 3801 717 3868 habendam;
755 3803 956 3872 quibus
987 3803 1155 3860 ﬁnitis
1190 3804 1424 3876 καθεξῆς
1465 3807 1498 3876 ἡ
1536 3805 1655 3860 θεία
1702 3806 1950 3880 λειτουρ-

373 3895 470 3962 γία.
491 3895 586 3949 τοῦ
614 3897 853 3967 μεγάλου
898 3896 1206 3956 Βασιλείου.

377 3998 383 4005 ’
445 3989 580 4046 Ibid.
641 3989 908 4063 [Sabbato
947 3992 1035 4048 vel
1093 3991 1377 4048 Dominica
1424 3993 1696 4065 jejunium
1742 3995 1948 4051 Graecis

384 4071 657 4140 illicitum.
691 4081 824 4140 Eam
861 4085 933 4140 ob
959 4099 1072 4140 rem
1105 4086 1150 4140 si
1181 4084 1460 4142 Natalium
1505 4085 1710 4142 Christi
1759 4089 1950 4144 diebus

375 4173 692 4242 hujusmodi
730 4191 851 4234 sors
885 4176 1021 4233 ferat
1055 4179 1324 4235 celebrari
1397 4181 1767 4250 pervigilium,
1827 4191 1888 4236 ut
1918 4198 1948 4238 a

365 4265 577 4335 jejunio
613 4267 910 4338 abstinent,
946 4271 1022 4326 ita
1076 4257 1298 4328 missam
1348 4281 1616 4329 consueto
1680 4284 1948 4345 tempore,

371 4359 517 4424 quod
547 4358 654 4415 diei
693 4360 850 4416 tertia
875 4371 981 4425 est,
1017 4373 1290 4433 peragunt
1322 4381 1335 4418 :
1369 4364 1416 4420 si
1445 4365 1583 4420 alias
1640 4365 1848 4421 incidat
1894 4368 1947 4422 in

372 4449 560 4518 ferias,
587 4468 710 4508 cum
738 4455 961 4520 nonnisi
1013 4457 1195 4522 missa:
1248 4459 1551 4528 praemissis
1606 4462 1949 4520 solemnibus

373 4543 451 4598 ias
477 4545 547 4600 sit
581 4547 792 4623 solvere
825 4547 1120 4618 jejunium,
1157 4550 1292 4608 illud
1355 4567 1485 4608 vero
1548 4554 1611 4608 ad
1665 4571 1948 4624 vesperam

2055 2037 2222 2101 mula,
2249 2035 2546 2098 aliquando
2607 2034 2841 2103 simplici
2894 2051 2954 2102 μ,
3014 2031 3289 2086 interdum
3340 2029 3640 2100 geminato.

2052 2127 2262 2181 Dicitur
2315 2126 2480 2180 etiam
2544 2124 2772 2194 {tantula
2830 2122 3084 2194 ﬂantula’,
3113 2137 3310 2193 genere
3343 2119 3630 2174 leininiuo.

2053 2217 2330 2288 Vegetius,
2351 2234 2432 2280 In,
2452 2216 2484 2270 5
2505 2235 2516 2270 :
2541 2216 2764 2279 Aquilw,
2792 2217 3068 2279 dracones,
3088 2214 3303 2275 vexilla,
3329 2213 3640 2282 ﬂammulm,

2055 2311 2184 2379 tufaz
2222 2325 2313 2362 seu
2342 2311 2542 2376 (nptiae.
2579 2307 2773 2361 Merito
2798 2318 2978 2361 autem
3015 2305 3372 2374 reprehendit
3400 2302 3640 2372 Lipsius,

2052 2403 2088 2455 l.
2128 2418 2179 2454 tv
2204 2402 2268 2455 de
2293 2401 2479 2454 Militia
2545 2399 2818 2464 Romana,
2857 2401 2980 2452 illos
3040 2399 3132 2462 qui
3192 2399 3330 2467 apud
3357 2395 3640 2466 Vegetium

2053 2497 2360 2567 ﬂammulas
2388 2506 2604 2551 mutant
2636 2497 2686 2550 in
2744 2495 3046 2549 llameola:
3114 2492 3157 2546 0
3215 2492 3371 2557 male,
3435 2491 3639 2560 inquit,

2053 2590 2376 2644 abstineant.
2407 2588 2472 2641 Et
2500 2587 2695 2642 merito
2730 2596 2916 2640 mouet
2951 2594 3010 2639 ut
3074 2583 3423 2646 abstineant;
3467 2580 3631 2651 233

2052 2683 2147 2752 qui
2211 2691 2360 2736 recte
2417 2681 2601 2737 itidem
2661 2680 2898 2751 castigat
2946 2679 3310 2748 interpretem
3386 2677 3642 2741 Cedreui,

2051 2774 2171 2831 haec
2209 2775 2374 2830 verba
2405 2772 2591 2828 Graeca
2623 2773 2713 2826 τὸν
2737 2773 2836 2843 τῆς
2865 2773 3090 2842 εἰρήνης
3118 2771 3401 2840 ἔγγραφον
3425 2769 3638 2839 χάρτην

2051 2867 2144 2920 ἐπὶ
2163 2867 2390 2938 φλαμμυ
2405 2867 2554 2920 ολῖου
2588 2865 2967 2935 κρεμάσαντες
2997 2865 3084 2920 his
3115 2862 3324 2917 Latinis
3377 2862 3644 2928 interpre-

2052 2966 2283 3015 tantem.
2353 2957 2550 3011 tabulis
2608 2957 2754 3023 pacis
2789 2957 2850 3010 de
2918 2965 3071 3008 conto
3128 2954 3417 3033 suspensis,
3483 2951 3640 3021 quasi

2053 3051 2383 3120 φλαμούλιον
2411 3051 2481 3104 sit
2510 3059 2714 3103 contus.
2739 3048 3063 3103 Rectissime
3087 3046 3309 3116 Lipsius
3342 3045 3639 3100 :(Iltartam

2053 3144 2430 3214 conscriptam,
2487 3144 2634 3212 pacis
2701 3150 2906 3204 testem,
2939 3156 3099 3210 super
3152 3138 3379 3209 ﬂamula
3425 3152 3642 3206 snspen-

2055 3239 2254 3293 dentes.
2287 3236 2400 3292 Nec
2435 3246 2585 3290 recte
2621 3234 2822 3290 Junius
2873 3232 3186 3305 φλάμουλον
3235 3237 3638 3318 interpretatur

2061 3333 2324 3394 laborant,
2363 3331 2491 3402 quia
2517 3331 2764 3384 labarum
2815 3345 2986 3383 unum
3045 3337 3200 3392 erat;
3248 3335 3302 3380 at
3355 3324 3642 3396 φλάμουλα

2057 3429 2221 3482 etiam
2255 3426 2508 3498 βασιλικά
2537 3433 2591 3478 et
2619 3421 2968 3494 imperatoria
3003 3421 3177 3491 plura,
3203 3419 3462 3472 nimirum
3516 3415 3650 3470 duo-

2058 3521 2347 3587 decim;ct
2376 3517 2521 3572 domi
2554 3532 2796 3588 quoque,
2834 3531 2940 3569 non
2981 3523 3190 3570 tantum
3229 3513 3284 3567 in
3314 3511 3455 3565 bello
3511 3524 3648 3580 pra:-

2060 3613 2398 3676 ferebantur,
2425 3619 2486 3665 ut
2521 3615 2677 3665 docet
2717 3609 3072 3679 Curopalata,
3127 3625 3178 3663 c.
3217 3606 3270 3662 6.
3303 3607 3464 3661 Forte
3485 3615 3646 3660 vetus

2058 3707 2191 3762 illud
2220 3705 2467 3760 labarum
2500 3703 2642 3774 apud
2695 3703 3030 3773 posteriores
3093 3701 3317 3757 Grmcos
3363 3701 3643 3754 desierat:

2057 3801 2142 3856 sin
2171 3799 2376 3861 minus,
2404 3795 2668 3850 διὸἐλλιον
2690 3797 2875 3865 potius
2905 3796 3097 3850 labaro
3133 3795 3469 3863 re5p0mlcre
3499 3793 3648 3845 dice-

2056 3909 2170 3950 rem
2201 3910 2214 3947 :
2258 3891 2363 3946 hoc
2392 3890 2536 3943 enim
2561 3889 2780 3942 unicum
2806 3900 2942 3951 erat,
2985 3901 3109 3941 ante
3144 3901 3336 3941 omnes
3372 3883 3651 3954 ﬂauiulas,

2059 4000 2116 4045 ut
2138 3989 2338 4044 ibidem
2370 3985 2592 4040 dicitur.
2647 3981 2757 4036 Nec
2809 3980 3172 4034 omittendum
3224 3979 3355 4031 illud
3410 3976 3644 4030 Suidtnz

2057 4083 2308 4153 Σαυρίων
2337 4077 2474 4143 εἶδος
2505 4075 2808 4150 σημαίαςῆ
2863 4073 3198 4144 φλαμούλου.
3254 4071 3394 4137 Quid
3463 4082 3642 4124 tamen

2059 4176 2306 4238 saurion,
2340 4175 2560 4243 ignoro.
2606 4169 2786 4238 inquit
2817 4167 3057 4237 Lipsius.
3113 4164 3216 4218 Sed
3249 4163 3377 4233 quid
3418 4161 3462 4217 si
3498 4161 3646 4231 lege-

2059 4280 2212 4326 retur
2245 4266 2523 4337 ouupiow
2548 4264 2571 4318 ἲ
2612 4263 2776 4318 Certe
2810 4275 2980 4315 unum
3009 4275 3070 4313 cx
3097 4257 3332 4313 ﬂamulis
3360 4256 3648 4325 imperato-

2057 4367 2137 4422 ris
2177 4362 2405 4432 σταυρός
2441 4370 2581 4425 erat,
2627 4360 2730 4413 hoc
2765 4364 2850 4412 est
2882 4372 3043 4420 crux,
3104 4363 3165 4409 ut
3206 4369 3371 4421 supra
3437 4351 3647 4406 dictum

2059 4477 2125 4516 ex
2152 4458 2475 4529 Curopalala
2515 4471 2565 4511 c.
2606 4453 2662 4507 6.
2692 4449 2764 4506 Ut
2797 4451 2959 4523 igitur
2993 4465 3023 4504 a
3077 4450 3314 4504 dracone
3369 4445 3648 4500 “amulum

2060 4552 2334 4623 quoddam
2371 4549 2577 4605 dicitur
2639 4545 2782 4615 apud
2823 4542 3216 4613 Guropalatam
3279 4540 3649 4623 Bpaxowsiov,

374 4650 546 4704 usque
571 4639 644 4704 sit
682 4641 1134 4708 protrahendum,
1165 4658 1393 4713 vespere
1437 4647 1810 4713 solummodo,
1843 4667 1951 4717 quo
1985 4651 2033 4712 [δ
2062 4645 2142 4702 sic
2173 4645 2316 4715 apud
2349 4642 2576 4698 Suidam
2609 4642 2830 4696 videtur
2865 4655 2894 4694 a
2944 4648 3241 4696 stauroseu
3278 4651 3443 4712 cruce
3468 4636 3651 4690 vocari

375 4733 812 4801 vespertinarum
866 4735 1091 4790 laudum
1142 4745 1361 4807 tempus
1408 4738 1599 4802 instat,
1640 4741 1803 4796 simul
1826 4757 1952 4797 cum

378 4826 510 4895 ipsis
540 4838 794 4885 cantatur
839 4830 1044 4898 inissa;
1094 4847 1203 4900 qua
1249 4835 1403 4888 tinita
1458 4835 1842 4906 cibicapieudi
1900 4839 1954 4892 lit

374 4927 634 4986 potestas.
655 4921 779 4978 Haec
795 4936 862 4979 ex
891 4923 996 4980 ritu
1021 4924 1186 4990 hujus
1210 4925 1312 4980 diei
1335 4927 1388 4982 in
1413 4927 1615 4983 Menam
1637 4929 1956 4998 reperienda

374 5010 441 5065 ad
479 5013 638 5082 hujus
668 5015 768 5072 loci
804 5017 1228 5084 expositionem.
1264 5019 1458 5093 Cosa.)

450 5101 510 5157 Ρ.
563 5105 653 5159 47.
711 5105 841 5161 Post
911 5109 1048 5163 hunc
1101 5110 1320 5182 liturgia
1383 5112 1680 5183 perﬁcitur.
1737 5115 1956 5171 Habent

277 5212 288 5220 ο
377 5196 524 5253 hunc
563 5213 766 5258 morem
816 5199 1012 5266 Graeci,
1086 5204 1228 5259 utin
1285 5207 1704 5276 quadragesima
1761 5208 1954 5266 diebus

370 5287 566 5360 ieiunii
591 5292 713 5347 etin
743 5292 940 5363 vigiliis
966 5295 1240 5364 liturgiam
1278 5311 1374 5354 seu
1407 5298 1630 5356 missam
1676 5300 1957 5356 celebrent

375 5395 405 5433 ο
440 5384 681 5452 meridie,
725 5395 779 5440 et
815 5387 1023 5443 utliinc
1079 5398 1324 5458 apparet,
1383 5399 1507 5460 post
1572 5408 1850 5461 vesperas.
1899 5395 1954 5452 lu

376 5473 642 5533 Pasehate
661 5477 880 5550 .Iiturgia
908 5482 965 5536 tit
983 5489 1110 5536 ante
1141 5483 1275 5538 solis
1304 5492 1577 5542 exortum.
1605 5486 1740 5540 Aliis
1763 5487 1956 5543 diebus

378 5566 508 5622 hora
541 5571 722 5636 tertia,
767 5581 1024 5642 tanquam
1059 5587 1344 5641 consueta,
1405 5586 1462 5631 ut
1514 5576 1676 5632 docet
1734 5577 1955 5634 Gabriel

378 5658 868 5732 Philadelphiensis
897 5666 1190 5740 cpiscopus
1238 5668 1290 5722 in
1325 5683 1428 5726 suo
1491 5671 1568 5726 De
1595 5673 1957 5728 sacramentis

379 5752 581 5807 libello.
618 5754 820 5812 Gns'rs.

458 5845 593 5901 Ibid.
632 5849 720 5904 1-5.
773 5849 1161 5921 [Ἁλλὰσσει.
1206 5852 1322 5908 Non
1371 5864 1583 5922 mutat,
1628 5856 1722 5913 sed
1773 5856 1954 5926 potius

380 5931 572 6000 induit,
605 5935 666 5988 τὸ
695 5937 879 5994 ἐπάνω
912 5942 1173 6000 nimirqu
1211 5943 1432 6012 ἔνδυμα,
1475 5957 1579 6001 etc.
1633 5949 1710 6002 Ad
1767 5959 1952 6002 notam

2057 4738 2306 4794 διαεινὶοη
2330 4737 2460 4791 illud
2488 4736 2631 4806 quod
2661 4750 2692 4791 a
2750 4733 3077 4803 Guropalata
3118 4741 3335 4792 statim:
3367 4744 3460 4783 seu
3516 4742 3655 4780 cruce

2059 4830 2393 4900 appellatur.
2470 4829 2836 4898 Φλὰμπουρον
2924 4838 3145 4892 quoque
3205 4821 3453 4874 invenias
3504 4818 3650 4887 apud

2057 4925 2473 4994 Moscliopulum
2519 4941 2532 4978 :
2569 4921 2710 4991 apud
2747 4919 3076 4980 Gedrcnum,
3130 4930 3182 4982 p.
3241 4914 3366 4974 4-H,
3403 4903 3651 4981 φλαμούὲ

2057 5015 2192 5083 λιον,
2226 5015 2368 5086 apud
2399 5015 2637 5069 Leonem
2669 5012 2722 5064 in
2748 5009 2988 5064 Tacticis
3006 5004 3290 5061 constitui.
3322 5003 3377 5071 5,
3413 5003 3654 5073 φλαμουη

2055 5099 2375 5170 λίσκιονίίη
2403 5104 2678 5160 Pandecte
2712 5101 2789 5155 Tu
2804 5100 2951 5154 rcieo
2985 5097 3306 5168 [iamborum
3331 5105 3386 5150 et
3414 5095 3650 5164 [lambu—

2051 5204 2208 5267 lum;
2247 5215 2370 5271 qua:
2397 5208 2452 5254 et
2489 5197 2651 5252 hodie
2681 5192 2889 5250 Graecis
2915 5191 3142 5247 usitata.
3175 5191 3430 5261 Idemque
3466 5190 3654 5258 omuia

2060 5299 2174 5352 hac
2204 5292 2495 5356 vocabula,
2525 5289 2627 5346 etsi
2659 5288 2879 5343 diverse
2911 5285 3078 5342 scribi
3100 5285 3284 5350 solita,
3314 5285 3652 5355 siguiliCaItt,

2063 5402 2258 5456 nempe
2285 5384 2569 5446 vexillum,
2596 5397 2713 5446 seu,
2744 5389 2803 5434 ut
2826 5379 3220 5450 interpretatur
3251 5377 3470 5434 Nicctas
3504 5378 3646 5447 apud

2060 5477 2364 5546 Rigaltium
2401 5476 2452 5529 in
2477 5474 2785 5540 Glossario,
2820 5474 3031 5543 signum
3056 5472 3309 5526 militare.
3332 5469 3440 5525 Nec
3473 5479 3654 5522 tamen

2062 5573 2270 5627 militiae
2304 5573 2483 5626 solum
2510 5570 2604 5626 sed
2643 5569 2877 5630 etdomi
2911 5568 3232 5638 imperatori
3261 5577 3315 5620 et
3383 5561 3646 5633 principi-

2061 5669 2162 5724 bus
2190 5666 2374 5738 palatii
2403 5665 2644 5734 prieferri
2678 5674 3026 5728 consuetum,
3095 5661 3240 5731 quod
3304 5659 3526 5728 planum
3590 5671 3657 5710 ex

2059 5760 2320 5831 Curopal.
2375 5774 2424 5814 c.
2496 5759 2550 5812 6.
2612 5755 2726 5811 luto
2781 5757 2929 5811 domi
2993 5755 3144 5825 plura
3205 5750 3656 5822 praifcrehantur.

2061 5854 2325 5910 nimirum
2359 5851 2646 5908 duodecim
2685 5869 2700 5905 :
2766 5850 2954 5911 Ἐκτὺς
2983 5848 3039 5902 δὲ
3057 5847 3257 5900 ὁπόταν
3308 5843 3597 5916 στρατεύει
3629 5841 3660 5892 ὁ

2066 5945 2341 6009 βασιλεὺς,
2381 5947 2522 6001 κατὰ
2553 5942 2845 6010 ἀναλσγὶαν
2886 5943 2982 6008 τῆς
3019 5939 3311 6007 ποσότητος
3338 5939 3434 6006 τῆς
3485 5932 3657 5988 aurai}
