4064 6450
414 477 523 543 3l5

1502 470 1587 533 ΙΝ
1637 470 1942 531 LIBRUM
1987 467 2084 528 DE
2129 461 2459 525 OFFICIIS
2517 460 2623 522 GP.

3584 454 3695 520 816

418 592 721 656 συντάξεως
752 591 861 662 ἔχει
920 591 1014 644 καὶ
1064 588 1374 660 φλυμουλον
1400 588 1458 641 ἒν
1492 589 1653 659 τυχὸν
1684 589 1855 660 ἢ’·δῦο.
1911 588 1981 653 Qt:

2089 583 2380 647 caelestis.
2440 580 2630 637 Tertio
2683 578 3115 647 archistrategus
3171 589 3279 632 non
3308 584 3427 633 erat
3455 576 3691 634 oﬂicium

414 681 749 736 flammulam
777 690 975 750 gestat,
1010 680 1214 735 Grzecis
1240 689 1323 735 est
1356 679 1660 748 ﬂaniularis
1687 694 1780 733 seu
1837 681 1999 747 ﬂam-

415 774 589 829 bular.
623 774 880 827 Pandect.
914 773 1083 827 Turc.
1112 788 1161 828 c.
1198 772 1299 824 174
1327 783 1381 827 et
1438 772 1558 826 Vet.
1606 770 1789 827 Gloss.
1855 770 1999 840 apud

414 864 614 933 liigalt.
649 864 1064 934 φλαμου).ἀριοι.
1095 864 1149 918 ln
1180 864 1487 920 Turco-Gr.
1558 880 1612 933 p.
1675 863 1770 917 161
1828 863 2005 931 φλαμ-

410 954 702 1023 πιυλάρεοι
738 956 1043 1026 vexilliferi.
1074 972 1127 1026 p.
1158 957 1257 1012 201
1321 957 1599 1011 l'lamboler
1629 957 1839 1025 signum
1904 970 2000 1009 seu

408 1047 686 1102 vexillum.
722 1047 967 1102 Transiit
999 1048 1217 1105 llamula
1249 1066 1311 1104 ex
1348 1049 1504 1103 Latio
1538 1050 1602 1104 ad
1636 1049 1878 1111 Graecos,
1908 1048 2001 1117 qui

411 1138 545 1191 illud
582 1141 751 1203 varie,
778 1149 835 1192 ut
873 1140 1073 1206 solent,
1127 1141 1515 1194 immutarunt.

480 1229 540 1282 P.
581 1230 671 1283 48.
722 1230 1020 1297 Flagitiose
1077 1246 1309 1301 prorsus
1349 1233 1549 1287 JttttiUs
1578 1233 1631 1285 in
1670 1232 2005 1302 interpreta-

409 1318 560 1374 tione
619 1330 671 1374 et
714 1322 1081 1390 explicatione
1123 1337 1313 1377 eorum
1376 1340 1497 1393 qum
1561 1325 1737 1378 bicde
1768 1324 2004 1379 llamulis

407 1412 731 1465 scribuntur
760 1423 1012 1468 versatus
1049 1424 1155 1469 est.
1213 1414 1267 1469 ld
1299 1427 1356 1471 ut
1382 1417 1674 1484 videas,en
1724 1417 1822 1470 tibi
1856 1416 2002 1471 Junii

408 1504 597 1556 verba:
631 1503 709 1555 Ea
735 1504 999 1577 (flamula)
1025 1518 1145 1561 sunt
1172 1510 1300 1563 haec.
1338 1509 1575 1563 Primum
1591 1514 1689 1581 fert
1719 1512 2007 1566 archistra-

411 1603 558 1664 tegus
582 1613 601 1649 :
625 1599 867 1668 princeps
900 1616 1175 1654 sacrorum
1210 1604 1514 1667 secundum,
1543 1603 1735 1657 habens
1754 1606 2005 1674 imagines

408 1690 610 1743 divinas
630 1694 841 1747 multas.
866 1692 1031 1747 Aliud
1059 1698 1263 1759 tertius,
1290 1696 1483 1750 habens
1507 1698 1761 1766 imagines
1794 1710 2007 1754 sancto—

410 1799 527 1834 rmn
556 1793 783 1852 qunluor
808 1803 1119 1857 magnorum
1148 1799 1466 1859 martyrum,
1501 1791 1777 1858 Demetrii,
1804 1792 2007 1849 Proco-

405 1875 480 1953 pii
510 1885 556 1927 et
593 1874 873 1931 Theodori.
918 1880 1101 1946 Aliud,
1148 1885 1232 1950 qui
1266 1882 1367 1949 fert
1419 1894 1666 1936 sanetum
1718 1885 2000 1956 Georgium

405 1966 653 2033 equitem,
672 1970 822 2022 aliud
846 1971 1213 2036 draconteum,
1236 1984 1283 2026 et
1301 1975 1453 2027 aliud
1477 1977 1673 2029 habens
1697 1991 1991 2046 equestrem

406 2058 740 2125 imperatoris
801 2072 1063 2118 statuam.
1102 2064 1401 2136 Perperam
1455 2084 1710 2137 prorsus.
1758 2069 1991 2125 Verten-

403 2152 530 2207 dum
569 2158 738 2222 enim,
798 2167 857 2213 ut
914 2160 1032 2230 ipsa
1088 2162 1259 2217 verba
1318 2173 1373 2218 et
1431 2180 1586 2220 mens
1641 2166 1991 2235 Curopalatre

404 2248 708 2312 postulant,
769 2251 918 2305 hunc
976 2253 1031 2307 in
1068 2256 1291 2309 modum
1325 2271 1339 2309 :
1402 2255 1483 2317 Ea
1513 2268 1687 2313 autem
1719 2257 1985 2328 (damula)

401 2350 522 2393 sunt
576 2342 707 2395 ha’e.
763 2343 1008 2399 Primum
1060 2350 1516 2418 archistrategus:
1583 2352 1820 2405 alterum
1869 2370 1988 2406 vero

402 2432 732 2504 (llamulum)
793 2440 991 2491 multas
1052 2440 1249 2495 habens
1285 2458 1474 2496 sacras
1527 2453 1576 2497 et
1605 2445 1821 2499 divinas
1848 2446 1987 2498 ima-

401 2523 550 2591 gines
580 2528 890 2596 pontiﬁcum
920 2539 967 2583 et
1000 2529 1256 2587 Ecclesia:
1300 2535 1616 2602 prtesulum;
1647 2537 1799 2591 aliud
1830 2554 1985 2604 crux,

400 2614 597 2669 habens
619 2617 928 2687 (legendum
950 2624 1095 2678 enim
1130 2641 1194 2679 ex
1216 2628 1339 2680 cod.
1367 2644 1472 2682 ms.
1492 2628 1736 2683 doctoris
1764 2628 1986 2702 Georgii

407 2707 713 2775 Lautlterii,
744 2712 873 2767 ἄλλο
938 2718 1172 2787 σταυρὸς
1212 2718 1373 2789 ἔχων)
1401 2721 1658 2789 imagines
1686 2731 1987 2777 sanctorum

401 2813 633 2870 quatuor
663 2820 972 2873 magnorum
1006 2809 1172 2881 284
1198 2821 1517 2881 martyrum,
1540 2812 1815 2882 Demetrii,
1847 2815 1986 2871 Pro-

405 2896 546 2965 copii
574 2906 623 2950 et
661 2900 937 2970 utriusque
971 2902 1233 2958 Theodori
1261 2905 1575 2975 (legendum
1606 2909 1753 2962 enim
1786 2909 1839 2964 in
1867 2911 1985 2980 plu-

407 2986 507 3039 rali
567 2988 883 3061 Θεοδώρων,
940 3004 1000 3047 ιιι
1062 2995 1266 3051 habent
1315 3014 1451 3054 mss.
1499 3000 1767 3071 codices).
1820 3002 1985 3056 Aliud

399 3076 593 3132 habens
631 3080 797 3153 (ἕχον)
823 3082 880 3139 S.
910 3082 1195 3156 Georgium
1252 3091 1507 3158 equitem.
1567 3093 1730 3146 Aliud
1755 3094 1985 3150 dracon-

398 3179 559 3238 teum,
589 3182 637 3226 et
666 3173 813 3228 aliud
837 3176 1031 3231 habens
1051 3189 1346 3248 equestrem
1370 3182 1705 3251 imperatoris
1721 3196 1980 3244 statuam.

2104 676 2188 732 vel
2216 689 2416 731 nomen
2443 674 2607 729 oﬂlcii
2636 673 2801 728 aulici
2822 673 2905 727 vel
2933 670 3225 727 militaris:
3260 670 3499 740 alioquin
3527 671 3696 728 omis-

2104 785 2227 825 sum
2262 784 2369 825 non
2435 767 2632 824 fuisset
2659 768 2764 821 hoc
2790 780 2993 820 munus
3025 781 3053 819 a
3095 764 3427 834 Curopalata
3459 764 3515 817 in
3541 772 3696 819 cata-

2103 862 2247 932 logo.
2269 860 2451 926 Quare
2463 874 2601 915 vana
2621 868 2703 915 est
2726 858 2815 913 illa
2836 857 3142 913 Calviniani
3167 865 3295 910 nota
3318 858 3372 910 :6
3394 856 3695 927 ἀρχιστρά-

2109 971 2305 1025 τηγος,
2333 963 2489 1025 puta,
2514 954 2752 1027 quisquis
2775 962 2853 1007 est
2881 968 2975 1021 per
3005 951 3141 1005 illud
3165 962 3392 1018 tempus.
3417 944 3488 1002 At
3509 948 3695 1002 nullus

2106 1057 2191 1103 est
2222 1048 2660 1117 archistrategus
2700 1053 2846 1117 apud
2896 1044 3285 1116 Curopalatam
3316 1043 3424 1098 nisi
3450 1041 3693 1096 Michael

2106 1143 2493 1212 archangelus.
2533 1142 2737 1197 Gnms.
2882 1128 2883 1131 “

2177 1235 2238 1289 Ρ.
2265 1235 2354 1290 48.
2384 1235 2660 1307 [Caelestis
2691 1231 3080 1301 terrestrisque
3102 1230 3311 1285 militiae
3333 1229 3440 1284 dux
3461 1229 3695 1283 ducum-

2106 1343 2214 1398 que
2245 1328 2489 1383 omnium
2527 1327 2780 1396 princeps
2805 1324 3055 1389 Michael,
3088 1323 3533 1394 ἀρχιστράτηγος
3560 1321 3692 1375 ideo

2109 1432 2139 1471 a
2169 1418 2452 1482 militibus,
2490 1433 2518 1473 a
2551 1419 2713 1487 vulgo
2760 1417 2887 1486 (hoc
2922 1416 3067 1471 enim
3103 1414 3223 1470 solo
3253 1413 3474 1467 nomine
3506 1411 3691 1480 plebe-

2110 1513 2254 1567 cula:
2289 1524 2453 1567 notus
2510 1511 2618 1580 est)
2683 1511 2987 1581 ταξιάρχης
3058 1509 3330 1565 salutatus
3359 1526 3372 1573 ;
3405 1508 3561 1577 cujus
3592 1522 3693 1559 no-

2110 1608 2255 1662 mine
2285 1607 2575 1662 ecclesiam
2610 1607 2664 1660 in
2721 1604 3021 1661 Sostbenio
3052 1612 3210 1658 extra
3247 1590 3438 1657 muros
3470 1601 3689 1656 dedica-

2112 1708 2218 1754 tam
2248 1700 2673 1765 aConstantino,
2691 1698 2850 1773 cujus
2878 1695 3184 1750 munimine
3217 1695 3458 1763 reginam
3496 1693 3685 1746 urbem

2109 1794 2176 1845 ab
2206 1791 2413 1846 insultu
2468 1791 2830 1845 barbarorum
2889 1804 2995 1841 non
3057 1786 3227 1841 semel
3290 1794 3532 1854 ereptam
3604 1799 3691 1838 re-

2110 1885 2217 1939 fert
2274 1884 2646 1938 Damaseenus
2714 1880 2958 1936 Studites
3017 1879 3400 1933 subdiaconus
3471 1877 3688 1947 vulgari

2106 1992 2360 2032 sermone
2384 1976 2451 2031 de
2472 1977 2591 2046 ejus
2620 1975 2917 2030 festivitate
2943 1975 3171 2043 scripto,
3204 1988 3366 2043 quem
3393 1972 3543 2027 velut
3575 1986 3693 2025 ma-

2096 2069 2188 2137 gni
2221 2084 2284 2123 ac
2340 2068 2687 2124 celeberrimi
2734 2067 2792 2122 S.
2863 2068 3089 2135 SOpbize
3151 2066 3337 2135 templi
3400 2065 3689 2119 custodem

2096 2163 2348 2231 depinxit
2396 2162 2746 2217 Justinianus
2807 2163 2864 2213 ὲν
2904 2161 3145 2231 προνάῳ,
3177 2161 3298 2212 καθ’
3326 2159 3353 2211 ὃ
3380 2160 3443 2229 δὴ
3473 2162 3501 2211 ὁ
3531 2158 3687 2227 πρῶ·

2094 2274 2281 2320 τιστος
2311 2258 2404 2311 καὶ
2442 2259 2705 2325 μέγιστος
2737 2256 2844 2309 τῶν
2878 2255 3385 2325 παραστατούντων
3417 2251 3688 2322 ἀρχαγέλ-

2093 2348 2203 2401 λων
2262 2348 2384 2419 Θεῷ
2415 2348 2636 2419 Μιχαὴλ
2668 2349 3017 2416 ἐσπασμένος
3077 2346 3356 2415 ῥομφαίαν
3383 2344 3689 2414 ἐστήλωται

2100 2437 2353 2507 ψηφίδων
2413 2438 2648 2502 λεπταῖς
2676 2438 2982 2502 ὲπιθέσεσι,
3026 2436 3203 2506 φύλαξ
3239 2435 3689 2506 προϐεϐλημένος

2092 2532 2187 2585 τοῦ
2219 2531 2390 2603 ἱεροῦ,
2426 2532 2604 2602 inquit
2635 2530 2853 2586 Nicetas
2888 2532 2941 2584 in
2974 2530 3166 2587 Alexio
3199 2530 3274 2592 ll;
3308 2543 3469 2597 quem
3503 2540 3691 2582 sacro-

2093 2642 2214 2681 rum
2268 2625 2532 2696 prmsides
2622 2625 2685 2699 in,
2745 2625 2887 2679 sacri
2942 2621 3236 2677 tribunalis
3288 2619 3520 2684 foribus,
3574 2635 3685 2673 non

2092 2718 2380 2788 ejiciendis
2414 2716 2508 2770 sed
2547 2714 2886 2770 advocandis
2934 2713 3116 2781 potius
3148 2712 3201 2764 in
3243 2710 3552 2780 paradisum
3586 2708 3687 2761 bo-

2093 2812 2364 2877 minibus,
2423 2808 2803 2864 excubitorem
2865 2822 2972 2861 non
3022 2806 3253 2874 pingunt
3288 2805 3452 2858 modo
3493 2804 3586 2858 sed
3624 2812 3681 2857 et

2093 2913 2456 2969 venerantur,
2494 2910 2735 2956 tremunt
2790 2909 2841 2954 et
2865 2909 3187 2969 precantur,
3225 2897 3369 2951 utin
3404 2897 3679 2951 Euebolo-

2093 2998 2227 3067 gicis
2278 2996 2661 3051 enarravimus
2698 3011 2712 3060 ;
2758 3007 2922 3063 quem
2958 2990 3201 3059 denique
3231 2989 3447 3058 imperii
3480 2989 3671 3044 defen-

2098 3105 2281 3147 sorem
2316 3090 2480 3145 simul
2512 3104 2634 3143 eum
2670 3085 2927 3140 Gabriele
2948 3084 3104 3140 socio
3128 3083 3231 3138 sibi
3267 3086 3455 3137 datum
3483 3092 3674 3137 tenue-

2096 3194 2230 3240 runt
2257 3183 2571 3239 Graecorum
2592 3180 2891 3251 principes,
2930 3178 3048 3244 ubi,
3076 3184 3238 3247 prout
3275 3184 3467 3230 auctor
3493 3186 3680 3230 noster

401 3262 556 3318 lianc
591 3280 711 3321 esse
738 3282 923 3323 veram
974 3270 1486 3340 interpretationem
1522 3278 1703 3346 quivis
1735 3280 1816 3334 vel
1845 3296 1976 3350 pau-
2002 3280 2045 3341 ο
2085 3278 2285 3341 innuit,
2351 3291 2401 3331 c.
2466 3277 2522 3338 4,
2553 3283 2608 3329 et
2666 3273 3044 3326 Damasccnus
3105 3260 3307 3324 citatus
3366 3269 3674 3336 profitetur,

400 3354 570 3407 Iulum
621 3369 857 3412 mentem
892 3358 1184 3416 advertens
1234 3362 1530 3421 fatebitur:
1566 3385 1692 3424 nam
1735 3372 1976 3440 primum

394 3446 729 3517 Curopalata
786 3466 1112 3510 enumerare
1167 3456 1355 3512 volens
1404 3475 1657 3528 quaenam
1708 3466 1821 3517 sint
1882 3464 1977 3519 illa

394 3537 701 3602 ﬂammula.
730 3543 806 3595 ait
832 3554 954 3597 sunt
984 3559 1157 3601 autem
1188 3551 1297 3603 haec
1328 3563 1554 3620 :postea
1594 3555 1811 3626 singula
1849 3572 1977 3627 per-

395 3642 607 3686 censet.
669 3632 938 3699 Primum,
999 3638 1197 3708 inquit,
1255 3650 1332 3695 est
1375 3646 1815 3717 archistrategus,
1866 3664 1972 3702 non

394 3726 493 3792 [ert
529 3727 969 3801 archistrategus.
1021 3730 1210 3805 Neque
1266 3738 1411 3790 enim
1447 3740 1777 3810 Curopalata
1812 3744 1975 3799 habet

392 3817 537 3871 istud
575 3820 699 3887 fert,
724 3824 820 3878 sed
841 3826 1071 3893 primum
1093 3837 1168 3880 est
1201 3844 1294 3884 seu
1316 3830 1514 3886 dicitur
1531 3835 1973 3905 archistrategus,

392 3928 421 3966 a
472 3911 535 3967 υ.
589 3914 868 3972 Michaelis
915 3919 1173 3991 imagine,
1253 3941 1375 3994 qua:
1431 3928 1482 3981 in
1559 3929 1653 3982 illo
1692 3929 1974 3985 ﬂammulo

392 4019 648 4072 expressa
684 4016 738 4060 et
766 4009 965 4065 elIit-ta.
1002 4011 1137 4066 lline
1165 4016 1531 4087 arcliangelus
1563 4020 1657 4073 toti
1691 4019 1973 4078 flammulo

390 4112 588 4151 nomen
638 4099 811 4165 dedit,
863 4110 921 4155 ut
977 4104 1257 4160 diceretur
1330 4112 1769 4182 archistrategus.
1833 4113 1968 4169 Nam

392 4187 449 4240 S.
486 4188 713 4245 Michael
745 4192 1179 4266 archistrategus
1201 4214 1229 4251 a
1256 4198 1462 4255 Graecis
1490 4204 1791 4271 appellatur
1813 4207 1968 4273 quasi

391 4280 650 4349 princeps
671 4283 912 4338 cmlestis
934 4285 1159 4342 militiae.
1184 4288 1261 4342 lta
1299 4303 1526 4346 vocatur
1568 4294 1619 4363 l)
1650 4296 1717 4349 ab
1752 4295 1971 4352 Emma-

390 4371 548 4423 nttele
596 4375 929 4442 imperatore
983 4378 1224 4436 Constit.
1268 4382 1335 4436 de
1386 4382 1598 4439 Feriis:
1655 4384 1965 4452 Feriamur,

389 4464 589 4532 inquit,
638 4477 792 4521 sexta
824 4467 1167 4538 Septembris,
1201 4474 1283 4527 ὅτι
1307 4476 1363 4528 ἐν
1395 4477 1533 4549 αὐτῇ
1571 4478 1629 4531 τὸ
1662 4480 1720 4531 ἐν
1751 4480 1967 4545 Χώναις

386 4557 482 4609 τοῦ
511 4559 954 4631 ἀρχιστρατήγου
1016 4566 1238 4638 Μιχαὴλ
1270 4569 1458 4639 θαῦμα
1486 4575 1962 4644 τερατουργεῖται.

2087 3371 2381 3439 imaginem
2434 3382 2590 3423 suam
2647 3365 2772 3418 hinc
2824 3363 2953 3417 inde
3001 3375 3030 3416 a
3084 3362 3257 3417 sacris
3289 3359 3415 3414 istis
3447 3359 3673 3413 duobus

2086 3462 2390 3518 taxiarcliis
2420 3461 2677 3528 stipatam
2732 3468 3060 3511 concessere
3114 3454 3475 3522 gestandum:
3510 3451 3675 3521 285

2082 3555 2223 3624 ejus,
2274 3554 2523 3622 inquam,
2594 3549 2803 3605 nomini
2828 3549 3071 3618 primum
3107 3558 3161 3601 et
3196 3546 3535 3617 praecipuum
3576 3545 3675 3596 im-

2081 3647 2218 3717 perii
2264 3646 2604 3700 ﬂammulum
2633 3653 3021 3699 consecratum
3072 3651 3174 3708 est,
3207 3650 3261 3696 ct
3302 3637 3672 3710 ἀρχιστράτη-

2080 3757 2178 3809 γος
2207 3746 2583 3808 nuncupatur.

2149 3830 2290 3885 Ibid.
2312 3829 2591 3901 [Εἰκόνας
2609 3830 2767 3897 ἔχων
2785 3827 3044 3894 πολλάς.
3071 3827 3128 3881 Si
3151 3827 3333 3898 plures
3351 3827 3501 3897 ponti
3514 3827 3671 3881 licum

2079 3924 2347 3994 imagines
2370 3937 2435 3976 eo
2457 3922 2655 3977 vexillo
2688 3922 3009 3991 pinguntur,
3043 3936 3233 3974 eorum
3258 3935 3397 3990 quos
3421 3920 3671 3975 devotius

2078 4016 2330 4072 coluntet
2353 4016 2405 4069 in
2428 4014 2662 4083 publicis
2694 4012 2948 4082 precibus
2974 4012 3317 4081 frequentius
3347 4012 3667 4076 inclamant,

2079 4106 2261 4178 magni
2298 4105 2506 4172 Basilii,
2549 4104 2798 4175 Gregorii
2837 4103 3130 4173 Tbeologi,
3156 4101 3385 4157 Joannis
3428 4103 3669 4172 Chryso-

2076 4202 2260 4268 stomi,
2291 4197 2803 4269 Athanasii,Cyrilli
2840 4195 3196 4249 Alexandrini
3231 4204 3285 4249 et
3316 4193 3522 4248 Nicolai
3556 4192 3668 4264 My-

2078 4292 2258 4347 reusis
2306 4290 2508 4345 ibidem
2543 4289 2749 4359 positas
2798 4287 2928 4341 milii
2965 4301 3191 4357 prorsus
3227 4284 3510 4339 indubiam
3544 4294 3665 4349 est;

2074 4395 2128 4440 et
2181 4392 2330 4439 certe
2359 4384 2413 4437 in
2458 4381 2681 4436 octilido
2744 4378 2947 4434 vexillo
2977 4377 3281 4446 ejusmodi,
3310 4392 3408 4445 pro
3428 4376 3665 4445 singulis

2074 4478 2335 4534 nimirum
2361 4475 2580 4545 lingulis
2614 4487 2810 4538 unum,
2841 4480 2965 4526 octo
2996 4483 3196 4524 censeo
3228 4469 3492 4538 depictos,
3519 4479 3571 4522 et
3599 4471 3667 4523 ad

2074 4570 2287 4641 priores
2330 4583 2439 4622 non
2485 4581 2678 4637 parum
2724 4565 2793 4620 ab
2865 4564 2946 4618 eis
2976 4562 3282 4618 celebratos
3337 4562 3663 4631 Gregorium

385 4650 443 4721 2)
471 4651 511 4703 A
550 4651 801 4709 Cedreno
835 4657 888 4709 in
919 4658 1153 4727 imperio
1182 4660 1365 4716 Basilii
1399 4661 1718 4719 Macedonis
1751 4683 1765 4719 :
1810 4666 1963 4719 Ἀνε-
1996 4665 2039 4722 Β
2070 4661 2536 4728 Tbaumaturgum
2562 4657 3181 4725 etHierosolymitanum
3201 4655 3463 4726 Cyrillum
3494 4657 3662 4712 alium

387 4741 603 4797 καίνισε
661 4745 717 4798 δὲ
786 4748 877 4801 τὸν
941 4752 1119 4820 μέγαν
1172 4750 1268 4804 τοῦ
1322 4754 1769 4823 ἀρχιστρατήγου
1840 4757 1966 4810 ναὸν

386 4838 476 4888 τὸν
529 4838 935 4911 ἐν’Σωσθενίῳ.
995 4844 1051 4913 '5)
1099 4844 1142 4896 A
1196 4843 1385 4898 Niceta
1445 4844 1869 4903 Clioniatel.ttt
1901 4852 1967 4904 de

389 4927 624 4997 imperio
685 4930 857 4988 lsaaci
905 4936 1135 5005 Angeli:
1182 4936 1661 4992 Ἐπισκευάσαιδὲ
1683 4940 1966 5011 βουληθεὶς

384 5021 481 5072 καὶ
514 5022 605 5074 τὸν
631 5025 687 5076 ἐν
717 5026 795 5096 τῷ
830 5027 1059 5097 ἀνάπλῳ
1087 5028 1224 5080 νεὼν
1262 5027 1358 5081 τοῦ
1384 5032 1832 5103 ἀρχιστρατήγου
1856 5034 1968 5088 τῶν

384 5112 496 5165 ἄνω
532 5114 739 5179 τάξεων
800 5118 1045 5189 Μιχαήλ.
1082 5118 1337 5176 Eod.lib.
1370 5122 1465 5186 Εἰς
1496 5123 1584 5177 τὸν
1620 5124 1968 5195 περιώνυμον

383 5204 522 5256 νεὼν
576 5207 1026 5280 ἀρχιστρατήγου
1050 5211 1158 5265 τῶν
1200 5211 1361 5268 θείων
1392 5214 1485 5268 καὶ
1514 5215 1694 5270 enim
1723 5218 1965 5289 Μιχαὴλ.

386 5294 531 5349 Ιιιειηι
557 5298 595 5351 1.
618 5316 688 5354 vit
709 5300 777 5356 de
812 5302 1043 5370 imperio
1066 5303 1356 5362 Manuelis.
1384 5307 1626 5379 Denique
1650 5311 1844 5365 eodem
1879 5327 1968 5365 ar-

383 5391 705 5463 cliistrategi
736 5395 959 5450 nomine
985 5395 1227 5453 afﬁciunt
1258 5400 1653 5457 S.Micbaelem
1676 5403 1965 5474 ϐταξοὶηυί

386 5487 635 5540 cnvomia
678 5488 732 5541 in
771 5503 895 5542 eum
931 5492 1343 5559 scripseruntet
1373 5494 1641 5550 miracula
1676 5497 1745 5551 ab
1770 5513 1836 5552 eo
1870 5513 1969 5568 pa-

389 5584 531 5630 trata
586 5579 783 5633 litteris
830 5582 1250 5652 consignarunt.
1309 5585 1517 5641 Deinde
1551 5602 1694 5644 ‘cum
1723 5591 1877 5661 signa
1914 5602 1967 5647 et

393 5667 612 5731 vexilla,
668 5685 789 5737 qua:
810 5669 1142 5743 Curopalala
1180 5687 1598 5743 commemorat,
1632 5682 1968 5751 imaginibus

392 5760 638 5814 coalitum
693 5777 956 5820 exornata
1018 5767 1243 5833 fuerint,
1295 5772 1522 5827 omnino
1574 5783 1791 5843 oportet
1825 5785 1884 5828 ut
1915 5785 1970 5828 et

395 5853 633 5920 primum
691 5855 865 5927 clligie
914 5860 1098 5929 aliqua
1154 5861 1320 5917 fuerit
1363 5865 1728 5935 insignitum:
1766 5876 1822 5921 at
1862 5868 1967 5922 alia

398 5942 717 6012 insignitum
746 5964 851 6003 non
877 5950 1159 6020 fuitquam
1185 5952 1276 6006 τοῦ
1301 5953 1744 6025 ἀρχιστρατήγου
1766 5959 1970 6014 militia:

2073 4755 2401 4811 accessisse.
2432 4751 2632 4823 Cornu]

2144 4847 2290 4902 Ibid.
2319 4844 2430 4899 Nec
2452 4847 2635 4901 minus
2657 4854 2804 4898 errat
2824 4842 3044 4909 Junius,
3071 4856 3193 4897 cum
3226 4841 3357 4897 illud
3385 4842 3662 4915 ἱεραρχῶν

2069 4940 2187 4994 vult
2214 4939 2356 4993 idem
2383 4952 2508 4993 esse
2531 4936 2677 5004 quod
2690 4937 2931 5005 princeps
2954 4952 3252 5000 sacrorum,
3281 4938 3434 5004 quasi
3454 4938 3665 4993 scilicet

2072 5032 2327 5102 princeps
2353 5044 2635 5087 sacrorum
2662 5030 2802 5083 ferat
2828 5028 2962 5084 illud
2997 5029 3281 5084 vexillum.
3307 5032 3493 5096 Nugae.
3520 5028 3658 5084 Nam

2074 5123 2349 5193 ἱεραρχῶν
2374 5132 2456 5177 est
2484 5120 2696 5190 patrius
2740 5134 2901 5176 casus
2953 5120 3163 5175 numeri
3213 5120 3577 5177 multitudinis
3629 5138 3663 5177 a

2075 5223 2220 5268 recto
2255 5211 2541 5284 ἱεράρχης,
2575 5225 2698 5281 qua:
2727 5226 2830 5266 vox
2866 5210 3172 5278 praesulem,
3212 5211 3533 5280 episcopum
3564 5227 3663 5267 seu

2073 5305 2384 5376 pontificem
2411 5306 2657 5359 denotat.
2711 5303 2987 5357 Νικολάου
3048 5302 3142 5355 τοῦ
3190 5303 3546 5373 περιωνύμου
3601 5306 3661 5360 ὲν

2074 5404 2363 5473 ἱεράρχαις
2397 5402 2489 5455 τὴν
2510 5400 2815 5470 περικαλλῆ
2847 5401 3061 5451 τουτονὶ
3084 5400 3231 5465 ναόν,
3256 5400 3434 5469 inquit
3456 5398 3565 5455 Ced
3576 5415 3662 5456 re-

2073 5508 2176 5553 nus’
2208 5500 2263 5553 in
2296 5498 2529 5569 imperio
2559 5496 2769 5552 Basilii.
2820 5494 2965 5564 Ergo
3013 5494 3291 5549 hierarcha
3342 5495 3662 5564 Cpolitanus

2072 5600 2187 5646 erat
2217 5590 2530 5661 patriarcha
2583 5589 2827 5659 ejusdem
2886 5587 3057 5653 urbis,
3114 5602 3275 5657 quem
3340 5587 3662 5657 imperatori

2072 5680 2351 5736 llamulum
2378 5697 2474 5737 seu
2504 5680 2764 5736 vexillum
2791 5687 3150 5749 praeportasse
3167 5679 3290 5749 quis
3314 5680 3520 5747 credat,
3550 5682 3658 5738 nisi

2073 5775 2297 5829 aliunde
2317 5774 2368 5828 id
2400 5773 2598 5828 Junius
2630 5772 2823 5841 probet
2853 5771 2877 5824 ?
2904 5770 3101 5825 Gne'rs.

2144 5866 2281 5920 Ibid.
2316 5863 2722 5937 [ὀκταπόδιον.
2749 5863 2957 5918 Piscem
2989 5862 3302 5932 polypodem
3356 5863 3659 5922 hodiernus

2072 5959 2331 6025 loquendi
2363 5974 2497 6015 usus
2530 5956 2851 6012 ὀκταπόδιον
2887 5964 3063 6012 vocat.
3108 5955 3369 6012 Vexillum
3390 5958 3517 6014 illud
3543 5963 3657 6017 dis-
