  <div class='ocr_page' id='page_1' title='image "/cluster/home/n/w/nwhite01/storage/ocr_20150623/157/coo.31924054870625/164.png"; bbox 0 0 4064 6426; ppageno 0'>
   <div class='ocr_carea' id='block_1_1' title="bbox 399 495 503 562">
    <p class='ocr_par' dir='ltr' id='par_1_1' title="bbox 399 495 503 562">
     <span class='ocr_line' id='line_1_1' title="bbox 399 495 503 562; baseline 0.01 -3"><span class='ocrx_word' id='word_1_1' title='bbox 399 495 503 562; x_wconf 81' lang='lat'><strong>311</strong></span> 
     </span>
    </p>
   </div>
   <div class='ocr_carea' id='block_1_2' title="bbox 1517 483 2609 558">
    <p class='ocr_par' dir='ltr' id='par_1_2' title="bbox 1517 483 2609 558">
     <span class='ocr_line' id='line_1_2' title="bbox 1517 483 2609 558; baseline 0 -2"><span class='ocrx_word' id='word_1_2' title='bbox 1517 495 1560 556; x_wconf 89' lang='lat' dir='ltr'><strong>G</strong></span> <span class='ocrx_word' id='word_1_3' title='bbox 1575 494 1906 556; x_wconf 68' lang='lat' dir='ltr'><strong>RETSER!</strong></span> <span class='ocrx_word' id='word_1_4' title='bbox 1930 483 2041 552; x_wconf 64' lang='grc' dir='ltr'><strong>ἘΤ</strong></span> <span class='ocrx_word' id='word_1_5' title='bbox 2085 492 2324 556; x_wconf 75' lang='lat' dir='ltr'><strong>GOAHI</strong></span> <span class='ocrx_word' id='word_1_6' title='bbox 2366 495 2609 558; x_wconf 73' lang='lat' dir='ltr'><strong>NUT/E.</strong></span> 
     </span>
    </p>
   </div>
   <div class='ocr_carea' id='block_1_3' title="bbox 3578 480 3684 546">
    <p class='ocr_par' dir='ltr' id='par_1_3' title="bbox 3578 480 3684 546">
     <span class='ocr_line' id='line_1_3' title="bbox 3578 480 3684 546; baseline -0.009 0"><span class='ocrx_word' id='word_1_7' title='bbox 3578 480 3684 546; x_wconf 73' lang='lat'><strong>318</strong></span> 
     </span>
    </p>
   </div>
   <div class='ocr_carea' id='block_1_4' title="bbox 396 598 2014 686">
    <p class='ocr_par' dir='ltr' id='par_1_4' title="bbox 396 609 1998 686">
     <span class='ocr_line' id='line_1_4' title="bbox 396 609 1998 686; baseline -0.001 -16"><span class='ocrx_word' id='word_1_8' title='bbox 396 613 563 670; x_wconf 91' lang='lat' dir='ltr'><strong>sectis</strong></span> <span class='ocrx_word' id='word_1_9' title='bbox 593 610 808 666; x_wconf 91' lang='lat' dir='ltr'><strong>laciniis</strong></span> <span class='ocrx_word' id='word_1_10' title='bbox 833 609 1066 684; x_wconf 75' lang='lat' dir='ltr'><strong>inferius</strong></span> <span class='ocrx_word' id='word_1_11' title='bbox 1100 612 1338 669; x_wconf 87' lang='lat' dir='ltr'><strong>divisum</strong></span> <span class='ocrx_word' id='word_1_12' title='bbox 1381 611 1790 686; x_wconf 76' lang='grc' dir='ltr'><strong>ὁκτάγλωσσον,</strong></span> <span class='ocrx_word' id='word_1_13' title='bbox 1833 617 1998 686; x_wconf 89' lang='lat' dir='ltr'><strong>poly-</strong></span> 
     </span>
    </p>
   </div>
   <div class='ocr_carea' id='block_1_5' title="bbox 2123 598 3684 686">
    <p class='ocr_par' dir='ltr' id='par_1_5' title="bbox 2123 598 3684 682">
     <span class='ocr_line' id='line_1_5' title="bbox 2123 598 3684 682; baseline -0.012 -13"><span class='ocrx_word' id='word_1_14' title='bbox 2123 616 2201 670; x_wconf 67' lang='grc' dir='ltr'>(αἱ</span> <span class='ocrx_word' id='word_1_15' title='bbox 2226 617 2389 681; x_wconf 81' lang='grc' dir='ltr'>αὐτὸς</span> <span class='ocrx_word' id='word_1_16' title='bbox 2428 616 2557 681; x_wconf 79' lang='grc' dir='ltr'>ἕνας</span> <span class='ocrx_word' id='word_1_17' title='bbox 2592 617 2671 679; x_wconf 79' lang='grc' dir='ltr'><strong>εἰς</strong></span> <span class='ocrx_word' id='word_1_18' title='bbox 2701 611 2760 670; x_wconf 76' lang='grc' dir='ltr'>τὸ</span> <span class='ocrx_word' id='word_1_19' title='bbox 2786 611 2976 682; x_wconf 80' lang='grc' dir='ltr'><strong>τάγμα</strong></span> <span class='ocrx_word' id='word_1_20' title='bbox 3024 607 3160 662; x_wconf 81' lang='grc' dir='ltr'>ὅπου</span> <span class='ocrx_word' id='word_1_21' title='bbox 3196 602 3542 674; x_wconf 66' lang='grc' dir='ltr'><strong>ὠνομάζετο-θ</strong></span> <span class='ocrx_word' id='word_1_22' title='bbox 3573 598 3684 652; x_wconf 87' lang='grc' dir='ltr'><strong>Τύ-</strong></span> 
     </span>
    </p>
   </div>
   <div class='ocr_carea' id='block_1_6' title="bbox 395 704 1985 778">
    <p class='ocr_par' dir='ltr' id='par_1_6' title="bbox 395 704 1985 778">
     <span class='ocr_line' id='line_1_6' title="bbox 395 704 1985 778; baseline 0.003 -18"><span class='ocrx_word' id='word_1_23' title='bbox 395 705 706 778; x_wconf 83' lang='lat' dir='ltr'><strong>pedemque</strong></span> <span class='ocrx_word' id='word_1_24' title='bbox 734 704 994 762; x_wconf 89' lang='lat' dir='ltr'><strong>scissuris</strong></span> <span class='ocrx_word' id='word_1_25' title='bbox 1017 705 1283 774; x_wconf 77' lang='lat' dir='ltr'><strong>referens,</strong></span> <span class='ocrx_word' id='word_1_26' title='bbox 1316 706 1645 774; x_wconf 76' lang='grc' dir='ltr'><strong>ὀκταποδίου</strong></span> <span class='ocrx_word' id='word_1_27' title='bbox 1664 722 1864 764; x_wconf 83' lang='lat' dir='ltr'><strong>nomen</strong></span> <span class='ocrx_word' id='word_1_28' title='bbox 1890 724 1985 764; x_wconf 89' lang='lat' dir='ltr'><strong>ac-</strong></span> 
     </span>
    </p>
   </div>
   <div class='ocr_carea' id='block_1_7' title="bbox 395 798 811 870">
    <p class='ocr_par' dir='ltr' id='par_1_7' title="bbox 395 798 811 870">
     <span class='ocr_line' id='line_1_7' title="bbox 395 798 811 870; baseline 0 -16"><span class='ocrx_word' id='word_1_29' title='bbox 395 799 536 868; x_wconf 92' lang='lat' dir='ltr'><strong>cepit</strong></span> <span class='ocrx_word' id='word_1_30' title='bbox 559 815 586 852; x_wconf 85' lang='lat' dir='ltr'><strong>a</strong></span> <span class='ocrx_word' id='word_1_31' title='bbox 625 798 811 870; x_wconf 84' lang='lat' dir='ltr'><strong>vulgo.</strong></span> 
     </span>
    </p>
   </div>
   <div class='ocr_carea' id='block_1_8' title="bbox 469 889 1986 963">
    <p class='ocr_par' dir='ltr' id='par_1_8' title="bbox 469 889 1986 963">
     <span class='ocr_line' id='line_1_8' title="bbox 469 889 1986 963; baseline 0.003 -18"><span class='ocrx_word' id='word_1_32' title='bbox 469 889 612 945; x_wconf 85' lang='lat' dir='ltr'><strong>Ibid.</strong></span> <span class='ocrx_word' id='word_1_33' title='bbox 653 889 943 963; x_wconf 70' lang='grc' dir='ltr'><strong>[Σταυρὸς</strong></span> <span class='ocrx_word' id='word_1_34' title='bbox 970 889 1130 961; x_wconf 74' lang='grc' dir='ltr'><strong>ἔχων</strong></span> <span class='ocrx_word' id='word_1_35' title='bbox 1158 891 1424 959; x_wconf 76' lang='grc' dir='ltr'><strong>εἰκόνας.</strong></span> <span class='ocrx_word' id='word_1_36' title='bbox 1471 893 1703 950; x_wconf 86' lang='lat' dir='ltr'><strong>Crucem</strong></span> <span class='ocrx_word' id='word_1_37' title='bbox 1742 893 1885 950; x_wconf 89' lang='lat' dir='ltr'><strong>hanc</strong></span> <span class='ocrx_word' id='word_1_38' title='bbox 1933 895 1986 950; x_wconf 86' lang='lat' dir='ltr'><strong>in</strong></span> 
     </span>
    </p>
   </div>
   <div class='ocr_carea' id='block_1_9' title="bbox 395 983 1991 1052">
    <p class='ocr_par' dir='ltr' id='par_1_9' title="bbox 395 983 1991 1052">
     <span class='ocr_line' id='line_1_9' title="bbox 395 983 1991 1052; baseline 0.003 -12"><span class='ocrx_word' id='word_1_39' title='bbox 395 985 596 1040; x_wconf 81' lang='lat' dir='ltr'><strong>castris</strong></span> <span class='ocrx_word' id='word_1_40' title='bbox 621 995 677 1038; x_wconf 93' lang='lat' dir='ltr'><strong>et</strong></span> <span class='ocrx_word' id='word_1_41' title='bbox 711 983 1064 1040; x_wconf 82' lang='lat' dir='ltr'><strong>conﬂictibus</strong></span> <span class='ocrx_word' id='word_1_42' title='bbox 1122 984 1356 1040; x_wconf 84' lang='lat' dir='ltr'><strong>delatam</strong></span> <span class='ocrx_word' id='word_1_43' title='bbox 1428 985 1699 1052; x_wconf 87' lang='lat' dir='ltr'><strong>ejusmodi</strong></span> <span class='ocrx_word' id='word_1_44' title='bbox 1753 988 1991 1044; x_wconf 76' lang='lat' dir='ltr'><strong>arbitror</strong></span> 
     </span>
    </p>
   </div>
   <div class='ocr_carea' id='block_1_10' title="bbox 398 1075 1989 1150">
    <p class='ocr_par' dir='ltr' id='par_1_10' title="bbox 398 1075 1989 1150">
     <span class='ocr_line' id='line_1_10' title="bbox 398 1075 1989 1150; baseline 0.003 -22"><span class='ocrx_word' id='word_1_45' title='bbox 398 1075 587 1144; x_wconf 81' lang='lat' dir='ltr'><strong>quales</strong></span> <span class='ocrx_word' id='word_1_46' title='bbox 620 1076 675 1130; x_wconf 90' lang='lat' dir='ltr'><strong>in</strong></span> <span class='ocrx_word' id='word_1_47' title='bbox 706 1075 878 1131; x_wconf 86' lang='lat' dir='ltr'><strong>sacris</strong></span> <span class='ocrx_word' id='word_1_48' title='bbox 915 1076 1266 1150; x_wconf 79' lang='lat' dir='ltr'><strong>processibus</strong></span> <span class='ocrx_word' id='word_1_49' title='bbox 1301 1076 1387 1132; x_wconf 88' lang='lat' dir='ltr'><strong>vel</strong></span> <span class='ocrx_word' id='word_1_50' title='bbox 1442 1077 1494 1131; x_wconf 91' lang='lat' dir='ltr'><strong>in</strong></span> <span class='ocrx_word' id='word_1_51' title='bbox 1547 1079 1799 1144; x_wconf 83' lang='lat' dir='ltr'><strong>ecclesiis</strong></span> <span class='ocrx_word' id='word_1_52' title='bbox 1858 1079 1989 1134; x_wconf 84' lang='lat' dir='ltr'><strong>ado-</strong></span> 
     </span>
    </p>
   </div>
   <div class='ocr_carea' id='block_1_11' title="bbox 314 1167 1991 1245">
    <p class='ocr_par' dir='ltr' id='par_1_11' title="bbox 314 1167 1991 1245">
     <span class='ocr_line' id='line_1_11' title="bbox 314 1167 1991 1245; baseline 0.002 -23"><span class='ocrx_word' id='word_1_53' title='bbox 314 1185 337 1245; x_wconf 33' lang='grc' dir='ltr'><strong>’λ</strong></span> <span class='ocrx_word' id='word_1_54' title='bbox 401 1167 600 1222; x_wconf 73' lang='lat' dir='ltr'><strong>randas</strong></span> <span class='ocrx_word' id='word_1_55' title='bbox 632 1183 719 1223; x_wconf 91' lang='lat' dir='ltr'><strong>me</strong></span> <span class='ocrx_word' id='word_1_56' title='bbox 741 1169 1094 1240; x_wconf 76' lang='lat' dir='ltr'><strong>conspexisse</strong></span> <span class='ocrx_word' id='word_1_57' title='bbox 1118 1169 1366 1224; x_wconf 90' lang='lat' dir='ltr'><strong>memini.</strong></span> <span class='ocrx_word' id='word_1_58' title='bbox 1420 1169 1641 1240; x_wconf 66' lang='lat' dir='ltr'><strong>Lignea:</strong></span> <span class='ocrx_word' id='word_1_59' title='bbox 1700 1178 1833 1226; x_wconf 87' lang='lat' dir='ltr'><strong>sunt</strong></span> <span class='ocrx_word' id='word_1_60' title='bbox 1883 1171 1991 1226; x_wconf 68' lang='lat' dir='ltr'><strong>illa:</strong></span> 
     </span>
    </p>
   </div>
   <div class='ocr_carea' id='block_1_12' title="bbox 402 1261 1992 1335">
    <p class='ocr_par' dir='ltr' id='par_1_12' title="bbox 402 1261 1992 1335">
     <span class='ocr_line' id='line_1_12' title="bbox 402 1261 1992 1335; baseline 0.004 -22"><span class='ocrx_word' id='word_1_61' title='bbox 402 1261 713 1332; x_wconf 87' lang='lat' dir='ltr'><strong>(argenteas</strong></span> <span class='ocrx_word' id='word_1_62' title='bbox 739 1263 1034 1333; x_wconf 81' lang='lat' dir='ltr'><strong>aureisque</strong></span> <span class='ocrx_word' id='word_1_63' title='bbox 1091 1263 1314 1318; x_wconf 86' lang='lat' dir='ltr'><strong>laminis</strong></span> <span class='ocrx_word' id='word_1_64' title='bbox 1373 1273 1659 1320; x_wconf 78' lang='lat' dir='ltr'><strong>contectas</strong></span> <span class='ocrx_word' id='word_1_65' title='bbox 1719 1265 1992 1335; x_wconf 79' lang='lat' dir='ltr'><strong>rapacitas</strong></span> 
     </span>
    </p>
   </div>
   <div class='ocr_carea' id='block_1_13' title="bbox 403 1354 1991 1426">
    <p class='ocr_par' dir='ltr' id='par_1_13' title="bbox 403 1354 1991 1426">
     <span class='ocr_line' id='line_1_13' title="bbox 403 1354 1991 1426; baseline 0.003 -16"><span class='ocrx_word' id='word_1_66' title='bbox 403 1354 630 1410; x_wconf 86' lang='lat' dir='ltr'><strong>Turcica</strong></span> <span class='ocrx_word' id='word_1_67' title='bbox 663 1355 1014 1426; x_wconf 88' lang='lat' dir='ltr'><strong>eiiminavit),</strong></span> <span class='ocrx_word' id='word_1_68' title='bbox 1043 1365 1096 1411; x_wconf 91' lang='lat' dir='ltr'><strong>et</strong></span> <span class='ocrx_word' id='word_1_69' title='bbox 1130 1358 1194 1410; x_wconf 88' lang='lat' dir='ltr'><strong>ad</strong></span> <span class='ocrx_word' id='word_1_70' title='bbox 1225 1373 1415 1412; x_wconf 90' lang='lat' dir='ltr'><strong>earum</strong></span> <span class='ocrx_word' id='word_1_71' title='bbox 1481 1367 1758 1413; x_wconf 78' lang='lat' dir='ltr'><strong>extremos</strong></span> <span class='ocrx_word' id='word_1_72' title='bbox 1807 1375 1991 1415; x_wconf 87' lang='lat' dir='ltr'><strong>ramos</strong></span> 
     </span>
    </p>
   </div>
   <div class='ocr_carea' id='block_1_14' title="bbox 404 1449 1991 1521">
    <p class='ocr_par' dir='ltr' id='par_1_14' title="bbox 404 1449 1991 1521">
     <span class='ocr_line' id='line_1_14' title="bbox 404 1449 1991 1521; baseline 0.003 -19"><span class='ocrx_word' id='word_1_73' title='bbox 404 1450 650 1520; x_wconf 75' lang='lat' dir='ltr'><strong>quamvis</strong></span> <span class='ocrx_word' id='word_1_74' title='bbox 681 1449 894 1520; x_wconf 89' lang='lat' dir='ltr'><strong>amplos</strong></span> <span class='ocrx_word' id='word_1_75' title='bbox 927 1451 1152 1505; x_wconf 89' lang='lat' dir='ltr'><strong>latiores</strong></span> <span class='ocrx_word' id='word_1_76' title='bbox 1183 1451 1363 1507; x_wconf 86' lang='lat' dir='ltr'><strong>adhuc</strong></span> <span class='ocrx_word' id='word_1_77' title='bbox 1403 1450 1735 1507; x_wconf 77' lang='lat' dir='ltr'><strong>trifoliorum</strong></span> <span class='ocrx_word' id='word_1_78' title='bbox 1805 1452 1991 1521; x_wconf 85' lang='lat' dir='ltr'><strong>ﬁgurae</strong></span> 
     </span>
    </p>
   </div>
   <div class='ocr_carea' id='block_1_15' title="bbox 407 1543 1991 1616">
    <p class='ocr_par' dir='ltr' id='par_1_15' title="bbox 407 1543 1991 1616">
     <span class='ocr_line' id='line_1_15' title="bbox 407 1543 1991 1616; baseline 0.001 -19"><span class='ocrx_word' id='word_1_79' title='bbox 407 1545 738 1614; x_wconf 85' lang='lat' dir='ltr'><strong>prominent,</strong></span> <span class='ocrx_word' id='word_1_80' title='bbox 771 1544 826 1598; x_wconf 92' lang='lat' dir='ltr'><strong>in</strong></span> <span class='ocrx_word' id='word_1_81' title='bbox 853 1543 1057 1614; x_wconf 87' lang='lat' dir='ltr'><strong>quibus</strong></span> <span class='ocrx_word' id='word_1_82' title='bbox 1083 1557 1477 1616; x_wconf 88' lang='lat' dir='ltr'><strong>nonnunquam</strong></span> <span class='ocrx_word' id='word_1_83' title='bbox 1506 1553 1707 1616; x_wconf 89' lang='lat' dir='ltr'><strong>peetus</strong></span> <span class='ocrx_word' id='word_1_84' title='bbox 1741 1554 1794 1601; x_wconf 90' lang='lat' dir='ltr'><strong>et</strong></span> <span class='ocrx_word' id='word_1_85' title='bbox 1821 1546 1991 1600; x_wconf 80' lang='lat' dir='ltr'><strong>facies</strong></span> 
     </span>
    </p>
   </div>
   <div class='ocr_carea' id='block_1_16' title="bbox 405 1637 1989 1709">
    <p class='ocr_par' dir='ltr' id='par_1_16' title="bbox 405 1637 1989 1709">
     <span class='ocr_line' id='line_1_16' title="bbox 405 1637 1989 1709; baseline 0.003 -19"><span class='ocrx_word' id='word_1_86' title='bbox 405 1645 636 1707; x_wconf 89' lang='lat' dir='ltr'><strong>quatuor</strong></span> <span class='ocrx_word' id='word_1_87' title='bbox 665 1637 1123 1706; x_wconf 87' lang='lat' dir='ltr'><strong>evangelistarum</strong></span> <span class='ocrx_word' id='word_1_88' title='bbox 1153 1638 1240 1692; x_wconf 85' lang='lat' dir='ltr'><strong>vel</strong></span> <span class='ocrx_word' id='word_1_89' title='bbox 1261 1638 1391 1693; x_wconf 90' lang='lat' dir='ltr'><strong>hinc</strong></span> <span class='ocrx_word' id='word_1_90' title='bbox 1421 1637 1546 1693; x_wconf 90' lang='lat' dir='ltr'><strong>inde</strong></span> <span class='ocrx_word' id='word_1_91' title='bbox 1582 1637 1828 1709; x_wconf 71' lang='lat' dir='ltr'><strong>Deipara:</strong></span> <span class='ocrx_word' id='word_1_92' title='bbox 1859 1651 1912 1694; x_wconf 90' lang='lat' dir='ltr'><strong>et</strong></span> <span class='ocrx_word' id='word_1_93' title='bbox 1933 1637 1989 1695; x_wconf 94' lang='lat' dir='ltr'><strong>S.</strong></span> 
     </span>
    </p>
   </div>
   <div class='ocr_carea' id='block_1_17' title="bbox 408 1730 1994 1803">
    <p class='ocr_par' dir='ltr' id='par_1_17' title="bbox 408 1730 1994 1803">
     <span class='ocr_line' id='line_1_17' title="bbox 408 1730 1994 1803; baseline 0.003 -17"><span class='ocrx_word' id='word_1_94' title='bbox 408 1731 638 1786; x_wconf 82' lang='lat' dir='ltr'><strong>Joannis</strong></span> <span class='ocrx_word' id='word_1_95' title='bbox 683 1731 986 1786; x_wconf 80' lang='lat' dir='ltr'><strong>aliorumve</strong></span> <span class='ocrx_word' id='word_1_96' title='bbox 1014 1730 1180 1786; x_wconf 86' lang='lat' dir='ltr'><strong>variis</strong></span> <span class='ocrx_word' id='word_1_97' title='bbox 1215 1731 1516 1798; x_wconf 88' lang='lat' dir='ltr'><strong>coloribus,</strong></span> <span class='ocrx_word' id='word_1_98' title='bbox 1546 1731 1818 1788; x_wconf 88' lang='lat' dir='ltr'><strong>delineata</strong></span> <span class='ocrx_word' id='word_1_99' title='bbox 1842 1733 1994 1803; x_wconf 89' lang='lat' dir='ltr'><strong>prius</strong></span> 
     </span>
    </p>
   </div>
   <div class='ocr_carea' id='block_1_18' title="bbox 406 1823 1995 1897">
    <p class='ocr_par' dir='ltr' id='par_1_18' title="bbox 406 1823 1995 1897">
     <span class='ocr_line' id='line_1_18' title="bbox 406 1823 1995 1897; baseline 0.003 -20"><span class='ocrx_word' id='word_1_100' title='bbox 406 1823 460 1878; x_wconf 91' lang='lat' dir='ltr'><strong>in</strong></span> <span class='ocrx_word' id='word_1_101' title='bbox 491 1824 668 1880; x_wconf 89' lang='lat' dir='ltr'><strong>medio</strong></span> <span class='ocrx_word' id='word_1_102' title='bbox 702 1825 950 1880; x_wconf 80' lang='lat' dir='ltr'><strong>cruciﬁxi</strong></span> <span class='ocrx_word' id='word_1_103' title='bbox 976 1824 1181 1896; x_wconf 86' lang='lat' dir='ltr'><strong>specie,</strong></span> <span class='ocrx_word' id='word_1_104' title='bbox 1213 1832 1532 1880; x_wconf 80' lang='lat' dir='ltr'><strong>exarantur.</strong></span> <span class='ocrx_word' id='word_1_105' title='bbox 1561 1823 1764 1892; x_wconf 83' lang='lat' dir='ltr'><strong>Quidni</strong></span> <span class='ocrx_word' id='word_1_106' title='bbox 1791 1826 1995 1897; x_wconf 84' lang='lat' dir='ltr'><strong>pariter</strong></span> 
     </span>
    </p>
   </div>
   <div class='ocr_carea' id='block_1_19' title="bbox 405 1916 1994 1991">
    <p class='ocr_par' dir='ltr' id='par_1_19' title="bbox 405 1916 1994 1991">
     <span class='ocr_line' id='line_1_19' title="bbox 405 1916 1994 1991; baseline 0 -21"><span class='ocrx_word' id='word_1_107' title='bbox 405 1916 563 1981; x_wconf 68' lang='grc' dir='ltr'>οὗτος</span> <span class='ocrx_word' id='word_1_108' title='bbox 593 1920 620 1972; x_wconf 89' lang='grc' dir='ltr'>ὁ</span> <span class='ocrx_word' id='word_1_109' title='bbox 654 1918 890 1990; x_wconf 77' lang='grc' dir='ltr'><strong>σταυρὸς</strong></span> <span class='ocrx_word' id='word_1_110' title='bbox 928 1916 1068 1990; x_wconf 72' lang='grc' dir='ltr'>ἔχων</span> <span class='ocrx_word' id='word_1_111' title='bbox 1105 1917 1187 1989; x_wconf 84' lang='grc' dir='ltr'><strong>(ὲν</strong></span> <span class='ocrx_word' id='word_1_112' title='bbox 1211 1920 1334 1982; x_wconf 84' lang='grc' dir='ltr'>ταῖς</span> <span class='ocrx_word' id='word_1_113' title='bbox 1374 1919 1624 1991; x_wconf 81' lang='grc' dir='ltr'><strong>ἀκρίαις)</strong></span> <span class='ocrx_word' id='word_1_114' title='bbox 1654 1920 1763 1974; x_wconf 85' lang='grc' dir='ltr'>τῶν</span> <span class='ocrx_word' id='word_1_115' title='bbox 1820 1919 1994 1988; x_wconf 74' lang='grc' dir='ltr'><strong>ἁγίων</strong></span> 
     </span>
    </p>
   </div>
   <div class='ocr_carea' id='block_1_20' title="bbox 2101 694 3687 781">
    <p class='ocr_par' dir='ltr' id='par_1_20' title="bbox 2101 694 3687 781">
     <span class='ocr_line' id='line_1_20' title="bbox 2101 694 3687 781; baseline -0.013 -16"><span class='ocrx_word' id='word_1_116' title='bbox 2101 728 2293 781; x_wconf 82' lang='grc' dir='ltr'>ρωνες,</span> <span class='ocrx_word' id='word_1_117' title='bbox 2326 703 2476 764; x_wconf 56' lang='lat' dir='ltr'><strong>eaex;</strong></span> <span class='ocrx_word' id='word_1_118' title='bbox 2502 709 2568 764; x_wconf 84' lang='grc' dir='ltr'><strong>νὰ</strong></span> <span class='ocrx_word' id='word_1_119' title='bbox 2602 708 2764 780; x_wconf 75' lang='grc' dir='ltr'>εἴπῃς</span> <span class='ocrx_word' id='word_1_120' title='bbox 2793 704 3210 772; x_wconf 71' lang='grc' dir='ltr'><strong>ἑκατόνταρχος.</strong></span> <span class='ocrx_word' id='word_1_121' title='bbox 3243 697 3310 751; x_wconf 90' lang='lat' dir='ltr'><strong>In</strong></span> <span class='ocrx_word' id='word_1_122' title='bbox 3343 696 3528 758; x_wconf 79' lang='lat' dir='ltr'><strong>ordine</strong></span> <span class='ocrx_word' id='word_1_123' title='bbox 3555 694 3687 747; x_wconf 85' lang='lat' dir='ltr'><strong>tiro-</strong></span> 
     </span>
    </p>
   </div>
   <div class='ocr_carea' id='block_1_21' title="bbox 2099 788 3686 870">
    <p class='ocr_par' dir='ltr' id='par_1_21' title="bbox 2099 788 3686 870">
     <span class='ocr_line' id='line_1_21' title="bbox 2099 788 3686 870; baseline -0.013 -13"><span class='ocrx_word' id='word_1_124' title='bbox 2099 817 2225 857; x_wconf 85' lang='lat' dir='ltr'><strong>num</strong></span> <span class='ocrx_word' id='word_1_125' title='bbox 2273 800 2657 867; x_wconf 87' lang='lat' dir='ltr'><strong>numerabatur</strong></span> <span class='ocrx_word' id='word_1_126' title='bbox 2695 791 3016 870; x_wconf 77' lang='lat' dir='ltr'><strong>prwcipuus,</strong></span> <span class='ocrx_word' id='word_1_127' title='bbox 3060 800 3197 848; x_wconf 72' lang='lat' dir='ltr'><strong>vetut</strong></span> <span class='ocrx_word' id='word_1_128' title='bbox 3241 791 3286 845; x_wconf 87' lang='lat' dir='ltr'><strong>si</strong></span> <span class='ocrx_word' id='word_1_129' title='bbox 3328 788 3686 843; x_wconf 73' lang='lat' dir='ltr'><strong>centurionem</strong></span> 
     </span>
    </p>
   </div>
   <div class='ocr_carea' id='block_1_22' title="bbox 2097 877 3613 959">
    <p class='ocr_par' dir='ltr' id='par_1_22' title="bbox 2097 877 3613 959">
     <span class='ocr_line' id='line_1_22' title="bbox 2097 877 3613 959; baseline -0.013 -8"><span class='ocrx_word' id='word_1_130' title='bbox 2097 899 2271 951; x_wconf 80' lang='lat' dir='ltr'><strong>dicas.</strong></span> <span class='ocrx_word' id='word_1_131' title='bbox 2297 896 2374 950; x_wconf 89' lang='lat' dir='ltr'><strong>lta</strong></span> <span class='ocrx_word' id='word_1_132' title='bbox 2402 895 2584 950; x_wconf 82' lang='lat' dir='ltr'><strong>dictus</strong></span> <span class='ocrx_word' id='word_1_133' title='bbox 2615 902 2808 948; x_wconf 92' lang='lat' dir='ltr'><strong>auctor</strong></span> <span class='ocrx_word' id='word_1_134' title='bbox 2845 888 3064 959; x_wconf 33' lang='lat' dir='ltr'><strong>vulgari.</strong></span> <span class='ocrx_word' id='word_1_135' title='bbox 3089 887 3373 946; x_wconf 9' lang='lat' dir='ltr'><strong>idiiomate.</strong></span> <span class='ocrx_word' id='word_1_136' title='bbox 3410 877 3613 954; x_wconf 73' lang='lat' dir='ltr'><strong>GOAR.]</strong></span> 
     </span>
    </p>
   </div>
   <div class='ocr_carea' id='block_1_23' title="bbox 2166 970 3687 1056">
    <p class='ocr_par' dir='ltr' id='par_1_23' title="bbox 2166 970 3687 1056">
     <span class='ocr_line' id='line_1_23' title="bbox 2166 970 3687 1056; baseline -0.014 -13"><span class='ocrx_word' id='word_1_137' title='bbox 2166 986 2525 1044; x_wconf 74' lang='grc' dir='ltr'><strong>Ρ.48.111υ(1</strong></span> <span class='ocrx_word' id='word_1_138' title='bbox 2579 983 2872 1056; x_wconf 79' lang='grc' dir='ltr'>Θεοδώρων</span> <span class='ocrx_word' id='word_1_139' title='bbox 2924 991 3008 1038; x_wconf 92' lang='lat' dir='ltr'><strong>est</strong></span> <span class='ocrx_word' id='word_1_140' title='bbox 3065 979 3358 1046; x_wconf 89' lang='lat' dir='ltr'><strong>utriusque</strong></span> <span class='ocrx_word' id='word_1_141' title='bbox 3416 970 3687 1028; x_wconf 88' lang='lat' dir='ltr'><strong>Theodori</strong></span> 
     </span>
    </p>
   </div>
   <div class='ocr_carea' id='block_1_24' title="bbox 2101 1070 3686 1152">
    <p class='ocr_par' dir='ltr' id='par_1_24' title="bbox 2101 1070 3686 1152">
     <span class='ocr_line' id='line_1_24' title="bbox 2101 1070 3686 1152; baseline -0.013 -14"><span class='ocrx_word' id='word_1_142' title='bbox 2101 1082 2384 1152; x_wconf 86' lang='lat' dir='ltr'><strong>martyris,</strong></span> <span class='ocrx_word' id='word_1_143' title='bbox 2417 1081 2582 1140; x_wconf 24' lang='lat' dir='ltr'><strong>ducis.</strong></span> <span class='ocrx_word' id='word_1_144' title='bbox 2603 1087 2657 1134; x_wconf 87' lang='lat' dir='ltr'><strong>et</strong></span> <span class='ocrx_word' id='word_1_145' title='bbox 2699 1078 2919 1132; x_wconf 87' lang='lat' dir='ltr'><strong>tironis.</strong></span> <span class='ocrx_word' id='word_1_146' title='bbox 2992 1073 3202 1132; x_wconf 91' lang='lat' dir='ltr'><strong>Prioris</strong></span> <span class='ocrx_word' id='word_1_147' title='bbox 3256 1070 3456 1125; x_wconf 82' lang='lat' dir='ltr'><strong>festum</strong></span> <span class='ocrx_word' id='word_1_148' title='bbox 3523 1071 3686 1134; x_wconf 86' lang='lat' dir='ltr'><strong>agunt</strong></span> 
     </span>
    </p>
   </div>
   <div class='ocr_carea' id='block_1_25' title="bbox 2099 1158 3668 1240">
    <p class='ocr_par' dir='ltr' id='par_1_25' title="bbox 2099 1158 3668 1240">
     <span class='ocr_line' id='line_1_25' title="bbox 2099 1158 3668 1240; baseline -0.015 -9"><span class='ocrx_word' id='word_1_149' title='bbox 2099 1175 2272 1231; x_wconf 76' lang='lat' dir='ltr'><strong>Grteci</strong></span> <span class='ocrx_word' id='word_1_150' title='bbox 2298 1175 2330 1229; x_wconf 91' lang='lat'><strong>8</strong></span> <span class='ocrx_word' id='word_1_151' title='bbox 2361 1171 2533 1232; x_wconf 83' lang='lat' dir='ltr'><strong>Junii.</strong></span> <span class='ocrx_word' id='word_1_152' title='bbox 2567 1170 2891 1240; x_wconf 83' lang='lat' dir='ltr'><strong>posterioris</strong></span> <span class='ocrx_word' id='word_1_153' title='bbox 2925 1168 2990 1221; x_wconf 80' lang='lat' dir='ltr'><strong>t7</strong></span> <span class='ocrx_word' id='word_1_154' title='bbox 3018 1164 3181 1220; x_wconf 81' lang='lat' dir='ltr'><strong>Febr.</strong></span> <span class='ocrx_word' id='word_1_155' title='bbox 3214 1163 3277 1217; x_wconf 87' lang='lat' dir='ltr'><strong>Et</strong></span> <span class='ocrx_word' id='word_1_156' title='bbox 3306 1163 3358 1214; x_wconf 91' lang='lat' dir='ltr'><strong>in</strong></span> <span class='ocrx_word' id='word_1_157' title='bbox 3394 1163 3538 1213; x_wconf 87' lang='lat' dir='ltr'><strong>hunc</strong></span> <span class='ocrx_word' id='word_1_158' title='bbox 3561 1158 3668 1210; x_wconf 91' lang='lat' dir='ltr'><strong>tiro</strong></span> 
     </span>
    </p>
   </div>
   <div class='ocr_carea' id='block_1_26' title="bbox 2103 1250 3692 1334">
    <p class='ocr_par' dir='ltr' id='par_1_26' title="bbox 2103 1250 3692 1334">
     <span class='ocr_line' id='line_1_26' title="bbox 2103 1250 3692 1334; baseline -0.011 -13"><span class='ocrx_word' id='word_1_159' title='bbox 2103 1283 2224 1321; x_wconf 92' lang='lat' dir='ltr'><strong>nem</strong></span> <span class='ocrx_word' id='word_1_160' title='bbox 2257 1273 2434 1321; x_wconf 82' lang='lat' dir='ltr'><strong>exstat</strong></span> <span class='ocrx_word' id='word_1_161' title='bbox 2459 1262 2520 1322; x_wconf 89' lang='lat' dir='ltr'><strong>S.</strong></span> <span class='ocrx_word' id='word_1_162' title='bbox 2544 1261 2796 1334; x_wconf 80' lang='lat' dir='ltr'><strong>Gregorii</strong></span> <span class='ocrx_word' id='word_1_163' title='bbox 2830 1258 3064 1332; x_wconf 79' lang='lat' dir='ltr'><strong>Nysseni</strong></span> <span class='ocrx_word' id='word_1_164' title='bbox 3097 1254 3464 1327; x_wconf 86' lang='lat' dir='ltr'><strong>pulcherrima</strong></span> <span class='ocrx_word' id='word_1_165' title='bbox 3489 1250 3692 1306; x_wconf 90' lang='lat' dir='ltr'><strong>oratio.</strong></span> 
     </span>
    </p>
   </div>
   <div class='ocr_carea' id='block_1_27' title="bbox 2099 1357 3695 1522">
    <p class='ocr_par' dir='ltr' id='par_1_27' title="bbox 2099 1357 3695 1522">
     <span class='ocr_line' id='line_1_27' title="bbox 2099 1357 3695 1522; baseline -0.017 -15"><span class='ocrx_word' id='word_1_166' title='bbox 2099 1357 2636 1522; x_wconf 58' lang='lat' dir='ltr'><strong>:[I‘sa&#39;iprtor</strong></span> <span class='ocrx_word' id='word_1_167' title='bbox 2652 1445 2942 1515; x_wconf 73' lang='grc' dir='ltr'><strong>ἔφιππον.</strong></span> <span class='ocrx_word' id='word_1_168' title='bbox 2957 1436 3312 1495; x_wconf 82' lang='lat' dir='ltr'><strong>Notissimum</strong></span> <span class='ocrx_word' id='word_1_169' title='bbox 3332 1432 3462 1486; x_wconf 90' lang='lat' dir='ltr'><strong>olim</strong></span> <span class='ocrx_word' id='word_1_170' title='bbox 3479 1430 3695 1488; x_wconf 73' lang='lat' dir='ltr'><strong>ducem.</strong></span> 
     </span>
    </p>
   </div>
   <div class='ocr_carea' id='block_1_28' title="bbox 2101 1522 3695 1603">
    <p class='ocr_par' dir='ltr' id='par_1_28' title="bbox 2101 1522 3695 1603">
     <span class='ocr_line' id='line_1_28' title="bbox 2101 1522 3695 1603; baseline -0.018 -3"><span class='ocrx_word' id='word_1_171' title='bbox 2101 1542 2309 1600; x_wconf 87' lang='lat' dir='ltr'><strong>sanctis</strong></span> <span class='ocrx_word' id='word_1_172' title='bbox 2353 1556 2504 1596; x_wconf 92' lang='lat' dir='ltr'><strong>nunc</strong></span> <span class='ocrx_word' id='word_1_173' title='bbox 2549 1538 2781 1594; x_wconf 88' lang='lat' dir='ltr'><strong>tolerato</strong></span> <span class='ocrx_word' id='word_1_174' title='bbox 2815 1530 3083 1603; x_wconf 85' lang='lat' dir='ltr'><strong>martyrio</strong></span> <span class='ocrx_word' id='word_1_175' title='bbox 3103 1527 3395 1598; x_wconf 82' lang='lat' dir='ltr'><strong>Georgium</strong></span> <span class='ocrx_word' id='word_1_176' title='bbox 3440 1522 3695 1578; x_wconf 88' lang='lat' dir='ltr'><strong>allectum</strong></span> 
     </span>
    </p>
   </div>
   <div class='ocr_carea' id='block_1_29' title="bbox 2101 1613 3702 1707">
    <p class='ocr_par' dir='ltr' id='par_1_29' title="bbox 2101 1613 3702 1707">
     <span class='ocr_line' id='line_1_29' title="bbox 2101 1613 3702 1707; baseline -0.017 -14"><span class='ocrx_word' id='word_1_177' title='bbox 2101 1636 2342 1707; x_wconf 89' lang='lat' dir='ltr'><strong>equitem</strong></span> <span class='ocrx_word' id='word_1_178' title='bbox 2378 1647 2592 1703; x_wconf 90' lang='lat' dir='ltr'><strong>semper</strong></span> <span class='ocrx_word' id='word_1_179' title='bbox 2621 1630 2852 1701; x_wconf 88' lang='lat' dir='ltr'><strong>pingunt</strong></span> <span class='ocrx_word' id='word_1_180' title='bbox 2883 1624 3087 1691; x_wconf 79' lang='lat' dir='ltr'><strong>Graeci;</strong></span> <span class='ocrx_word' id='word_1_181' title='bbox 3116 1621 3262 1694; x_wconf 89' lang='lat' dir='ltr'><strong>quod</strong></span> <span class='ocrx_word' id='word_1_182' title='bbox 3291 1618 3493 1688; x_wconf 84' lang='lat' dir='ltr'><strong>saepius</strong></span> <span class='ocrx_word' id='word_1_183' title='bbox 3523 1617 3594 1671; x_wconf 90' lang='lat' dir='ltr'><strong>sit</strong></span> <span class='ocrx_word' id='word_1_184' title='bbox 3620 1613 3702 1667; x_wconf 81' lang='lat' dir='ltr'><strong>vi-</strong></span> 
     </span>
    </p>
   </div>
   <div class='ocr_carea' id='block_1_30' title="bbox 2103 1709 3704 1801">
    <p class='ocr_par' dir='ltr' id='par_1_30' title="bbox 2103 1709 3704 1801">
     <span class='ocr_line' id='line_1_30' title="bbox 2103 1709 3704 1801; baseline -0.017 -14"><span class='ocrx_word' id='word_1_185' title='bbox 2103 1745 2198 1787; x_wconf 73' lang='lat' dir='ltr'><strong>aus</strong></span> <span class='ocrx_word' id='word_1_186' title='bbox 2223 1727 2578 1798; x_wconf 75' lang='grc' dir='ltr'>καϐαλλάρης</span> <span class='ocrx_word' id='word_1_187' title='bbox 2606 1726 2684 1787; x_wconf 78' lang='grc' dir='ltr'>εἰς</span> <span class='ocrx_word' id='word_1_188' title='bbox 2702 1723 2899 1790; x_wconf 77' lang='grc' dir='ltr'><strong>ἄλογον</strong></span> <span class='ocrx_word' id='word_1_189' title='bbox 2934 1719 3148 1801; x_wconf 72' lang='grc' dir='ltr'><strong>ἆσπρον</strong></span> <span class='ocrx_word' id='word_1_190' title='bbox 3173 1723 3228 1770; x_wconf 88' lang='lat' dir='ltr'><strong>et</strong></span> <span class='ocrx_word' id='word_1_191' title='bbox 3256 1709 3590 1780; x_wconf 81' lang='grc' dir='ltr'><strong>λευκοφόρος</strong></span> <span class='ocrx_word' id='word_1_192' title='bbox 3611 1724 3704 1801; x_wconf 81' lang='grc' dir='ltr'>κα·</span> 
     </span>
    </p>
   </div>
   <div class='ocr_carea' id='block_1_31' title="bbox 2105 1799 3702 1893">
    <p class='ocr_par' dir='ltr' id='par_1_31' title="bbox 2105 1799 3702 1893">
     <span class='ocr_line' id='line_1_31' title="bbox 2105 1799 3702 1893; baseline -0.016 -15"><span class='ocrx_word' id='word_1_193' title='bbox 2105 1823 2402 1893; x_wconf 75' lang='grc' dir='ltr'><strong>ϐαλλάριος</strong></span> <span class='ocrx_word' id='word_1_194' title='bbox 2429 1823 2507 1884; x_wconf 78' lang='grc' dir='ltr'><strong>εἰς</strong></span> <span class='ocrx_word' id='word_1_195' title='bbox 2531 1819 2728 1887; x_wconf 77' lang='grc' dir='ltr'>ἄλογον</span> <span class='ocrx_word' id='word_1_196' title='bbox 2751 1816 2985 1884; x_wconf 78' lang='grc' dir='ltr'>ᾆσπρον.</span> <span class='ocrx_word' id='word_1_197' title='bbox 3016 1799 3392 1864; x_wconf 73' lang='lat' dir='ltr'><strong>Dan-ascenus</strong></span> <span class='ocrx_word' id='word_1_198' title='bbox 3415 1803 3615 1858; x_wconf 88' lang='lat' dir='ltr'><strong>citatus</strong></span> <span class='ocrx_word' id='word_1_199' title='bbox 3648 1799 3702 1854; x_wconf 84' lang='lat' dir='ltr'><strong>in</strong></span> 
     </span>
    </p>
   </div>
   <div class='ocr_carea' id='block_1_32' title="bbox 2105 1894 3703 1977">
    <p class='ocr_par' dir='ltr' id='par_1_32' title="bbox 2105 1894 3703 1977">
     <span class='ocr_line' id='line_1_32' title="bbox 2105 1894 3703 1977; baseline -0.018 -4"><span class='ocrx_word' id='word_1_200' title='bbox 2105 1917 2414 1973; x_wconf 83' lang='lat' dir='ltr'><strong>Thesauro.</strong></span> <span class='ocrx_word' id='word_1_201' title='bbox 2453 1913 2526 1968; x_wconf 90' lang='lat' dir='ltr'><strong>De</strong></span> <span class='ocrx_word' id='word_1_202' title='bbox 2554 1909 2792 1977; x_wconf 79' lang='lat' dir='ltr'><strong>Georgio</strong></span> <span class='ocrx_word' id='word_1_203' title='bbox 2823 1918 2872 1961; x_wconf 90' lang='lat' dir='ltr'><strong>et</strong></span> <span class='ocrx_word' id='word_1_204' title='bbox 2899 1902 3189 1962; x_wconf 87' lang='lat' dir='ltr'><strong>Theodoro</strong></span> <span class='ocrx_word' id='word_1_205' title='bbox 3223 1897 3430 1954; x_wconf 88' lang='lat' dir='ltr'><strong>sanctis</strong></span> <span class='ocrx_word' id='word_1_206' title='bbox 3487 1894 3703 1949; x_wconf 86' lang='lat' dir='ltr'><strong>Graeco-</strong></span> 
     </span>
    </p>
   </div>
   <div class='ocr_carea' id='block_1_33' title="bbox 407 1986 2014 2086">
    <p class='ocr_par' dir='ltr' id='par_1_33' title="bbox 407 1986 2000 2086">
     <span class='ocr_line' id='line_1_33' title="bbox 407 1986 2000 2086; baseline 0.003 -22"><span class='ocrx_word' id='word_1_207' title='bbox 407 2013 687 2082; x_wconf 71' lang='grc' dir='ltr'>τεσσάρων</span> <span class='ocrx_word' id='word_1_208' title='bbox 711 1986 968 2082; x_wconf 44' lang='grc' dir='ltr'>μεκάλωπλ</span> <span class='ocrx_word' id='word_1_209' title='bbox 981 1986 1284 2086; x_wconf 52' lang='grc' dir='ltr'>μαρτύρων</span> <span class='ocrx_word' id='word_1_210' title='bbox 1311 1986 1528 2076; x_wconf 59' lang='lat' dir='ltr'><strong>dubus;</strong></span> <span class='ocrx_word' id='word_1_211' title='bbox 1565 1986 1820 2083; x_wconf 63' lang='grc' dir='ltr'>ὲξραίνετο</span> <span class='ocrx_word' id='word_1_212' title='bbox 1841 1986 2000 2081; x_wconf 43' lang='lat' dir='ltr'><strong>acru-</strong></span> 
     </span>
    </p>
   </div>
   <div class='ocr_carea' id='block_1_34' title="bbox 2123 1986 3701 2086">
    <p class='ocr_par' dir='ltr' id='par_1_34' title="bbox 2123 1986 3701 2066">
     <span class='ocr_line' id='line_1_34' title="bbox 2123 1986 3701 2066; baseline -0.02 -1"><span class='ocrx_word' id='word_1_213' title='bbox 2123 2025 2229 2065; x_wconf 67' lang='lat' dir='ltr'><strong>rum</strong></span> <span class='ocrx_word' id='word_1_214' title='bbox 2263 2005 2690 2066; x_wconf 81' lang='lat' dir='ltr'><strong>attxiliatorihus</strong></span> <span class='ocrx_word' id='word_1_215' title='bbox 2719 2001 2960 2061; x_wconf 81' lang='lat' dir='ltr'><strong>Nicetas,</strong></span> <span class='ocrx_word' id='word_1_216' title='bbox 2987 1993 3252 2050; x_wconf 82' lang='lat' dir='ltr'><strong>Manuelis</strong></span> <span class='ocrx_word' id='word_1_217' title='bbox 3272 1987 3540 2046; x_wconf 82' lang='lat' dir='ltr'><strong>Comneui</strong></span> <span class='ocrx_word' id='word_1_218' title='bbox 3559 1986 3597 2038; x_wconf 92' lang='lat' dir='ltr'><strong>l.</strong></span> <span class='ocrx_word' id='word_1_219' title='bbox 3622 2001 3701 2039; x_wconf 79' lang='lat' dir='ltr'><strong>vr.</strong></span> 
     </span>
    </p>
   </div>
   <div class='ocr_carea' id='block_1_35' title="bbox 411 2105 2003 2178">
    <p class='ocr_par' dir='ltr' id='par_1_35' title="bbox 411 2105 2003 2178">
     <span class='ocr_line' id='line_1_35' title="bbox 411 2105 2003 2178; baseline 0.004 -22"><span class='ocrx_word' id='word_1_220' title='bbox 411 2118 526 2157; x_wconf 89' lang='lat' dir='ltr'><strong>cem</strong></span> <span class='ocrx_word' id='word_1_221' title='bbox 571 2105 786 2174; x_wconf 89' lang='lat' dir='ltr'><strong>qualem</strong></span> <span class='ocrx_word' id='word_1_222' title='bbox 823 2106 912 2161; x_wconf 89' lang='lat' dir='ltr'><strong>hic</strong></span> <span class='ocrx_word' id='word_1_223' title='bbox 947 2122 1194 2162; x_wconf 88' lang='lat' dir='ltr'><strong>memoro</strong></span> <span class='ocrx_word' id='word_1_224' title='bbox 1235 2107 1482 2177; x_wconf 84' lang='lat' dir='ltr'><strong>depictus</strong></span> <span class='ocrx_word' id='word_1_225' title='bbox 1524 2107 1579 2162; x_wconf 92' lang='lat' dir='ltr'><strong>in</strong></span> <span class='ocrx_word' id='word_1_226' title='bbox 1615 2108 1865 2164; x_wconf 89' lang='lat' dir='ltr'><strong>ieouibus</strong></span> <span class='ocrx_word' id='word_1_227' title='bbox 1903 2124 2003 2178; x_wconf 91' lang='lat' dir='ltr'><strong>per</strong></span> 
     </span>
    </p>
   </div>
   <div class='ocr_carea' id='block_1_36' title="bbox 411 2197 2006 2272">
    <p class='ocr_par' dir='ltr' id='par_1_36' title="bbox 411 2197 2006 2272">
     <span class='ocr_line' id='line_1_36' title="bbox 411 2197 2006 2272; baseline 0.004 -21"><span class='ocrx_word' id='word_1_228' title='bbox 411 2197 572 2252; x_wconf 75' lang='lat' dir='ltr'><strong>hocrc</strong></span> <span class='ocrx_word' id='word_1_229' title='bbox 589 2215 724 2269; x_wconf 88' lang='lat' dir='ltr'><strong>opus</strong></span> <span class='ocrx_word' id='word_1_230' title='bbox 743 2199 937 2256; x_wconf 90' lang='lat' dir='ltr'><strong>Codini</strong></span> <span class='ocrx_word' id='word_1_231' title='bbox 968 2210 1024 2258; x_wconf 90' lang='lat' dir='ltr'><strong>et</strong></span> <span class='ocrx_word' id='word_1_232' title='bbox 1042 2201 1161 2270; x_wconf 92' lang='lat' dir='ltr'><strong>ejus</strong></span> <span class='ocrx_word' id='word_1_233' title='bbox 1180 2202 1580 2258; x_wconf 90' lang='lat' dir='ltr'><strong>commentaria</strong></span> <span class='ocrx_word' id='word_1_234' title='bbox 1605 2204 1811 2272; x_wconf 86' lang='lat' dir='ltr'><strong>sparsis</strong></span> <span class='ocrx_word' id='word_1_235' title='bbox 1829 2213 2006 2272; x_wconf 83' lang='lat' dir='ltr'><strong>gestat</strong></span> 
     </span>
    </p>
   </div>
   <div class='ocr_carea' id='block_1_37' title="bbox 412 2292 1966 2367">
    <p class='ocr_par' dir='ltr' id='par_1_37' title="bbox 412 2292 1966 2367">
     <span class='ocr_line' id='line_1_37' title="bbox 412 2292 1966 2367; baseline 0.008 -22"><span class='ocrx_word' id='word_1_236' title='bbox 412 2293 719 2362; x_wconf 84' lang='lat' dir='ltr'><strong>patriarcha</strong></span> <span class='ocrx_word' id='word_1_237' title='bbox 745 2292 855 2367; x_wconf 90' lang='lat' dir='ltr'><strong>CP.</strong></span> <span class='ocrx_word' id='word_1_238' title='bbox 1929 2328 1966 2367; x_wconf 59' lang='grc' dir='ltr'><strong>κ</strong></span> 
     </span>
    </p>
   </div>
   <div class='ocr_carea' id='block_1_38' title="bbox 476 2383 2009 2458">
    <p class='ocr_par' dir='ltr' id='par_1_38' title="bbox 476 2383 2009 2458">
     <span class='ocr_line' id='line_1_38' title="bbox 476 2383 2009 2458; baseline 0 -20"><span class='ocrx_word' id='word_1_239' title='bbox 476 2383 857 2456; x_wconf 76' lang='grc' dir='ltr'><strong>[Δημητρίου,</strong></span> <span class='ocrx_word' id='word_1_240' title='bbox 880 2386 1223 2458; x_wconf 80' lang='grc' dir='ltr'><strong>Προκοκίου</strong></span> <span class='ocrx_word' id='word_1_241' title='bbox 1245 2386 1343 2442; x_wconf 68' lang='grc' dir='ltr'>καὶ</span> <span class='ocrx_word' id='word_1_242' title='bbox 1363 2386 1700 2457; x_wconf 81' lang='grc' dir='ltr'><strong>Θεοὸὡρων.</strong></span> <span class='ocrx_word' id='word_1_243' title='bbox 1723 2385 1896 2441; x_wconf 85' lang='lat' dir='ltr'><strong>Duces</strong></span> <span class='ocrx_word' id='word_1_244' title='bbox 1919 2403 2009 2439; x_wconf 83' lang='lat' dir='ltr'><strong>ar-</strong></span> 
     </span>
    </p>
   </div>
   <div class='ocr_carea' id='block_1_39' title="bbox 410 2480 2006 2550">
    <p class='ocr_par' dir='ltr' id='par_1_39' title="bbox 410 2480 2006 2550">
     <span class='ocr_line' id='line_1_39' title="bbox 410 2480 2006 2550; baseline -0.001 -15"><span class='ocrx_word' id='word_1_245' title='bbox 410 2481 516 2535; x_wconf 86' lang='lat' dir='ltr'><strong>mis</strong></span> <span class='ocrx_word' id='word_1_246' title='bbox 546 2480 824 2548; x_wconf 84' lang='lat' dir='ltr'><strong>quondain</strong></span> <span class='ocrx_word' id='word_1_247' title='bbox 860 2481 1105 2550; x_wconf 80' lang='lat' dir='ltr'><strong>insignes</strong></span> <span class='ocrx_word' id='word_1_248' title='bbox 1135 2497 1418 2535; x_wconf 88' lang='lat' dir='ltr'><strong>armorum</strong></span> <span class='ocrx_word' id='word_1_249' title='bbox 1449 2481 1632 2536; x_wconf 90' lang='lat' dir='ltr'><strong>socios</strong></span> <span class='ocrx_word' id='word_1_250' title='bbox 1655 2490 1709 2534; x_wconf 89' lang='lat' dir='ltr'><strong>et</strong></span> <span class='ocrx_word' id='word_1_251' title='bbox 1744 2480 1800 2534; x_wconf 90' lang='lat' dir='ltr'><strong>in</strong></span> <span class='ocrx_word' id='word_1_252' title='bbox 1850 2481 2006 2535; x_wconf 85' lang='lat' dir='ltr'><strong>hellis</strong></span> 
     </span>
    </p>
   </div>
   <div class='ocr_carea' id='block_1_40' title="bbox 413 2571 2008 2643">
    <p class='ocr_par' dir='ltr' id='par_1_40' title="bbox 413 2571 2008 2643">
     <span class='ocr_line' id='line_1_40' title="bbox 413 2571 2008 2643; baseline 0.002 -16"><span class='ocrx_word' id='word_1_253' title='bbox 413 2583 745 2643; x_wconf 88' lang='lat' dir='ltr'><strong>protectores</strong></span> <span class='ocrx_word' id='word_1_254' title='bbox 792 2571 988 2630; x_wconf 87' lang='lat' dir='ltr'><strong>Oriens</strong></span> <span class='ocrx_word' id='word_1_255' title='bbox 1036 2573 1332 2629; x_wconf 85' lang='lat' dir='ltr'><strong>invocabat</strong></span> <span class='ocrx_word' id='word_1_256' title='bbox 1397 2573 1757 2641; x_wconf 85' lang='lat' dir='ltr'><strong>Demetrium,</strong></span> <span class='ocrx_word' id='word_1_257' title='bbox 1804 2573 2008 2630; x_wconf 89' lang='lat' dir='ltr'><strong>Proco—</strong></span> 
     </span>
    </p>
   </div>
   <div class='ocr_carea' id='block_1_41' title="bbox 411 2662 2008 2737">
    <p class='ocr_par' dir='ltr' id='par_1_41' title="bbox 411 2662 2008 2737">
     <span class='ocr_line' id='line_1_41' title="bbox 411 2662 2008 2737; baseline 0.003 -20"><span class='ocrx_word' id='word_1_258' title='bbox 411 2666 584 2734; x_wconf 88' lang='lat' dir='ltr'><strong>pium,</strong></span> <span class='ocrx_word' id='word_1_259' title='bbox 611 2664 981 2732; x_wconf 82' lang='grc' dir='ltr'><strong>καλλινίκους,</strong></span> <span class='ocrx_word' id='word_1_260' title='bbox 1015 2675 1070 2721; x_wconf 90' lang='lat' dir='ltr'><strong>et</strong></span> <span class='ocrx_word' id='word_1_261' title='bbox 1098 2666 1434 2737; x_wconf 83' lang='grc' dir='ltr'><strong>Θεοδώρους,</strong></span> <span class='ocrx_word' id='word_1_262' title='bbox 1479 2665 1734 2722; x_wconf 87' lang='lat' dir='ltr'><strong>Cedreno</strong></span> <span class='ocrx_word' id='word_1_263' title='bbox 1761 2666 1814 2722; x_wconf 91' lang='lat' dir='ltr'><strong>in</strong></span> <span class='ocrx_word' id='word_1_264' title='bbox 1868 2662 2008 2722; x_wconf 82' lang='lat' dir='ltr'><strong>Tze-</strong></span> 
     </span>
    </p>
   </div>
   <div class='ocr_carea' id='block_1_42' title="bbox 410 2756 2010 2818">
    <p class='ocr_par' dir='ltr' id='par_1_42' title="bbox 410 2756 2010 2818">
     <span class='ocr_line' id='line_1_42' title="bbox 410 2756 2010 2818; baseline 0.004 -6"><span class='ocrx_word' id='word_1_265' title='bbox 410 2756 579 2812; x_wconf 79' lang='lat' dir='ltr'><strong>misre</strong></span> <span class='ocrx_word' id='word_1_266' title='bbox 609 2758 802 2812; x_wconf 87' lang='lat' dir='ltr'><strong>durem</strong></span> <span class='ocrx_word' id='word_1_267' title='bbox 830 2774 996 2814; x_wconf 91' lang='lat' dir='ltr'><strong>unum</strong></span> <span class='ocrx_word' id='word_1_268' title='bbox 1028 2761 1265 2816; x_wconf 86' lang='lat' dir='ltr'><strong>ctaliutn</strong></span> <span class='ocrx_word' id='word_1_269' title='bbox 1303 2761 1537 2817; x_wconf 88' lang='lat' dir='ltr'><strong>tironem</strong></span> <span class='ocrx_word' id='word_1_270' title='bbox 1565 2761 1763 2818; x_wconf 91' lang='lat' dir='ltr'><strong>dictos.</strong></span> <span class='ocrx_word' id='word_1_271' title='bbox 1789 2761 2010 2818; x_wconf 87' lang='lat' dir='ltr'><strong>Primus</strong></span> 
     </span>
    </p>
   </div>
   <div class='ocr_carea' id='block_1_43' title="bbox 411 2851 2012 2928">
    <p class='ocr_par' dir='ltr' id='par_1_43' title="bbox 411 2851 2012 2928">
     <span class='ocr_line' id='line_1_43' title="bbox 411 2851 2012 2928; baseline 0.003 -23"><span class='ocrx_word' id='word_1_272' title='bbox 411 2851 719 2911; x_wconf 83' lang='lat' dir='ltr'><strong>Demetrius</strong></span> <span class='ocrx_word' id='word_1_273' title='bbox 805 2855 1249 2928; x_wconf 80' lang='grc' dir='ltr'><strong>φλαμπουράρης</strong></span> <span class='ocrx_word' id='word_1_274' title='bbox 1335 2871 1400 2911; x_wconf 89' lang='lat' dir='ltr'><strong>ac</strong></span> <span class='ocrx_word' id='word_1_275' title='bbox 1483 2872 1687 2926; x_wconf 77' lang='lat' dir='ltr'><strong>praeses</strong></span> <span class='ocrx_word' id='word_1_276' title='bbox 1770 2857 2012 2912; x_wconf 82' lang='lat' dir='ltr'><strong>Thcssa-</strong></span> 
     </span>
    </p>
   </div>
   <div class='ocr_carea' id='block_1_44' title="bbox 410 2948 2014 3020">
    <p class='ocr_par' dir='ltr' id='par_1_44' title="bbox 410 2948 2014 3020">
     <span class='ocr_line' id='line_1_44' title="bbox 410 2948 2014 3020; baseline 0.004 -18"><span class='ocrx_word' id='word_1_277' title='bbox 410 2948 500 3002; x_wconf 73' lang='lat' dir='ltr'><strong>lize</strong></span> <span class='ocrx_word' id='word_1_278' title='bbox 551 2950 649 3005; x_wconf 90' lang='lat' dir='ltr'><strong>sub</strong></span> <span class='ocrx_word' id='word_1_279' title='bbox 699 2949 1027 3005; x_wconf 82' lang='lat' dir='ltr'><strong>Maximiano</strong></span> <span class='ocrx_word' id='word_1_280' title='bbox 1112 2957 1323 3020; x_wconf 78' lang='lat' dir='ltr'><strong>martyr</strong></span> <span class='ocrx_word' id='word_1_281' title='bbox 1399 2949 1534 3005; x_wconf 89' lang='lat' dir='ltr'><strong>obiit</strong></span> <span class='ocrx_word' id='word_1_282' title='bbox 1605 2948 2014 3009; x_wconf 72' lang='lat' dir='ltr'><strong>Thessalonica:</strong></span> 
     </span>
    </p>
   </div>
   <div class='ocr_carea' id='block_1_45' title="bbox 415 3042 2013 3114">
    <p class='ocr_par' dir='ltr' id='par_1_45' title="bbox 415 3042 2013 3114">
     <span class='ocr_line' id='line_1_45' title="bbox 415 3042 2013 3114; baseline 0 -14"><span class='ocrx_word' id='word_1_283' title='bbox 415 3043 508 3100; x_wconf 84' lang='lat' dir='ltr'><strong>ubi</strong></span> <span class='ocrx_word' id='word_1_284' title='bbox 542 3057 738 3112; x_wconf 90' lang='lat' dir='ltr'><strong>corpus</strong></span> <span class='ocrx_word' id='word_1_285' title='bbox 762 3043 882 3109; x_wconf 90' lang='lat' dir='ltr'><strong>ejus</strong></span> <span class='ocrx_word' id='word_1_286' title='bbox 927 3058 1086 3099; x_wconf 88' lang='lat' dir='ltr'><strong>sacro</strong></span> <span class='ocrx_word' id='word_1_287' title='bbox 1144 3042 1360 3112; x_wconf 91' lang='lat' dir='ltr'><strong>liquore</strong></span> <span class='ocrx_word' id='word_1_288' title='bbox 1389 3043 1674 3100; x_wconf 81' lang='lat' dir='ltr'><strong>exundans</strong></span> <span class='ocrx_word' id='word_1_289' title='bbox 1733 3044 2013 3114; x_wconf 86' lang='lat' dir='ltr'><strong>perpetuis</strong></span> 
     </span>
    </p>
   </div>
   <div class='ocr_carea' id='block_1_46' title="bbox 413 3135 2012 3205">
    <p class='ocr_par' dir='ltr' id='par_1_46' title="bbox 413 3135 2012 3205">
     <span class='ocr_line' id='line_1_46' title="bbox 413 3135 2012 3205; baseline 0.002 -17"><span class='ocrx_word' id='word_1_290' title='bbox 413 3151 632 3205; x_wconf 89' lang='lat' dir='ltr'><strong>quoque</strong></span> <span class='ocrx_word' id='word_1_291' title='bbox 665 3136 1056 3191; x_wconf 82' lang='lat' dir='ltr'><strong>miraculorum</strong></span> <span class='ocrx_word' id='word_1_292' title='bbox 1094 3136 1326 3192; x_wconf 89' lang='lat' dir='ltr'><strong>scaturit</strong></span> <span class='ocrx_word' id='word_1_293' title='bbox 1357 3135 1602 3191; x_wconf 86' lang='lat' dir='ltr'><strong>ﬂuentis.</strong></span> <span class='ocrx_word' id='word_1_294' title='bbox 1637 3135 1682 3190; x_wconf 85' lang='lat' dir='ltr'><strong>A</strong></span> <span class='ocrx_word' id='word_1_295' title='bbox 1732 3136 2012 3205; x_wconf 56' lang='lat' dir='ltr'><strong>profectu-</strong></span> 
     </span>
    </p>
   </div>
   <div class='ocr_carea' id='block_1_47' title="bbox 416 3227 2012 3300">
    <p class='ocr_par' dir='ltr' id='par_1_47' title="bbox 416 3227 2012 3300">
     <span class='ocr_line' id='line_1_47' title="bbox 416 3227 2012 3300; baseline 0.003 -20"><span class='ocrx_word' id='word_1_296' title='bbox 416 3228 492 3282; x_wconf 86' lang='lat' dir='ltr'><strong>ris</strong></span> <span class='ocrx_word' id='word_1_297' title='bbox 516 3227 566 3282; x_wconf 91' lang='lat' dir='ltr'><strong>in</strong></span> <span class='ocrx_word' id='word_1_298' title='bbox 595 3229 844 3298; x_wconf 66' lang='lat' dir='ltr'><strong>praelium</strong></span> <span class='ocrx_word' id='word_1_299' title='bbox 882 3229 1194 3294; x_wconf 82' lang='lat' dir='ltr'><strong>invocatur,</strong></span> <span class='ocrx_word' id='word_1_300' title='bbox 1227 3243 1439 3298; x_wconf 83' lang='lat' dir='ltr'><strong>suoque</strong></span> <span class='ocrx_word' id='word_1_301' title='bbox 1469 3229 1733 3284; x_wconf 86' lang='lat' dir='ltr'><strong>bellantes</strong></span> <span class='ocrx_word' id='word_1_302' title='bbox 1783 3230 2012 3300; x_wconf 81' lang='lat' dir='ltr'><strong>adjuvat</strong></span> 
     </span>
    </p>
   </div>
   <div class='ocr_carea' id='block_1_48' title="bbox 2180 2077 3704 2171">
    <p class='ocr_par' dir='ltr' id='par_1_48' title="bbox 2180 2077 3704 2171">
     <span class='ocr_line' id='line_1_48' title="bbox 2180 2077 3704 2171; baseline -0.016 -16"><span class='ocrx_word' id='word_1_303' title='bbox 2180 2100 2321 2155; x_wconf 83' lang='lat' dir='ltr'><strong>Ibid.</strong></span> <span class='ocrx_word' id='word_1_304' title='bbox 2341 2097 2396 2154; x_wconf 84' lang='lat'><strong>5.</strong></span> <span class='ocrx_word' id='word_1_305' title='bbox 2427 2093 2863 2171; x_wconf 82' lang='grc' dir='ltr'><strong>[Δρακοντεῐον.</strong></span> <span class='ocrx_word' id='word_1_306' title='bbox 2891 2089 3030 2148; x_wconf 83' lang='lat' dir='ltr'><strong>Cum</strong></span> <span class='ocrx_word' id='word_1_307' title='bbox 3065 2084 3264 2158; x_wconf 86' lang='lat' dir='ltr'><strong>aquilis</strong></span> <span class='ocrx_word' id='word_1_308' title='bbox 3285 2084 3338 2136; x_wconf 91' lang='lat' dir='ltr'><strong>in</strong></span> <span class='ocrx_word' id='word_1_309' title='bbox 3362 2082 3535 2143; x_wconf 74' lang='lat' dir='ltr'><strong>aciem</strong></span> <span class='ocrx_word' id='word_1_310' title='bbox 3563 2077 3704 2131; x_wconf 90' lang='lat' dir='ltr'><strong>inter</strong></span> 
     </span>
    </p>
   </div>
   <div class='ocr_carea' id='block_1_49' title="bbox 2111 2171 3705 2250">
    <p class='ocr_par' dir='ltr' id='par_1_49' title="bbox 2111 2171 3705 2250">
     <span class='ocr_line' id='line_1_49' title="bbox 2111 2171 3705 2250; baseline -0.019 1"><span class='ocrx_word' id='word_1_311' title='bbox 2111 2184 2311 2250; x_wconf 82' lang='lat' dir='ltr'><strong>vexilla</strong></span> <span class='ocrx_word' id='word_1_312' title='bbox 2342 2193 2433 2247; x_wconf 92' lang='lat' dir='ltr'><strong>lati</strong></span> <span class='ocrx_word' id='word_1_313' title='bbox 2466 2197 2596 2248; x_wconf 91' lang='lat' dir='ltr'><strong>sunt</strong></span> <span class='ocrx_word' id='word_1_314' title='bbox 2629 2188 2793 2246; x_wconf 90' lang='lat' dir='ltr'><strong>etiam</strong></span> <span class='ocrx_word' id='word_1_315' title='bbox 2839 2185 3131 2244; x_wconf 83' lang='lat' dir='ltr'><strong>dracones,</strong></span> <span class='ocrx_word' id='word_1_316' title='bbox 3196 2176 3432 2232; x_wconf 80' lang='lat' dir='ltr'><strong>maxime</strong></span> <span class='ocrx_word' id='word_1_317' title='bbox 3486 2171 3705 2227; x_wconf 87' lang='lat' dir='ltr'><strong>labente</strong></span> 
     </span>
    </p>
   </div>
   <div class='ocr_carea' id='block_1_50' title="bbox 2112 2264 3702 2358">
    <p class='ocr_par' dir='ltr' id='par_1_50' title="bbox 2112 2264 3702 2358">
     <span class='ocr_line' id='line_1_50' title="bbox 2112 2264 3702 2358; baseline -0.018 -16"><span class='ocrx_word' id='word_1_318' title='bbox 2112 2286 2367 2358; x_wconf 89' lang='lat' dir='ltr'><strong>imperio.</strong></span> <span class='ocrx_word' id='word_1_319' title='bbox 2402 2284 2570 2340; x_wconf 92' lang='lat' dir='ltr'><strong>Docet</strong></span> <span class='ocrx_word' id='word_1_320' title='bbox 2604 2281 2962 2349; x_wconf 89' lang='lat' dir='ltr'><strong>Dempsterus</strong></span> <span class='ocrx_word' id='word_1_321' title='bbox 2991 2273 3056 2329; x_wconf 90' lang='lat' dir='ltr'><strong>ad</strong></span> <span class='ocrx_word' id='word_1_322' title='bbox 3085 2271 3247 2326; x_wconf 83' lang='lat' dir='ltr'><strong>Rom.</strong></span> <span class='ocrx_word' id='word_1_323' title='bbox 3271 2269 3444 2337; x_wconf 89' lang='lat' dir='ltr'><strong>antiq.</strong></span> <span class='ocrx_word' id='word_1_324' title='bbox 3472 2264 3702 2321; x_wconf 86' lang='lat' dir='ltr'><strong>calcem.</strong></span> 
     </span>
    </p>
   </div>
   <div class='ocr_carea' id='block_1_51' title="bbox 2116 2356 3702 2449">
    <p class='ocr_par' dir='ltr' id='par_1_51' title="bbox 2116 2356 3702 2449">
     <span class='ocr_line' id='line_1_51' title="bbox 2116 2356 3702 2449; baseline -0.017 -17"><span class='ocrx_word' id='word_1_325' title='bbox 2116 2356 2207 2435; x_wconf 21' lang='lat' dir='ltr'><strong>Dei</strong></span> <span class='ocrx_word' id='word_1_326' title='bbox 2225 2379 2425 2449; x_wconf 86' lang='lat' dir='ltr'><strong>quibus</strong></span> <span class='ocrx_word' id='word_1_327' title='bbox 2454 2375 2652 2431; x_wconf 86' lang='lat' dir='ltr'><strong>Suidas</strong></span> <span class='ocrx_word' id='word_1_328' title='bbox 2679 2389 2731 2426; x_wconf 88' lang='lat' dir='ltr'><strong>v.</strong></span> <span class='ocrx_word' id='word_1_329' title='bbox 2765 2369 2978 2440; x_wconf 74' lang='grc' dir='ltr'>Σημεῖα</span> <span class='ocrx_word' id='word_1_330' title='bbox 3023 2386 3037 2421; x_wconf 86' lang='lat' dir='ltr'><strong>z</strong></span> <span class='ocrx_word' id='word_1_331' title='bbox 3077 2365 3110 2420; x_wconf 77' lang='grc' dir='ltr'><strong>ἃ</strong></span> <span class='ocrx_word' id='word_1_332' title='bbox 3136 2364 3398 2433; x_wconf 74' lang='grc' dir='ltr'><strong>φέρουσιν</strong></span> <span class='ocrx_word' id='word_1_333' title='bbox 3429 2359 3483 2411; x_wconf 78' lang='grc' dir='ltr'>ἐν</span> <span class='ocrx_word' id='word_1_334' title='bbox 3505 2356 3583 2426; x_wconf 83' lang='grc' dir='ltr'>τῷ</span> <span class='ocrx_word' id='word_1_335' title='bbox 3609 2373 3702 2408; x_wconf 81' lang='grc' dir='ltr'><strong>πο-</strong></span> 
     </span>
    </p>
   </div>
   <div class='ocr_carea' id='block_1_52' title="bbox 2115 2450 3704 2546">
    <p class='ocr_par' dir='ltr' id='par_1_52' title="bbox 2115 2450 3704 2546">
     <span class='ocr_line' id='line_1_52' title="bbox 2115 2450 3704 2546; baseline -0.018 -18"><span class='ocrx_word' id='word_1_336' title='bbox 2115 2475 2266 2546; x_wconf 75' lang='grc' dir='ltr'><strong>λέμῳ</strong></span> <span class='ocrx_word' id='word_1_337' title='bbox 2295 2470 2598 2542; x_wconf 81' lang='grc' dir='ltr'>ὑφάσματά</span> <span class='ocrx_word' id='word_1_338' title='bbox 2621 2469 2729 2521; x_wconf 80' lang='grc' dir='ltr'>εἰσι</span> <span class='ocrx_word' id='word_1_339' title='bbox 2767 2467 2912 2536; x_wconf 80' lang='grc' dir='ltr'>βαφῇ</span> <span class='ocrx_word' id='word_1_340' title='bbox 2935 2458 3358 2527; x_wconf 76' lang='grc' dir='ltr'><strong>πεποικιλμένα,</strong></span> <span class='ocrx_word' id='word_1_341' title='bbox 3388 2453 3423 2507; x_wconf 77' lang='lat' dir='ltr'><strong>3t</strong></span> <span class='ocrx_word' id='word_1_342' title='bbox 3444 2454 3522 2515; x_wconf 84' lang='grc' dir='ltr'><strong>εἰς</strong></span> <span class='ocrx_word' id='word_1_343' title='bbox 3559 2450 3704 2546; x_wconf 72' lang='grc' dir='ltr'><strong>ἰδέαν</strong></span> 
     </span>
    </p>
   </div>
   <div class='ocr_carea' id='block_1_53' title="bbox 2117 2543 3708 2642">
    <p class='ocr_par' dir='ltr' id='par_1_53' title="bbox 2117 2543 3708 2642">
     <span class='ocr_line' id='line_1_53' title="bbox 2117 2543 3708 2642; baseline -0.021 -14"><span class='ocrx_word' id='word_1_344' title='bbox 2117 2571 2356 2642; x_wconf 81' lang='grc' dir='ltr'>μάλιστα</span> <span class='ocrx_word' id='word_1_345' title='bbox 2395 2568 2574 2638; x_wconf 79' lang='grc' dir='ltr'>ὄφεων</span> <span class='ocrx_word' id='word_1_346' title='bbox 2610 2563 2888 2624; x_wconf 78' lang='grc' dir='ltr'>εἴκασται,</span> <span class='ocrx_word' id='word_1_347' title='bbox 2955 2555 3061 2611; x_wconf 68' lang='grc' dir='ltr'>καὶ</span> <span class='ocrx_word' id='word_1_348' title='bbox 3087 2553 3454 2626; x_wconf 81' lang='grc' dir='ltr'>ἀπῃώρηνται</span> <span class='ocrx_word' id='word_1_349' title='bbox 3501 2543 3708 2600; x_wconf 76' lang='grc' dir='ltr'>κοντῶν</span> 
     </span>
    </p>
   </div>
   <div class='ocr_carea' id='block_1_54' title="bbox 2119 2638 3704 2732">
    <p class='ocr_par' dir='ltr' id='par_1_54' title="bbox 2119 2638 3704 2732">
     <span class='ocr_line' id='line_1_54' title="bbox 2119 2638 3704 2732; baseline -0.017 -17"><span class='ocrx_word' id='word_1_350' title='bbox 2119 2638 2478 2732; x_wconf 52' lang='grc' dir='ltr'><strong>ξυμμέτρων.</strong></span> <span class='ocrx_word' id='word_1_351' title='bbox 2516 2654 2890 2723; x_wconf 87' lang='lat' dir='ltr'><strong>Descripserat</strong></span> <span class='ocrx_word' id='word_1_352' title='bbox 2923 2649 3076 2720; x_wconf 83' lang='lat' dir='ltr'><strong>prius</strong></span> <span class='ocrx_word' id='word_1_353' title='bbox 3105 2642 3480 2705; x_wconf 72' lang='lat' dir='ltr'><strong>Marceilinus,</strong></span> <span class='ocrx_word' id='word_1_354' title='bbox 3505 2638 3542 2692; x_wconf 93' lang='grc' dir='ltr'><strong>ι.</strong></span> <span class='ocrx_word' id='word_1_355' title='bbox 3575 2652 3666 2691; x_wconf 77' lang='lat' dir='ltr'><strong>xvi</strong></span> <span class='ocrx_word' id='word_1_356' title='bbox 3693 2654 3704 2688; x_wconf 92' lang='lat'>:</span> 
     </span>
    </p>
   </div>
   <div class='ocr_carea' id='block_1_55' title="bbox 2117 2733 3708 2829">
    <p class='ocr_par' dir='ltr' id='par_1_55' title="bbox 2117 2733 3708 2829">
     <span class='ocr_line' id='line_1_55' title="bbox 2117 2733 3708 2829; baseline -0.022 -13"><span class='ocrx_word' id='word_1_357' title='bbox 2117 2755 2406 2829; x_wconf 77' lang='lat' dir='ltr'><strong>Purpureis</strong></span> <span class='ocrx_word' id='word_1_358' title='bbox 2433 2755 2530 2810; x_wconf 82' lang='lat' dir='ltr'><strong>sub</strong></span> <span class='ocrx_word' id='word_1_359' title='bbox 2567 2749 2880 2822; x_wconf 80' lang='lat' dir='ltr'><strong>tegminibus</strong></span> <span class='ocrx_word' id='word_1_360' title='bbox 2910 2746 3036 2801; x_wconf 62' lang='lat' dir='ltr'><strong>texti</strong></span> <span class='ocrx_word' id='word_1_361' title='bbox 3064 2737 3458 2797; x_wconf 79' lang='lat' dir='ltr'><strong>circumdedere</strong></span> <span class='ocrx_word' id='word_1_362' title='bbox 3516 2733 3708 2786; x_wconf 84' lang='lat' dir='ltr'><strong>draco-</strong></span> 
     </span>
    </p>
   </div>
   <div class='ocr_carea' id='block_1_56' title="bbox 2115 2825 3715 2916">
    <p class='ocr_par' dir='ltr' id='par_1_56' title="bbox 2115 2825 3715 2916">
     <span class='ocr_line' id='line_1_56' title="bbox 2115 2825 3715 2916; baseline -0.019 -7"><span class='ocrx_word' id='word_1_363' title='bbox 2115 2871 2230 2916; x_wconf 83' lang='lat' dir='ltr'><strong>nes,</strong></span> <span class='ocrx_word' id='word_1_364' title='bbox 2264 2852 2542 2904; x_wconf 83' lang='lat' dir='ltr'><strong>hastarum</strong></span> <span class='ocrx_word' id='word_1_365' title='bbox 2575 2845 2753 2899; x_wconf 81' lang='lat' dir='ltr'><strong>aureis</strong></span> <span class='ocrx_word' id='word_1_366' title='bbox 2779 2837 3128 2912; x_wconf 81' lang='lat' dir='ltr'><strong>gemmeisque</strong></span> <span class='ocrx_word' id='word_1_367' title='bbox 3164 2829 3560 2888; x_wconf 80' lang='lat' dir='ltr'><strong>summitatiluts</strong></span> <span class='ocrx_word' id='word_1_368' title='bbox 3604 2825 3715 2879; x_wconf 81' lang='lat' dir='ltr'><strong>illi-</strong></span> 
     </span>
    </p>
   </div>
   <div class='ocr_carea' id='block_1_57' title="bbox 2117 2918 3714 3018">
    <p class='ocr_par' dir='ltr' id='par_1_57' title="bbox 2117 2918 3714 3018">
     <span class='ocr_line' id='line_1_57' title="bbox 2117 2918 3714 3018; baseline -0.019 -17"><span class='ocrx_word' id='word_1_369' title='bbox 2117 2948 2255 3018; x_wconf 86' lang='lat' dir='ltr'><strong>gati,</strong></span> <span class='ocrx_word' id='word_1_370' title='bbox 2281 2946 2433 2998; x_wconf 83' lang='lat' dir='ltr'><strong>hiatu</strong></span> <span class='ocrx_word' id='word_1_371' title='bbox 2460 2948 2609 2996; x_wconf 79' lang='lat' dir='ltr'><strong>vasto</strong></span> <span class='ocrx_word' id='word_1_372' title='bbox 2646 2935 2958 3010; x_wconf 80' lang='lat' dir='ltr'><strong>perﬂatiles,</strong></span> <span class='ocrx_word' id='word_1_373' title='bbox 2991 2941 3039 2987; x_wconf 90' lang='lat' dir='ltr'><strong>et</strong></span> <span class='ocrx_word' id='word_1_374' title='bbox 3071 2928 3206 2984; x_wconf 79' lang='lat' dir='ltr'><strong>velut</strong></span> <span class='ocrx_word' id='word_1_375' title='bbox 3231 2927 3312 2981; x_wconf 90' lang='lat' dir='ltr'><strong>ira</strong></span> <span class='ocrx_word' id='word_1_376' title='bbox 3346 2921 3534 2995; x_wconf 78' lang='lat' dir='ltr'><strong>perciti</strong></span> <span class='ocrx_word' id='word_1_377' title='bbox 3583 2918 3714 2973; x_wconf 81' lang='lat' dir='ltr'><strong>sibi-</strong></span> 
     </span>
    </p>
   </div>
   <div class='ocr_carea' id='block_1_58' title="bbox 2119 3019 3711 3102">
    <p class='ocr_par' dir='ltr' id='par_1_58' title="bbox 2119 3019 3711 3102">
     <span class='ocr_line' id='line_1_58' title="bbox 2119 3019 3711 3102; baseline -0.019 -7"><span class='ocrx_word' id='word_1_378' title='bbox 2119 3041 2311 3100; x_wconf 81' lang='lat' dir='ltr'><strong>lantes.</strong></span> <span class='ocrx_word' id='word_1_379' title='bbox 2334 3035 2735 3102; x_wconf 85' lang='lat' dir='ltr'><strong>caudarumque</strong></span> <span class='ocrx_word' id='word_1_380' title='bbox 2752 3028 3017 3084; x_wconf 84' lang='lat' dir='ltr'><strong>volumina</strong></span> <span class='ocrx_word' id='word_1_381' title='bbox 3039 3023 3394 3093; x_wconf 80' lang='lat' dir='ltr'><strong>relinquentes</strong></span> <span class='ocrx_word' id='word_1_382' title='bbox 3412 3019 3465 3071; x_wconf 89' lang='lat' dir='ltr'><strong>in</strong></span> <span class='ocrx_word' id='word_1_383' title='bbox 3481 3024 3711 3069; x_wconf 84' lang='lat' dir='ltr'><strong>ventum.</strong></span> 
     </span>
    </p>
   </div>
   <div class='ocr_carea' id='block_1_59' title="bbox 2119 3133 2294 3190">
    <p class='ocr_par' dir='ltr' id='par_1_59' title="bbox 2119 3133 2294 3190">
     <span class='ocr_line' id='line_1_59' title="bbox 2119 3133 2294 3190; baseline -0.029 0"><span class='ocrx_word' id='word_1_384' title='bbox 2119 3133 2294 3190; x_wconf 66' lang='lat' dir='ltr'><strong>Goan.</strong></span> 
     </span>
    </p>
   </div>
   <div class='ocr_carea' id='block_1_60' title="bbox 2193 3131 3712 3294">
    <p class='ocr_par' dir='ltr' id='par_1_60' title="bbox 2193 3131 3712 3294">
     <span class='ocr_line' id='line_1_60' title="bbox 2193 3150 2294 3186; baseline 0.01 -1"><span class='ocrx_word' id='word_1_385' title='bbox 2193 3150 2294 3186; x_wconf 66' lang='lat' dir='ltr'><strong>ian.</strong></span> 
     </span>
     <span class='ocr_line' id='line_1_61' title="bbox 2193 3131 3712 3294; baseline -0.018 -14"><span class='ocrx_word' id='word_1_386' title='bbox 2193 3131 2690 3294; x_wconf 45' lang='lat' dir='ltr'><strong>Hisbmperatoriis</strong></span> <span class='ocrx_word' id='word_1_387' title='bbox 2717 3215 2955 3273; x_wconf 86' lang='lat' dir='ltr'><strong>ﬁamulis</strong></span> <span class='ocrx_word' id='word_1_388' title='bbox 2987 3228 3084 3269; x_wconf 89' lang='lat' dir='ltr'><strong>seu</strong></span> <span class='ocrx_word' id='word_1_389' title='bbox 3118 3209 3333 3265; x_wconf 80' lang='lat' dir='ltr'><strong>vexillis</strong></span> <span class='ocrx_word' id='word_1_390' title='bbox 3364 3214 3586 3278; x_wconf 86' lang='lat' dir='ltr'><strong>propter</strong></span> <span class='ocrx_word' id='word_1_391' title='bbox 3611 3217 3712 3294; x_wconf 15' lang='lat' dir='ltr'><strong>reo-</strong></span> 
     </span>
    </p>
   </div>
   <div class='ocr_carea' id='block_1_61' title="bbox 417 3293 3720 3396">
    <p class='ocr_par' dir='ltr' id='par_1_61' title="bbox 417 3293 3720 3396">
     <span class='ocr_line' id='line_1_62' title="bbox 417 3293 3720 3396; baseline -0.009 -22"><span class='ocrx_word' id='word_1_392' title='bbox 417 3322 674 3389; x_wconf 74' lang='lat' dir='ltr'><strong>przesitlio</strong></span> <span class='ocrx_word' id='word_1_393' title='bbox 703 3339 718 3390; x_wconf 90' lang='lat'><strong>;</strong></span> <span class='ocrx_word' id='word_1_394' title='bbox 753 3338 854 3379; x_wconf 91' lang='lat' dir='ltr'><strong>nec</strong></span> <span class='ocrx_word' id='word_1_395' title='bbox 891 3322 945 3378; x_wconf 88' lang='lat' dir='ltr'><strong>in</strong></span> <span class='ocrx_word' id='word_1_396' title='bbox 974 3323 1204 3378; x_wconf 86' lang='lat' dir='ltr'><strong>dubium</strong></span> <span class='ocrx_word' id='word_1_397' title='bbox 1239 3334 1530 3378; x_wconf 87' lang='lat' dir='ltr'><strong>revocatur</strong></span> <span class='ocrx_word' id='word_1_398' title='bbox 1564 3325 1711 3394; x_wconf 89' lang='lat' dir='ltr'><strong>quod</strong></span> <span class='ocrx_word' id='word_1_399' title='bbox 1771 3293 2006 3378; x_wconf 74' lang='lat' dir='ltr'><strong>Thessa—</strong></span> <span class='ocrx_word' id='word_1_400' title='bbox 2037 3337 2080 3396; x_wconf 74' lang='grc' dir='ltr'>ο</span> <span class='ocrx_word' id='word_1_401' title='bbox 2121 3319 2430 3390; x_wconf 89' lang='lat' dir='ltr'><strong>gnationem</strong></span> <span class='ocrx_word' id='word_1_402' title='bbox 2458 3311 2723 3374; x_wconf 89' lang='lat' dir='ltr'><strong>nominis,</strong></span> <span class='ocrx_word' id='word_1_403' title='bbox 2748 3309 2886 3363; x_wconf 89' lang='lat' dir='ltr'><strong>addc</strong></span> <span class='ocrx_word' id='word_1_404' title='bbox 2906 3304 3168 3361; x_wconf 80' lang='lat' dir='ltr'><strong>vexillum</strong></span> <span class='ocrx_word' id='word_1_405' title='bbox 3199 3300 3257 3354; x_wconf 84' lang='lat' dir='ltr'><strong>S.</strong></span> <span class='ocrx_word' id='word_1_406' title='bbox 3292 3296 3560 3368; x_wconf 84' lang='lat' dir='ltr'><strong>Dionysii,</strong></span> <span class='ocrx_word' id='word_1_407' title='bbox 3591 3293 3720 3348; x_wconf 83' lang='lat' dir='ltr'><strong>Gal-</strong></span> 
     </span>
    </p>
   </div>
   <div class='ocr_carea' id='block_1_62' title="bbox 419 3413 2008 3486">
    <p class='ocr_par' dir='ltr' id='par_1_62' title="bbox 419 3413 2008 3486">
     <span class='ocr_line' id='line_1_63' title="bbox 419 3413 2008 3486; baseline -0.001 -17"><span class='ocrx_word' id='word_1_408' title='bbox 419 3415 792 3473; x_wconf 83' lang='lat' dir='ltr'><strong>touicensihus</strong></span> <span class='ocrx_word' id='word_1_409' title='bbox 857 3415 1152 3473; x_wconf 73' lang='lat' dir='ltr'><strong>obsidione</strong></span> <span class='ocrx_word' id='word_1_410' title='bbox 1195 3417 1264 3471; x_wconf 90' lang='lat' dir='ltr'><strong>ab</strong></span> <span class='ocrx_word' id='word_1_411' title='bbox 1313 3415 1579 3470; x_wconf 85' lang='lat' dir='ltr'><strong>Alusiauo</strong></span> <span class='ocrx_word' id='word_1_412' title='bbox 1646 3413 2008 3486; x_wconf 82' lang='lat' dir='ltr'><strong>Bulgarorum</strong></span> 
     </span>
    </p>
   </div>
   <div class='ocr_carea' id='block_1_63' title="bbox 419 3509 2014 3581">
    <p class='ocr_par' dir='ltr' id='par_1_63' title="bbox 419 3509 2014 3581">
     <span class='ocr_line' id='line_1_64' title="bbox 419 3509 2014 3581; baseline -0.003 -15"><span class='ocrx_word' id='word_1_413' title='bbox 419 3509 616 3566; x_wconf 90' lang='lat' dir='ltr'><strong>cinctis</strong></span> <span class='ocrx_word' id='word_1_414' title='bbox 667 3520 1054 3580; x_wconf 82' lang='lat' dir='ltr'><strong>unguentoque</strong></span> <span class='ocrx_word' id='word_1_415' title='bbox 1107 3511 1176 3566; x_wconf 88' lang='lat' dir='ltr'><strong>ab</strong></span> <span class='ocrx_word' id='word_1_416' title='bbox 1230 3510 1350 3580; x_wconf 89' lang='lat' dir='ltr'><strong>ejus</strong></span> <span class='ocrx_word' id='word_1_417' title='bbox 1401 3509 1656 3581; x_wconf 90' lang='lat' dir='ltr'><strong>sepulcro</strong></span> <span class='ocrx_word' id='word_1_418' title='bbox 1718 3517 2014 3565; x_wconf 88' lang='lat' dir='ltr'><strong>emanante</strong></span> 
     </span>
    </p>
   </div>
   <div class='ocr_carea' id='block_1_64' title="bbox 423 3602 2014 3674">
    <p class='ocr_par' dir='ltr' id='par_1_64' title="bbox 423 3602 2014 3674">
     <span class='ocr_line' id='line_1_65' title="bbox 423 3602 2014 3674; baseline -0.001 -16"><span class='ocrx_word' id='word_1_419' title='bbox 423 3605 601 3660; x_wconf 89' lang='lat' dir='ltr'><strong>unctis</strong></span> <span class='ocrx_word' id='word_1_420' title='bbox 634 3603 890 3659; x_wconf 87' lang='lat' dir='ltr'><strong>contulit.</strong></span> <span class='ocrx_word' id='word_1_421' title='bbox 947 3603 1214 3660; x_wconf 67' lang='lat' dir='ltr'><strong>Romana:</strong></span> <span class='ocrx_word' id='word_1_422' title='bbox 1269 3603 1409 3660; x_wconf 85' lang='lat' dir='ltr'><strong>aciei</strong></span> <span class='ocrx_word' id='word_1_423' title='bbox 1473 3603 1577 3658; x_wconf 81' lang='lat' dir='ltr'><strong>iuit</strong></span> <span class='ocrx_word' id='word_1_424' title='bbox 1631 3602 1743 3658; x_wconf 82' lang='lat' dir='ltr'><strong>dux</strong></span> <span class='ocrx_word' id='word_1_425' title='bbox 1809 3611 2014 3674; x_wconf 81' lang='lat' dir='ltr'><strong>martyr</strong></span> 
     </span>
    </p>
   </div>
   <div class='ocr_carea' id='block_1_65' title="bbox 425 3694 2014 3768">
    <p class='ocr_par' dir='ltr' id='par_1_65' title="bbox 425 3694 2014 3768">
     <span class='ocr_line' id='line_1_66' title="bbox 425 3694 2014 3768; baseline 0.002 -19"><span class='ocrx_word' id='word_1_426' title='bbox 425 3696 752 3764; x_wconf 86' lang='lat' dir='ltr'><strong>Demetrius,</strong></span> <span class='ocrx_word' id='word_1_427' title='bbox 790 3696 867 3752; x_wconf 86' lang='lat' dir='ltr'><strong>ait</strong></span> <span class='ocrx_word' id='word_1_428' title='bbox 896 3694 1178 3753; x_wconf 87' lang='lat' dir='ltr'><strong>Cedrenus</strong></span> <span class='ocrx_word' id='word_1_429' title='bbox 1228 3697 1282 3751; x_wconf 91' lang='lat' dir='ltr'><strong>in</strong></span> <span class='ocrx_word' id='word_1_430' title='bbox 1338 3696 1607 3753; x_wconf 80' lang='lat' dir='ltr'><strong>Michaele</strong></span> <span class='ocrx_word' id='word_1_431' title='bbox 1639 3695 2014 3768; x_wconf 87' lang='lat' dir='ltr'><strong>Paphlagone,</strong></span> 
     </span>
    </p>
   </div>
   <div class='ocr_carea' id='block_1_66' title="bbox 421 3789 2019 3872">
    <p class='ocr_par' dir='ltr' id='par_1_66' title="bbox 421 3789 2019 3872">
     <span class='ocr_line' id='line_1_67' title="bbox 421 3789 2019 3872; baseline 0 -26"><span class='ocrx_word' id='word_1_432' title='bbox 421 3792 634 3861; x_wconf 84' lang='lat' dir='ltr'><strong>iterque</strong></span> <span class='ocrx_word' id='word_1_433' title='bbox 657 3790 1050 3861; x_wconf 88' lang='lat' dir='ltr'><strong>complanavit,</strong></span> <span class='ocrx_word' id='word_1_434' title='bbox 1077 3791 1223 3860; x_wconf 91' lang='lat' dir='ltr'><strong>quod</strong></span> <span class='ocrx_word' id='word_1_435' title='bbox 1242 3790 1462 3862; x_wconf 87' lang='lat' dir='ltr'><strong>Bulgari</strong></span> <span class='ocrx_word' id='word_1_436' title='bbox 1487 3790 1684 3862; x_wconf 86' lang='lat' dir='ltr'><strong>captivi</strong></span> <span class='ocrx_word' id='word_1_437' title='bbox 1704 3789 2019 3872; x_wconf 77' lang='lat' dir='ltr'><strong>iuramento</strong></span> 
     </span>
    </p>
   </div>
   <div class='ocr_carea' id='block_1_67' title="bbox 423 3884 2017 3956">
    <p class='ocr_par' dir='ltr' id='par_1_67' title="bbox 423 3884 2017 3956">
     <span class='ocr_line' id='line_1_68' title="bbox 423 3884 2017 3956; baseline -0.001 -16"><span class='ocrx_word' id='word_1_438' title='bbox 423 3887 845 3950; x_wconf 87' lang='lat' dir='ltr'><strong>conﬁrmarunt,</strong></span> <span class='ocrx_word' id='word_1_439' title='bbox 880 3884 1133 3941; x_wconf 89' lang='lat' dir='ltr'><strong>dicentes</strong></span> <span class='ocrx_word' id='word_1_440' title='bbox 1161 3885 1367 3941; x_wconf 88' lang='lat' dir='ltr'><strong>vidisse</strong></span> <span class='ocrx_word' id='word_1_441' title='bbox 1386 3899 1446 3942; x_wconf 91' lang='lat' dir='ltr'><strong>se</strong></span> <span class='ocrx_word' id='word_1_442' title='bbox 1466 3886 1730 3956; x_wconf 82' lang='lat' dir='ltr'><strong>juvenem</strong></span> <span class='ocrx_word' id='word_1_443' title='bbox 1753 3884 2017 3954; x_wconf 86' lang='lat' dir='ltr'><strong>equitem,</strong></span> 
     </span>
    </p>
   </div>
   <div class='ocr_carea' id='block_1_68' title="bbox 423 3976 2021 4050">
    <p class='ocr_par' dir='ltr' id='par_1_68' title="bbox 423 3976 2021 4050">
     <span class='ocr_line' id='line_1_69' title="bbox 423 3976 2021 4050; baseline 0.002 -21"><span class='ocrx_word' id='word_1_444' title='bbox 423 3977 516 4046; x_wconf 92' lang='lat' dir='ltr'><strong>qui</strong></span> <span class='ocrx_word' id='word_1_445' title='bbox 553 3977 805 4032; x_wconf 74' lang='lat' dir='ltr'><strong>Romanae</strong></span> <span class='ocrx_word' id='word_1_446' title='bbox 840 3977 1097 4049; x_wconf 78' lang='lat' dir='ltr'><strong>phalangi</strong></span> <span class='ocrx_word' id='word_1_447' title='bbox 1132 3976 1372 4050; x_wconf 59' lang='lat' dir='ltr'><strong>prgajret,</strong></span> <span class='ocrx_word' id='word_1_448' title='bbox 1415 3993 1572 4049; x_wconf 90' lang='lat' dir='ltr'><strong>aquo</strong></span> <span class='ocrx_word' id='word_1_449' title='bbox 1595 3977 1856 4033; x_wconf 82' lang='lat' dir='ltr'><strong>exsilieus</strong></span> <span class='ocrx_word' id='word_1_450' title='bbox 1881 3976 2021 4047; x_wconf 81' lang='lat' dir='ltr'><strong>ignis</strong></span> 
     </span>
    </p>
   </div>
   <div class='ocr_carea' id='block_1_69' title="bbox 423 4070 2022 4142">
    <p class='ocr_par' dir='ltr' id='par_1_69' title="bbox 423 4070 2022 4142">
     <span class='ocr_line' id='line_1_70' title="bbox 423 4070 2022 4142; baseline -0.001 -15"><span class='ocrx_word' id='word_1_451' title='bbox 423 4072 681 4128; x_wconf 80' lang='lat' dir='ltr'><strong>adversus</strong></span> <span class='ocrx_word' id='word_1_452' title='bbox 709 4081 983 4128; x_wconf 90' lang='lat' dir='ltr'><strong>cremaret</strong></span> <span class='ocrx_word' id='word_1_453' title='bbox 1021 4073 1228 4130; x_wconf 91' lang='lat' dir='ltr'><strong>hostes.</strong></span> <span class='ocrx_word' id='word_1_454' title='bbox 1262 4073 1419 4128; x_wconf 86' lang='lat' dir='ltr'><strong>Alter</strong></span> <span class='ocrx_word' id='word_1_455' title='bbox 1466 4071 1774 4142; x_wconf 88' lang='lat' dir='ltr'><strong>Procopius</strong></span> <span class='ocrx_word' id='word_1_456' title='bbox 1829 4070 2022 4125; x_wconf 85' lang='lat' dir='ltr'><strong>militia</strong></span> 
     </span>
    </p>
   </div>
   <div class='ocr_carea' id='block_1_70' title="bbox 426 4161 2022 4232">
    <p class='ocr_par' dir='ltr' id='par_1_70' title="bbox 426 4161 2022 4232">
     <span class='ocr_line' id='line_1_71' title="bbox 426 4161 2022 4232; baseline -0.005 -10"><span class='ocrx_word' id='word_1_457' title='bbox 426 4167 606 4222; x_wconf 89' lang='lat' dir='ltr'><strong>clarus</strong></span> <span class='ocrx_word' id='word_1_458' title='bbox 631 4166 740 4221; x_wconf 79' lang='lat' dir='ltr'><strong>dux</strong></span> <span class='ocrx_word' id='word_1_459' title='bbox 775 4165 1122 4221; x_wconf 75' lang='lat' dir='ltr'><strong>Alexandriae</strong></span> <span class='ocrx_word' id='word_1_460' title='bbox 1151 4165 1272 4230; x_wconf 77' lang='lat' dir='ltr'><strong>fuit,</strong></span> <span class='ocrx_word' id='word_1_461' title='bbox 1303 4173 1365 4218; x_wconf 92' lang='lat' dir='ltr'><strong>ut</strong></span> <span class='ocrx_word' id='word_1_462' title='bbox 1395 4164 1578 4219; x_wconf 88' lang='lat' dir='ltr'><strong>verbis</strong></span> <span class='ocrx_word' id='word_1_463' title='bbox 1614 4163 1810 4218; x_wconf 89' lang='lat' dir='ltr'><strong>iisdem</strong></span> <span class='ocrx_word' id='word_1_464' title='bbox 1845 4161 2022 4232; x_wconf 83' lang='lat' dir='ltr'><strong>Syna-</strong></span> 
     </span>
    </p>
   </div>
   <div class='ocr_carea' id='block_1_71' title="bbox 426 4252 2022 4329">
    <p class='ocr_par' dir='ltr' id='par_1_71' title="bbox 426 4252 2022 4329">
     <span class='ocr_line' id='line_1_72' title="bbox 426 4252 2022 4329; baseline -0.007 -12"><span class='ocrx_word' id='word_1_465' title='bbox 426 4261 617 4317; x_wconf 78' lang='lat' dir='ltr'><strong>xarion</strong></span> <span class='ocrx_word' id='word_1_466' title='bbox 645 4260 844 4316; x_wconf 84' lang='lat' dir='ltr'><strong>asserit</strong></span> <span class='ocrx_word' id='word_1_467' title='bbox 871 4257 1003 4314; x_wconf 81' lang='lat' dir='ltr'><strong>Julii</strong></span> <span class='ocrx_word' id='word_1_468' title='bbox 1038 4257 1104 4312; x_wconf 86' lang='lat'><strong>8:</strong></span> <span class='ocrx_word' id='word_1_469' title='bbox 1132 4257 1364 4329; x_wconf 68' lang='lat' dir='ltr'><strong>Xaipot;</strong></span> <span class='ocrx_word' id='word_1_470' title='bbox 1393 4255 1687 4326; x_wconf 82' lang='grc' dir='ltr'>μαρτύρων</span> <span class='ocrx_word' id='word_1_471' title='bbox 1737 4252 2022 4324; x_wconf 83' lang='grc' dir='ltr'>καύχημα,</span> 
     </span>
    </p>
   </div>
   <div class='ocr_carea' id='block_1_72' title="bbox 427 4345 2023 4425">
    <p class='ocr_par' dir='ltr' id='par_1_72' title="bbox 427 4345 2023 4425">
     <span class='ocr_line' id='line_1_73' title="bbox 427 4345 2023 4425; baseline -0.004 -18"><span class='ocrx_word' id='word_1_472' title='bbox 427 4354 694 4425; x_wconf 74' lang='grc' dir='ltr'><strong>βασιλέων</strong></span> <span class='ocrx_word' id='word_1_473' title='bbox 719 4353 1051 4423; x_wconf 76' lang='grc' dir='ltr'>κραταιωμα</span> <span class='ocrx_word' id='word_1_474' title='bbox 1079 4351 1358 4423; x_wconf 91' lang='lat' dir='ltr'><strong>canitejus</strong></span> <span class='ocrx_word' id='word_1_475' title='bbox 1385 4349 1526 4405; x_wconf 84' lang='lat' dir='ltr'><strong>festo</strong></span> <span class='ocrx_word' id='word_1_476' title='bbox 1547 4348 1788 4404; x_wconf 82' lang='lat' dir='ltr'><strong>Ecclesia</strong></span> <span class='ocrx_word' id='word_1_477' title='bbox 1813 4345 2023 4402; x_wconf 69' lang='lat' dir='ltr'><strong>Graeca.</strong></span> 
     </span>
    </p>
   </div>
   <div class='ocr_carea' id='block_1_73' title="bbox 427 4442 2030 4516">
    <p class='ocr_par' dir='ltr' id='par_1_73' title="bbox 427 4442 2030 4516">
     <span class='ocr_line' id='line_1_74' title="bbox 427 4442 2030 4516; baseline -0.005 -14"><span class='ocrx_word' id='word_1_478' title='bbox 427 4447 649 4502; x_wconf 81' lang='lat' dir='ltr'><strong>Tertius</strong></span> <span class='ocrx_word' id='word_1_479' title='bbox 683 4448 783 4502; x_wconf 78' lang='lat' dir='ltr'><strong>fuit</strong></span> <span class='ocrx_word' id='word_1_480' title='bbox 814 4447 1138 4503; x_wconf 84' lang='lat' dir='ltr'><strong>Theodorus</strong></span> <span class='ocrx_word' id='word_1_481' title='bbox 1171 4444 1558 4516; x_wconf 72' lang='grc' dir='ltr'><strong>στρατηλάτης</strong></span> <span class='ocrx_word' id='word_1_482' title='bbox 1582 4442 2030 4513; x_wconf 80' lang='lat' dir='ltr'><strong>equitummagis-</strong></span> 
     </span>
    </p>
   </div>
   <div class='ocr_carea' id='block_1_74' title="bbox 431 4532 2027 4608">
    <p class='ocr_par' dir='ltr' id='par_1_74' title="bbox 431 4532 2027 4608">
     <span class='ocr_line' id='line_1_75' title="bbox 431 4532 2027 4608; baseline -0.006 -12"><span class='ocrx_word' id='word_1_483' title='bbox 431 4553 513 4596; x_wconf 88' lang='lat' dir='ltr'><strong>ter</strong></span> <span class='ocrx_word' id='word_1_484' title='bbox 546 4540 646 4594; x_wconf 87' lang='lat' dir='ltr'><strong>sub</strong></span> <span class='ocrx_word' id='word_1_485' title='bbox 679 4538 914 4606; x_wconf 88' lang='lat' dir='ltr'><strong>Licinio,</strong></span> <span class='ocrx_word' id='word_1_486' title='bbox 971 4555 1001 4594; x_wconf 92' lang='lat' dir='ltr'><strong>a</strong></span> <span class='ocrx_word' id='word_1_487' title='bbox 1033 4554 1141 4608; x_wconf 91' lang='lat' dir='ltr'><strong>quo</strong></span> <span class='ocrx_word' id='word_1_488' title='bbox 1173 4546 1408 4593; x_wconf 88' lang='lat' dir='ltr'><strong>mortem</strong></span> <span class='ocrx_word' id='word_1_489' title='bbox 1439 4535 1648 4591; x_wconf 84' lang='lat' dir='ltr'><strong>illatam</strong></span> <span class='ocrx_word' id='word_1_490' title='bbox 1714 4532 1977 4589; x_wconf 90' lang='lat' dir='ltr'><strong>sustinuit</strong></span> <span class='ocrx_word' id='word_1_491' title='bbox 2012 4549 2027 4586; x_wconf 91' lang='lat'><strong>:</strong></span> 
     </span>
    </p>
   </div>
   <div class='ocr_carea' id='block_1_75' title="bbox 428 4623 2026 4699">
    <p class='ocr_par' dir='ltr' id='par_1_75' title="bbox 428 4623 2026 4699">
     <span class='ocr_line' id='line_1_76' title="bbox 428 4623 2026 4699; baseline -0.004 -13"><span class='ocrx_word' id='word_1_492' title='bbox 428 4631 554 4686; x_wconf 74' lang='lat' dir='ltr'><strong>exin</strong></span> <span class='ocrx_word' id='word_1_493' title='bbox 577 4627 949 4688; x_wconf 79' lang='lat' dir='ltr'><strong>Romanorum</strong></span> <span class='ocrx_word' id='word_1_494' title='bbox 963 4631 1132 4686; x_wconf 89' lang='lat' dir='ltr'><strong>armis</strong></span> <span class='ocrx_word' id='word_1_495' title='bbox 1151 4629 1332 4684; x_wconf 79' lang='lat' dir='ltr'><strong>favere</strong></span> <span class='ocrx_word' id='word_1_496' title='bbox 1350 4628 1518 4699; x_wconf 83' lang='lat' dir='ltr'><strong>coepit</strong></span> <span class='ocrx_word' id='word_1_497' title='bbox 1535 4644 1564 4684; x_wconf 90' lang='lat' dir='ltr'><strong>e</strong></span> <span class='ocrx_word' id='word_1_498' title='bbox 1582 4629 1745 4693; x_wconf 71' lang='lat' dir='ltr'><strong>cmio,</strong></span> <span class='ocrx_word' id='word_1_499' title='bbox 1775 4643 1838 4680; x_wconf 86' lang='lat' dir='ltr'><strong>ac</strong></span> <span class='ocrx_word' id='word_1_500' title='bbox 1858 4623 2026 4680; x_wconf 80' lang='lat' dir='ltr'><strong>Joan-</strong></span> 
     </span>
    </p>
   </div>
   <div class='ocr_carea' id='block_1_76' title="bbox 431 4716 2023 4792">
    <p class='ocr_par' dir='ltr' id='par_1_76' title="bbox 431 4716 2023 4792">
     <span class='ocr_line' id='line_1_77' title="bbox 431 4716 2023 4792; baseline -0.004 -14"><span class='ocrx_word' id='word_1_501' title='bbox 431 4723 517 4778; x_wconf 87' lang='lat' dir='ltr'><strong>nis</strong></span> <span class='ocrx_word' id='word_1_502' title='bbox 548 4723 837 4780; x_wconf 80' lang='lat' dir='ltr'><strong>Tziu:iscis</strong></span> <span class='ocrx_word' id='word_1_503' title='bbox 871 4732 1120 4792; x_wconf 87' lang='lat' dir='ltr'><strong>tempore</strong></span> <span class='ocrx_word' id='word_1_504' title='bbox 1159 4731 1323 4776; x_wconf 65' lang='lat' dir='ltr'><strong>tanta</strong></span> <span class='ocrx_word' id='word_1_505' title='bbox 1355 4719 1689 4791; x_wconf 81' lang='lat' dir='ltr'><strong>Scytharum</strong></span> <span class='ocrx_word' id='word_1_506' title='bbox 1721 4720 1775 4772; x_wconf 92' lang='lat' dir='ltr'><strong>in</strong></span> <span class='ocrx_word' id='word_1_507' title='bbox 1801 4716 2023 4774; x_wconf 69' lang='lat' dir='ltr'><strong>Graecos</strong></span> 
     </span>
    </p>
   </div>
   <div class='ocr_carea' id='block_1_77' title="bbox 432 4811 2018 4886">
    <p class='ocr_par' dir='ltr' id='par_1_77' title="bbox 432 4811 2018 4886">
     <span class='ocr_line' id='line_1_78' title="bbox 432 4811 2018 4886; baseline -0.003 -17"><span class='ocrx_word' id='word_1_508' title='bbox 432 4817 792 4886; x_wconf 83' lang='lat' dir='ltr'><strong>praetiantium</strong></span> <span class='ocrx_word' id='word_1_509' title='bbox 824 4817 1025 4886; x_wconf 79' lang='lat' dir='ltr'><strong>stragis</strong></span> <span class='ocrx_word' id='word_1_510' title='bbox 1050 4822 1242 4869; x_wconf 84' lang='lat' dir='ltr'><strong>auctor</strong></span> <span class='ocrx_word' id='word_1_511' title='bbox 1281 4815 1401 4876; x_wconf 83' lang='lat' dir='ltr'><strong>fuit,</strong></span> <span class='ocrx_word' id='word_1_512' title='bbox 1438 4815 1566 4868; x_wconf 92' lang='lat' dir='ltr'><strong>utei</strong></span> <span class='ocrx_word' id='word_1_513' title='bbox 1601 4813 1768 4884; x_wconf 75' lang='lat'><strong>286</strong></span> <span class='ocrx_word' id='word_1_514' title='bbox 1787 4811 2018 4882; x_wconf 86' lang='lat' dir='ltr'><strong>gratiam</strong></span> 
     </span>
    </p>
   </div>
   <div class='ocr_carea' id='block_1_78' title="bbox 433 4904 2024 4983">
    <p class='ocr_par' dir='ltr' id='par_1_78' title="bbox 433 4904 2024 4983">
     <span class='ocr_line' id='line_1_79' title="bbox 433 4904 2024 4983; baseline -0.003 -19"><span class='ocrx_word' id='word_1_515' title='bbox 433 4927 533 4983; x_wconf 89' lang='lat' dir='ltr'><strong>pro</strong></span> <span class='ocrx_word' id='word_1_516' title='bbox 561 4926 664 4980; x_wconf 87' lang='lat' dir='ltr'><strong>ope</strong></span> <span class='ocrx_word' id='word_1_517' title='bbox 694 4912 802 4966; x_wconf 86' lang='lat' dir='ltr'><strong>lata</strong></span> <span class='ocrx_word' id='word_1_518' title='bbox 837 4911 1109 4966; x_wconf 88' lang='lat' dir='ltr'><strong>relaturus</strong></span> <span class='ocrx_word' id='word_1_519' title='bbox 1135 4908 1458 4973; x_wconf 86' lang='lat' dir='ltr'><strong>Tzimisces,</strong></span> <span class='ocrx_word' id='word_1_520' title='bbox 1491 4907 1693 4976; x_wconf 89' lang='lat' dir='ltr'><strong>templo</strong></span> <span class='ocrx_word' id='word_1_521' title='bbox 1719 4905 1775 4960; x_wconf 91' lang='lat' dir='ltr'><strong>in</strong></span> <span class='ocrx_word' id='word_1_522' title='bbox 1821 4919 1930 4974; x_wconf 82' lang='lat' dir='ltr'><strong>quo</strong></span> <span class='ocrx_word' id='word_1_523' title='bbox 1977 4904 2024 4960; x_wconf 92' lang='lat' dir='ltr'><strong>is</strong></span> 
     </span>
    </p>
   </div>
   <div class='ocr_carea' id='block_1_79' title="bbox 435 4996 2028 5068">
    <p class='ocr_par' dir='ltr' id='par_1_79' title="bbox 435 4996 2028 5068">
     <span class='ocr_line' id='line_1_80' title="bbox 435 4996 2028 5068; baseline -0.004 -12"><span class='ocrx_word' id='word_1_524' title='bbox 435 5003 699 5056; x_wconf 91' lang='lat' dir='ltr'><strong>humatus</strong></span> <span class='ocrx_word' id='word_1_525' title='bbox 729 5011 847 5057; x_wconf 89' lang='lat' dir='ltr'><strong>erat</strong></span> <span class='ocrx_word' id='word_1_526' title='bbox 875 5003 1176 5066; x_wconf 89' lang='lat' dir='ltr'><strong>destructo,</strong></span> <span class='ocrx_word' id='word_1_527' title='bbox 1225 4999 1377 5054; x_wconf 88' lang='lat' dir='ltr'><strong>aliud</strong></span> <span class='ocrx_word' id='word_1_528' title='bbox 1433 4996 1882 5068; x_wconf 86' lang='lat' dir='ltr'><strong>magniﬁcentius</strong></span> <span class='ocrx_word' id='word_1_529' title='bbox 1933 5010 2028 5050; x_wconf 82' lang='lat' dir='ltr'><strong>ex-</strong></span> 
     </span>
    </p>
   </div>
   <div class='ocr_carea' id='block_1_80' title="bbox 436 5091 2030 5167">
    <p class='ocr_par' dir='ltr' id='par_1_80' title="bbox 436 5091 2030 5167">
     <span class='ocr_line' id='line_1_81' title="bbox 436 5091 2030 5167; baseline -0.004 -14"><span class='ocrx_word' id='word_1_530' title='bbox 436 5105 710 5153; x_wconf 90' lang='lat' dir='ltr'><strong>structum</strong></span> <span class='ocrx_word' id='word_1_531' title='bbox 743 5096 962 5167; x_wconf 86' lang='lat' dir='ltr'><strong>praediis</strong></span> <span class='ocrx_word' id='word_1_532' title='bbox 993 5095 1206 5165; x_wconf 90' lang='lat' dir='ltr'><strong>amplos</strong></span> <span class='ocrx_word' id='word_1_533' title='bbox 1224 5092 1557 5150; x_wconf 88' lang='lat' dir='ltr'><strong>habentibus</strong></span> <span class='ocrx_word' id='word_1_534' title='bbox 1588 5092 1796 5147; x_wconf 85' lang='lat' dir='ltr'><strong>reditus</strong></span> <span class='ocrx_word' id='word_1_535' title='bbox 1821 5091 2030 5146; x_wconf 85' lang='lat' dir='ltr'><strong>ditave-</strong></span> 
     </span>
    </p>
   </div>
   <div class='ocr_carea' id='block_1_81' title="bbox 436 5185 2030 5258">
    <p class='ocr_par' dir='ltr' id='par_1_81' title="bbox 436 5185 2030 5258">
     <span class='ocr_line' id='line_1_82' title="bbox 436 5185 2030 5258; baseline -0.006 -11"><span class='ocrx_word' id='word_1_536' title='bbox 436 5194 531 5256; x_wconf 88' lang='lat' dir='ltr'><strong>rit,</strong></span> <span class='ocrx_word' id='word_1_537' title='bbox 561 5203 615 5247; x_wconf 91' lang='lat' dir='ltr'><strong>et</strong></span> <span class='ocrx_word' id='word_1_538' title='bbox 647 5191 861 5258; x_wconf 87' lang='lat' dir='ltr'><strong>urbem,</strong></span> <span class='ocrx_word' id='word_1_539' title='bbox 893 5188 1229 5246; x_wconf 77' lang='lat' dir='ltr'><strong>Euchaneiae</strong></span> <span class='ocrx_word' id='word_1_540' title='bbox 1256 5201 1551 5258; x_wconf 87' lang='lat' dir='ltr'><strong>suppresso</strong></span> <span class='ocrx_word' id='word_1_541' title='bbox 1574 5185 1817 5250; x_wconf 86' lang='lat' dir='ltr'><strong>nomine,</strong></span> <span class='ocrx_word' id='word_1_542' title='bbox 1865 5199 2030 5238; x_wconf 86' lang='lat' dir='ltr'><strong>voca-</strong></span> 
     </span>
    </p>
   </div>
   <div class='ocr_carea' id='block_1_82' title="bbox 439 5277 2036 5354">
    <p class='ocr_par' dir='ltr' id='par_1_82' title="bbox 439 5277 2036 5354">
     <span class='ocr_line' id='line_1_83' title="bbox 439 5277 2036 5354; baseline -0.005 -16"><span class='ocrx_word' id='word_1_543' title='bbox 439 5285 578 5340; x_wconf 89' lang='lat' dir='ltr'><strong>verit</strong></span> <span class='ocrx_word' id='word_1_544' title='bbox 608 5283 1092 5354; x_wconf 77' lang='lat' dir='ltr'><strong>TheodorOpolim.</strong></span> <span class='ocrx_word' id='word_1_545' title='bbox 1120 5279 1319 5336; x_wconf 91' lang='lat' dir='ltr'><strong>Subdit</strong></span> <span class='ocrx_word' id='word_1_546' title='bbox 1344 5279 1656 5341; x_wconf 88' lang='lat' dir='ltr'><strong>Cedrcnus,</strong></span> <span class='ocrx_word' id='word_1_547' title='bbox 1678 5293 1747 5334; x_wconf 78' lang='lat' dir='ltr'><strong>ex</strong></span> <span class='ocrx_word' id='word_1_548' title='bbox 1779 5291 1892 5347; x_wconf 90' lang='lat' dir='ltr'><strong>quo</strong></span> <span class='ocrx_word' id='word_1_549' title='bbox 1919 5277 2036 5331; x_wconf 72' lang='lat' dir='ltr'><strong>haec</strong></span> 
     </span>
    </p>
   </div>
   <div class='ocr_carea' id='block_1_83' title="bbox 439 5373 2038 5450">
    <p class='ocr_par' dir='ltr' id='par_1_83' title="bbox 439 5373 2038 5450">
     <span class='ocr_line' id='line_1_84' title="bbox 439 5373 2038 5450; baseline -0.008 -16"><span class='ocrx_word' id='word_1_550' title='bbox 439 5379 766 5450; x_wconf 88' lang='lat' dir='ltr'><strong>deprompta</strong></span> <span class='ocrx_word' id='word_1_551' title='bbox 799 5395 814 5433; x_wconf 93' lang='lat'><strong>:</strong></span> <span class='ocrx_word' id='word_1_552' title='bbox 852 5391 985 5433; x_wconf 89' lang='lat' dir='ltr'><strong>sane</strong></span> <span class='ocrx_word' id='word_1_553' title='bbox 1015 5376 1102 5430; x_wconf 88' lang='lat' dir='ltr'><strong>his</strong></span> <span class='ocrx_word' id='word_1_554' title='bbox 1119 5389 1336 5445; x_wconf 89' lang='lat' dir='ltr'><strong>semper</strong></span> <span class='ocrx_word' id='word_1_555' title='bbox 1354 5373 1678 5442; x_wconf 83' lang='lat' dir='ltr'><strong>auspicibus</strong></span> <span class='ocrx_word' id='word_1_556' title='bbox 1694 5379 1862 5441; x_wconf 88' lang='lat' dir='ltr'><strong>atque</strong></span> <span class='ocrx_word' id='word_1_557' title='bbox 1880 5379 2038 5424; x_wconf 88' lang='lat' dir='ltr'><strong>ante-</strong></span> 
     </span>
    </p>
   </div>
   <div class='ocr_carea' id='block_1_84' title="bbox 441 5463 2032 5542">
    <p class='ocr_par' dir='ltr' id='par_1_84' title="bbox 441 5463 2032 5542">
     <span class='ocr_line' id='line_1_85' title="bbox 441 5463 2032 5542; baseline -0.008 -14"><span class='ocrx_word' id='word_1_558' title='bbox 441 5472 686 5542; x_wconf 85' lang='lat' dir='ltr'><strong>signanis</strong></span> <span class='ocrx_word' id='word_1_559' title='bbox 715 5471 1006 5528; x_wconf 89' lang='lat' dir='ltr'><strong>adversum</strong></span> <span class='ocrx_word' id='word_1_560' title='bbox 1036 5470 1224 5526; x_wconf 90' lang='lat' dir='ltr'><strong>hostes</strong></span> <span class='ocrx_word' id='word_1_561' title='bbox 1252 5467 1330 5522; x_wconf 91' lang='lat' dir='ltr'><strong>uti</strong></span> <span class='ocrx_word' id='word_1_562' title='bbox 1363 5466 1577 5523; x_wconf 89' lang='lat' dir='ltr'><strong>solebat</strong></span> <span class='ocrx_word' id='word_1_563' title='bbox 1599 5465 1900 5535; x_wconf 89' lang='lat' dir='ltr'><strong>imperator</strong></span> <span class='ocrx_word' id='word_1_564' title='bbox 1920 5463 2032 5518; x_wconf 87' lang='lat' dir='ltr'><strong>hic.</strong></span> 
     </span>
    </p>
   </div>
   <div class='ocr_carea' id='block_1_85' title="bbox 440 5559 2040 5628">
    <p class='ocr_par' dir='ltr' id='par_1_85' title="bbox 440 5559 2040 5628">
     <span class='ocr_line' id='line_1_86' title="bbox 440 5559 2040 5628; baseline -0.006 -8"><span class='ocrx_word' id='word_1_565' title='bbox 440 5565 553 5622; x_wconf 82' lang='lat' dir='ltr'><strong>Nec</strong></span> <span class='ocrx_word' id='word_1_566' title='bbox 582 5574 784 5622; x_wconf 88' lang='lat' dir='ltr'><strong>temere</strong></span> <span class='ocrx_word' id='word_1_567' title='bbox 818 5581 833 5620; x_wconf 89' lang='lat'><strong>:</strong></span> <span class='ocrx_word' id='word_1_568' title='bbox 865 5565 1018 5620; x_wconf 86' lang='lat' dir='ltr'><strong>visus</strong></span> <span class='ocrx_word' id='word_1_569' title='bbox 1065 5563 1210 5618; x_wconf 90' lang='lat' dir='ltr'><strong>enim</strong></span> <span class='ocrx_word' id='word_1_570' title='bbox 1268 5559 1558 5615; x_wconf 79' lang='lat' dir='ltr'><strong>manifesto</strong></span> <span class='ocrx_word' id='word_1_571' title='bbox 1623 5566 1831 5628; x_wconf 87' lang='lat' dir='ltr'><strong>martyr</strong></span> <span class='ocrx_word' id='word_1_572' title='bbox 1881 5571 2040 5626; x_wconf 84' lang='lat' dir='ltr'><strong>Opem</strong></span> 
     </span>
    </p>
   </div>
   <div class='ocr_carea' id='block_1_86' title="bbox 444 5652 2046 5726">
    <p class='ocr_par' dir='ltr' id='par_1_86' title="bbox 444 5652 2046 5726">
     <span class='ocr_line' id='line_1_87' title="bbox 444 5652 2046 5726; baseline -0.008 -10"><span class='ocrx_word' id='word_1_573' title='bbox 444 5673 608 5726; x_wconf 76' lang='lat' dir='ltr'><strong>ferre,</strong></span> <span class='ocrx_word' id='word_1_574' title='bbox 640 5659 862 5714; x_wconf 79' lang='lat' dir='ltr'><strong>hostiles</strong></span> <span class='ocrx_word' id='word_1_575' title='bbox 888 5673 1094 5715; x_wconf 90' lang='lat' dir='ltr'><strong>cuneos</strong></span> <span class='ocrx_word' id='word_1_576' title='bbox 1119 5655 1434 5721; x_wconf 84' lang='lat' dir='ltr'><strong>turbarc,et</strong></span> <span class='ocrx_word' id='word_1_577' title='bbox 1466 5653 1910 5722; x_wconf 62' lang='lat' dir='ltr'><strong>praeclarissima:</strong></span> <span class='ocrx_word' id='word_1_578' title='bbox 1943 5652 2046 5704; x_wconf 85' lang='lat' dir='ltr'><strong>du-</strong></span> 
     </span>
    </p>
   </div>
   <div class='ocr_carea' id='block_1_87' title="bbox 444 5743 2042 5820">
    <p class='ocr_par' dir='ltr' id='par_1_87' title="bbox 444 5743 2042 5820">
     <span class='ocr_line' id='line_1_88' title="bbox 444 5743 2042 5820; baseline -0.006 -15"><span class='ocrx_word' id='word_1_579' title='bbox 444 5767 562 5814; x_wconf 85' lang='lat' dir='ltr'><strong>cem</strong></span> <span class='ocrx_word' id='word_1_580' title='bbox 602 5768 658 5805; x_wconf 90' lang='lat' dir='ltr'><strong>se</strong></span> <span class='ocrx_word' id='word_1_581' title='bbox 683 5759 942 5820; x_wconf 72' lang='lat' dir='ltr'><strong>praestare</strong></span> <span class='ocrx_word' id='word_1_582' title='bbox 969 5749 1234 5806; x_wconf 57' lang='lat' dir='ltr'><strong>victoria}.</strong></span> <span class='ocrx_word' id='word_1_583' title='bbox 1256 5746 1495 5803; x_wconf 86' lang='lat' dir='ltr'><strong>Ultimus</strong></span> <span class='ocrx_word' id='word_1_584' title='bbox 1521 5743 1846 5799; x_wconf 90' lang='lat' dir='ltr'><strong>Theodorus</strong></span> <span class='ocrx_word' id='word_1_585' title='bbox 1875 5743 2042 5809; x_wconf 89' lang='lat' dir='ltr'><strong>alius,</strong></span> 
     </span>
    </p>
   </div>
   <div class='ocr_carea' id='block_1_88' title="bbox 447 5837 2046 5913">
    <p class='ocr_par' dir='ltr' id='par_1_88' title="bbox 447 5837 2046 5913">
     <span class='ocr_line' id='line_1_89' title="bbox 447 5837 2046 5913; baseline -0.006 -13"><span class='ocrx_word' id='word_1_586' title='bbox 447 5845 553 5900; x_wconf 89' lang='lat' dir='ltr'><strong>tiro</strong></span> <span class='ocrx_word' id='word_1_587' title='bbox 578 5844 776 5910; x_wconf 91' lang='lat' dir='ltr'><strong>dictus,</strong></span> <span class='ocrx_word' id='word_1_588' title='bbox 811 5860 919 5898; x_wconf 88' lang='lat' dir='ltr'><strong>non</strong></span> <span class='ocrx_word' id='word_1_589' title='bbox 957 5843 1100 5913; x_wconf 89' lang='lat' dir='ltr'><strong>quod</strong></span> <span class='ocrx_word' id='word_1_590' title='bbox 1124 5856 1405 5898; x_wconf 86' lang='lat' dir='ltr'><strong>armorum</strong></span> <span class='ocrx_word' id='word_1_591' title='bbox 1433 5838 1686 5895; x_wconf 90' lang='lat' dir='ltr'><strong>tirocinio</strong></span> <span class='ocrx_word' id='word_1_592' title='bbox 1714 5837 2046 5905; x_wconf 87' lang='lat' dir='ltr'><strong>erudiretur,</strong></span> 
     </span>
    </p>
   </div>
   <div class='ocr_carea' id='block_1_89' title="bbox 448 5932 2049 6006">
    <p class='ocr_par' dir='ltr' id='par_1_89' title="bbox 448 5932 2049 6006">
     <span class='ocr_line' id='line_1_90' title="bbox 448 5932 2049 6006; baseline -0.006 -14"><span class='ocrx_word' id='word_1_593' title='bbox 448 5936 544 5992; x_wconf 83' lang='lat' dir='ltr'><strong>sed</strong></span> <span class='ocrx_word' id='word_1_594' title='bbox 569 5935 714 6006; x_wconf 92' lang='lat' dir='ltr'><strong>quod</strong></span> <span class='ocrx_word' id='word_1_595' title='bbox 748 5938 801 5990; x_wconf 92' lang='lat' dir='ltr'><strong>in</strong></span> <span class='ocrx_word' id='word_1_596' title='bbox 838 5938 1065 5992; x_wconf 89' lang='lat' dir='ltr'><strong>cohorte</strong></span> <span class='ocrx_word' id='word_1_597' title='bbox 1097 5936 1339 5990; x_wconf 90' lang='lat' dir='ltr'><strong>tironum</strong></span> <span class='ocrx_word' id='word_1_598' title='bbox 1372 5932 1517 5988; x_wconf 89' lang='lat' dir='ltr'><strong>dicta</strong></span> <span class='ocrx_word' id='word_1_599' title='bbox 1544 5939 1838 6000; x_wconf 86' lang='lat' dir='ltr'><strong>provectus</strong></span> <span class='ocrx_word' id='word_1_600' title='bbox 1860 5938 2049 6004; x_wconf 84' lang='lat' dir='ltr'><strong>centu-</strong></span> 
     </span>
    </p>
   </div>
   <div class='ocr_carea' id='block_1_90' title="bbox 450 6017 2036 6099">
    <p class='ocr_par' dir='ltr' id='par_1_90' title="bbox 450 6017 2036 6099">
     <span class='ocr_line' id='line_1_91' title="bbox 450 6017 2036 6099; baseline -0.006 -17"><span class='ocrx_word' id='word_1_601' title='bbox 450 6028 535 6083; x_wconf 92' lang='lat' dir='ltr'><strong>rio</strong></span> <span class='ocrx_word' id='word_1_602' title='bbox 567 6037 992 6099; x_wconf 67' lang='lat' dir='ltr'><strong>promet-eretur.</strong></span> <span class='ocrx_word' id='word_1_603' title='bbox 1026 6028 1396 6084; x_wconf 84' lang='lat' dir='ltr'><strong>Damascenus</strong></span> <span class='ocrx_word' id='word_1_604' title='bbox 1434 6022 1840 6078; x_wconf 87' lang='lat' dir='ltr'><strong>subdiaconus:</strong></span> <span class='ocrx_word' id='word_1_605' title='bbox 1864 6017 2036 6073; x_wconf 75' lang='grc' dir='ltr'><strong>Ἧτον</strong></span> 
     </span>
    </p>
   </div>
   <div class='ocr_carea' id='block_1_91' title="bbox 2125 3391 3718 3478">
    <p class='ocr_par' dir='ltr' id='par_1_91' title="bbox 2125 3391 3718 3478">
     <span class='ocr_line' id='line_1_92' title="bbox 2125 3391 3718 3478; baseline -0.02 -11"><span class='ocrx_word' id='word_1_606' title='bbox 2125 3413 2232 3468; x_wconf 86' lang='lat' dir='ltr'><strong>lice</strong></span> <span class='ocrx_word' id='word_1_607' title='bbox 2263 3410 2568 3478; x_wconf 79' lang='lat' dir='ltr'><strong>oriﬂamme</strong></span> <span class='ocrx_word' id='word_1_608' title='bbox 2591 3405 2824 3467; x_wconf 90' lang='lat' dir='ltr'><strong>dictum,</strong></span> <span class='ocrx_word' id='word_1_609' title='bbox 2869 3398 3016 3470; x_wconf 89' lang='lat' dir='ltr'><strong>quod</strong></span> <span class='ocrx_word' id='word_1_610' title='bbox 3071 3410 3230 3465; x_wconf 70' lang='lat' dir='ltr'><strong>rcges</strong></span> <span class='ocrx_word' id='word_1_611' title='bbox 3287 3391 3476 3446; x_wconf 74' lang='lat' dir='ltr'><strong>Gallia:</strong></span> <span class='ocrx_word' id='word_1_612' title='bbox 3503 3400 3718 3444; x_wconf 84' lang='lat' dir='ltr'><strong>summa</strong></span> 
     </span>
    </p>
   </div>
   <div class='ocr_carea' id='block_1_92' title="bbox 2118 3480 3721 3575">
    <p class='ocr_par' dir='ltr' id='par_1_92' title="bbox 2118 3480 3721 3575">
     <span class='ocr_line' id='line_1_93' title="bbox 2118 3480 3721 3575; baseline -0.019 -14"><span class='ocrx_word' id='word_1_613' title='bbox 2118 3503 2384 3575; x_wconf 85' lang='lat' dir='ltr'><strong>religione</strong></span> <span class='ocrx_word' id='word_1_614' title='bbox 2413 3513 2598 3556; x_wconf 91' lang='lat' dir='ltr'><strong>secum</strong></span> <span class='ocrx_word' id='word_1_615' title='bbox 2624 3496 2678 3550; x_wconf 91' lang='lat' dir='ltr'><strong>in</strong></span> <span class='ocrx_word' id='word_1_616' title='bbox 2722 3491 3102 3564; x_wconf 84' lang='lat' dir='ltr'><strong>expeditiones</strong></span> <span class='ocrx_word' id='word_1_617' title='bbox 3158 3484 3483 3548; x_wconf 88' lang='lat' dir='ltr'><strong>educebant,</strong></span> <span class='ocrx_word' id='word_1_618' title='bbox 3517 3480 3583 3535; x_wconf 90' lang='lat' dir='ltr'><strong>de</strong></span> <span class='ocrx_word' id='word_1_619' title='bbox 3615 3496 3721 3548; x_wconf 88' lang='lat' dir='ltr'><strong>quo</strong></span> 
     </span>
    </p>
   </div>
   <div class='ocr_carea' id='block_1_93' title="bbox 2125 3572 3717 3666">
    <p class='ocr_par' dir='ltr' id='par_1_93' title="bbox 2125 3572 3717 3666">
     <span class='ocr_line' id='line_1_94' title="bbox 2125 3572 3717 3666; baseline -0.019 -13"><span class='ocrx_word' id='word_1_620' title='bbox 2125 3572 2252 3652; x_wconf 81' lang='lat' dir='ltr'><strong>vide</strong></span> <span class='ocrx_word' id='word_1_621' title='bbox 2275 3603 2428 3666; x_wconf 81' lang='lat' dir='ltr'><strong>gesta</strong></span> <span class='ocrx_word' id='word_1_622' title='bbox 2454 3588 2720 3646; x_wconf 84' lang='lat' dir='ltr'><strong>Ludovici</strong></span> <span class='ocrx_word' id='word_1_623' title='bbox 2759 3585 3102 3640; x_wconf 89' lang='lat' dir='ltr'><strong>Francorum</strong></span> <span class='ocrx_word' id='word_1_624' title='bbox 3133 3578 3280 3648; x_wconf 85' lang='lat' dir='ltr'><strong>regis</strong></span> <span class='ocrx_word' id='word_1_625' title='bbox 3314 3575 3411 3631; x_wconf 80' lang='lat' dir='ltr'><strong>fol.</strong></span> <span class='ocrx_word' id='word_1_626' title='bbox 3449 3573 3574 3637; x_wconf 73' lang='lat'>1&#39;58,</span> <span class='ocrx_word' id='word_1_627' title='bbox 3601 3572 3717 3666; x_wconf 53' lang='lat' dir='ltr'><strong>ibi,</strong></span> 
     </span>
    </p>
   </div>
   <div class='ocr_carea' id='block_1_94' title="bbox 2121 3665 3722 3760">
    <p class='ocr_par' dir='ltr' id='par_1_94' title="bbox 2121 3665 3722 3760">
     <span class='ocr_line' id='line_1_95' title="bbox 2121 3665 3722 3760; baseline -0.021 -12"><span class='ocrx_word' id='word_1_628' title='bbox 2121 3699 2175 3748; x_wconf 91' lang='lat' dir='ltr'><strong>et</strong></span> <span class='ocrx_word' id='word_1_629' title='bbox 2198 3665 2501 3760; x_wconf 81' lang='lat' dir='ltr'><strong>Rigordum</strong></span> <span class='ocrx_word' id='word_1_630' title='bbox 2531 3685 2598 3741; x_wconf 90' lang='lat' dir='ltr'><strong>dc</strong></span> <span class='ocrx_word' id='word_1_631' title='bbox 2624 3682 2798 3756; x_wconf 86' lang='lat' dir='ltr'><strong>gestis</strong></span> <span class='ocrx_word' id='word_1_632' title='bbox 2819 3675 3056 3748; x_wconf 88' lang='lat' dir='ltr'><strong>Philippi</strong></span> <span class='ocrx_word' id='word_1_633' title='bbox 3078 3672 3308 3746; x_wconf 85' lang='lat' dir='ltr'><strong>Augusti</strong></span> <span class='ocrx_word' id='word_1_634' title='bbox 3335 3671 3476 3741; x_wconf 84' lang='lat' dir='ltr'><strong>regis</strong></span> <span class='ocrx_word' id='word_1_635' title='bbox 3501 3667 3596 3724; x_wconf 76' lang='lat' dir='ltr'><strong>fol.</strong></span> <span class='ocrx_word' id='word_1_636' title='bbox 3620 3665 3722 3721; x_wconf 69' lang='lat' dir='ltr'><strong>l8t;</strong></span> 
     </span>
    </p>
   </div>
   <div class='ocr_carea' id='block_1_95' title="bbox 2120 3782 2469 3842">
    <p class='ocr_par' dir='ltr' id='par_1_95' title="bbox 2120 3782 2469 3842">
     <span class='ocr_line' id='line_1_96' title="bbox 2120 3782 2469 3842; baseline -0.014 0"><span class='ocrx_word' id='word_1_637' title='bbox 2120 3785 2209 3842; x_wconf 87' lang='lat' dir='ltr'><strong>ed.</strong></span> <span class='ocrx_word' id='word_1_638' title='bbox 2243 3782 2469 3839; x_wconf 73' lang='lat' dir='ltr'><strong>Pithmi.</strong></span> 
     </span>
    </p>
   </div>
   <div class='ocr_carea' id='block_1_96' title="bbox 2193 3854 3720 3948">
    <p class='ocr_par' dir='ltr' id='par_1_96' title="bbox 2193 3854 3720 3948">
     <span class='ocr_line' id='line_1_97' title="bbox 2193 3854 3720 3948; baseline -0.016 -16"><span class='ocrx_word' id='word_1_639' title='bbox 2193 3875 2314 3932; x_wconf 83' lang='lat' dir='ltr'><strong>Non</strong></span> <span class='ocrx_word' id='word_1_640' title='bbox 2345 3891 2566 3948; x_wconf 87' lang='lat' dir='ltr'><strong>possum</strong></span> <span class='ocrx_word' id='word_1_641' title='bbox 2591 3874 2696 3928; x_wconf 91' lang='lat' dir='ltr'><strong>hoc</strong></span> <span class='ocrx_word' id='word_1_642' title='bbox 2722 3871 2844 3926; x_wconf 91' lang='lat' dir='ltr'><strong>loco</strong></span> <span class='ocrx_word' id='word_1_643' title='bbox 2869 3868 3070 3924; x_wconf 89' lang='lat' dir='ltr'><strong>tacitus</strong></span> <span class='ocrx_word' id='word_1_644' title='bbox 3107 3861 3391 3934; x_wconf 85' lang='lat' dir='ltr'><strong>praeterire</strong></span> <span class='ocrx_word' id='word_1_645' title='bbox 3427 3854 3720 3926; x_wconf 82' lang='lat' dir='ltr'><strong>Nicephori</strong></span> 
     </span>
    </p>
   </div>
   <div class='ocr_carea' id='block_1_97' title="bbox 2125 3948 3727 4042">
    <p class='ocr_par' dir='ltr' id='par_1_97' title="bbox 2125 3948 3727 4042">
     <span class='ocr_line' id='line_1_98' title="bbox 2125 3948 3727 4042; baseline -0.017 -14"><span class='ocrx_word' id='word_1_646' title='bbox 2125 3971 2382 4042; x_wconf 67' lang='lat' dir='ltr'><strong>Gregoraa</strong></span> <span class='ocrx_word' id='word_1_647' title='bbox 2410 3970 2446 4024; x_wconf 95' lang='lat' dir='ltr'><strong>I.</strong></span> <span class='ocrx_word' id='word_1_648' title='bbox 2479 3985 2551 4023; x_wconf 81' lang='lat' dir='ltr'><strong>vit</strong></span> <span class='ocrx_word' id='word_1_649' title='bbox 2584 3966 2872 4021; x_wconf 78' lang='lat' dir='ltr'><strong>siniSIrum</strong></span> <span class='ocrx_word' id='word_1_650' title='bbox 2904 3970 2960 4016; x_wconf 92' lang='lat' dir='ltr'><strong>ct</strong></span> <span class='ocrx_word' id='word_1_651' title='bbox 2997 3959 3273 4028; x_wconf 85' lang='lat' dir='ltr'><strong>ahjectum</strong></span> <span class='ocrx_word' id='word_1_652' title='bbox 3334 3953 3600 4023; x_wconf 87' lang='lat' dir='ltr'><strong>judicium</strong></span> <span class='ocrx_word' id='word_1_653' title='bbox 3660 3948 3727 4002; x_wconf 90' lang='lat' dir='ltr'><strong>de</strong></span> 
     </span>
    </p>
   </div>
   <div class='ocr_carea' id='block_1_98' title="bbox 2127 4039 3723 4125">
    <p class='ocr_par' dir='ltr' id='par_1_98' title="bbox 2127 4039 3723 4125">
     <span class='ocr_line' id='line_1_99' title="bbox 2127 4039 3723 4125; baseline -0.018 -5"><span class='ocrx_word' id='word_1_654' title='bbox 2127 4039 2539 4120; x_wconf 71' lang='lat' dir='ltr'><strong>marcliionibus</strong></span> <span class='ocrx_word' id='word_1_655' title='bbox 2567 4057 2801 4122; x_wconf 88' lang='lat' dir='ltr'><strong>Latinis,</strong></span> <span class='ocrx_word' id='word_1_656' title='bbox 2826 4069 2966 4125; x_wconf 90' lang='lat' dir='ltr'><strong>quos</strong></span> <span class='ocrx_word' id='word_1_657' title='bbox 2997 4053 3075 4106; x_wconf 89' lang='lat' dir='ltr'><strong>ait</strong></span> <span class='ocrx_word' id='word_1_658' title='bbox 3109 4065 3216 4103; x_wconf 87' lang='lat' dir='ltr'><strong>non</strong></span> <span class='ocrx_word' id='word_1_659' title='bbox 3238 4064 3348 4101; x_wconf 85' lang='lat' dir='ltr'><strong>esse</strong></span> <span class='ocrx_word' id='word_1_660' title='bbox 3369 4045 3544 4098; x_wconf 84' lang='lat' dir='ltr'><strong>claros</strong></span> <span class='ocrx_word' id='word_1_661' title='bbox 3582 4039 3723 4110; x_wconf 85' lang='lat' dir='ltr'><strong>apud</strong></span> 
     </span>
    </p>
   </div>
   <div class='ocr_carea' id='block_1_99' title="bbox 2126 4129 3726 4222">
    <p class='ocr_par' dir='ltr' id='par_1_99' title="bbox 2126 4129 3726 4222">
     <span class='ocr_line' id='line_1_100' title="bbox 2126 4129 3726 4222; baseline -0.018 -11"><span class='ocrx_word' id='word_1_662' title='bbox 2126 4156 2368 4222; x_wconf 82' lang='lat' dir='ltr'><strong>Latinos,</strong></span> <span class='ocrx_word' id='word_1_663' title='bbox 2400 4154 2491 4209; x_wconf 81' lang='lat' dir='ltr'><strong>sed</strong></span> <span class='ocrx_word' id='word_1_664' title='bbox 2525 4167 2645 4206; x_wconf 88' lang='lat' dir='ltr'><strong>eum</strong></span> <span class='ocrx_word' id='word_1_665' title='bbox 2669 4147 2947 4219; x_wconf 84' lang='lat' dir='ltr'><strong>dignitatis</strong></span> <span class='ocrx_word' id='word_1_666' title='bbox 2975 4143 3202 4215; x_wconf 84' lang='lat' dir='ltr'><strong>gradum</strong></span> <span class='ocrx_word' id='word_1_667' title='bbox 3215 4149 3387 4192; x_wconf 86' lang='lat' dir='ltr'><strong>tenere</strong></span> <span class='ocrx_word' id='word_1_668' title='bbox 3410 4151 3563 4206; x_wconf 84' lang='lat' dir='ltr'><strong>quem</strong></span> <span class='ocrx_word' id='word_1_669' title='bbox 3586 4129 3726 4201; x_wconf 76' lang='lat' dir='ltr'><strong>apud</strong></span> 
     </span>
    </p>
   </div>
   <div class='ocr_carea' id='block_1_100' title="bbox 2129 4226 3728 4320">
    <p class='ocr_par' dir='ltr' id='par_1_100' title="bbox 2129 4226 3728 4320">
     <span class='ocr_line' id='line_1_101' title="bbox 2129 4226 3728 4320; baseline -0.019 -14"><span class='ocrx_word' id='word_1_670' title='bbox 2129 4246 2411 4306; x_wconf 79' lang='lat' dir='ltr'><strong>Romanos</strong></span> <span class='ocrx_word' id='word_1_671' title='bbox 2436 4245 2799 4320; x_wconf 88' lang='lat' dir='ltr'><strong>(Cpolitanos)</strong></span> <span class='ocrx_word' id='word_1_672' title='bbox 2828 4241 3002 4296; x_wconf 85' lang='lat' dir='ltr'><strong>tenetb</strong></span> <span class='ocrx_word' id='word_1_673' title='bbox 3034 4237 3135 4307; x_wconf 84' lang='grc' dir='ltr'><strong>τὴν</strong></span> <span class='ocrx_word' id='word_1_674' title='bbox 3169 4233 3453 4304; x_wconf 79' lang='grc' dir='ltr'>βασιλικὴν</span> <span class='ocrx_word' id='word_1_675' title='bbox 3485 4226 3728 4320; x_wconf 61' lang='lat' dir='ltr'><strong>aquarium</strong></span> 
     </span>
    </p>
   </div>
   <div class='ocr_carea' id='block_1_101' title="bbox 2131 4318 3728 4412">
    <p class='ocr_par' dir='ltr' id='par_1_101' title="bbox 2131 4318 3728 4412">
     <span class='ocr_line' id='line_1_102' title="bbox 2131 4318 3728 4412; baseline -0.018 -15"><span class='ocrx_word' id='word_1_676' title='bbox 2131 4345 2190 4398; x_wconf 81' lang='grc' dir='ltr'><strong>ἐν</strong></span> <span class='ocrx_word' id='word_1_677' title='bbox 2224 4318 2608 4412; x_wconf 72' lang='grc' dir='ltr'>στρατεῦμασι</span> <span class='ocrx_word' id='word_1_678' title='bbox 2642 4335 2912 4402; x_wconf 79' lang='grc' dir='ltr'><strong>κατέχων,</strong></span> <span class='ocrx_word' id='word_1_679' title='bbox 2935 4341 2986 4387; x_wconf 91' lang='lat' dir='ltr'><strong>et</strong></span> <span class='ocrx_word' id='word_1_680' title='bbox 3015 4325 3316 4384; x_wconf 88' lang='lat' dir='ltr'><strong>marchioni</strong></span> <span class='ocrx_word' id='word_1_681' title='bbox 3347 4330 3597 4392; x_wconf 83' lang='lat' dir='ltr'><strong>perpetuo</strong></span> <span class='ocrx_word' id='word_1_682' title='bbox 3633 4318 3728 4371; x_wconf 86' lang='lat' dir='ltr'><strong>hoc</strong></span> 
     </span>
    </p>
   </div>
   <div class='ocr_carea' id='block_1_102' title="bbox 2131 4411 3725 4502">
    <p class='ocr_par' dir='ltr' id='par_1_102' title="bbox 2131 4411 3725 4502">
     <span class='ocr_line' id='line_1_103' title="bbox 2131 4411 3725 4502; baseline -0.018 -12"><span class='ocrx_word' id='word_1_683' title='bbox 2131 4411 2462 4502; x_wconf 44' lang='lat' dir='ltr'><strong>attributum.</strong></span> <span class='ocrx_word' id='word_1_684' title='bbox 2479 4445 2590 4486; x_wconf 83' lang='lat' dir='ltr'><strong>esse</strong></span> <span class='ocrx_word' id='word_1_685' title='bbox 2622 4437 2679 4482; x_wconf 83' lang='lat' dir='ltr'><strong>ut</strong></span> <span class='ocrx_word' id='word_1_686' title='bbox 2705 4416 3423 4492; x_wconf 73' lang='lat' dir='ltr'><strong>novointperateriuexillum</strong></span> <span class='ocrx_word' id='word_1_687' title='bbox 3449 4411 3725 4482; x_wconf 75' lang='lat' dir='ltr'><strong>prwferat.</strong></span> 
     </span>
    </p>
   </div>
   <div class='ocr_carea' id='block_1_103' title="bbox 2136 4504 3729 4584">
    <p class='ocr_par' dir='ltr' id='par_1_103' title="bbox 2136 4504 3729 4584">
     <span class='ocr_line' id='line_1_104' title="bbox 2136 4504 3729 4584; baseline -0.019 0"><span class='ocrx_word' id='word_1_688' title='bbox 2136 4528 2359 4584; x_wconf 81' lang='lat' dir='ltr'><strong>Scilicet</strong></span> <span class='ocrx_word' id='word_1_689' title='bbox 2391 4523 2642 4580; x_wconf 90' lang='lat' dir='ltr'><strong>marchio</strong></span> <span class='ocrx_word' id='word_1_690' title='bbox 2709 4515 3126 4578; x_wconf 68' lang='lat' dir='ltr'><strong>Montisi‘errati,</strong></span> <span class='ocrx_word' id='word_1_691' title='bbox 3180 4509 3413 4572; x_wconf 65' lang='lat' dir='ltr'><strong>Misuiae,</strong></span> <span class='ocrx_word' id='word_1_692' title='bbox 3476 4504 3729 4559; x_wconf 82' lang='lat' dir='ltr'><strong>Brande-</strong></span> 
     </span>
    </p>
   </div>
   <div class='ocr_carea' id='block_1_104' title="bbox 2101 4596 3732 4692">
    <p class='ocr_par' dir='ltr' id='par_1_104' title="bbox 2101 4596 3732 4692">
     <span class='ocr_line' id='line_1_105' title="bbox 2101 4596 3732 4692; baseline -0.018 -14"><span class='ocrx_word' id='word_1_693' title='bbox 2101 4620 2104 4623; x_wconf 77' lang='grc'><strong>’</strong></span> <span class='ocrx_word' id='word_1_694' title='bbox 2133 4619 2393 4692; x_wconf 84' lang='lat' dir='ltr'><strong>burgicus</strong></span> <span class='ocrx_word' id='word_1_695' title='bbox 2420 4629 2475 4673; x_wconf 93' lang='lat' dir='ltr'><strong>et</strong></span> <span class='ocrx_word' id='word_1_696' title='bbox 2499 4616 2707 4673; x_wconf 90' lang='lat' dir='ltr'><strong>similes</strong></span> <span class='ocrx_word' id='word_1_697' title='bbox 2730 4613 2870 4684; x_wconf 83' lang='lat' dir='ltr'><strong>apud</strong></span> <span class='ocrx_word' id='word_1_698' title='bbox 2897 4611 3122 4664; x_wconf 86' lang='lat' dir='ltr'><strong>Latinos</strong></span> <span class='ocrx_word' id='word_1_699' title='bbox 3180 4601 3406 4673; x_wconf 87' lang='lat' dir='ltr'><strong>majoris</strong></span> <span class='ocrx_word' id='word_1_700' title='bbox 3451 4596 3732 4666; x_wconf 84' lang='lat' dir='ltr'><strong>dignitatis</strong></span> 
     </span>
    </p>
   </div>
   <div class='ocr_carea' id='block_1_105' title="bbox 2130 4687 3729 4781">
    <p class='ocr_par' dir='ltr' id='par_1_105' title="bbox 2130 4687 3729 4781">
     <span class='ocr_line' id='line_1_106' title="bbox 2130 4687 3729 4781; baseline -0.018 -13"><span class='ocrx_word' id='word_1_701' title='bbox 2130 4687 2617 4781; x_wconf 37' lang='lat' dir='ltr'><strong>nonverantquatn</strong></span> <span class='ocrx_word' id='word_1_702' title='bbox 2653 4705 3028 4776; x_wconf 86' lang='lat' dir='ltr'><strong>lampadarius</strong></span> <span class='ocrx_word' id='word_1_703' title='bbox 3058 4712 3152 4756; x_wconf 86' lang='lat' dir='ltr'><strong>aut</strong></span> <span class='ocrx_word' id='word_1_704' title='bbox 3212 4702 3258 4752; x_wconf 90' lang='lat' dir='ltr'><strong>is</strong></span> <span class='ocrx_word' id='word_1_705' title='bbox 3318 4694 3410 4766; x_wconf 89' lang='lat' dir='ltr'><strong>qui</strong></span> <span class='ocrx_word' id='word_1_706' title='bbox 3469 4687 3729 4746; x_wconf 73' lang='lat' dir='ltr'><strong>dive-lium</strong></span> 
     </span>
    </p>
   </div>
   <div class='ocr_carea' id='block_1_106' title="bbox 2130 4781 3731 4872">
    <p class='ocr_par' dir='ltr' id='par_1_106' title="bbox 2130 4781 3731 4872">
     <span class='ocr_line' id='line_1_107' title="bbox 2130 4781 3731 4872; baseline -0.019 -9"><span class='ocrx_word' id='word_1_707' title='bbox 2130 4817 2226 4862; x_wconf 91' lang='lat' dir='ltr'><strong>aut</strong></span> <span class='ocrx_word' id='word_1_708' title='bbox 2250 4804 2532 4861; x_wconf 80' lang='lat' dir='ltr'><strong>ﬂammula</strong></span> <span class='ocrx_word' id='word_1_709' title='bbox 2556 4801 2912 4872; x_wconf 90' lang='lat' dir='ltr'><strong>imperatoria</strong></span> <span class='ocrx_word' id='word_1_710' title='bbox 2953 4794 3097 4866; x_wconf 88' lang='lat' dir='ltr'><strong>apud</strong></span> <span class='ocrx_word' id='word_1_711' title='bbox 3132 4791 3358 4848; x_wconf 67' lang='lat' dir='ltr'><strong>Graacos</strong></span> <span class='ocrx_word' id='word_1_712' title='bbox 3412 4781 3731 4872; x_wconf 77' lang='lat' dir='ltr'><strong>imperatori</strong></span> 
     </span>
    </p>
   </div>
   <div class='ocr_carea' id='block_1_107' title="bbox 2125 4868 3736 4972">
    <p class='ocr_par' dir='ltr' id='par_1_107' title="bbox 2125 4868 3736 4972">
     <span class='ocr_line' id='line_1_108' title="bbox 2125 4868 3736 4972; baseline -0.018 -16"><span class='ocrx_word' id='word_1_713' title='bbox 2125 4900 2499 4972; x_wconf 75' lang='lat' dir='ltr'><strong>praeportahat</strong></span> <span class='ocrx_word' id='word_1_714' title='bbox 2530 4917 2544 4964; x_wconf 87' lang='lat'>;</span> <span class='ocrx_word' id='word_1_715' title='bbox 2571 4868 2672 4952; x_wconf 80' lang='lat' dir='ltr'><strong>nec</strong></span> <span class='ocrx_word' id='word_1_716' title='bbox 2701 4891 3050 4949; x_wconf 89' lang='lat' dir='ltr'><strong>marchiones</strong></span> <span class='ocrx_word' id='word_1_717' title='bbox 3079 4901 3199 4949; x_wconf 89' lang='lat' dir='ltr'><strong>seu,</strong></span> <span class='ocrx_word' id='word_1_718' title='bbox 3230 4893 3289 4938; x_wconf 94' lang='lat' dir='ltr'><strong>ut</strong></span> <span class='ocrx_word' id='word_1_719' title='bbox 3318 4868 3490 4936; x_wconf 72' lang='lat' dir='ltr'><strong>Graeci</strong></span> <span class='ocrx_word' id='word_1_720' title='bbox 3547 4875 3736 4945; x_wconf 89' lang='lat' dir='ltr'><strong>appel-</strong></span> 
     </span>
    </p>
   </div>
   <div class='ocr_carea' id='block_1_108' title="bbox 2131 4969 3738 5060">
    <p class='ocr_par' dir='ltr' id='par_1_108' title="bbox 2131 4969 3738 5060">
     <span class='ocr_line' id='line_1_109' title="bbox 2131 4969 3738 5060; baseline -0.019 -11"><span class='ocrx_word' id='word_1_721' title='bbox 2131 4969 2268 5060; x_wconf 79' lang='lat' dir='ltr'><strong>lant,</strong></span> <span class='ocrx_word' id='word_1_722' title='bbox 2300 4993 2545 5047; x_wconf 85' lang='lat' dir='ltr'><strong>marcesii</strong></span> <span class='ocrx_word' id='word_1_723' title='bbox 2571 5004 2772 5044; x_wconf 90' lang='lat' dir='ltr'><strong>nomen</strong></span> <span class='ocrx_word' id='word_1_724' title='bbox 2829 4985 2934 5038; x_wconf 91' lang='lat' dir='ltr'><strong>hoc</strong></span> <span class='ocrx_word' id='word_1_725' title='bbox 2973 4980 3177 5035; x_wconf 87' lang='lat' dir='ltr'><strong>habent</strong></span> <span class='ocrx_word' id='word_1_726' title='bbox 3208 4990 3236 5028; x_wconf 90' lang='lat' dir='ltr'><strong>a</strong></span> <span class='ocrx_word' id='word_1_727' title='bbox 3261 4970 3455 5028; x_wconf 74' lang='lat' dir='ltr'><strong>vexillo</strong></span> <span class='ocrx_word' id='word_1_728' title='bbox 3485 4986 3582 5025; x_wconf 88' lang='lat' dir='ltr'><strong>seu</strong></span> <span class='ocrx_word' id='word_1_729' title='bbox 3607 4969 3738 5020; x_wconf 84' lang='lat' dir='ltr'><strong>ban&quot;</strong></span> 
     </span>
    </p>
   </div>
   <div class='ocr_carea' id='block_1_109' title="bbox 2134 5061 3737 5154">
    <p class='ocr_par' dir='ltr' id='par_1_109' title="bbox 2134 5061 3737 5154">
     <span class='ocr_line' id='line_1_110' title="bbox 2134 5061 3737 5154; baseline -0.016 -14"><span class='ocrx_word' id='word_1_730' title='bbox 2134 5088 2225 5154; x_wconf 89' lang='lat' dir='ltr'><strong>do,</strong></span> <span class='ocrx_word' id='word_1_731' title='bbox 2253 5085 2347 5142; x_wconf 90' lang='lat' dir='ltr'><strong>sed</strong></span> <span class='ocrx_word' id='word_1_732' title='bbox 2387 5082 2710 5139; x_wconf 91' lang='lat' dir='ltr'><strong>alimitibus</strong></span> <span class='ocrx_word' id='word_1_733' title='bbox 2768 5073 3009 5131; x_wconf 90' lang='lat' dir='ltr'><strong>tuendis.</strong></span> <span class='ocrx_word' id='word_1_734' title='bbox 3054 5068 3216 5124; x_wconf 72' lang='grc' dir='ltr'><strong>Μαι-[ς</strong></span> <span class='ocrx_word' id='word_1_735' title='bbox 3270 5066 3414 5121; x_wconf 89' lang='lat' dir='ltr'><strong>enim</strong></span> <span class='ocrx_word' id='word_1_736' title='bbox 3447 5061 3737 5119; x_wconf 84' lang='lat' dir='ltr'><strong>Germanis</strong></span> 
     </span>
    </p>
   </div>
   <div class='ocr_carea' id='block_1_110' title="bbox 2133 5159 3731 5236">
    <p class='ocr_par' dir='ltr' id='par_1_110' title="bbox 2133 5159 3731 5236">
     <span class='ocr_line' id='line_1_111' title="bbox 2133 5159 3731 5236; baseline -0.016 0"><span class='ocrx_word' id='word_1_737' title='bbox 2133 5181 2295 5236; x_wconf 90' lang='lat' dir='ltr'><strong>limes</strong></span> <span class='ocrx_word' id='word_1_738' title='bbox 2333 5188 2437 5234; x_wconf 91' lang='lat' dir='ltr'><strong>est.</strong></span> <span class='ocrx_word' id='word_1_739' title='bbox 2471 5176 2606 5233; x_wconf 82' lang='lat' dir='ltr'><strong>Nam</strong></span> <span class='ocrx_word' id='word_1_740' title='bbox 2639 5172 2841 5228; x_wconf 91' lang='lat' dir='ltr'><strong>ﬁnibus</strong></span> <span class='ocrx_word' id='word_1_741' title='bbox 2880 5164 3238 5224; x_wconf 77' lang='lat' dir='ltr'><strong>defendendis</strong></span> <span class='ocrx_word' id='word_1_742' title='bbox 3275 5159 3518 5234; x_wconf 67' lang='lat' dir='ltr'><strong>praaiecti</strong></span> <span class='ocrx_word' id='word_1_743' title='bbox 3551 5166 3731 5218; x_wconf 89' lang='lat' dir='ltr'><strong>erant.</strong></span> 
     </span>
    </p>
   </div>
   <div class='ocr_carea' id='block_1_111' title="bbox 2139 5250 3737 5345">
    <p class='ocr_par' dir='ltr' id='par_1_111' title="bbox 2139 5250 3737 5345">
     <span class='ocr_line' id='line_1_112' title="bbox 2139 5250 3737 5345; baseline -0.016 -17"><span class='ocrx_word' id='word_1_744' title='bbox 2139 5273 2234 5345; x_wconf 91' lang='lat' dir='ltr'><strong>qui</strong></span> <span class='ocrx_word' id='word_1_745' title='bbox 2263 5268 2526 5340; x_wconf 84' lang='lat' dir='ltr'><strong>temporis</strong></span> <span class='ocrx_word' id='word_1_746' title='bbox 2550 5277 2844 5338; x_wconf 87' lang='lat' dir='ltr'><strong>progressu</strong></span> <span class='ocrx_word' id='word_1_747' title='bbox 2873 5260 2940 5314; x_wconf 90' lang='lat' dir='ltr'><strong>ad</strong></span> <span class='ocrx_word' id='word_1_748' title='bbox 2973 5256 3349 5328; x_wconf 88' lang='lat' dir='ltr'><strong>amplissimas</strong></span> <span class='ocrx_word' id='word_1_749' title='bbox 3386 5268 3517 5323; x_wconf 89' lang='lat' dir='ltr'><strong>opes</strong></span> <span class='ocrx_word' id='word_1_750' title='bbox 3579 5250 3737 5305; x_wconf 81' lang='lat' dir='ltr'><strong>latis-</strong></span> 
     </span>
    </p>
   </div>
   <div class='ocr_carea' id='block_1_112' title="bbox 2141 5347 3739 5436">
    <p class='ocr_par' dir='ltr' id='par_1_112' title="bbox 2141 5347 3739 5436">
     <span class='ocr_line' id='line_1_113' title="bbox 2141 5347 3739 5436; baseline -0.02 -11"><span class='ocrx_word' id='word_1_751' title='bbox 2141 5370 2422 5436; x_wconf 88' lang='lat' dir='ltr'><strong>simosque</strong></span> <span class='ocrx_word' id='word_1_752' title='bbox 2451 5362 2794 5434; x_wconf 85' lang='lat' dir='ltr'><strong>principatus</strong></span> <span class='ocrx_word' id='word_1_753' title='bbox 2827 5361 3172 5412; x_wconf 90' lang='lat' dir='ltr'><strong>emerserunt</strong></span> <span class='ocrx_word' id='word_1_754' title='bbox 3203 5371 3216 5408; x_wconf 88' lang='lat'><strong>:</strong></span> <span class='ocrx_word' id='word_1_755' title='bbox 3255 5349 3440 5422; x_wconf 87' lang='lat' dir='ltr'><strong>qualis</strong></span> <span class='ocrx_word' id='word_1_756' title='bbox 3492 5347 3639 5402; x_wconf 91' lang='lat' dir='ltr'><strong>enim</strong></span> <span class='ocrx_word' id='word_1_757' title='bbox 3684 5352 3739 5396; x_wconf 90' lang='lat' dir='ltr'><strong>et</strong></span> 
     </span>
    </p>
   </div>
   <div class='ocr_carea' id='block_1_113' title="bbox 2143 5434 3735 5532">
    <p class='ocr_par' dir='ltr' id='par_1_113' title="bbox 2143 5434 3735 5532">
     <span class='ocr_line' id='line_1_114' title="bbox 2143 5434 3735 5532; baseline -0.018 -17"><span class='ocrx_word' id='word_1_758' title='bbox 2143 5474 2308 5532; x_wconf 86' lang='lat' dir='ltr'><strong>quam</strong></span> <span class='ocrx_word' id='word_1_759' title='bbox 2333 5434 2533 5527; x_wconf 80' lang='lat' dir='ltr'><strong>potens</strong></span> <span class='ocrx_word' id='word_1_760' title='bbox 2556 5450 2805 5507; x_wconf 89' lang='lat' dir='ltr'><strong>marchio</strong></span> <span class='ocrx_word' id='word_1_761' title='bbox 2835 5447 3338 5516; x_wconf 80' lang='lat' dir='ltr'><strong>Brandeburgicus,</strong></span> <span class='ocrx_word' id='word_1_762' title='bbox 3371 5438 3618 5496; x_wconf 89' lang='lat' dir='ltr'><strong>marchio</strong></span> <span class='ocrx_word' id='word_1_763' title='bbox 3633 5434 3735 5488; x_wconf 84' lang='lat' dir='ltr'><strong>Ba-</strong></span> 
     </span>
    </p>
   </div>
   <div class='ocr_carea' id='block_1_114' title="bbox 2146 5528 3737 5614">
    <p class='ocr_par' dir='ltr' id='par_1_114' title="bbox 2146 5528 3737 5614">
     <span class='ocr_line' id='line_1_115' title="bbox 2146 5528 3737 5614; baseline -0.018 -6"><span class='ocrx_word' id='word_1_764' title='bbox 2146 5528 2352 5614; x_wconf 86' lang='lat' dir='ltr'><strong>densis,</strong></span> <span class='ocrx_word' id='word_1_765' title='bbox 2390 5546 2634 5602; x_wconf 86' lang='lat' dir='ltr'><strong>marchio</strong></span> <span class='ocrx_word' id='word_1_766' title='bbox 2667 5540 3096 5613; x_wconf 85' lang='lat' dir='ltr'><strong>Onspachensis,</strong></span> <span class='ocrx_word' id='word_1_767' title='bbox 3147 5535 3396 5592; x_wconf 89' lang='lat' dir='ltr'><strong>marchio</strong></span> <span class='ocrx_word' id='word_1_768' title='bbox 3463 5528 3737 5588; x_wconf 72' lang='lat' dir='ltr'><strong>Moravize,</strong></span> 
     </span>
    </p>
   </div>
   <div class='ocr_carea' id='block_1_115' title="bbox 2149 5620 3740 5710">
    <p class='ocr_par' dir='ltr' id='par_1_115' title="bbox 2149 5620 3740 5710">
     <span class='ocr_line' id='line_1_116' title="bbox 2149 5620 3740 5710; baseline -0.019 -10"><span class='ocrx_word' id='word_1_769' title='bbox 2149 5643 2398 5700; x_wconf 88' lang='lat' dir='ltr'><strong>marchio</strong></span> <span class='ocrx_word' id='word_1_770' title='bbox 2433 5630 2734 5710; x_wconf 80' lang='lat' dir='ltr'><strong>Burgoicus</strong></span> <span class='ocrx_word' id='word_1_771' title='bbox 2752 5647 2806 5692; x_wconf 89' lang='lat' dir='ltr'><strong>et</strong></span> <span class='ocrx_word' id='word_1_772' title='bbox 2830 5635 2969 5690; x_wconf 79' lang='lat' dir='ltr'><strong>alii?</strong></span> <span class='ocrx_word' id='word_1_773' title='bbox 3005 5635 3124 5702; x_wconf 89' lang='lat' dir='ltr'><strong>ipse</strong></span> <span class='ocrx_word' id='word_1_774' title='bbox 3159 5630 3324 5684; x_wconf 90' lang='lat' dir='ltr'><strong>etiam</strong></span> <span class='ocrx_word' id='word_1_775' title='bbox 3357 5620 3740 5679; x_wconf 85' lang='lat' dir='ltr'><strong>NicetasChu-</strong></span> 
     </span>
    </p>
   </div>
   <div class='ocr_carea' id='block_1_116' title="bbox 2150 5716 3743 5800">
    <p class='ocr_par' dir='ltr' id='par_1_116' title="bbox 2150 5716 3743 5800">
     <span class='ocr_line' id='line_1_117' title="bbox 2150 5716 3743 5800; baseline -0.021 -6"><span class='ocrx_word' id='word_1_776' title='bbox 2150 5738 2348 5800; x_wconf 88' lang='lat' dir='ltr'><strong>niates,</strong></span> <span class='ocrx_word' id='word_1_777' title='bbox 2376 5735 2413 5790; x_wconf 86' lang='grc' dir='ltr'><strong>ι.</strong></span> <span class='ocrx_word' id='word_1_778' title='bbox 2449 5751 2521 5787; x_wconf 87' lang='lat' dir='ltr'><strong>vn</strong></span> <span class='ocrx_word' id='word_1_779' title='bbox 2560 5733 2626 5787; x_wconf 90' lang='lat' dir='ltr'><strong>de</strong></span> <span class='ocrx_word' id='word_1_780' title='bbox 2659 5732 2825 5786; x_wconf 82' lang='lat' dir='ltr'><strong>rebus</strong></span> <span class='ocrx_word' id='word_1_781' title='bbox 2860 5729 3026 5799; x_wconf 87' lang='lat' dir='ltr'><strong>gestis</strong></span> <span class='ocrx_word' id='word_1_782' title='bbox 3057 5722 3221 5794; x_wconf 74' lang='lat'><strong>287</strong></span> <span class='ocrx_word' id='word_1_783' title='bbox 3283 5716 3547 5772; x_wconf 81' lang='lat' dir='ltr'><strong>Manuelis</strong></span> <span class='ocrx_word' id='word_1_784' title='bbox 3601 5728 3743 5766; x_wconf 85' lang='lat' dir='ltr'><strong>mar-</strong></span> 
     </span>
    </p>
   </div>
   <div class='ocr_carea' id='block_1_117' title="bbox 2153 5810 3740 5888">
    <p class='ocr_par' dir='ltr' id='par_1_117' title="bbox 2153 5810 3740 5888">
     <span class='ocr_line' id='line_1_118' title="bbox 2153 5810 3740 5888; baseline -0.018 0"><span class='ocrx_word' id='word_1_785' title='bbox 2153 5833 2313 5888; x_wconf 84' lang='lat' dir='ltr'><strong>chesii</strong></span> <span class='ocrx_word' id='word_1_786' title='bbox 2341 5823 2731 5885; x_wconf 78' lang='lat' dir='ltr'><strong>Montisi‘crrati</strong></span> <span class='ocrx_word' id='word_1_787' title='bbox 2767 5823 3107 5877; x_wconf 86' lang='lat' dir='ltr'><strong>nobilitatem</strong></span> <span class='ocrx_word' id='word_1_788' title='bbox 3134 5827 3188 5870; x_wconf 91' lang='lat' dir='ltr'><strong>et</strong></span> <span class='ocrx_word' id='word_1_789' title='bbox 3209 5810 3511 5884; x_wconf 84' lang='lat' dir='ltr'><strong>potentiam</strong></span> <span class='ocrx_word' id='word_1_790' title='bbox 3535 5822 3740 5879; x_wconf 86' lang='lat' dir='ltr'><strong>agnos-</strong></span> 
     </span>
    </p>
   </div>
   <div class='ocr_carea' id='block_1_118' title="bbox 2157 5911 3311 5995">
    <p class='ocr_par' dir='ltr' id='par_1_118' title="bbox 2157 5911 3311 5995">
     <span class='ocr_line' id='line_1_119' title="bbox 2157 5911 3311 5995; baseline -0.018 -11"><span class='ocrx_word' id='word_1_791' title='bbox 2157 5943 2280 5984; x_wconf 87' lang='lat' dir='ltr'><strong>cere</strong></span> <span class='ocrx_word' id='word_1_792' title='bbox 2310 5937 2364 5982; x_wconf 89' lang='lat' dir='ltr'><strong>ct</strong></span> <span class='ocrx_word' id='word_1_793' title='bbox 2389 5923 2686 5995; x_wconf 65' lang='lat' dir='ltr'><strong>prrcdicart:</strong></span> <span class='ocrx_word' id='word_1_794' title='bbox 2713 5929 2940 5972; x_wconf 76' lang='lat' dir='ltr'><strong>enat-tus</strong></span> <span class='ocrx_word' id='word_1_795' title='bbox 2968 5924 3071 5970; x_wconf 90' lang='lat' dir='ltr'><strong>est.</strong></span> <span class='ocrx_word' id='word_1_796' title='bbox 3103 5911 3311 5966; x_wconf 80' lang='lat' dir='ltr'><strong>Gne&#39;rs.</strong></span> 
     </span>
    </p>
   </div>
   <div class='ocr_carea' id='block_1_119' title="bbox 2230 5997 3739 6074">
    <p class='ocr_par' dir='ltr' id='par_1_119' title="bbox 2230 5997 3739 6074">
     <span class='ocr_line' id='line_1_120' title="bbox 2230 5997 3739 6074; baseline -0.02 -2"><span class='ocrx_word' id='word_1_797' title='bbox 2230 6018 2374 6072; x_wconf 82' lang='lat' dir='ltr'><strong>Ibid.</strong></span> <span class='ocrx_word' id='word_1_798' title='bbox 2411 6016 2516 6074; x_wconf 73' lang='grc' dir='ltr'><strong>1,Τὰ</strong></span> <span class='ocrx_word' id='word_1_799' title='bbox 2544 6011 2662 6066; x_wconf 72' lang='grc' dir='ltr'><strong>τῶν</strong></span> <span class='ocrx_word' id='word_1_800' title='bbox 2695 6006 3034 6069; x_wconf 73' lang='grc' dir='ltr'><strong>δεσποτῶν,</strong></span> <span class='ocrx_word' id='word_1_801' title='bbox 3072 6004 3170 6058; x_wconf 74' lang='grc' dir='ltr'>καὶ</span> <span class='ocrx_word' id='word_1_802' title='bbox 3229 5999 3346 6054; x_wconf 77' lang='grc' dir='ltr'><strong>τῶν</strong></span> <span class='ocrx_word' id='word_1_803' title='bbox 3402 5997 3739 6065; x_wconf 64' lang='grc' dir='ltr'><strong>ἀρχόνζςυν.</strong></span> 
     </span>
    </p>
   </div>
  </div>
