4064 6438
362 458 466 520 ειιτι

1437 465 1518 526 ΙΝ
1559 465 1860 526 LIBRUM
1908 464 2002 524 DE
2061 462 2390 523 OFFlCllS
2445 461 2552 520 (ΣΡ.

3517 453 3622 516 3Ξο

363 569 433 619 lis
459 571 673 624 saeculis
707 571 822 626 haec
861 572 1064 642 scripta
1094 574 1296 644 quibus
1332 591 1440 632 non
1471 581 1632 634 modo
1666 595 1820 652 rcges
1883 589 1936 634 ct

2047 579 2099 629 ἐν
2140 577 2320 647 χάρτῃ
2348 573 2446 645 τὴν
2471 569 2725 635 σύνταξιν
2752 569 2859 623 τῶν
2882 567 3134 638 ἐραστῶν
3163 565 3258 620 τοῦ
3289 565 3625 637 χλοάζον-τπ

361 663 656 732 principes,
691 664 784 717 sed
829 665 1210 754 Cl\l]0l)ili0r93
1244 670 1456 737 equites
1486 671 1721 739 alicujus
1755 672 1938 726 vexilli

361 753 478 806 sive
532 753 696 807 bandi
751 753 1032 811 deferendi
1088 759 1350 814 honorem
1405 762 1739 818 ambiebant.
1798 764 1938 818 Hinc

360 843 626 898 nobilium
676 844 1012 902 Francorum
1070 852 1264 920 equites
1317 853 1604 924 bandifcri,
1657 855 1936 910 chevaliers

359 939 656 991 bavmerets.
692 938 800 993 Leo
861 941 1212 995 Tacticorum
1275 953 1450 999 const.
1518 947 1592 1000 5:
1645 948 1939 1016 Φλάμουλα

363 1028 597 1094 μεγάλα,
630 1030 1038 1098 φλαμουλίσκια
1066 1034 1173 1085 τῶν
1208 1037 1534 1106 κονταρίων,
1602 1037 1773 1106 βὰνδα
1816 1040 1936 1093 δια-

361 1119 542 1186 φόρως
573 1119 923 1190 βεϐαμμένα.
983 1123 1303 1180 Habuerunt
1337 1130 1553 1197 equites
1614 1130 1848 1201 gregarii
1885 1133 1935 1186 in

357 1213 533 1265 contis
566 1210 807 1269 flamula.
854 1214 962 1268 Leo
1012 1217 1153 1269 idem
1187 1222 1450 1288 κοντάρια
1497 1224 1672 1292 μικρὰ
1729 1223 1937 1276 καὸαλ-

356 1302 582 1368 λαρικὰ,
612 1303 807 1371 ἔχοντα
841 1305 1030 1372 λουρεα
1057 1309 1197 1360 κατὰ
1225 1309 1390 1376 μέσον
1423 1312 1562 1379 μετὰ
1586 1313 1935 1382 φλαμούλων.

359 1392 532 1446 Etiam
574 1396 626 1448 in
684 1396 929 1450 humeris
967 1398 1176 1452 minora
1231 1401 1335 1453 sibi
1389 1402 1627 1471 ﬁgebant
1674 1404 1936 1460 flamula:

357 1485 649 1553 Φλάμουλα
730 1489 908 1558 μικρὰ
978 1491 1162 1548 ἐπάνω
1231 1493 1338 1546 τῶν
1388 1493 1574 1558 ζαῦὦν
1627 1499 1768 1550 κατὰ
1825 1499 1938 1553 τῶν

358 1574 543 1643 ὤμων.

431 1667 573 1721 Ibid.
637 1669 910 1742 17.[Τῶν
963 1673 1308 1743 δημάρχων.
1361 1679 1774 1750 Aurigantium,
1843 1684 1937 1752 qui

361 1759 634 1825 quondam
668 1760 809 1816 ludis
843 1764 1184 1822 circensibus
1233 1766 1417 1824 Roma:
1461 1773 1692 1841 palmam
1727 1791 1941 1845 quaere-

359 1850 513 1915 bant,
567 1850 831 1907 factiones
865 1854 980 1910 sive
1011 1867 1199 1926 partes
1256 1859 1410 1915 fuere
1458 1873 1718 1933 quatuor,
1757 1882 1878 1936 quae
1911 1882 1942 1922 a

361 1942 637 1997 eoloribus
663 1945 875 2012 viridis,
910 1951 1145 2016 caerulei,
1186 1953 1336 2008 rubri
1369 1955 1586 2026 albique
1620 1958 1810 2027 panni,
1833 1974 1942 2029 quo

361 2037 726 2102 donabantur,
762 2040 982 2095 nomina
1010 2055 1342 2115 acceperunt
1397 2047 1656 2116 Prasiuae,
1700 2049 1942 2118 Venetae,

359 2125 598 2193 llnsatm,
625 2131 850 2199 Albane,
879 2134 947 2189 de
973 2137 1174 2207 quibus
1203 2139 1523 2210 Suetonius,
1547 2143 1945 2212 Martialis,Ju-

361 2221 568 2273 venalis
599 2225 922 2289 meminere,
979 2236 1032 2280 et
1070 2231 1318 2284 omnium
1352 2233 1767 2290 distinctissime
1801 2233 1943 2288 Ter-

360 2313 621 2368 tulliauus
658 2314 911 2383 Latinus,
941 2328 996 2374 et
1026 2321 1078 2374 in
1111 2321 1436 2392 Anthologia
1463 2323 1778 2380 Graecorum
1812 2325 1944 2395 Epi-

359 2415 729 2469 grainmatum
758 2410 822 2463 ad
850 2410 886 2464 Ι.
914 2427 944 2462 v
977 2414 1180 2466 calcem
1212 2429 1352 2484 pene
1374 2426 1675 2470 extremam
1703 2418 1942 2473 Thomas

361 2498 635 2550 Patricius
666 2501 889 2557 Graecus
920 2503 1282 2575 descripserc.
1314 2507 1451 2562 Cum
1481 2509 1822 2565 Circensium
1862 2512 1945 2565 lu-

361 2587 554 2642 dorum
585 2590 768 2643 studio
793 2594 1078 2660 exercitia,
1114 2597 1364 2663 nomina,
1395 2600 1612 2657 colores
1637 2599 1939 2655 factionum
1966 2660 1968 2664 τ

362 2679 534 2735 Roma
578 2680 792 2750 Cpolim
843 2687 1316 2756 commigrarunt;
1353 2702 1406 2746 et
1435 2708 1498 2746 ex
1553 2693 1943 2749 dimicantibus

362 2772 413 2823 in
447 2771 608 2828 Circo
644 2775 976 2832 factionibus
1007 2780 1240 2848 pOpulus
1275 2798 1497 2854 quoque
1547 2793 1691 2840 totus
1737 2785 1945 2840 divisus

361 2861 412 2914 in
444 2873 648 2932 partes,
681 2882 802 2937 qua:
826 2884 885 2925 se
915 2873 1244 2943 quandoque
1277 2877 1481 2931 mutuis
1508 2877 1771 2945 caedibus,
1801 2877 1946 2946 rapi-

363 2955 466 3017 nis,
497 2956 712 3027 injuriis
746 2975 1157 3032 consumpsere.
1191 2963 1574 3036 TheOphanes,
1617 2966 1940 3034 Simocatta,

361 3047 665 3117 Cellrenus;
701 3051 945 3110 Zonaras
974 3065 1027 3111 et
1052 3057 1143 3112 alii
1178 3060 1505 3116 tumultibus
1538 3061 1646 3117 illis
1700 3070 1755 3117 et
1799 3060 1943 3117 sedi-

361 3141 605 3198 tionibus
627 3143 742 3213 jam
782 3160 810 3198 a
852 3144 1092 3203 Zenonis
1155 3151 1495 3220 temporibus
1540 3167 1636 3219 per
1691 3151 1940 3220 quaedam

362 3232 620 3303 deinceps
651 3237 850 3292 sarcula
881 3239 1222 3296 continuatis
1242 3244 1447 3313 scripta
1473 3246 1572 3300 'sua
1605 3260 1941 3314 respersere.

2048 666 2342 739 ἐνεχάραξε
2367 665 2680 737 χρώματος,
2710 661 3103 723 πεντακοσίους
3130 661 3264 728 πρὸς
3292 660 3406 724 τοῖς
3429 660 3627 730 χιλίοις

2038 760 2430 829 τυγχάνοντας,
2465 758 2492 808 ὁ
2515 755 2572 808 δὲ
2621 754 2850 822 Κοσμᾶς
2876 752 3004 813 τοὺς
3035 752 3132 820 τῆς
3169 751 3454 804 ἀντιθέτου
3473 751 3626 820 αίρέ-

2042 868 2178 914 σεως
2214 849 2578 912 ἑκατοντάδας
2617 849 2781 901 ἐννέα
2814 846 3180 912 συντέταχεν*
3234 844 3316 906 εἰς
3353 842 3445 894 δύο
3515 843 3624 910 γὰρ

2041 943 2348 1012 χρωμάτων
2375 940 2594 1009 ἐφέσεις
2617 939 2683 991 τὰ
2701 937 2813 990 τῶν
2846 937 3141 1004 Ῥωμαίων
3209 935 3550 992 καταπέπτω
3565 952 3620 987 κε

2041 1035 2243 1104 πλήθη.
2279 1033 2523 1086 Zonaras
2555 1031 2610 1084 in
2663 1029 2888 1084 Phoca:
2927 1029 2987 1081 '0
3012 1029 3208 1090 Φωκᾶς
3236 1028 3334 1096 τὴν
3385 1029 3624 1095 γυναῖκα

2041 1126 2303 1179 Λεοντίαν
2325 1123 2646 1193 Αὑγοῦσταν
2685 1123 2850 1185 εὐθὺς
2905 1119 3248 1189 ἀνηγόρευσε
3303 1118 3410 1172 τῶν
3437 1120 3625 1187 δήμων

2042 1221 2349 1288 παρόντων.
2386 1220 2522 1271 Τότε
2555 1217 2644 1271 διὰ
2673 1217 2858 1269 τόπων
2893 1217 2950 1268 ἐν
2981 1213 3062 1278 οἷς
3118 1215 3336 1266 ἵσταντο
3387 1213 3624 1279 ἀμφιϐο-

2041 1311 2158 1374 λίας
2215 1311 2521 1383 γενομένῃς
2573 1313 2683 1372 τοῖς
2719 1309 3022 1378 Πρασίνοις
3064 1307 3158 1359 καὶ
3199 1307 3311 1368 τοῖς
3375 1305 3625 1365 Βενέτοις

2045 1401 2360 1465 στασιάζειν
2387 1400 2625 1470 ἤρξαντο
2653 1400 2773 1451 κατ’
2801 1397 3074 1466 ἀλλήλων.
3108 1396 3340 1464 Πέμψας
3381 1395 3437 1447 δέ
3473 1410 3622 1456 τινας

2045 1496 2071 1546 ό
2125 1495 2322 1556 Φωκᾶς
2343 1493 2784 1555 κατασκευάζειν
2813 1492 2997 1552 αὐτοῖς
3036 1490 3134 1558 τὴν
3186 1489 3375 1540 στάσιν
3412 1486 3625 1553 ἐπεχείο

2045 1604 2150 1657 ρει.
2192 1585 2346 1648 Ἐνὸς
2377 1582 2468 1639 οὖν
2497 1586 2607 1636 τῶν
2666 1584 2971 1636 σταλέντων
3021 1582 3113 1633 τὸν
3167 1581 3275 1631 τῶν
3335 1577 3621 1646 Πρασίνων

2045 1678 2372 1750 ὑϐρίσαντος
2431 1679 2714 1748 δήμαρχον
2775 1678 2871 1728 καὶ
2913 1673 3106 1731 τοῦτον
3157 1672 3496 1739 ὠθήσαντος,
3550 1666 3624 1736 μὴ

2044 1772 2362 1840 ἐνεγκόντες
2387 1773 2434 1823 οἰ
2460 1769 2552 1822 τοῦ
2607 1773 2783 1839 δήμου
2839 1768 2995 1821 τοῦτο
3028 1766 3280 1834 ἔκραζον.
3315 1765 3373 1818 Ισῖι
3431 1763 3573 1818 infra
3605 1781 3618 1816 :

2058 1859 2309 1912 Ἱππικὸν
2366 1859 2553 1925 ἀγῶνα
2620 1859 2768 1922 ἄγων
2842 1857 3009 1926 288
3065 1857 3326 1909 ἐθεάσατο
3375 1853 3470 1904 σὺν
3504 1855 3622 1914 ταῖς

1969 1985 2018 2046 Β
2045 1950 2211 2004 αὐτοῦ
2245 1951 2416 2004 εἰκόσι
2443 1952 2540 2004 καὶ
2565 1951 2658 2003 τοῦ
2697 1950 2938 2022 Πρίσκου
2972 1951 3064 2001 xxi.
3094 1949 3191 2017 τῆς
3235 1945 3400 2000 αὐτοῦ
3432 1963 3625 2013 γυναι-

2044 2043 2137 2105 κὸς
2171 2042 2468 2108 Δομεντίας
2499 2041 2802 2112 ἱσταμένας
2859 2040 3100 2104 εἰκόνας,
3133 2041 3226 2094 καὶ
3249 2039 3512 2108 ἐκμανεὶς
3537 2053 3628 2105 γε-

2051 2129 2227 2198 γονὼς
2257 2132 2646 2203 ἀποτμηθῆναι
2688 2133 2815 2194 τοὺς
2835 2132 3149 2201 δημάρχους
3181 2131 3437 2184 ἐκέλευσε
3459 2146 3470 2158 ·
3507 2130 3628 2196 δεη-

2047 2222 2251 2277 θέντων
2280 2225 2335 2278 δὲ
2370 2225 2477 2279 τῶν
2501 2227 2688 2295 δήμων
2717 2225 2872 2293 μόλις
2912 2225 3124 2292 ἀφῆκεν
3157 2222 3373 2284 αὐτούς.
3409 2221 3628 2276 Veneta:

2046 2325 2226 2370 autem
2284 2317 2425 2386 parti
2491 2317 2668 2386 magis
2737 2315 2940 2369 farisse
2993 2314 3357 2382 imperatores
3415 2327 3628 2379 semper

2044 2417 2173 2462 sunt
2205 2409 2331 2475 visi,
2375 2408 2694 2477 eisdemque
2753 2406 3041 2462 Prasinam
3104 2406 3289 2460 minus
3351 2403 3626 2458 affectam.

2045 2495 2349 2566 TbeOphilo
2379 2511 2497 2550 eam
2534 2497 2604 2550 ob
2641 2510 2754 2549 rem
2791 2497 2845 2550 in
2909 2497 3187 2550 theatrum
3224 2493 3462 2547 venienti
3504 2507 3630 2547 suc—

2043 2589 2316 2644 clamabat
2343 2590 2433 2643 illa
2464 2587 2879 2658 apud‘Leonem
2917 2586 3396 2642 Grammaticum:
3431 2584 3628 2648 Καλῶς

2041 2678 2229 2755 ἦλθες,
2291 2681 2592 2751 ἀσύγκριτε
2648 2681 2991 2752 φακτονάρη.
3027 2680 3230 2734 Horum
3273 2695 3341 2734 ne
3382 2679 3629 2746 reliquiae

2045 2775 2265 2844 quidem
2301 2775 2517 2829 ultimis
2573 2775 2792 2830 saeculis
2821 2775 2948 2829 licet
3010 2771 3397 2839 remanserint,
3458 2772 3628 2826 duces

2045 2875 2251 2932 tamen,
2287 2868 2368 2921 vel
2402 2866 2584 2938 quivis
2637 2867 2730 2922 alii
2772 2867 2824 2921 in
2852 2882 3045 2921 eorum
3102 2866 3283 2920 locum
3318 2865 3625 2934 subrogati,

2045 2958 2362 3028 imperatori
2412 2961 2464 3014 in
2519 2959 2800 3030 publicum
2852 2957 3168 3030 procedenti
3235 2972 3361 3010 cum
3417 2957 3631 3009 vexillis

2043 3061 2298 3122 poterant
2327 3063 2553 3120 astare;
2593 3055 2868 3124 iidemque
2919 3060 3050 3108 sunt
3081 3051 3176 3121 qui
3239 3051 3499 3119 populum
3537 3065 3634 3118 per

2045 3147 2431 3212 contubernia,
2477 3147 2676 3213 tribus,
2730 3147 2982 3214 regiones
3021 3152 3076 3199 et
3131 3143 3358 3211 collegia
3395 3143 3631 3196 divisum

2047 3242 2329 3312 regebant,
2363 3255 2503 3309 quos
2535 3239 2949 3308 πρωτοπολίτας
2973 3253 3003 3292 a
3030 3235 3364 3306 Theophane
3397 3237 3636 3304 scriptos

361 3327 626 3381 Consulet
658 3331 749 3398 qui
779 3332 1055 3388 curiosius
1081 3343 1136 3388 et
1168 3335 1418 3391 diffusius
1452 3338 1567 3392 haec
1599 3337 1744 3392 volet
1772 3339 1944 3408 expli-
1970 3324 2017 3386 C
2048 3333 2393 3388 observabis.
2426 3330 2626 3402 Com]

364 3427 502 3472 cata.
558 3419 767 3476 Unicus
829 3422 1120 3480 Balsamon
1180 3426 1533 3498 longissimos
1587 3430 1946 3485 historiarum

360 3520 569 3567 tractus
595 3515 783 3584 paucis
810 3520 1128 3588 perstringit
1149 3519 1201 3572 in
1222 3520 1292 3575 24
1317 3535 1583 3576 canonem
1603 3522 1947 3578 Trullannm.

364 3607 500 3659 Τότε
535 3608 636 3676 μὲν
667 3609 800 3678 γὰρ,
835 3611 1036 3681 inquit,
1066 3613 1174 3665 τῶν
1200 3615 1390 3682 δήμων
1416 3616 1950 3682 κατεξουσιαζόντων

366 3701 425 3750 ἐν
458 3704 573 3762 ταῖς
616 3701 1032 3772 ἱπποδρομίαις,
1087 3709 1183 3759 καὶ
1226 3708 1526 3762 ποιοῦντων
1583 3709 1807 3773 ταύτας,
1859 3711 1949 3764 ὅτε

371 3796 468 3848 καὶ
525 3795 674 3855 ὅπως
742 3796 1058 3864 ἠϐούλοντο,
1111 3798 1174 3850 ἐκ
1225 3799 1636 3868 δαπανημάτων
1693 3805 1945 3866 οἰκείων,

367 3883 442 3943 ὡς
495 3886 593 3938 καὶ
642 3886 873 3955 ἐχόντων
929 3889 1112 3953 οἴκους
1161 3892 1256 3944 καὶ
1321 3893 1574 3958 ἱππῶνας
1619 3896 1714 3949 καὶ
1779 3897 1948 3967 μέχρι

368 3979 463 4029 καὶ
496 3977 591 4030 νῦν
631 3978 1112 4051 περισωζομένους
1152 3985 1250 4038 καὶ
1283 3985 1584 4053 προσόδους
1615 3988 1777 4058 χάριν
1840 3991 1948 4044 τῶν

371 4070 766 4140 ίπποδρομιῶν,
828 4073 925 4126 καὶ
982 4075 1076 4127 τοῦ
1137 4077 1406 4144 βασιλέως
1458 4080 1946 4152 προσκαλουμένου

367 4165 460 4214 καὶ
496 4167 575 4225 εἰς
600 4163 758 4218 τοῦτο
811 4167 886 4236 μὴ
953 4165 1391 4236 ἐξουσιάζοντος,
1448 4171 1623 4226 πολλὰ
1675 4173 1948 4244 στασιώδη

369 4257 463 4310 καὶ
488 4259 665 4312 ἄτοπα
698 4260 1035 4314 συνέπιπτον
1075 4262 1326 4330 γίνεσθαι
1353 4268 1495 4319 κατὰ
1519 4267 1613 4319 τὸν
1637 4267 1749 4336 τῆς
1781 4269 1949 4321 ἱππο-

367 4349 598 4418 δρομίας
630 4352 846 4421 καιρὸν,
878 4353 990 4405 τῶν
1023 4355 1124 4422 μὲν
1153 4356 1609 4426 προστιθεμένων
1636 4357 1714 4426 τῷ
1783 4359 1947 4428 δήμῳ

368 4443 479 4494 τῶν
509 4444 775 4508 Βενέτων,
804 4445 916 4498 τῶν
947 4445 1004 4498 δέ
1044 4446 1119 4516 τῷ
1157 4451 1313 4515 μέρει
1341 4438 1449 4504 τῶν
1502 4451 1814 4520 Πρασίνων.
1855 4451 1949 4506 Ἑν

371 4537 582 4603 καιροῖς
612 4536 665 4588 δέ
684 4554 795 4589 τισι
821 4539 914 4590 καὶ
947 4541 1174 4610 πόλεμοι
1214 4544 1708 4612 συνεκροτήθησαν
1767 4543 1948 4613 ἐμφό-

2124 3426 2182 3480 Ρ.
2213 3427 2302 3482 48.
2335 3425 2670 3480 Antidorum.
2705 3423 2885 3494 Inepte
2913 3423 3112 3481 Junius
3143 3434 3386 3478 mutuum
3417 3439 3630 3476 munus.

2051 3517 2199 3573 Nihil
2231 3519 2429 3574 melius
2459 3534 2621 3589 quam
2656 3519 2834 3587 ipsum
2863 3519 3115 3573 Graecum
3146 3533 3340 3574 nomen
3372 3518 3633 3572 retinere.

2052 3611 2183 3666 Erat
2209 3614 2365 3682 panis
2396 3629 2461 3667 ex
2493 3627 2602 3681 quo
2626 3626 2726 3681 pro
2754 3611 3099 3675 Eucharistia
3130 3611 3475 3666 conficienda
3509 3625 3637 3678 pars

2048 3705 2290 3770 desecta,
2317 3706 2520 3776 quique
2546 3716 2671 3759 ante
2699 3705 2971 3775 liturgiam
2997 3721 3094 3775 per
3119 3705 3377 3774 templum
3400 3704 3637 3758 circum-

2051 3798 2195 3855 latus
2227 3799 2425 3854 fuerat.
2473 3799 2522 3854 ιθ
2548 3799 2698 3854 finita
2739 3798 2956 3866 liturgia
3013 3798 3454 3853 distribuebatur
3492 3811 3638 3866 prae-

2047 3892 2299 3946 sentibus
2345 3891 2743 3944 benedictionis
2777 3891 2972 3959 gratia,
3030 3899 3088 3945 ut
3141 3891 3231 3959 qui
3263 3888 3639 3943 Eucharistite

2052 3983 2347 4055 participes
2379 3997 2486 4038 non
2518 3982 2772 4049 fuissent,
2825 3983 3016 4038 saltem
3073 3986 3142 4038 de
3196 3984 3299 4037 hoc
3346 3981 3637 4035 benedij

2052 4090 2193 4146 pane
2225 4075 2639 4147 participarent.
2684 4075 2894 4131 G'nsrs.

2124 4167 2380 4241 [Summa
2440 4169 2754 4226 Grzecorum
2795 4185 2923 4240 erga
2970 4170 3268 4238 ἁντίδωρον
3317 4168 3640 4221 communio-

2051 4262 2134 4314 m's
2165 4255 2443 4328 vicarium,
2476 4277 2668 4332 panem
2704 4261 3081 4324 benedictum,
3135 4261 3329 4328 religio
3359 4269 3466 4324 est,
3503 4269 3563 4312 ut
3592 4257 3636 4311 si

2053 4362 2528 4408 sacramentorum
2563 4368 2670 4407 non
2705 4360 2789 4406 est
2834 4353 3134 4422 particeps,
3193 4351 3326 4405 illud
3381 4353 3634 4420 ipsemet,

2051 4447 2216 4503 etiam
2249 4447 2564 4516 imperator,
2608 4455 2668 4500 ut
2699 4446 2786 4500 hic
2811 4445 2986 4510 vides,
3017 4447 3068 4497 in
3103 4444 3336 4498 ecclesia
3369 4445 3436 4498 de
3469 4457 3638 4496 manu

2055 4541 2360 4598 sacerdotis
2389 4542 2565 4595 sacris
2598 4539 2768 4594 finitis
2796 4540 3054 4609 accipiat.
3097 4538 3172 4591 De
3199 4554 3262 4594 eo
3294 4552 3395 4593 nos
3437 4537 3490 4590 in
3527 4536 3638 4590 Eu-

372 4628 476 4680 λιοι
507 4631 671 4697 μέσον
696 4630 990 4685 ἀντιθέτων
1020 4635 1226 4704 μερῶν,
1254 4637 1348 4688 κοιλ⁵
1371 4637 1513 4688 κατὰ
1537 4637 1638 4704 τῆς
1671 4635 1946 4705 βασιλείου

2059 4634 2382 4705 chologicis.
2409 4631 2614 4705 Ceam]

373 4720 662 4790 περιωπῆς
690 4723 881 4792 ἀναιδῆ
917 4726 1139 4795 ῥήματα
1185 4729 1231 4780 οἱ
1267 4727 1503 4796 δημόται
1530 4727 1944 4798 ἀπηρεύξαντο,

375 4811 560 4876 καθὼς
583 4813 689 4869 ἀπὸ
732 4813 1010 4885 διαφόρων
1068 4819 1340 4886 χρονικῶν
1389 4817 1546 4871 τοῦτο
1595 4821 1950 4890 παρίσταται.

375 4901 617 4957 Partium
653 4904 868 4960 illarum
909 4907 1051 4977 (qua:
1075 4908 1238 4978 δῆμοι
1261 4917 1312 4963 et
1330 4909 1584 4978 δημόται,
1615 4919 1672 4965 ιιι
1705 4911 1816 4982 jam
1869 4911 1952 4966 le-

375 4995 555 5063 gimus
586 5005 639 5050 et
667 4997 915 5053 scr-ibunt
946 4999 1307 5070 TbeOphanes
1339 5013 1390 5057 et
1421 5003 1724 5069 Cedrenus,
1751 5019 1956 5059 vocan-

378 5089 488 5155 tur)
525 5092 782 5156 partium,
813 5094 1058 5164 inquam,
1095 5096 1273 5166 capita
1318 5097 1554 5151 ducesve
1583 5091 1857 5169 δήμαρχοι
1901 5110 1955 5152 et

374 5181 654 5254 δημάρχαι
697 5189 854 5255 quasi
909 5189 1020 5241 τῶν
1087 5190 1279 5260 δήμων
1335 5192 1597 5262 ἄρχοντες
1635 5193 1952 5258 audiebant,

376 5277 780 5350 popularesque
807 5282 909 5337 sibi
935 5284 1182 5338 subditos
1209 5283 1292 5339 vel
1321 5283 1547 5340 affectos
1572 5287 1952 5350 recensebant,

377 5366 464 5421 vel
525 5369 688 5424 etiam
740 5373 1070 5443 quandoque
1124 5375 1189 5429 ad
1229 5391 1323 5430 eos
1374 5377 1468 5446 qui
1527 5392 1621 5445 per
1678 5379 1953 5432 civitatem

377 5462 702 5518 oriebantur
734 5467 1004 5522 tumultus
1047 5477 1101 5521 et
1148 5469 1449 5524 seditiones
1503 5471 1802 5526 ducebant.
1869 5471 1957 5523 Si-

378 5564 617 5611 mocalta
677 5573 796 5623 vm,
857 5559 932 5615 7:
985 5561 1128 5626 Τοὺς
1185 5561 1542 5633 δημάρχουςό
1599 5562 1960 5635 αὐτοκράτωρ

379 5647 839 5719 εἰσκαλεσάμενος
867 5652 947 5717 είς
1003 5656 1068 5706 τὰ
1096 5653 1367 5723 βασίλεια,
1400 5653 1493 5717 οὒς
1541 5655 1820 5725 διοικητὰς
1852 5652 1961 5707 τῶν

380 5737 570 5807 δήμων
629 5743 786 5796 εἴωθε
840 5745 903 5800 τὸ
958 5746 1162 5817 πλῆθος
1220 5746 1520 5802 ἀποκαλεῖν
1578 5749 1846 5819 (ὀνόματα
1905 5747 1963 5800 δέ

383 5829 595 5896 τούτοις
625 5835 850 5906 Σέργιος
882 5839 975 5893 καὶ
1009 5841 1259 5908 Κοσμᾶς)
1289 5839 1622 5894 ἐπυνθάνετο
1646 5840 1756 5892 τῶν
1789 5839 1963 5907 δημο-

386 5924 650 5981 τευόντων
675 5929 770 5981 ἐπὶ
792 5929 988 5986 λεπτοῦ
1015 5933 1104 5985 τὸν
1125 5933 1381 6003 ἀριθμόν.
1419 5932 1475 5986 Ὁ
1501 5931 1600 6002 μὲν
1625 5928 1718 5986 οὖν
1741 5932 1964 6000 Σέργιος

2057 4787 2070 4798 ,
2127 4728 2188 4782 P.
2227 4728 2316 4783 49.
2354 4727 2646 4796 Ρειιειιὶοιαι
2707 4725 3036 4780 Germanice
3093 4724 3382 4792 spielleute.
3421 4726 3630 4778 Csars.

2131 4818 2479 4892 [Corruptius
2507 4817 2829 4886 pronuntiat
2860 4816 3055 4884 vulgus
3099 4813 3522 4881 παιγνιδιὼτας.
3555 4813 3641 4865 lu-

2057 4927 2222 4972 sares,
2249 4909 2342 4979 qui
2371 4908 2624 4963 videlicet
2656 4907 2853 4962 ludunt
2879 4907 3116 4960 musicis
3149 4905 3561 4968 instrumentis,
3591 4915 3643 4959 et

2058 5021 2119 5060 ea
2157 5004 2239 5058 vel
2266 5002 2483 5072 pulsant
2513 5001 2594 5054 vel
2647 4999 2863 5054 inflant.

2132 5096 2277 5151 Ibid.
2319 5096 2769 5167 [Βυκκινάτωρες
2825 5092 3019 5147 scribit
3055 5089 3372 5147 Theodotus
3409 5091 3464 5144 in
3510 5088 3641 5145 Jure

2059 5184 2174 5242 GR.
2202 5186 2498 5241 Cboniates
2527 5185 2785 5256 βύκανον,
2807 5183 2901 5238 alii
2932 5181 3175 5252 βύκινον.
3203 5181 3404 5254 ΟοΑιι.]

2131 5276 2269 5330 Ibid.
2307 5276 2594 5330 Suruiistae
2627 5289 2657 5328 a
2708 5273 2936 5328 sumffio
2997 5273 3370 5328 instrumento
3403 5271 3640 5328 musico.

2063 5371 2218 5437 Quod
2244 5387 2372 5424 num
2404 5370 2604 5424 Junius
2630 5378 2776 5424 recte
2807 5368 2860 5422 in
2902 5367 3356 5422 adnotationibus
3401 5366 3516 5422 suis
3546 5382 3644 5420 c.1-

2065 5464 2248 5533 plicet,
2275 5463 2398 5532 quis
2437 5479 2536 5517 nos
2562 5469 2746 5517 certos
2773 5460 2980 5514 faciet?
3011 5459 3214 5513 (iners.

2051 5562 2056 5568 '
2137 5556 2539 5629 [Symphouiaci
2563 5555 2880 5617 cornicines,
2900 5553 3121 5620 joueurs
3139 5552 3202 5604 de
3221 5562 3430 5604 comet:
3457 5551 3491 5603 ὰ
3517 5554 3646 5602 bou-

2065 5651 2215 5721 quin.
2265 5648 2671 5720 Symphoniaca
2723 5647 2838 5701 sive
2874 5645 3085 5700 musica
3149 5659 3378 5707 cornua,
3441 5644 3645 5714 quibus

2067 5735 2371 5802 etiamnum
2407 5743 2572 5797 hodie
2599 5742 2795 5796 ludunt
2823 5739 3129 5794 Dervisidcs
3155 5738 3395 5806 religiosi
3424 5737 3641 5804 'l‘urcre,

2072 5837 2370 5905 σουραύλια
2400 5845 2594 5890 vocant
2626 5832 2824 5897 Graeci,
2865 5829 3172 5886 Dervisides
3207 5830 3462 5884 inflantes
3492 5829 3646 5898 ejus-

2073 5931 2216 5986 modi
2281 5931 2642 5986 instrumenta
2704 5923 3120 5992 σουραυλιστάς,
3192 5937 3342 5986 voce,
3411 5926 3467 5974 ut
3507 5917 3642 5972 m'hi
