4064 6416
365 323 463 389 321

362 542 542 601 rupta.

434 623 519 679 Ib.
555 623 716 696 [Ἐπί
755 625 876 679 τῶν
899 625 1078 696 ὤμων
1105 625 1328 682 αὐτῶν.
1360 626 1621 698 Barangi,
1661 642 1802 699 quos
1833 644 1944 683 non

361 737 471 776 uno
531 721 654 776 loco
707 721 1124 792 πελεκοφόρους
1160 722 1338 778 dictos
1379 725 1644 793 reperias,
1680 723 1945 792 bipennes

360 828 544 870 Coram
576 813 906 881 imperatore
937 814 1186 869 humeris
1219 815 1476 870 solebam
1513 827 1729 886 gestare
1764 817 1943 872 .Anna

360 904 606 960 Alexiad.
653 921 704 959 tv
730 921 744 958 :
784 905 928 969 Τοὺς
954 905 1013 958 δὲ
1041 907 1138 960 ἐπὶ
1168 906 1280 960 τῶν
1331 907 1517 977 ὤμων
1540 911 1608 961 τὰ
1641 909 1946 979 ἑτερόκοπα

361 999 628 1067 φέροντας
677 997 805 1069 ξίφη
865 999 1338 1070 παρακατασχὼν.
1374 999 1596 1058 Nicetes
1639 1001 1693 1055 in
1749 1002 1945 1058 Alexio

363 1108 440 1146 tt:
479 1091 589 1143 Καὶ
637 1092 745 1143 ἀπὸ
791 1089 948 1144 τοῦδε
988 1091 1038 1145 oi
1082 1091 1182 1161 μὲν
1243 1092 1532 1166 δορυφόροι
1566 1096 1633 1148 τὰ
1690 1096 1785 1149 ἐπὶ
1836 1096 1945 1150 τῶν

362 1183 526 1252 ὤμων
556 1179 896 1250 ἐτερόθηκτα
923 1181 1053 1253 ξίφη
1111 1183 1486 1254 κατήνεγκαν.
1534 1185 1691 1240 Anna
1748 1202 1945 1242 rursus

361 1277 395 1328 l.
427 1292 462 1329 ιι
489 1293 502 1328 :
537 1276 822 1345 Συνήγαγε
852 1275 978 1341 τοὺς
1011 1276 1234 1331 ἐπὶτῶν
1267 1278 1437 1349 ὤμων
1467 1279 1536 1332 τὰ
1563 1279 1691 1352 ξίφη
1723 1280 1949 1353 κραδαί-

359 1387 567 1433 νοντας.
601 1369 798 1442 0013.}

426 1465 506 1518 Ib.
548 1465 891 1530 Βηλόθυρα.
954 1460 1125 1532 Infra,
1167 1481 1289 1520 cum
1331 1465 1399 1522 de
1439 1467 1800 1523 coronatione
1840 1469 1946 1523 im-

355 1556 628 1626 peratoris
657 1555 996 1627 disputatur,
1016 1557 1317 1629 aliquoties
1339 1560 1480 1615 idem
1513 1575 1712 1616 nomen
1743 1576 1944 1618 occur-

357 1653 450 1716 rit,
481 1650 853 1722 compositum
887 1666 954 1707 ex
992 1653 1104 1706 uelo
1129 1652 1332 1708 Latino
1363 1663 1415 1708 et
1445 1655 1636 1709 Graaco
1670 1653 1834 1726 θύρα,
1859 1671 1945 1710 ue-

355 1745 536 1798 latura
575 1759 671 1800 seu
713 1747 978 1809 relatura,
1013 1759 1136 1814 quae
1160 1754 1244 1800 est
1273 1746 1397 1801 loco
1420 1746 1630 1815 janure.
1658 1746 1946 1803 Reclamat

355 1838 626 1896 Meursius
653 1835 811 1891 :Non
839 1849 913 1892 est
947 1837 1207 1904 relatura,
1229 1839 1476 1908 degeneri
1501 1841 1650 1894 verba
1681 1840 1944 1907 Romano,

353 1932 444 1986 sed
461 1928 894 2000 παραπέτασμα,
921 1932 1062 2001 quod
1083 1931 1359 1985 diductum
1366 1931 1556 2001 januae
1575 1935 1750 1988 instar
1772 1943 1948 1989 trans-

353 2031 531 2076 euntes
595 2023 936 2077 transmittit.
1001 2022 1390 2093 Aristophanis
1472 2023 1801 2081 scholiastes
1879 2025 1958 2080 ad.

355 2111 534 2167 ﬂauas
559 2128 576 2166 :
598 2115 1077 2186 Παραπετάσμασι
1095 2117 1217 2179 ταῖς
1241 2117 1490 2186 σκηναῖς,
1516 2118 1628 2179 τοῖς
1651 2119 1946 2188 Περσικοῖς

356 2207 597 2278 βήλοιςῆ
626 2195 990 2280 βηλοθύ¹’ροις.Δ
1011 2207 1121 2263 Sed
1157 2223 1269 2263 non
1301 2209 1463 2265 video
1500 2223 1600 2264 cur
1639 2210 1945 2282 βηλόθυρον

359 2315 460 2356 non
495 2301 671 2372 possit
691 2316 816 2358 esse
851 2314 1169 2374 utrumque,
1203 2303 1382 2359 velum
1415 2305 1632 2360 scilicet
1648 2305 1853 2375 janum,
1886 2315 1945 2361 ut

355 2405 549 2448 nomen
583 2395 764 2464 ipsum
797 2393 1030 2462 indicat,
1066 2403 1123 2450 et
1159 2394 1338 2449 velum
1376 2395 1498 2450 loco
1523 2396 1729 2464 januae.
1761 2397 1942 2452 Etiam

355 2486 412 2542 i'n
440 2487 766 2544 Pontiﬁcum
797 2487 1026 2542 historia
1049 2488 1192 2554 apud
1211 2487 1565 2543 Auastasium
1591 2491 1858 2557 occurrit,
1884 2491 1940 2545 in

352 2580 630 2650 Stephano
662 2579 727 2636 Vl
754 2580 943 2636 :Fecit
1005 2581 1275 2652 velothyra
1314 2581 1483 2654 289
1515 2593 1766 2653 quatuor.
1799 2584 1943 2642 Con—

353 2674 474 2730 tulit
502 2677 766 2748 velothyra
785 2678 954 2733 serica
986 2676 1096 2731 tria
1123 2677 1181 2731 in
1200 2678 1430 2732 circuitu
1460 2677 1673 2733 altaris.
1699 2679 1800 2736 Ubi
1839 2682 1935 2735 ah-

351 2772 530 2826 solute
553 2786 650 2840 pro
682 2771 1110 2841 peripetasmate
1136 2771 1310 2842 accipi
1340 2770 1576 2827 videtur.
1610 2771 1813 2828 ibidem
1840 2790 1940 2844 pro

352 2863 628 2934 προθύρου
651 2864 822 2918 codex
851 2864 991 2919 alter
1025 2862 1224 2920 Boicus
1272 2862 1600 2936 βηλοθύρου,
1645 2874 1698 2920 et
1730 2867 1939 2924 rectius

353 2972 479 3011 meo
503 2957 730 3026 judicio.
763 2954 972 3016 Gns'rs.

423 3049 564 3105 Ibid.
602 3049 925 3122 [Π-ιλατίκια
975 3059 1133 3107 vocat
1182 3062 1378 3107 auctor
1419 3064 1630 3120 pannos
1677 3052 1938 3123 palmaris

1443 320 1830 381 GliETSERl
1862 319 1958 377 ET
2001 319 2245 378 GUARI
2293 320 2541 384 NOT/E.

365 437 583 507 quidem
651 434 891 503 videtur,
948 449 1061 506 prin
1128 437 1520 510 σουρουλιστάς
1577 441 1760 495 minus
1825 455 1934 494 cor-

2054 437 2217 494 nibus
2247 451 2550 496 coronante
2575 453 2767 498 narrat
2793 445 3149 499 πεπτωκέναι
3174 445 3240 499 τὰ
3264 447 3542 518 σκῆπτρα,
3573 450 3650 513 ὡς
3739 497 3747 506 .

3541 333 3649 397 322

2052 526 2197 595 ἔθος,
2227 530 2490 585 inclinata
2513 532 2848 607 demissaque
2898 536 3062 604 fuisse
3095 552 3200 591 non
3237 539 3381 607 regia
3415 551 3652 610 sceptra,

2048 619 2144 676 sed
2179 620 2368 677 bellica
2396 625 2547 694 signa
2576 627 2875 692 vexillaque
2911 629 2962 682 in
3014 630 3380 698 subjectionis
3439 645 3492 686 et
3522 650 3651 704 erga

2049 729 2585 802 recenscoronatnm
2612 719 2871 774 Basilium
2895 722 3220 776 obedientia:
3239 737 3648 793 argumentum.

2050 805 2128 858 Ex
2168 809 2370 876 quibus
2393 811 2655 882 σκῆπτρα
2688 814 2897 867 minora
2938 817 3136 870 vexilla
3186 834 3471 884 vocamus;
3503 821 3646 876 sicut

2050 888 2221 967 βὰνδα
2245 902 2456 969 majora
2491 921 2512 970 ;
2547 913 2778 975 utraque
2830 923 2960 963 vero
2994 909 3280 980 βασιλικῆς
3339 914 3508 982 τιμῆς
3551 915 3644 966 καὶ

2051 997 2487 1063 στρατευμάτων
2519 1000 2741 1066 σημεῖα.
2765 999 2964 1056 Fateor
2997 1003 3378 1058 illustrissimo
3437 1005 3642 1074 Cyr-illo

2051 1081 2422 1152 Trapezuntis
2461 1088 2682 1157 praesuli
2711 1100 2763 1144 et
2799 1092 3040 1148 Antonio
3097 1093 3275 1149 Cralis
3310 1094 3502 1149 lectori
3532 1094 3641 1157 ΟΡ.

2049 1177 2342 1232 πιλατίκια
2369 1181 2708 1251 prointleque
2761 1185 3016 1254 σκῆπτρα
3075 1185 3252 1241 clavas
3309 1203 3374 1241 ea:
3405 1204 3536 1242 auro
3595 1199 3646 1243 et

2048 1279 2268 1339 argento
2323 1273 2667 1343 principibus
2720 1275 2963 1345 pra-ferri
3016 1277 3206 1333 solitas
3237 1279 3645 1348 interpretanti-

2052 1362 2180 1429 bus,
2219 1365 2506 1434 praemissa
2538 1382 2650 1422 non
2676 1368 2904 1423 omnino
2938 1369 3252 1440 displicere:
3276 1367 3467 1428 atcum
3487 1372 3647 1427 πιλα-

2049 1456 2203 1508 τίκια
2254 1457 2476 1527 capitis,
2542 1461 2692 1529 quod
2753 1463 3086 1532 exponimus
3137 1466 3204 1518 ad
3261 1481 3315 1534 p.
3359 1465 3449 1530 54,
3503 1467 3645 1522 scri-

2048 1544 2248 1600 bantur
2303 1549 2615 1620 μαργέλλιοι
2649 1553 2714 1605 ὲκ
2749 1554 3054 1624 σύρματος,
3086 1571 3209 1625 quae
3241 1556 3462 1612 nonnisi
3509 1573 3644 1626 pan-

2049 1653 2149 1694 nos
2173 1654 2311 1696 auro
2335 1651 2513 1699 textos
2539 1645 2804 1714 indicant,
2841 1656 2895 1702 et
2917 1649 3104 1704 solidae
3131 1666 3196 1703 ex
3234 1665 3376 1705 auro
3406 1651 3488 1705 vel
3549 1665 3642 1705 ar-

2052 1743 2213 1801 gento
2244 1733 2412 1789 clavae
2487 1749 2764 1806 nequeant
2817 1741 3048 1809 palmari
3106 1741 3384 1812 descripta
3442 1742 3644 1798 molee

2053 1825 2194 1881 collo
2222 1829 2512 1884 commode
2538 1831 2798 1900 pendere,
2816 1847 2981 1902 quam
3007 1849 3073 1889 ex
3101 1835 3395 1904 prepositis
3415 1848 3640 1891 senten-

2053 1920 2142 1975 tiis
2175 1921 2467 1977 certiorem
2500 1924 2662 1994 eligat
2701 1941 2892 1994 aequus
2918 1925 3094 1983 lector
3117 1927 3409 1998 judicabit.
3475 1929 3637 1984 Certe

2051 2026 2173 2065 cum
2213 2012 2542 2068 ἀπελατίκια
2570 2033 2964 2088 nonnunquam
2995 2020 3173 2090 legant
3213 2022 3387 2092 regia,
3427 2037 3636 2077 eavero

2049 2101 2235 2158 clavas
2277 2102 2626 2174 interpretari
2656 2117 2856 2180 cogant
2885 2109 2955 2162 τὰ
3000 2109 3140 2178 μετὰ
3162 2113 3355 2182 χεῖρας
3384 2113 3451 2165 ὲκ
3483 2111 3637 2180 σιδή-

2052 2212 2148 2266 ρου
2183 2198 2520 2254 ἀπελατίκια
2575 2203 2720 2272 apnd
2779 2201 3104 2259 Nicetamin
3166 2205 3426 2260 Manuele
3483 2207 3522 2260 Ι.
3579 2206 3638 2271 5,

2049 2292 2165 2346 haec
2198 2293 2330 2348 mihi
2354 2309 2455 2350 ceu
2484 2296 2692 2368 aequior
2747 2299 2992 2355 secunda
3022 2301 3294 2355 sententia
3356 2300 3635 2372 recipitur.

2048 2382 2247 2457 Cosa]

2117 2474 2178 2530 Ρ.
2218 2477 2307 2534 50.
2336 2481 2590 2549 Ζωΰιριον
2618 2482 3037 2550 animalculum,
3062 2495 3122 2541 nt
3161 2504 3364 2554 musca,
3417 2488 3630 2554 vermis,

2045 2585 2297 2626 araneus.
2328 2569 2524 2628 Junius
2557 2574 2781 2645 ζούφιον
2811 2577 3005 2644 edidit,
3028 2586 3081 2632 et
3107 2579 3274 2634 stulte
3334 2577 3630 2632 admodum

2048 2663 2340 2718 Arabicum
2374 2683 2494 2722 esse
2515 2668 2670 2734 dicit,
2698 2670 3031 2741 stultiusque
3077 2673 3256 2727 adhuc
3313 2687 3474 2727 suum
3527 2672 3632 2726 hoc

2041 2759 2335 2814 Arabienm
2368 2760 2596 2832 ζούφιον
2625 2741 3046 2834 iriterpretatur.

2115 2849 2258 2905 Ibid.
2282 2852 2352 2908 Ut
2372 2862 2609 2910 veterem
2634 2857 2914 2912 notionem
2935 2859 3261 2916 diadematis
3293 2859 3633 2930 assequaris,

2042 2943 2254 3014 inspice
2287 2961 2567 3011 nummos,
2599 2963 2740 3018 quos
2789 2964 2916 3003 cum
2978 2951 3070 3004 alii
3146 2953 3439 3022 vulgarunt
3515 2963 3628 3008 tum

2042 3049 2146 3106 ego
2186 3045 2321 3092 tom.
2356 3035 2426 3092 ill
2451 3039 2516 3094 de
2545 3038 2604 3094 S.
2631 3039 2811 3097 Cruce
2863 3041 2902 3096 l.
2929 3058 2969 3099 ι.
3011 3043 3261 3099 Notanda
3287 3055 3470 3101 autem
3501 3061 3630 3102 sunt

353 3144 733 3216 longiwdinis,
765 3159 1039 3203 mensum
1067 3145 1328 3200 nimirum
1364 3160 1396 3200 ε
1437 3146 1640 3216 pollice
1670 3149 1738 3201 ad
1767 3149 1930 3202 mini-
1963 3135 2006 3192 (Ξ
2041 3133 2155 3186 haec
2187 3145 2306 3199 qua:
2327 3130 2414 3185 hic
2441 3132 2507 3186 de
2536 3132 2891 3190 distinctione
2913 3137 3237 3192 diadematis
3264 3148 3631 3199 etstemmatis

355 3252 506 3292 mum
538 3237 768 3309 digitum
793 3253 968 3306 manu
988 3245 1217 3294 extensa
1239 3237 1582 3312 interceptae,
1619 3241 1934 3298 latitudinis

356 3346 484 3388 vero
508 3332 678 3400 ipsius
708 3346 927 3396 manus,
954 3341 1192 3402 quatuor
1224 3332 1483 3389 videlicet
1515 3333 1833 3404 digitorum.
1860 3335 1934 3389 ita

361 3427 591 3496 hujusce
608 3440 728 3497 cap.
759 3442 814 3498 p.
849 3425 919 3480 54
939 3424 1223 3480 πιλατίκια
1247 3425 1564 3496 huiusmodi
1589 3427 1938 3484 demonstrat

361 3520 762 3590 ἀπῃωρημένα.
817 3517 985 3574 Canto
1041 3518 1229 3581 itaque
1275 3527 1434 3574 erant
1485 3519 1666 3575 aﬁixa.
1735 3519 1935 3576 Cantus

361 3619 540 3665 autem
573 3611 662 3667 ille
692 3626 788 3668 seu
817 3609 984 3681 pilum
1005 3611 1211 3682 potius,
1249 3611 1397 3667 unde
1440 3611 1932 3680 mi.a-rtxtov,illud

355 3711 437 3759 est
469 3704 614 3774 quod
641 3705 926 3775 σκῆπτρον
954 3704 1108 3760 dicit.
1149 3701 1270 3759 Uno
1302 3704 1474 3774 igitur
1503 3705 1676 3762 verbo
1714 3707 1932 3762 πιλατί-

355 3815 474 3851 κιον
502 3808 584 3854 est
597 3799 737 3854 exile
753 3798 1015 3853 vexillum
1041 3799 1163 3870 (une
1180 3798 1484 3869 banderole)
1515 3800 1628 3870 pilo
1648 3817 1744 3857 seu
1769 3803 1934 3871 virga:

355 3903 674 3958 appensnm.
692 3887 996 3944 Conﬁrmat
1013 3887 1410 3957 expositionem
1431 3887 1818 3959 Theophanes,
1841 3891 1932 3948 ubi

355 3981 678 4050 σκήπτροις,
701 3995 820 4050 qua:
856 3980 1141 4033 πιλατίκια
1184 3989 1343 4035 vocat
1367 3980 1452 4036 hic
1469 3991 1679 4049 auctor,
1707 3983 1930 4038 vexillo-

354 4089 473 4126 rum
505 4072 674 4143 abigit
703 4087 950 4128 sensum:
973 4072 1031 4126 '0
1045 4071 1197 4125 Λέων
1221 4073 1418 4142 Μάνην
1437 4073 1578 4143 μετὰ
1604 4073 1704 4143 τῆς
1722 4065 1931 4146 βασιλιὲ

350 4165 456 4234 κῆς
474 4165 641 4234 τιμῆς
656 4166 752 4220 καὶ
771 4165 1206 4236 στρατευμάτων
1223 4166 1319 4219 καὶ
1348 4166 1671 4237 σκήπτρων,
1690 4168 1784 4220 καὶ
1798 4167 1928 4238 βάνσ

347 4260 455 4314 δων
479 4259 932 4329 είςῚερουσαλὴμ
964 4259 1267 4329 ἐκπέμπει.
1293 4258 1428 4315 Vide
1454 4259 1515 4313 τὸ
1542 4261 1823 4331 σκῆπτρον
1841 4263 1931 4319 hic

350 4351 580 4406 minime
607 4349 834 4417 referre;
860 4366 981 4422 quae
1018 4365 1254 4421 namque
1283 4350 1601 4408 detulerunt
1626 4362 1720 4409 aut
1760 4355 1929 4412 mise-

347 4450 476 4496 runt
500 4445 857 4513 imperatores
877 4444 1086 4513 antiqui
1120 4454 1336 4514 sceptra
1361 4444 1385 4498 ?
1412 4445 1496 4500 vel
1524 4462 1647 4516 quae
1690 4462 1925 4503 consue-

349 4537 483 4593 tudo
507 4536 768 4591 Romanis
795 4537 1024 4592 dneibus
1044 4552 1302 4591 concessa
1331 4537 1576 4593 edocuit?
1601 4536 1882 4593 Triodium
1905 4555 1921 4594 :

347 4627 469 4682 Ἐπὶ
488 4630 750 4699 βασιλέως
769 4630 1044 4701 παρουσίᾳ
1063 4630 1498 4702 προπορεύονται
1520 4630 1587 4683 τὰ
1604 4631 1816 4684 ἐκείνου
1841 4647 1930 4700 ση-

352 4726 477 4793 μεῖα
503 4725 593 4776 καὶ
617 4722 1170 4794 σκῆπτραῶιὼάίιυι·
1189 4740 1205 4778 :
1226 4723 1458 4777 Μέλλων
1485 4722 1760 4796 ὀΧριστὸς
1785 4725 1931 4795 μετὰ

347 4815 504 4885 δόξης
540 4817 823 4887 προελθεῖν
851 4818 938 4869 διὰ
985 4817 1087 4886 τῆς
1132 4817 1514 4886 ἀναστασίμου
1541 4818 1756 4889 ἡμέρας
1793 4836 1926 4890 προ-

349 4909 559 4979 πέμπει
583 4911 643 4963 τὺ
668 4910 944 4979 σκῆπτρον
972 4909 1162 4976 αὑτοῦ,
1189 4910 1290 4982 τὴν
1317 4910 1610 4984 βασιλικὴν
1646 4913 1924 4984 σημαίαν,

347 5001 736 5066 τὸνζωοποιὸν
773 5003 1031 5071 σταυρόν.
1095 5003 1336 5059 Observa
1393 5005 1455 5056 τὸ
1507 5007 1793 5074 σκῆπτρον
1856 5011 1922 5079 τῇ

348 5093 557 5166 σημαία
597 5096 981 5165 compositura,
1015 5097 1248 5152 acvelut
1332 5098 1565 5156 rationis
1621 5101 1788 5158 unius
1839 5091 1923 5158 isi-

345 5201 590 5259 gnumet
638 5190 795 5259 regiae
851 5192 1155 5260 majestatis
1214 5203 1599 5260 argumentum
1664 5193 1953 5262 ιιι-οἷοι·ιί..

344 5282 700 5351 Theophanes
738 5284 790 5337 in
834 5283 1014 5338 Leone
1069 5282 1408 5353 Cepronymi-
1443 5302 1455 5338 :
1496 5285 1744 5355 Προῆλθε
1775 5287 1831 5340 δὲ
1887 5289 1920 5358 ὴ

345 5377 629 5448 βασίλισσα
646 5379 850 5450 Εἰρήνη
891 5377 1031 5448 μετὰ
1056 5379 1150 5432 τοῦ
1177 5380 1465 5449 προελθεῖν
1490 5381 1620 5443 τοὺς
1652 5380 1918 5450 βασιλεῖς,

340 5472 706 5545 ὀψικευομένη
735 5472 842 5526 ὑπὸ
871 5474 980 5526 τῶν
1032 5473 1329 5543 σκήπτρων
1387 5472 1477 5526 διὰ
1523 5474 1634 5527 τῶν
1686 5476 1917 5544 σχολῶν.

339 5564 605 5634 Σκῆπτρα
633 5565 776 5620 velut
815 5563 918 5621 sibi
953 5564 1177 5633 propria
1211 5562 1532 5619 deferebant
1595 5568 1740 5622 circa
1809 5567 1921 5622 lre-

339 5673 459 5710 nem
487 5657 706 5712 scholze:
727 5667 784 5711 at
814 5671 921 5710 non
952 5657 1086 5712 adeo
1111 5665 1325 5727 sceptra
1347 5671 1509 5720 quam
1540 5658 1719 5712 banda
1750 5662 1920 5714 vexil-

331 5752 494 5836 laque
515 5759 642 5804 sunt
679 5749 886 5804 scholis
917 5751 1296 5806 accommoda.
1321 5750 1688 5818 TlteOphancs
1725 5769 1918 5808 rursus

326 5842 380 5898 in
415 5842 675 5900 Micltaele
711 5843 995 5913 Theophili
1031 5841 1090 5899 F.
1128 5861 1193 5903 eo
1224 5846 1488 5904 Basilium
1530 5847 1764 5919 propriis
1797 5862 1912 5900 ma-

2041 3232 2098 3276 et
2123 3239 2271 3279 zona:
2313 3224 2594 3294 militaris,
2632 3227 2882 3300 adeoque
2945 3229 3014 3286 de
3067 3242 3250 3303 torque
3303 3235 3626 3294 traduntur.

2040 3311 2245 3370 Gnsrs.

2114 3405 2260 3463 Ibid.
2283 3406 2509 3480 [Saccus
2523 3412 2694 3469 vestis
2719 3423 2828 3482 est,
2851 3425 2910 3469 ut
2929 3417 3277 3486 patriarchae,
3294 3418 3368 3476 ita
3389 3423 3630 3493 impera-

2041 3498 2150 3555 tori
2214 3502 2461 3572 propria.
2527 3504 2833 3576 Utrumque
2881 3511 3050 3565 aeneis
3108 3510 3302 3578 ﬁguris
3348 3526 3402 3569 et
3438 3530 3628 3573 nostra

2038 3606 2267 3665 sumptu
2297 3583 2377 3650 ’in
2426 3596 2828 3671 Euchologicis
2883 3603 3306 3674 descripsimus.
3357 3607 3629 3681 Superest

2042 3688 2387 3758 hundverbis
2413 3691 2534 3746 rudi
2555 3689 2798 3748 Minerva
2825 3694 3178 3754 delineemus.
3204 3699 3421 3757 Talaris
3444 3706 3626 3761 tunica

2041 3796 2106 3836 ex
2142 3781 2532 3842 villososerieo
2551 3794 2722 3840 totum
2776 3802 2974 3858 corpus
3017 3790 3300 3863 obtegens,
3347 3797 3626 3870 nullisque

2038 3874 2256 3931 sinunm
2286 3876 2448 3932 undis
2480 3877 2623 3932 circa
2654 3878 2784 3934 illud
2807 3879 3005 3936 ludens
3055 3892 3150 3938 aut
3193 3895 3362 3955 mota,
3431 3906 3624 3948 verum

2036 3967 2288 4021 nonnihil
2324 3975 2582 4038 angusta,
2618 3969 2822 4026 liberos
2870 3982 2930 4025 ut
2965 3972 3180 4028 videtur
3218 3975 3469 4034 incessus
3511 3999 3622 4036 non

2034 4060 2383 4141 permittens,
2399 4060 2564 4131 290
2591 4075 2653 4115 ac
2675 4060 2914 4131 denique
2931 4065 3075 4119 sacci
3100 4065 3328 4135 ﬁgurant
3353 4072 3620 4141 referens,

2034 4137 2221 4206 sacius
2235 4162 2338 4208 est.
2360 4151 2548 4209 Rubro
2563 4153 2747 4209 colore
2768 4153 2925 4225 tingit
2941 4172 3043 4211 ms.
3067 4155 3368 4227 Tiliannm,
3388 4137 3618 4235 Regium

2035 4246 2405 4318 Sandionysii,
2438 4247 2706 4305 Mannelis
2744 4249 2919 4306 ultimi
2947 4249 3284 4324 Joannisqne
3306 4256 3398 4311 ﬁlii
3447 4261 3622 4331 impa-

2034 4351 2281 4398 ratorum
2340 4351 2504 4397 totam
2567 4341 2793 4412 clligiem
2870 4360 3292 4416 repraesentans,
3349 4354 3615 4412 violaceo.

2037 4434 2278 4506 Uterque
2298 4435 2858 4506 purpureushabetur
2901 4447 2955 4494 et
3002 4438 3388 4511 imperatorem
3439 4449 3617 4508 decet.

1954 4492 2008 4553 Β
2039 4492 2241 4603 ϐοΑιιῖ]

2113 4615 2192 4680 rt.
2221 4624 2472 4680 Φυάλον.
2513 4624 2591 4679 lta
2625 4627 2888 4682 scribitur
2937 4629 3080 4698 apud
3139 4631 3434 4691 Codinum.
3468 4639 3619 4694 inte-

2033 4735 2190 4792 grum
2216 4731 2299 4775 est
2317 4719 2566 4789 φυάλιον,
2591 4721 2778 4774 velum.
2813 4720 2926 4774 Viri
2975 4724 3138 4789 docti,
3164 4725 3265 4780 hoc
3289 4738 3373 4782 est
3394 4727 3615 4798 Junius,

2033 4815 2212 4884 inquit
2243 4814 2605 4876 Glossarium,
2625 4815 3045 4883 interpretantur
3073 4820 3291 4872 vitream
3305 4827 3612 4880 carbasum.

2035 4907 2159 4963 Non
2183 4910 2467 4963 assentior.
2497 4909 2830 4962 lieeentiores
2851 4908 3332 4982 Grtt'cicrassiares
3375 4931 3615 4982 pronun-

2032 4999 2257 5053 tiatione
2282 5009 2331 5052 et
2366 4998 2774 5063 πλατυάζοντες
2803 5000 2878 5053 sic
2905 4979 3197 5069 erfa'eliant
3255 5003 3424 5058 velum
3468 5007 3617 5063 Lati-

2031 5109 2242 5145 norum.
2275 5091 2532 5147 Germani
2565 5108 2782 5163 quoque
2813 5103 3008 5149 vocant
3043 5109 3263 5150 sacrum
3288 5098 3618 5172 velum,quo

2029 5185 2296 5240 moniales
2330 5187 2602 5251 velantur,
2627 5188 2711 5241 ein
2738 5186 2916 5242 weihel
2949 5203 3044 5243 seu
3066 5189 3200 5256 weil,
3226 5192 3512 5251 manifesta
3545 5213 3612 5253 ex

2027 5279 2217 5332 vocula
2248 5280 2358 5331 veto
2400 5280 2634 5349 origine.
2667 5279 2873 5335 Gners.

2104 5373 2334 5446 [Φιάλην
2365 5374 2428 5426 ad
2469 5389 2552 5427 me
2577 5374 2769 5429 scribit
2815 5373 3083 5447 Georgius
3111 5376 3368 5434 Coresius
3407 5378 3612 5435 Citien-

2027 5466 2124 5534 sis,
2158 5481 2388 5536 camque
2420 5474 2579 5521 vocat.
2629 5467 3066 5538 πολυχρώματον
3130 5472 3460 5543 ὑφασμένην
3515 5475 3612 5526 καὶ

2027 5561 2428 5631 πεπλεγμένην
2492 5560 2841 5633 καλύπτραν,
2903 5565 3094 5634 capitis
3163 5566 3386 5636 tegimen
3446 5568 3612 5636 variis

2027 5656 2287 5711 coloribus
2323 5657 2686 5711 intertextum.
2731 5655 2812 5711 An
2854 5657 2925 5712 ob
2952 5674 3161 5729 pennas
3195 5663 3277 5714 vel
3317 5659 3610 5715 volitantes

2027 5751 2366 5821 mobilesque
2395 5767 2637 5822 gemmas
2692 5751 2902 5822 φυάλην
2957 5751 3236 5807 fontanam
3294 5753 3604 5808 machinam

2030 5846 2352 5916 grandinem
2412 5861 2677 5916 aquarum
2746 5862 2983 5918 superne
3018 5855 3371 5921 eructantem
3437 5847 3606 5904 fuerit
