4064 6414
366 283 474 344 33.3

1468 269 1548 328 ΙΝ
1594 265 1893 329 LIBRUM
1936 263 2034 322 DE
2073 256 2409 320 OFFlCllS
2447 253 2552 313 (ΣΡ.

3526 241 3629 303 324

370 394 601 456 imitata,
636 391 775 444 alius
800 386 1149 461 judicavcrit.
1181 386 1250 439 De
1275 384 1469 456 phyala
1495 384 1641 440 l‘ontc
1671 384 1722 438 in
1748 381 1958 439 Ellt'iIO'

2074 378 2129 430 .lc
2178 372 2531 428 tumultuaria
2581 365 2874 420 Antltonici
2934 362 2986 416 itt
3037 359 3232 416 solium
3267 355 3633 428 promotioue,

366 485 560 552 logicis
592 483 974 538 disseruimus.
1013 477 1212 549 Gesn]

436 576 570 630 P5l.
604 573 1230 643 Tropteuchiaatropteo
1272 586 1366 626 seu
1438 568 1943 638 trophmo.(}nt-:rs.

436 665 689 738 [Tropma
730 674 892 721 sonat
941 665 1058 720 haec
1121 657 1289 720 dictio
1357 665 1796 732 triumphosque,
1859 680 1957 715 nec

368 752 680 812 immerito:
713 757 878 811 refert
921 759 1062 812 enim
1091 767 1379 826 augustum
1408 757 1539 810 illud
1573 767 1626 810 et
1663 773 1735 824 prs
1762 757 1956 805 lies!!!"

364 849 600 919 tegimen
669 849 866 918 capitis
927 846 1222 903 candicans
1305 849 1611 918 etgetnmis
1678 854 1956 906 ornatum,

363 953 475 1007 quo
513 943 580 994 de
647 950 801 1010 parta
866 935 1094 995 victoria
1163 939 1495 996 la‘tabautur
1574 941 1957 1009 imperatores.

361 1031 622 1088 Coresqu
656 1035 708 1088 in
744 1033 1055 1104 rescriptis.
1094 1017 1299 1104 Genu]

437 1115 523 1179 Ib.
581 1114 976 1180 Justinianeum
1031 1141 1060 1179 tt
1108 1123 1423 1180 Justiuiano
1469 1123 1828 1193 imperatore,
1867 1122 1962 1192 qui

363 1211 512 1286 quali
559 1207 799 1286 tegmine
822 1219 1021 1288 capitis
1043 1232 1178 1273 usus
1201 1217 1298 1288 sit,
1321 1227 1550 1287 apparet
1584 1217 1768 1288 aliquo
1799 1217 1964 1272 modo

363 1325 429 1365 ex
474 1311 721 1380 antiquis
777 1311 1153 1378 numismatis,
1189 1329 1424 1385 quorum
1475 1311 1737 1366 nonnulla
1771 1311 1962 1366 lectori

362 1403 661 1481 spectanda
698 1405 1091 1473 proposuimus
1121 1415 1250 1460 tom.
1290 1405 1350 1460 Ill
1382 1407 1450 1460 de
1477 1405 1536 1460 S.
1571 1403 1770 1469 Cruce,
1800 1418 1840 1467 t,
1870 1400 1960 1456 20.

440 1483 644 1548 Ibidem
712 1494 858 1561 dixi,
924 1493 1254 1552 Justinianei
1310 1497 1542 1553 formam
1608 1510 1728 1552 esse
1797 1511 1961 1566 quam

368 1581 1029 1651 ibidemreprzeseutatus
1077 1602 1334 1639 nummus
1403 1584 1668 1654 antiquus
1720 1583 1961 1637 exhibet.

367 1672 642 1742 Improbat
678 1677 780 1731 hoc
807 1669 926 1730 Nic.
957 1677 1296 1733 Alamannus
1332 1677 1386 1731 in
1423 1675 1826 1733 commentario
1893 1675 1960 1730 ad

369 1765 629 1821 arcanam
663 1769 948 1824 historiam
979 1771 1252 1841 Procopii,
1280 1772 1405 1840 quia
1425 1780 1548 1826 ante
1578 1769 1956 1826 Justinianum

372 1858 740 1930 Theodosius,
775 1863 1106 1928 Marcianus,
1171 1863 1300 1930 Leo,
1328 1863 1502 1929 Zeno,
1547 1864 1872 1918 Anastasius
1905 1870 1961 1918 et

365 1950 616 2030 Justinus
681 1956 932 2011 eamdem
1001 1957 1308 2027 πτερωτήν,
1381 1957 1623 2020 cristam,
1696 1958 1748 2010 in
1808 1955 1960 2024 galea

368 2041 675 2113 gestarum,
708 2058 765 2101 ut
795 2048 1053 2102 ineorum
1084 2048 1434 2104 numisntatis
1466 2057 1712 2117 apparet;
1795 2057 1961 2115 atquc

367 2139 460 2193 illa
491 2148 575 2193 est
604 2156 769 2206 quant
797 2143 1190 2212 τροπαιουχίαν
1253 2150 1504 2196 vocatam
1531 2141 1672 2195 idem
1710 2129 1959 2197 Codiuus

367 2229 627 2286 al'lirmat.
660 2231 857 2286 Verum
899 2243 958 2288 ut
993 2226 1342 2289 Jttstiuianus
1371 2231 1613 2302 integras
1681 2233 1845 2288 urbes
1907 2244 1963 2287 et

372 2321 460 2377 res
529 2322 667 2379 alias
720 2340 751 2378 a
820 2340 921 2380 suo
993 2326 1218 2380 nomine
1299 2325 1593 2380 ambitiose
1655 2326 1965 2381 nominavit

369 2413 656 2468 exstinctis
742 2415 938 2484 priscis
1021 2417 1504 2486 appellationibus,
1603 2417 1677 2472 ita
1729 2425 1783 2472 et
1839 2411 1966 2471 huic

376 2496 572 2570 capitis
602 2501 871 2570 φορέματι
903 2517 994 2556 seu
1028 2503 1323 2573 gestamini
1352 2521 1510 2560 suum
1588 2521 1786 2561 nomen
1864 2505 1965 2560 im—

377 2593 582 2662 ponere
609 2594 808 2661 potuit,
849 2593 977 2648 licet
1016 2595 1085 2650 ab
1138 2597 1582 2654 antecessoribus
1643 2593 1759 2653 suis
1798 2599 1962 2653 etiam

380 2682 955 2753 usurpattttn‘l'uisset.
995 2688 1063 2742 At
1097 2688 1500 2744 Justinianeum
1562 2692 1665 2746 hoc
1714 2693 1964 2747 diadema

377 2792 486 2832 non
511 2778 762 2833 bellicum
792 2787 880 2833 aut
914 2793 1194 2837 castrense
1217 2782 1336 2846 fuit,
1385 2787 1478 2838 SBli
1533 2784 1792 2851 civicum;
1859 2801 1968 2856 quo

375 2875 429 2919 et
456 2866 509 2920 in
547 2869 720 2922 sacris
757 2877 811 2924 et
838 2871 891 2924 in
932 2872 1184 2928 ecclesiis
1212 2874 1486 2929 utebatur.
1521 2873 1627 2930 Sed
1686 2874 1740 2930 et
1800 2870 1966 2933 Codi-

380 2961 484 3014 nt'ts
524 2961 659 3016 satis
697 2961 901 3018 indicat
929 2967 1308 3034 tropaeuchian
1355 2977 1411 3022 et
1472 2967 1883 3025 Justinianeum
1913 2978 1969 3027 et

379 3051 485 3105 alia
516 3053 746 3109 arbitrio
799 3055 1144 3124 imperatoris
1179 3064 1286 3112 tam
1325 3059 1468 3114 domi
1516 3075 1621 3130 qua
1689 3060 1818 3116 alibi
1881 3078 1972 3133 ge-

373 3152 520 3201 stata
541 3161 554 3199 :
579 3145 654 3200 ait
675 3147 818 3202 enim
844 3148 1019 3212 :_'Ert‘t
1045 3149 1101 3201 δὲ
1125 3151 1369 3221 κεφαλῆς
1401 3152 1694 3224 φορέματα
1713 3151 1968 3224 διάφορα,

379 3235 513 3289 ποτὲ
554 3237 656 3307 μὲν
681 3238 742 3291 τὸ
781 3238 1189 3308 ὀνομαζόμενον
1248 3243 1668 3314 τροπαιουχῐαν,
1730 3245 1860 3298 ποτὲ
1918 3244 1976 3298 δὲ

333 3397 337 3401 _
389 3329 845 3398 Ἰουστινιὰνειον,
887 3333 944 3384 ἐν
993 3332 1176 3397 ἄλλοις
1237 3333 1294 3388 δὲ
1351 3335 1660 3406 ὑπέρτερον
1696 3348 1803 3392 etc.
1842 3335 1976 3392 ’Λπδ

380 3421 480 3490 μὲν
521 3417 614 3475 οὖν
643 3424 903 3476 τοιούτων
936 3427 1268 3498 φορεμάτων
1323 3430 1483 3498 φορεῖ
1525 3432 1551 3482 ὁ
1608 3427 1860 3498 βασιλεὺς
1889 3417 1976 3484 οἷα

384 3514 452 3567 ἂν
487 3513 754 3584 βούλοιτο.
788 3515 862 3569 Ex
897 3518 1097 3584 quibus
1120 3519 1312 3574 Codini
1341 3519 1524 3575 verbis
1546 3520 1714 3590 liquet
1746 3522 1980 3592 impera—

382 3615 562 3660 torem
590 3607 738 3660 va'ria
759 3607 1020 3664 habuisse
1042 3609 1238 3676 capitis
1257 3611 1571 3679 φορέματα,
1597 3621 1652 3665 et
1705 3612 1974 3667 arbitratu

382 3712 485 3751 suo
509 3711 658 3751 nunc
692 3697 798 3752 hoc
831 3713 978 3752 nunc
1022 3698 1154 3755 illud
1207 3709 1476 3768 gestasse.
1509 3699 1835 3757 Justiniauei
1866 3702 1975 3758 lor-

381 3805 528 3865 mam
555 3791 713 3846 nobis
754 3791 1088 3848 Alemannus
1129 3793 1350 3848 exhibet
1386 3808 1452 3848 ex
1492 3793 1675 3850 tabula
1709 3796 1974 3866 quadam,

381 3897 508 3953 qua:
565 3897 731 3953 opere
784 3883 1002 3940 musi'vo
1064 3881 1341 3941 Ravennae
1396 3895 1608 3943 exstat:
1649 3902 1758 3942 non
1810 3894 1976 3960 nega-

387 3974 559 4029 verim
599 3973 979 4030 Justinlanum
1046 3977 1140 4031 tali
1192 3978 1388 4048 capitis
1427 3987 1746 4052 tegumento
1777 3989 1973 4036 usum:

305 4133 311 4138 _
380 4068 474 4124 sed
512 4069 616 4124 hoc
654 4083 773 4125 esse
823 4071 1003 4140 ipsum
1055 4067 1465 4127 Justinianeum
1519 4089 1583 4129 ex
1647 4075 1825 4131 tabula
1883 4076 1974 4131 illa

379 4161 599 4231 probari
637 4177 746 4216 non
787 4171 986 4232 potest.
1030 4163 1237 4221 GRETS.

451 4255 610 4324 291
657 4255 726 4328 [A
773 4255 1092 4314 Justiniano
1153 4270 1431 4332 acceptam
1470 4263 1796 4336 καλύπτραν
1855 4266 1978 4336 ejus

383 4347 718 4402 numismata
762 4356 816 4402 et
871 4350 1094 4420 antiqua
1141 4359 1448 4408 statuarum
1495 4357 1877 4420 monumenta,
1925 4357 1972 4411 si

2029 467 2248 541 ,Ἁλλοι
2285 462 2493 534 δὲῚτὴν
2553 458 2867 528 καπνηρὰν,
2929 454 3125 524 inquit,
3186 453 3279 504 καὶ
3337 463 3641 541 πυραμοειῖ

2059 537 2326 628 δῖῖἒρέαν
2350 556 2448 623 τῆς
2497 551 2743 622 κεφαλῆς
2807 546 3136 618 ἀφελόμενοι
3205 541 3423 612 πυρσὴν
3487 537 3639 607 αὐτῷ

2062 635 2408 728 περῖψεντο,
2439 647 2536 700 καὶ
2560 643 2756 716 στολὴν
2813 637 3100 713 βασιλικὴν
3146 635 3405 690 ἐνέδυσαν
3438 632 3638 700 ἕτεροι.

2061 731 2264 813 Gesn]

2132 831 2543 888 Gestamiuibus
2567 844 2689 900 qua“
2719 829 3022 896 imperator
3048 823 3154 876 fert
3189 823 3240 874 in
3269 819 3469 887 capite,
3503 814 3643 870 adde

2065 923 2228 978 etiam
2288 923 2422 978 illud
2491 921 2636 992 quod
2695 918 2962 989 Georgius
3023 913 3359 983 Aeropolita,
3411 923 3644 978 magnus

2066 1015 2362 1085 logotheta,
2389 1015 2442 1068 ἰη
2459 1030 2559 1070 suo
2597 1011 2875 1067 Chronico
2903 1007 3138 1079 appellat
3156 1003 3519 1076 jpyramidem,
3553 1001 3644 1054 tthi

2065 1107 2134 1161 de
2164 1107 2355 1161 lsaaeo
2385 1108 2716 1176 imperatore
2737 1120 2764 1156 a
2795 1100 3048 1170 Bulgaris
3073 1099 3290 1154 devicto
3317 1097 3428 1165 agit
3455 1111 3512 1165 p.
3536 1094 3608 1147 «εξ
3632 1109 3646 1143 :

2067 1199 2138 1253 Et
2173 1201 2270 1253 hoc
2304 1209 2551 1267 tempore,
2595 1193 3063 1267 inqttit,_Bulgari
3091 1193 3256 1245 tantis
3288 1190 3652 1243 Romanorum

2065 1293 2247 1362 spoliis
2285 1291 2560 1362 acquisitis
2610 1290 2891 1360 superbius
2933 1287 3352 1354 insolentiusque
3402 1299 3456 1337 se
3502 1297 3649 1351 gere-

2065 1387 2230 1441 bant:
2269 1387 2380 1440 Καὶ
2410 1386 2520 1455 γὰρ
2557 1386 2652 1437 καὶ
2699 1385 2764 1437 ὲκ
2811 1382 2924 1436 τῶν
2963 1379 3267 1451 βασιλικῶν
3303 1376 3654 1444 παρασήμων

2066 1480 2136 1533 τὰ
2187 1482 2572 1549 καιριώτερα*
2636 1479 2735 1539 τάς
2787 1494 2846 1529 τε
2906 1474 3016 1544 γὰρ
3075 1472 3168 1525 τοῦ
3228 1463 3493 1541 βασιλέως
3550 1464 3653 1525 τὰς

2069 1575 2386 1644 πυραμίδας
2438 1566 2795 1626 ἀνελάῖοντο.
2846 1570 2925 1624 Ad
2979 1583 3099 1638 qua:
3154 1566 3421 1633 interpres
3473 1561 3648 1614 Theo-

2067 1668 2239 1722 dorus
2306 1667 2532 1720 Dousa:
2599 1665 2858 1735 Πυραμίς
2891 1671 3006 1716 erat
3060 1659 3234 1730 pile-us
3293 1644 3670 1715 arumimttus;

2068 1763 2242 1814 instar
2276 1760 2592 1829 pyramidis,
2637 1756 2999 1813 Orientalium
3040 1753 3335 1824 principum
3368 1755 3652 1818 gestamen.

2069 1855 2235 1924 Cujus
2261 1865 2442 1925 postea
2467 1855 2658 1906 iterum
2681 1861 2867 1905 auctor
2887 1849 3160 1903 meminit:
3190 1849 3230 1899 K
3243 1847 3299 1898 at
3319 1835 3386 1896 τὰ
3413 1846 3510 1913 μὲν
3534 1845 3658 1911 ἐρυ-

2071 1947 2178 2016 θρᾶ
2195 1938 2741 1998 πέδιλαάπεῦἁλλετο
2763 1944 2978 2012 καῖτὴν
3014 1940 3440 2010 περιμάργαρον
3480 1943 3658 2004 πυρα-

2075 2041 2202 2108 μίδα
2235 2079 2249 2105 ,
2278 2041 2357 2101 εἰς
2408 2038 2473 2110 ἢν
2507 2038 2602 2091 καὶ
2664 2036 2812 2100 λίθος
2862 2035 3246 2106 ύπερκὰθηται
3309 2033 3583 2093 πὸκκινος,
3622 2031 3659 2083 ἃ

2073 2131 2329 2201 βασιλικὰ
2384 2127 2654 2200 σύμϐολκ.
2719 2130 3164 2194 Cantacuzenns,
3201 2126 3279 2208 Δ,
3337 2127 3391 2189 5,
3453 2124 3653 2194 pilcum

2075 2227 2220 2280 hunc
2270 2241 2364 2279 seu
2422 2226 2616 2278 tiaram
2671 2224 2739 2278 ab
2795 2224 3004 2278 inserto
3067 2221 3268 2274 unione
3318 2234 3417 2274 seu
3479 2215 3660 2287 lapide

2077 2319 2315 2388 pretioso
2349 2316 2750 2388 synccdochlcc
2787 2316 3039 2369 nominat
3073 2314 3164 2366 τὸν
3199 2313 3294 2366 ἐπὶ
3351 2312 3450 2380 τῆς
3485 2313 3662 2378 κεφα-

2076 2413 2174 2482 λῆς
2214 2412 2386 2465 λίθον.
2416 2409 2480 2464 Εῑ
2504 2411 2560 2476 4,
2594 2408 2686 2476 57,
2724 2409 2840 2463 haec
2864 2407 3052 2461 eadem
3087 2403 3227 2460 tiara
3262 2413 3348 2459 est
3381 2404 3665 2459 Cantacu-

2077 2514 2214 2555 zeno
2241 2501 2374 2570 λίθῳ
2403 2500 2827 2570 κεκοσμημένος
2859 2497 3033 2562 πῖλος.
3065 2497 3160 2552 Est
3212 2492 3520 2566 sytubol'um
3554 2496 3663 2549 im-

2077 2595 2279 2662 periii,
2313 2595 2364 2649 5.
2399 2593 2669 2660 Quoeirca
2699 2590 2978 2646 diversum
3006 2591 3179 2645 forma
3219 2590 3393 2645 fuisse
3419 2593 3663 2659 oportuit

2077 2687 2229 2740 illum
2288 2695 2450 2755 qnem
2497 2685 2760 2756 fugitivus
2795 2683 3148 2738 Andronicus
3179 2682 3498 2737 Cotuncnus
3557 2682 3661 2736 im-

2078 2788 2298 2848 perator
2345 2777 2547 2843 induit,
2613 2777 2740 2833 licet
2803 2776 3104 2849 pyramidis
3146 2789 3367 2846 quoque
3419 2774 3660 2844 speciem

2079 2883 2189 2941 pra:
2217 2887 2277 2927 se
2308 2872 2516 2926 ferret:
2551 2871 2716 2924 Πῖλον
2764 2871 2872 2942 γὰρ
2923 2870 3268 2941 βαρϐαρικὸν
3321 2871 3386 2939 τῇ
3447 2868 3660 2937 κεφαλῇ

2078 2964 2466 3036 περιθέμενος,
2496 2965 2556 3028 ὃς
2591 2967 2671 3028 εἰς
2721 2963 2816 3030 ὀξὺ
2844 2966 3027 3035 λήγων
3067 2963 3336 3033 πυραμίδι
3384 2962 3662 3023 εἴκασται,

2077 3057 2177 3128 τὴν
2207 3057 2495 3130 βασιλικὴν
2531 3058 2762 3110 εἴσεισιν
2791 3057 2951 3122 αὖθις
2978 3058 3210 3128 τριήρη,
3244 3059 3303 3111 tit
3338 3056 3415 3109 ait
3443 3054 3669 3112 Nicetes

2078 3149 2114 3205 l.
2148 3167 2184 3205 ll
2219 3155 2284 3205 de
2308 3151 2621 3206 Andronico
2648 3149 2955 3205 Comneno.
2983 3149 3205 3205 Grande
3237 3159 3416 3205 tamen
3446 3151 3669 3208 aliunde

2079 3244 2221 3299 inter
2261 3247 2408 3300 hunc
2439 3245 2786 3300 barbaricum
2820 3245 3216 3316 pyramidalem
3268 3245 3472 3315 pileum
3514 3255 3568 3300 et
3597 3247 3667 3300 il-

2079 3337 2190 3390 lum
2254 3337 2486 3392 alterum
2547 3337 2960 3407 itnperatOrittm
2993 3337 3373 3392 intercessisse
3425 3346 3665 3405 oportet,

2079 3447 2200 3484 (‘tltn
2231 3433 2579 3487 Andronicus
2617 3435 2764 3487 hunc
2790 3430 3166 3496 barbaricum,
3227 3447 3295 3485 ne
3331 3445 3666 3500 agnoscere-

2079 3534 2167 3578 tur
2199 3526 2514 3594 imperato'r,
2555 3525 2952 3593 asSuutpserit:
2988 3525 3136 3580 sicitt
3185 3531 3239 3578 et
3274 3524 3536 3578 turbinati
3589 3524 3666 3577 illi

2078 3618 2227 3687 pilei,
2253 3620 2439 3688 σχῆμα
2477 3617 2786 3689 πυραμίδος
2813 3617 3056 3688 ἔχοντες,
3089 3616 3291 3686 Quibus
3319 3633 3578 3688 proceres
3611 3619 3665 3672 in

2078 3713 2198 3768 aula
2229 3713 2517 3783 Cpolita’na
2575 3713 2896 3777 utebantur,
2954 3711 3146 3779 utique
3197 3711 3266 3766 ah
3309 3711 3666 3780 imperatoris

2079 3806 2427 3875 καλύπτραις
2462 3821 2556 3861 seu
2591 3805 2920 3874 tegumentis
2953 3804 3006 3858 in
3042 3804 3382 3876 pyramidem
3411 3803 3668 3873 fastigia-

2053 3901 2154 3954 -tis
2187 3900 2595 3971 discrepabant.
2634 3897 2770 3954 Vide
2803 3896 3106 3969 Gregoram
3141 3898 3211 3954 ad
3273 3898 3484 3954 calcem
3544 3897 3669 3953 liis-

2079 3995 2252 4051 terim.

2149 4087 2349 4151 (ἶι-ίοοὶ,
2398 4095 2624 4157 recepta
2657 4103 2686 4141 a
2744 4086 2953 4142 Latinis
3005 4082 3180 4155 (Spoli,
3230 4085 3372 4141 inter
3413 4085 3664 4142 Balduinl

2080 4179 2121 4234 ll
2156 4175 2502 4250 imperatoris
2526 4179 2769 4248 symbola
2801 4189 3124 4248 repererunt
3154 4178 3453 4250 caiyptram
3489 4177 3666 4233 forma

2080 4273 2289 4328 Latinis
2319 4272 2517 4328 usitata
2545 4282 2890 4327 constantem
2928 4283 2980 4325 et
3013 4272 3314 4326 tinionibus
3345 4271 3666 4326 distinctam

2082 4382 2205 4420 cum
2244 4363 2430 4436 lapillo
2467 4365 2618 4421 rubri
2653 4365 2858 4420 coloris
2891 4367 2944 4420 in
2981 4367 3185 4420 vertice
3239 4366 3455 4435 capitis,
3493 4373 3552 4418 ιιι
3611 4365 3668 4420 in

383 4454 504 4510 quae
536 4442 838 4511 supersint,
872 4445 1091 4515 scriptis
1123 4445 1330 4503 clarius
1377 4448 1707 4517 edocebunt.
1760 4451 1966 4524 Genu]
2004 4457 2044 4512 D
2075 4458 2350 4512 Pandectc
2379 4457 2570 4513 scribit
2625 4456 2996 4513 Leunclavitts
3051 4473 3114 4513 ex
3155 4457 3395 4514 Praetore
3445 4457 3669 4513 Grmciat

446 4531 584 4588 Ibid.
617 4531 724 4587 Pro
753 4534 1058 4605 ὑπέρτερον
1089 4536 1326 4592 libenter
1356 4537 1594 4608 legerem
1627 4541 1974 4612 ύπὲρπυρον,

383 4631 443 4677 ut
493 4625 569 4678 sit
599 4635 882 4694 gestamen
955 4626 1152 4694 capitis
1214 4627 1390 4683 instar
1459 4628 1603 4699 ignis
1627 4609 1971 4690 .ﬂammans.

383 4716 598 4773 Csars.

452 4833 864 4905 [Καλύπτρας.
915 4831 1088 4904 Hujus
1123 4840 1322 4889 nomen
1371 4834 1619 4890 innuisse
1651 4845 1705 4889 et
1747 4836 1975 4908 ﬁguram

379 4938 809 4997 repraesentasse
831 4928 1045 4984 videtur
1069 4926 1352 4984 Cedrenus
1379 4928 1430 4982 itt
1456 4927 1693 4983 Basilio:
1716 4927 1978 5000 Στεφάνῳ

385 5019 571 5089 χρυσῷ
599 5021 762 5090 λόφον
788 5021 1098 5092 ἐφύπερθεν
1121 5021 1296 5092 ἔχοντι
1324 5020 1730 5092 ἐθριάμϐευσεν
1751 5025 1982 5089 ἐστεφα-

389 5112 656 5180 νωμένος.
717 5115 1077 5186 ’Υπέρπυρον
1131 5116 1422 5185 legendum
1466 5116 1713 5184 suggerit
1753 5113 1976 5170 Gretse-

387 5216 503 5258 rus.
540 5203 657 5258 Non
693 5207 902 5273 ignare,
931 5224 1019 5263 me
1051 5208 1298 5264 hercule.
1336 5209 1491 5280 Legit
1522 5210 1668 5263 enim
1705 5207 1843 5264 idem
1873 5207 1978 5262 Co-

389 5297 570 5352 rcsius
605 5298 733 5351 dum
773 5299 1024 5354 rescribit
1054 5318 1068 5356 :
1101 5302 1176 5354 Τὸ
1225 5302 1549 5374 ὺπέρπυρον
1603 5299 1842 5372 tegimen
1895 5307 1980 5356 est

387 5390 605 5460 capitis,
645 5391 867 5446 hostilis
904 5394 1190 5462 sanguinis
1225 5393 1540 5451 el'l'uudend't
1599 5409 1786 5458 omen,
1841 5393 1976 5462 regii

385 5483 594 5539 furoris
625 5485 676 5538 in
713 5484 1058 5540 adversarios
1114 5488 1412 5556 profecturi
1471 5489 1710 5559 signum,
1774 5486 1975 5540 eximia

386 5591 628 5646 purpura
690 5576 958 5642 iocatum,
995 5593 1104 5647 quo
1165 5594 1224 5632 se
1281 5582 1644 5651 imperatores
1703 5579 1790 5634 vel
1844 5576 1976 5632 belli

391 5681 638 5739 tempore
672 5671 752 5724 vel
789 5672 841 5724 in
865 5671 986 5741 ipso
1015 5672 1274 5727 conﬂictu
1303 5674 1586 5734 volabant.
1651 5671 1790 5727 Illud
1861 5670 1974 5723 for-

390 5771 535 5818 tasse
563 5762 776 5835 τιύρσης
810 5765 1031 5846 nomine
1065 5763 1302 5843 pNicetas
1354 5765 1538 5844 voluit.
1591 5762 1847 5833 intelligi,
1884 5762 1976 5818 ubi

2087 4551 2354 4605 historico
2384 4549 2610 4606 inedito.

2155 4642 2389 4699 Basilius
2426 4643 2933 4714 Porphyrogenitus
2966 4644 3108 4714 apud
3135 4641 3407 4697 Zonaram
3466 4633 3669 4696 trimi-

2083 4738 2216 4808 pltat
2240 4736 2410 4808 τιάρᾳ
2432 4737 2746 4801 ταινιωθεὶς
2771 4737 2955 4808 ὀρθία,
2986 4736 3052 4807 ἢν
3090 4733 3301 4804 τοῦφαν
3339 4734 3500 4787 καλεῖ
3527 4734 3556 4786 ὁ
3579 4734 3673 4804 δησι-

2088 4826 2269 4900 μὼδης
2295 4831 2392 4882 καὶ
2419 4829 2589 4894 πολὺς
2631 4829 2945 4899 ἄνθρωπος,
2983 4827 3148 4898 292
3189 4827 3372 4898 inquit
3402 4824 3671 4882 Zonaras.

2082 4919 2247 4974 Addit
2274 4929 2518 4992 etymou,
2557 4920 2745 4974 nescio
2769 4935 2932 4989 quam
2962 4935 3090 4975 vere
3115 4938 3127 4973 :
3156 4919 3338 4988 Τῡφον
3366 4916 3519 4989 οἶμαι
3542 4918 3677 4972 ὠνο-

2087 5013 2380 5083 μασμένην
2419 5013 2496 5075 ὼς
2526 5012 2872 5080 τετυφῶσθαι
2901 5013 3168 5066 ποιοῦσαν
3193 5012 3320 5074 τοὺς
3353 5012 3531 5084 ταύτῃ
3547 5013 3676 5064 ἀνα-

2083 5107 2404 5178 δουμένους.
2446 5106 2580 5172 Quae
2615 5115 2700 5162 est
2731 5107 2907 5178 magis
2936 5107 3026 5177 pia
3054 5121 3220 5178 quam
3263 5119 3389 5161 vera
3418 5105 3665 5175 origina-

2085 5200 2178 5255 tio.
2217 5200 2499 5255 Cedrenus
2525 5201 2592 5255 de
2615 5199 2805 5256 eodem
2854 5201 3101 5271 ejusdem
3138 5199 3320 5255 Basilii
3357 5200 3674 5269 triumpho:

2082 5295 2344 5364 Στεφάνῳ
2385 5293 2576 5364 χρυσῷ
2625 5293 2787 5364 λόφον
2836 5293 3148 5365 ἐφύπερθεν
3203 5293 3386 5364 ἔχοντι
3437 5291 3677 5362 ἐθριάμ-

2085 5388 2280 5440 ϐευσεν
2336 5387 2823 5458 ἐστεφανωμένος.
2856 5387 3096 5442 Cristata
3135 5387 3408 5463 nimirum
3470 5400 3675 5441 corona

2083 5488 2306 5550 propter
2337 5479 2560 5550 tupham
2614 5495 2711 5535 seu
2746 5479 3085 5549 ﬂammulam
3124 5519 3137 5544 ,
3177 5494 3282 5549 qua
3339 5477 3677 5550 insignieba-

2084 5583 2194 5638 tur,
2237 5589 2402 5642 quam
2434 5571 2720 5629 Cedrenus
2755 5584 2912 5628 vocat
2945 5572 3137 5641 λόφον,
3169 5572 3240 5626 ob
3285 5585 3449 5641 quant
3479 5571 3676 5641 vulgus

2086 5670 2281 5721 tiaram
2325 5668 2484 5722 istaut
2520 5665 2695 5735 tupha:
2724 5664 2950 5721 nomine
2981 5665 3185 5721 ali‘ecit.
3217 5664 3425 5720 GRBTS.

2156 5761 2217 5816 P.
2253 5758 2340 5816 5t.
2398 5757 2714 5831 [Σταυρόν.
2750 5758 2868 5816 Duo
2902 5766 3034 5817 sunt
3066 5758 3418 5831 imperatoris
3457 5763 3676 5826 sceptra
