4064 6416
340 326 452 389 325

1425 325 1814 386 GRETSERI
1862 327 1957 385 ET
2002 318 2241 385 G'OARI
2288 326 2530 386 NOT/E.

3523 327 3628 392 323

337 444 573 515 σταυρὸς
614 445 709 499 καὶ
739 443 970 519 νάρθηξ,
1008 459 1140 499 crux
1170 455 1216 500 et
1252 445 1447 514 ferula.
1485 446 1561 498 De.
1591 446 1797 515 quibus
1835 443 1914 515 Syr

2046 447 2340 499 nocentius.
2383 445 2716 517 Mandylium
2747 461 2880 504 suos
2924 447 3132 504 natales
3189 448 3356 501 etiam
3412 447 3630 502 nemine
3689 449 3693 453 ’

337 549 495 593 meon
525 533 932 594 Thessalonicae
955 540 1247 608 episcopus
1277 554 1290 592 :
1324 538 1482 592 Μετὰ
1511 539 1572 590 τὸ
1602 536 1793 590 λαϐεῖν
1822 538 1916 590 τὸν

334 629 569 699 σταυρὸν
595 631 677 694 εἰς
707 632 906 700 δεῖγμα
941 631 1041 700 τῆς
1070 630 1377 693 εὐσεϐείας,
1418 631 1508 684 καὶ
1531 629 1630 701 τὴν
1655 629 1916 693 ἀκακίαν,

333 725 471 794 ὅπερ
525 723 658 794 χοῦς
695 725 814 779 ἐστι
858 727 1146 796 σημαίνων
1172 724 1234 778 τὸ
1295 724 1544 796 φθαρτὸν
1592 725 1693 791 τῆς
1742 721 1919 794 ἀρχῆς

334 819 430 872 καὶ
457 816 555 889 τὴν
581 819 643 872 ὲκ
668 816 862 871 τούτου
889 815 1248 880 ταπείνωσιν,
1279 819 1378 870 καὶ
1413 815 1495 868 ἔτι
1533 807 1729 887 ῥάϐδον
1782 816 1921 886 λαμ-

336 910 509 976 ϐάνει,
530 911 590 964 οὐ
619 910 845 982 βαρεῖαν
872 915 995 966 τινὰ
1019 915 1114 968 καὶ
1133 913 1404 983 σκληρὰν,
1427 913 1543 967 ἀλλ’
1569 912 1808 982 ἐλαφρὰν
1828 914 1924 965 καὶ

339 1005 585 1074 μαλακὴν
605 1005 693 1058 διὰ
714 1004 773 1058 τὸ
798 1004 1148 1060 παιδευτικὸν
1171 1008 1230 1060 ὲν
1253 1010 1533 1077 πραότητι
1558 1006 1652 1062 καὶ
1677 1005 1751 1074 μὴ
1776 1004 1922 1076 ὀργί-

336 1098 426 1150 λον
455 1097 547 1150 καὶ
579 1096 900 1167 φθαρτικὸν,
939 1099 1075 1168 μηδὲ
1128 1097 1418 1170 συντρῖϐον
1483 1099 1580 1153 καὶ
1635 1097 1919 1167 ἀφανίζων.

339 1191 477 1246 illud
507 1206 668 1261 porro
699 1192 924 1256 mirum,
959 1193 1200 1261 ligneum
1241 1201 1454 1271 tantum
1485 1202 1784 1262 utrumque
1814 1190 1919 1246 GP.

340 1284 729 1354 imperatorum
756 1283 927 1340 fuisse
955 1295 1255 1354 sceptrum.
1306 1286 1380 1340 De
1434 1286 1695 1340 nartheee
1727 1298 1813 1340 res
1843 1295 1925 1339 est

341 1377 562 1430 indubia
592 1393 607 1430 :
649 1375 802 1430 cruci
835 1376 1030 1447 ligneae
1059 1377 1265 1446 eliigics
1300 1374 1568 1432 Manueiis
1598 1393 1720 1432 eam
1755 1391 1922 1430 manu

340 1471 606 1540 gestantis
639 1478 929 1526 attestatur
953 1470 1006 1523 in
1037 1469 1477 1542 Saudionysiaco
1498 1481 1552 1525 et
1581 1469 1752 1541 Regio
1781 1484 1921 1524 ms.:

339 1563 394 1617 in
430 1579 494 1617 eo
525 1562 802 1632 siquidem
840 1564 1022 1618 crucis
1059 1565 1206 1634 virga
1239 1564 1444 1619 citrino‘
1495 1572 1709 1619 tantum
1741 1564 1925 1620 colore

338 1657 504 1723 picta,
539 1671 670 1709 crux
701 1665 884 1709 autem
934 1656 986 1710 in
1015 1665 1264 1712 extremo
1316 1659 1419 1711 fixa
1448 1674 1585 1714 auro
1633 1663 1761 1715 licta
1797 1675 1927 1714 con-

335 1750 588 1817 spicitur.
619 1748 998 1818 Emtdcmque
1034 1762 1230 1805 auctor
1261 1751 1597 1808 clarioribus
1637 1753 1790 1807 omni
1822 1768 1922 1807 co-

2023 535 2363 590 admonente
2395 537 2602 607 prodit.

2094 628 2448 696 imperatoris
2471 629 2655 684 itidem
2682 629 2917 702 insignia
2946 644 3100 685 erant
3118 645 3385 700 purpurea
3411 628 3627 692 πέδιλα,

2025 735 2150 788 qua:
2182 736 2328 776 nunc
2351 721 2513 792 293
2542 723 2736 790 calcei,
2765 740 2913 778 nunc
2945 724 3216 786 sandalia,
3247 740 3396 777 nunc
3429 738 3624 786 acrem,

2025 829 2174 868 nunc
2207 813 2447 884 cre'pidae
2487 796 2800 874 vertuntur.
2837 820 2902 873 Et
2953 819 3170 888 quidem
3202 817 3407 887 ἐρυθρά
3439 818 3623 878 rubra,

2025 906 2258 960 κόκκινα
2323 924 2418 962 seu
2483 911 2808 980 κοκκοϐαφῆ
2845 927 3002 964 cocco
3057 911 3272 974 tiuctu,
3332 925 3441 964 non
3500 914 3624 964 sine

2026 999 2223 1067 aquilis
2249 1017 2262 1058 :
2293 1017 2416 1071 qua:
2449 1009 2503 1057 et
2535 1002 2779 1072 τζάγγαι
2830 1020 2926 1059 seu
2983 1001 3225 1070 τζάγκαι
3275 1005 3620 1069 dicebantur,

2027 1107 2202 1159 usque
2241 1094 2306 1148 ad
2359 1109 2536 1164 genua
2575 1098 2971 1168 pertingentia.
3010 1097 3056 1153 si
3096 1101 3230 1153 fides
3265 1097 3538 1166 Procopio
3583 1100 3618 1150 i.

2029 1201 2087 1240 III
2125 1186 2199 1240 De
2239 1187 2491 1244 aedificiis
2543 1187 2862 1245 Justlniani.
2915 1191 3278 1262 ’Υποδήμοιτα
3330 1193 3494 1262 μέχρι
3541 1195 3620 1255 εἰς

2028 1279 2158 1346 γόνυ
2191 1280 2448 1348 φοινικοῦ
2472 1283 2786 1353 χρώματος,
2817 1284 2853 1338 ἃ
2885 1285 2948 1353 δὴ
3002 1285 3228 1354 βασιλέα
3286 1285 3451 1354 μόνον
3488 1287 3625 1338 Ῥω-
3675 1348 3691 1367 .

2031 1373 2209 1442 μαίων
2243 1391 2301 1426 τε
2341 1374 2438 1428 καὶ
2499 1377 2731 1446 Περσῶν
2785 1377 3105 1432 ὑποδεῖσθαι
3139 1378 3316 1446 θέμις.
3377 1377 3620 1432 Posteris

2031 1469 2375 1538 temporibus
2413 1471 2553 1523 idem
2594 1471 2773 1525 honos
2803 1473 3038 1547 principi
3090 1471 3362 1542 Bulgaria
3393 1488 3621 1527 conces-

2029 1577 2145 1629 sus,
2187 1563 2327 1617 inter
2353 1567 2510 1634 cujus
2541 1565 2775 1635 insignia
2797 1577 2956 1620 erant
2990 1583 3153 1620 aurea
3186 1569 3406 1632 corona,
3444 1574 3503 1620 ut
3537 1576 3623 1620 est

2029 1654 2173 1724 apud
2204 1655 2471 1711 Joannem
2508 1659 2896 1727 Curopalatam
2923 1659 2978 1715 in
3003 1660 3294 1724 Tzimisce,
3324 1661 3419 1714 καὶ
3454 1659 3620 1730 τιάρα

2030 1751 2342 1821 νενησμένη
2376 1752 2440 1803 ὲκ
2499 1751 2727 1821 βύσσου,
2786 1754 2885 1806 καὶ
2937 1753 3136 1807 πέδιλα
3191 1753 3428 1823 ἐρυθρὰ,
3495 1768 3622 1822 qua:

335 1842 453 1895 lore
484 1842 665 1896 verbis
716 1841 982 1911 depingit,
1044 1843 1135 1897 ubi
1185 1843 1444 1912 superius
1505 1845 1572 1899 de
1614 1845 1914 1914 primicerii

2030 1836 2259 1894 Zonaras
2283 1850 2414 1896 sunt
2442 1842 2798 1913 φοινικὸχροα
2822 1854 2872 1898 et
2897 1843 3098 1900 Nicetes
3130 1845 3182 1899 in
3219 1843 3430 1900 Joanne
3455 1843 3621 1899 Com-

335 1934 531 1991 baculo
558 1951 607 1988 c.
636 1935 691 1999 4,
726 1949 777 2004 p.
820 1933 904 1996 i9,
944 1951 995 1988 v.
1057 1935 1146 2000 ‘16,
1211 1938 1330 1990 ait:
1375 1937 1687 1990 Δικανίκιον
1753 1939 1920 1992 αὐτοῦ

336 2027 496 2094 ξύλον
519 2029 962 2100 κεχρυσωμένον,
987 2025 1099 2082 οἷον
1119 2029 1180 2082 τὸ
1228 2029 1324 2084 τοῦ
1376 2029 1666 2101 βασιλέως.
1695 2029 1919 2084 Δικανί-

339 2138 460 2175 κιον
495 2122 656 2178 teiam
691 2131 969 2176 vocatum.
995 2119 1196 2194 Gesn}

409 2209 494 2264 Ib.
523 2211 597 2266 De
627 2197 936 2282 biatio‘jam
964 2228 1130 2282 supra
1163 2212 1408 2268 diximus
1437 2212 1475 2267 i.
1509 2227 1572 2287 ιι,
1597 2228 1648 2269 c.
1681 2213 1735 2279 5,
1769 2212 1835 2268 ad
1863 2227 1917 2283 p.

336 2301 424 2358 18.
451 2301 654 2358 Gns'rs.

399 2395 538 2450 Ibid.
559 2394 798 2467 [Κώδικι
819 2395 1016 2463 ἐοικὸς
1031 2395 1360 2465 δεδομένον
1378 2395 1530 2466 μετὰ
1546 2395 1915 2466 μανδυλίου.

337 2488 646 2544 Graecorum
677 2490 1071 2560 imperatorum
1101 2491 1332 2560 efﬁgiem
1385 2492 1588 2563 pictam
1625 2493 1679 2546 ni
1746 2493 1919 2548 lector

335 2583 554 2648 viderit,
594 2583 684 2639 vix
733 2583 849 2640 haec
883 2585 1169 2656 percipiat.
1197 2586 1277 2641 illi
1333 2586 1640 2657 longiorem
1683 2586 1914 2642 fasciam

336 2679 644 2748 margaritis
675 2692 926 2734 ornatam
982 2679 1130 2735 velut
1189 2681 1478 2735 humerale
1539 2681 1608 2735 ab
1673 2681 1918 2736 humeris

334 2782 484 2828 retro
515 2773 840 2842 pendentem
873 2788 902 2827 a
930 2775 1123 2829 dextro
1156 2774 1329 2830 latere
1367 2785 1492 2829 ante
1525 2783 1718 2844 pectus
1776 2777 1918 2828 reei-

336 2865 494 2935 piunt
523 2875 575 2920 et
634 2865 856 2923 sinistro
921 2867 1150 2921 brachio
1207 2875 1622 2936 superponunt;
1684 2881 1746 2920 ea
1789 2881 1919 2920 vero

339 2967 618 3028 partequa
648 2975 866 3014 manum
903 2959 1145 3029 attingit,
1209 2960 1530 3029 adjunctum
1565 2968 1620 3016 et
1666 2969 1916 3015 assutum

340 3051 502 3105 habet
534 3052 824 3106 rotundum
863 3053 1170 3118 sacculum,
1209 3051 1406 3106 κώδικι
1439 3051 1638 3119 ἐοικός,
1695 3052 1917 3106 involu—

337 3157 490 3197 crum
521 3143 782 3216 nimirum
845 3146 1114 3201 volumini
1171 3146 1504 3214 complicato
1564 3145 1679 3200 sive
1730 3146 1915 3215 potius

337 3234 578 3288 involuto
609 3234 805 3299 simile,
838 3235 982 3301 quod
1019 3243 1105 3291 est
1138 3236 1270 3292 illud
1323 3236 1543 3308 βλὰτιον
1578 3237 1704 3308 ἕχον
1751 3237 1916 3307 χῶμα

335 3325 488 3387 ἐντὸς
519 3327 612 3379 καὶ
645 3325 894 3380 καλεῖται
916 3327 1146 3382 ἀκακία.
1178 3327 1375 3384 Fascia
1411 3344 1544 3385 vero
1568 3346 1664 3386 seu
1703 3329 1914 3400 μανδύ-

335 3415 469 3479 λιον,
527 3414 750 3470 linteum
811 3415 1107 3487 oblongius
1140 3418 1362 3472 mantile
1396 3418 1603 3473 dictum
1644 3418 1913 3485 referens,

335 3506 453 3572 ipsa
480 3521 697 3576 quoque
732 3507 1026 3576 μανδυ).ίου
1056 3510 1287 3564 sortitur
1314 3510 1759 3578 appellationem.
1794 3507 1914 3573 Quo

336 3599 624 3652 observato
684 3598 911 3668 visaque
968 3599 1322 3665 imperatoris
1393 3601 1559 3671 figura
1597 3642 1612 3667 ,
1649 3601 1781 3671 quid
1839 3600 1914 3654 sit

337 3688 722 3758 imperatorem
748 3690 805 3740 ὲν
833 3691 898 3758 τῇ
932 3689 1202 3761 ἀριστερᾷ
1230 3690 1420 3760 φέρειν
1450 3691 1666 3761 βλάτιον
1720 3690 1913 3743 κώδικι

333 3783 513 3844 ἐοικὸς
538 3764 677 3849 μετὰ
711 3781 1003 3850 μανδυλίου
1037 3782 1346 3854 δεδεμένον,
1378 3784 1710 3854 relinquitur
1737 3782 1908 3839 mani-

333 3874 554 3928 festum.

407 3964 490 4020 Ib.
520 3964 940 4040 [Κόνινιᾶμμον,
969 3977 1022 4024 et
1048 3969 1211 4040 χῶμα
1240 3968 1584 4041 distinguunt
1616 3986 1680 4024 ex
1706 3969 1912 4042 judicio

331 4057 605 4113 hodierni:
636 4059 783 4125 κόνις
807 4051 976 4129 pulvis
1005 4069 1108 4126 est,
1137 4059 1322 4132 ἄμμος
1351 4077 1536 4127 arena,
1564 4055 1911 4132 χῶμαιεννα

328 4151 586 4221 frugifera
613 4153 743 4208 satis
768 4160 822 4209 et
853 4153 1055 4222 plantis
1074 4155 1292 4210 idonea.
1320 4153 1518 4209 Suidas
1543 4153 1730 4226 χῶμα,
1757 4155 1909 4226 χοῦν.

333 4242 474 4298 Hinc
503 4243 598 4297 tibi
627 4243 796 4298 Amne
856 4244 1154 4300 Comuena:
1181 4245 1216 4299 l.
1251 4262 1286 4300 ιι
1327 4246 1601 4302 obscurus
1636 4246 1792 4319 locus
1822 4248 1911 4301 lu-

332 4347 448 4387 cem
483 4333 702 4404 accipit.
736 4333 1042 4390 Extraneos
1075 4340 1284 4389 milites
1340 4350 1369 4389 a
1427 4335 1739 4405 terrigenis,
1795 4335 1912 4390 sive

333 4424 530 4480 melius
570 4425 742 4491 dicas,
789 4426 1124 4497 alienigenas
1153 4427 1221 4481 ab
1275 4426 1546 4496 indigenis
1592 4428 1906 4498 distinguit.

2025 1945 2170 1985 neno
2190 1934 2584 2004 φοινικοϐαφῆ.
2614 1935 2764 1989 Idem
2793 1936 3158 2008 Bulgarorum
3187 1939 3444 2010 princeps
3471 1937 3622 1991 Grae-

2025 2023 2104 2077 cis
2139 2023 2399 2093 βασιλεύς
2445 2027 2847 2096 appellabatur,
2908 2037 2965 2083 ut
3012 2029 3188 2100 liquet
3217 2045 3283 2085 ex
3343 2030 3620 2100 legatione

2026 2114 2350 2186 Luitprandi
2386 2120 2451 2172 ad
2485 2118 2854 2190 Nicephorum
2914 2121 3174 2186 Phocam,
3210 2137 3321 2193 quo
3388 2122 3619 2176 nomine

2019 2223 2094 2263 ne
2135 2209 2530 2280 imperatorem
2587 2215 2806 2284 quidem
2858 2215 3173 2271 Occidentis
3221 2216 3615 2287 dignabantur,

2026 2317 2186 2371 quem
2221 2307 2367 2376 ρἧα
2428 2305 2812 2376 indigitabant.
2855 2307 2932 2362 Ex
2982 2309 3184 2364 calceis
3243 2309 3536 2378 purpureis
3566 2317 3620 2362 et

2025 2397 2333 2464 aquiliferis
2365 2401 2588 2470 agnitus
2637 2411 2721 2455 est
2751 2402 2898 2457 inter
2933 2417 3204 2457 caesorum
3257 2404 3513 2458 cumulos
3565 2412 3620 2456 et

2026 2491 2265 2542 tumulos
2301 2488 2704 2544 Constantinus
2758 2492 2988 2547 ultimus
3019 2492 3254 2563 Cpoleos
3292 2493 3614 2564 imperator.

2025 2581 2326 2651 Pin-.inzes,
2375 2587 2429 2650 5,
2481 2587 2563 2640 18.
2629 2585 2736 2641 Has
2791 2589 3044 2657 crepidas
3107 2588 3365 2660 ἐρυθρᾶς,
3411 2598 3470 2644 ιιι
3522 2605 3618 2644 eas

2023 2677 2263 2747 appellat
2299 2677 2570 2748 Gregoras
2615 2681 2650 2733 Ι.
2677 2681 2730 2747 ’5,
2781 2683 3251 2752 quemadmodum
3309 2694 3363 2736 et
3404 2699 3618 2752 purpu-

2022 2783 2164 2830 ram,
2198 2770 2382 2823 Statim
2411 2771 2753 2840 arripiebant
2799 2772 2876 2827 illi
2903 2774 2996 2844 qui
3030 2774 3319 2843 imperium
3391 2774 3618 2828 invade-

2023 2860 2177 2917 bant.
2233 2861 2578 2932 Quapmptcr
2624 2864 2693 2919 de
2758 2865 3050 2923 Theodoro
3108 2867 3393 2922 Conmeuo
3454 2878 3614 2938 capta

2023 2955 2420 3013 Thessalonica
2483 2955 2754 3027 Georgius
2799 2958 3118 3028 Acropolita
3179 2961 3232 3015 in
3287 2962 3609 3018 Clu-Onieo:

2023 3049 2343 3119 Πορφυρίδα
2370 3066 2428 3102 τε
2463 3049 2759 3103 ὑποδύεται
2790 3052 2885 3103 καὶ
2916 3052 3109 3106 πέδιλα
3168 3053 3401 3124 ἐρυθρά.
3454 3054 3613 3111 Obit-

2022 3154 2128 3208 que
2167 3149 2378 3194 strenue
2430 3141 2775 3206 imperatoria
2818 3144 3022 3208 munia,
3056 3145 3287 3198 creando
3337 3146 3609 3213 despotas,

2020 3232 2491 3297 sebastocratoras,
2538 3251 2758 3304 magnos
2798 3237 3127 3304 dantestt'cos,
3177 3242 3611 3304 protovestiarios

2019 3335 2068 3379 et
2099 3326 2156 3378 id
2189 3342 2352 3396 genus
2405 3329 2566 3382 alios.
2633 3329 2846 3396 Quibus
2902 3339 3031 3388 ante
3089 3334 3274 3386 omnia
3328 3335 3611 3388 invasorcs

2019 3421 2221 3488 sceptri
2262 3420 2594 3491 imperatorii
2633 3422 3020 3492 privabantur,
3084 3440 3248 3494 quam
3283 3427 3522 3495 primum
3557 3428 3612 3482 in

2020 3512 2398 3584 legitimorum
2427 3518 2776 3573 dominorum
2809 3528 3133 3597 potestatem
3161 3524 3474 3577 veniebant.
3511 3524 3610 3580 Co-

2019 3620 2212 3661 ronam
2260 3608 2671 3677 imperatoriam
2703 3626 2866 3666 nemo
2924 3613 3028 3668 sibi
3084 3615 3363 3679 sumebat,
3421 3617 3516 3670 sed
3557 3617 3610 3670 in

2017 3700 2382 3754 coronatione
2431 3715 2529 3756 seu
2581 3702 3011 3775 inauguratione
3081 3719 3178 3761 sua
3211 3721 3240 3760 a
3293 3707 3611 3777 patriarcha

2016 3790 2344 3860 accipiebat.
2374 3783 2643 3849 Gens.»
3525 3784 3527 3786 ’

2086 3881 2148 3936 Ρ.
2184 3882 2244 3936 5|
2279 3891 2335 3938 et
2369 3883 2464 3938 54.
2496 3883 2750 3941 Pilaticia
2787 3895 3154 3943 accersuntur
3187 3904 3216 3944 a
3244 3890 3389 3961 Cyro
3411 3891 3612 3948 Persa-

2016 3991 2140 4030 rum
2213 3991 2360 4046 rege,
2399 3977 2530 4032 'imo
2562 3994 2590 4032 a
2622 3979 2820 4043 Medis,
2875 3995 3113 4050 quorum
3180 3999 3276 4038 rex
3319 3986 3611 4054 etjudiees

2018 4066 2146 4121 talia
2192 4067 2432 4137 pilaticia
2471 4085 2535 4124 ex
2593 4071 2736 4126 collo
2772 4073 3145 4141 depcndentia
3187 4080 3454 4145 gestarint
3485 4088 3607 4132 tan-

2017 4174 2183 4230 quam
2213 4159 2437 4230 juridici
2477 4161 2704 4218 honoris
2741 4173 2794 4218 et
2828 4163 2990 4220 oiIicii
3028 4166 3287 4236 insignia.
3325 4167 3606 4238 Quidquid

2015 4252 2086 4307 sit
2112 4252 2179 4306 de
2209 4267 2288 4318 re,
2326 4253 2661 4309 vocabulum
2713 4255 2933 4312 videtur
2985 4258 3246 4313 Latinum
3283 4275 3311 4314 ιι
3344 4260 3475 4329 pilo,
3502 4262 3609 4317 hoc

2015 4352 2098 4398 est
2130 4344 2253 4398 teto.
2285 4342 2420 4399 Nam
2478 4348 2624 4417 quod
2647 4346 2843 4405 Junius
2889 4366 2954 4407 ex
2988 4350 3368 4410 Orientalibus
3405 4356 3608 4427 linguis

2015 4431 2067 4486 id
2097 4431 2340 4501 deducit,
2393 4435 2596 4505 quibus
2627 4437 2706 4492 ait
2733 4439 3030 4507 pilaticium
3060 4456 3171 4494 esse
3210 4441 3598 4512 disquisitiouis

333 4513 458 4567 Illos
484 4516 756 4585 ἑταίρους,
791 4516 890 4574 hos
927 4518 1184 4588 indigitat
1228 4519 1463 4583 ὁπόσους
1495 4521 1558 4572 ὲκ
1591 4520 1684 4573 τοῦ
1720 4525 1908 4591 χώμα-

2022 4527 2508 4582 εεαεειιναιὶδδὶηιω
2552 4531 2869 4599 cognitionis
2925 4544 3348 4600 monumentum,
3400 4535 3454 4588 id
3485 4529 3607 4590 ideo

333 4623 444 4670 τος,
463 4618 710 4678 quotquot
726 4621 842 4663 sunt
869 4626 896 4664 ε
915 4612 1133 4680 propria
1162 4621 1304 4664 terra
1331 4613 1463 4665 uati.
1492 4612 1551 4666 L.
1579 4631 1640 4669 ιιι
1663 4615 1748 4669 hic
1771 4615 1911 4672 alius

332 4697 639 4755 illustratur
667 4703 761 4755 τοὺ
782 4703 1003 4767 πλείους
1022 4705 1353 4774 τριακοσίων
1373 4707 1728 4776 στρατιωτῶν
1748 4703 1908 4779 ἦσαν,

334 4792 429 4843 καὶ
479 4792 679 4847 τούτων
713 4796 776 4847 ὲκ
805 4795 898 4848 τοῦ
957 4794 1234 4870 χώμαεος.
1289 4797 1430 4868 Ergo
1466 4799 1514 4853 si
1566 4799 1911 4854 involucrum

334 4885 584 4939 manibus
648 4886 998 4957 imperatoris
1053 4899 1324 4958 gestatum
1393 4892 1556 4961 χῶμα
1603 4891 1907 4958 contineat,

332 4975 465 5041 quid
496 4979 640 5032 aliud
675 4993 838 5048 quam
865 4989 1091 5047 terram,
1117 4985 1274 5054 cujus
1329 4986 1581 5053 symbolo
1610 4985 1907 5042 innotescit

333 5067 633 5132 humilitas,
671 5072 990 5142 intelliges?
1023 5073 1220 5147 Onam]

405 5161 544 5216 Ibid.
572 5165 766 5219 Ai-acia
795 5166 924 5235 quid
959 5168 1051 5233 sit,
1079 5169 1257 5223 oculis
1291 5167 1492 5223 intueri
1527 5171 1655 5227 licet
1685 5171 1738 5226 in
1765 5171 1904 5226 ima-

331 5252 546 5321 ginibus
583 5254 968 5324 imperatorum
1000 5259 1235 5328 praeﬁxis
1267 5260 1586 5331 Nicephoro
1621 5263 1904 5335 Gregorae,

329 5355 383 5397 et
405 5344 459 5398 in
489 5335 708 5401 nummo
728 5346 1024 5404 Theodosii
1052 5350 1254 5422 Magni,
1287 5369 1449 5423 quem
1483 5355 1654 5411 habes
1679 5366 1810 5412 tom.
1839 5355 1907 5412 III

328 5440 395 5492 de
425 5438 481 5496 ὃ.
515 5441 689 5496 Cruce
718 5443 753 5498 i.
777 5459 815 5510 ι,
850 5447 1065 5500 tametsi
1101 5446 1370 5505 Baronius
1396 5449 1684 5505 existimat
1711 5461 1902 5521 gesta-

329 5547 452 5587 men
484 5533 616 5589 illud
647 5523 943 5592 Theodosii
973 5537 1154 5610 Magni
1186 5539 1308 5597 esse
1341 5557 1554 5598 sacrum
1583 5544 1905 5615 Evangelio-

325 5641 445 5680 rum
479 5627 747 5684 codicem.
786 5628 992 5685 ibidem
1025 5648 1125 5703 pro
1157 5633 1341 5691 acacia
1372 5635 1697 5706 suspicabar
1718 5637 1904 5710 legen-

324 5718 452 5773 dum
488 5721 655 5773 ἀκίαε
694 5719 1062 5792 εειίίνυιςαιιι
1115 5727 1387 5796 scriptura
1425 5727 1649 5783 retineri
1692 5739 1898 5799 potest,

325 5806 434 5864 imo
458 5808 656 5876 debet;
691 5817 852 5867 etest
887 5811 1067 5869 acacia
1117 5814 1419 5870 innocentia
1473 5823 1526 5870 et
1552 5815 1790 5872 Aeacius
1807 5817 1899 5870 lu-

2019 4615 2147 4672 fecit
2180 4633 2249 4674 ne
2284 4620 2624 4678 nesciremus
2681 4639 2846 4694 quam
2878 4624 3114 4682 feliciter
3149 4641 3314 4698 supra
3367 4628 3606 4696 ζωΰφιον

2016 4723 2080 4763 ex
2102 4709 2340 4764 Arabico
2360 4710 2613 4766 formarit
2641 4729 2654 4776 ;
2691 4730 2803 4769 non
2833 4715 3032 4785 impari
3063 4715 3327 4772 felicitate
3361 4718 3603 4784 pilatieia

2015 4816 2081 4855 ex
2115 4798 2342 4857 Oriente
2390 4804 2551 4860 nobis
2607 4822 2758 4861 nunc
2810 4809 3058 4864 advehit.
3097 4807 3230 4866 Vide
3263 4819 3394 4864 tom.
3434 4810 3502 4864 lli
3537 4812 3605 4865 de.

2017 4891 2076 4948 S.
2109 4893 2308 4962 Cruce,
2337 4911 2377 4961 ι,
2419 4896 2506 4950 i5.
2539 4895 2756 4968 Ubique
2787 4910 2970 4955 autem
3004 4901 3356 4957 scribendum
3382 4904 3600 4956 πιλατί·

2014 5003 2152 5052 κιον,
2190 5003 2297 5043 non
2323 4990 2705 5057 ἀπελατίκιον,
2735 4995 2934 5062 sceptri
2973 5010 3167 5064 genus,
3193 4998 3338 5065 quod
3374 4997 3599 5066 palatini

2014 5082 2148 5134 certi
2191 5081 2452 5151 gerebant
2483 5087 2946 5152 quemadmodum
2974 5089 3068 5143 alii
3102 5089 3260 5144 multi
3286 5091 3346 5144 τὸ
3386 5091 3603 5149 δικανίο

2013 5190 2156 5238 κιον,
2189 5190 2356 5244 supra
2388 5176 2425 5231 i.
2460 5175 2514 5244 2,
2550 5193 2599 5234 c.
2631 5177 2680 5232 6.
2713 5178 2920 5236 Gae’rs.

2087 5264 2174 5321 Ib.
2213 5265 2785 5338 [Ἀρχοντόπουλον
2855 5273 3148 5343 ἀσκεπές.
3197 5276 3476 5350 Gregoras
3529 5283 3596 5337 ad

1989 5354 2280 5412 «Historiae
2319 5359 2567 5417 calcem:
2623 5361 2758 5433 Περί
2794 5379 2858 5432 γε
2913 5367 3019 5438 μὴν
3050 5368 3152 5440 τῆς
3190 5370 3284 5424 ἐπὶ
3347 5373 3600 5442 κεφαλῆς

2011 5448 2356 5521 καλύπτρας,
2374 5452 2470 5504 ἐπὶ
2492 5454 2600 5506 τῶν
2630 5456 2899 5527 πρότερον
2927 5459 3195 5530 βασιλέων
3213 5463 3334 5528 ἔθος
3350 5465 3478 5527 τοὺς
3499 5464 3598 5532 μὲν

2011 5541 2191 5610 χρόνῳ
2265 5542 2684 5614 προϐεϐηκότας
2743 5549 2938 5615 ἐντοῖς
2997 5552 3297 5621 βασιλείοις
3350 5554 3594 5624 χρῆσθαι

2007 5633 2355 5702 καλύπτραις
2406 5640 2718 5709 πυραμίδος
2763 5643 2863 5714 μὲν
2894 5645 3148 5715 ἐχούσαις
3200 5647 3407 5717 σχῆμα,
3435 5664 3600 5718 σηρια

2007 5727 2125 5788 κοῖς
2155 5723 2205 5778 δ’
2236 5727 2502 5800 ἐνδύμασι
2541 5719 2682 5786 κατᾶ
2727 5735 2788 5787 τὸ
2817 5737 3087 5808 ἀνάλογον
3120 5740 3341 5811 ἑκάστῳ
3369 5740 3595 5812 ἀξίωμα

2006 5819 2611 5893 κα).υπτομέναις,δσοι
2639 5827 2684 5882 δ’
2708 5831 2766 5884 ἐν
2796 5831 3004 5901 ἡλικίᾳ,
3039 5833 3265 5899 τούτους
3293 5833 3348 5887 δὲ
3379 5825 3596 5901 πάντας
