4064 6416
388 306 487 367 327

1496 296 1571 354 Η
1622 292 1911 352 LIBRUM
1956 291 2047 347 DE
2092 291 2421 352 OFFtCllS
2456 296 2561 356 GP.

3526 294 3629 361 3:28

387 416 648 482 καθάπαξ
706 415 1017 469 ἀκάλυπτον
1067 412 1211 481 ἔχειν
1266 411 1362 478 τὴν
1423 409 1690 477 κεφαλήν.
1755 406 1951 459 Subdit

2130 404 2185 457 P.
2214 406 2301 460 56.
2335 406 2807 477 [ΙΙροο-κυνοῦσι.
2830 410 2935 465 Pro
2971 412 3218 466 muneris
3241 427 3392 467 more
3421 425 3631 469 certum

388 510 686 564 Andronici
739 508 983 561 Junioris
1034 516 1190 559 aetate
1246 506 1513 572 pileorutu
1570 516 1692 571 quae
1743 501 1955 553 luberet

390 614 667 670 acceptam
695 616 723 653 a
751 599 1068 668 proceribus
1096 598 1346 658 formam,
1372 597 1601 663 juvenes
1636 608 1764 647 vero
1794 591 1954 645 etiam

389 701 531 745 tecto
562 694 738 758 capite
776 690 1035 759 palatium
1071 690 1477 758 frequentasse.

461 784 521 838 P.
559 784 647 835 55.
681 782 1099 852 [Προσφόρους
1124 780 1412 849 λέγονὶες
1441 778 1717 845 στίχους.
1763 773 1955 828 Versus

390 886 449 929 ut
473 874 758 928 celebrata:
784 872 1067 927 festivitati
1089 886 1388 939 congruos,
1418 871 1491 922 ita
1520 868 1680 922 simul
1710 865 1959 935 preprias

390 966 732 1033 imperatoris
774 964 961 1018 laudes
1000 973 1057 1017 et
1118 963 1464 1016 subditorum
1519 960 1571 1013 in
1606 957 1772 1028 294,
1806 958 1957 1009 illum

390 1073 513 1111 vota
572 1059 873 1125 capientes.
930 1056 1303 1122 Quorumdam
1358 1053 1668 1121 huiusmodi
1736 1066 1956 1105 sensum

389 1152 671 1204 acerbiore
731 1151 783 1203 in
813 1152 1201 1217 imperatorem
1247 1146 1615 1214 Nicephorum
1648 1152 1831 1196 motus
1855 1140 1960 1194 bile

388 1244 573 1296 retulit
631 1243 685 1296 in
718 1256 816 1296 sua
859 1241 1128 1309 legatione
1194 1236 1592 1305 Luitprandus.
1630 1232 1738 1287 Leo
1768 1234 1961 1287 Gram-

380 1330 621 1390 inaticus
648 1345 743 1388 aut
791 1333 967 1402 quivis
994 1332 1133 1385 alius
1162 1332 1214 1384 in
1253 1328 1433 1383 Leone
1476 1328 1734 1381 Armenio
1764 1343 1775 1378 :
1824 1326 1960 1377 Ὑπὸ

389 1431 610 1482 πάντων
634 1425 967 1490 ὲδοξάζοντο,
1008 1426 1102 1477 καὶ
1126 1426 1171 1475 οἱ
1193 1423 1355 1491 δῆμοι
1381 1422 1640 1490 ὲμέλισαν
1677 1419 1959 1487 ποιήματα

389 1521 509 1573 καθ’
574 1520 807 1571 ἕκαστον
856 1513 989 1588 ἦχον
1046 1516 1184 1584 πρὸς
1226 1515 1531 1582 ,εὐφημίαν
1559 1513 1741 1564 αὐτῶν
1776 1514 1959 1563 πᾶσαν

388 1612 582 1681 ἡδονὴν
609 1612 894 1672 κολακείας
914 1611 1240 1679 παρέχοντα.
1268 1608 1509 1661 Observa
1535 1607 1777 1659 musicos
1802 1617 1959 1659 tonos

390 1722 417 1759 a
446 1705 649 1758 Graecis
674 1711 797 1757 octo
824 1703 1125 1764 numerari,
1149 1710 1202 1753 et
1231 1702 1297 1754 ad
1340 1700 1679 1768 singulorum
1709 1698 1957 1751 inﬂexio-

393 1813 512 1850 nem
566 1796 783 1865 poetica
817 1796 1079 1863 opuscula
1115 1793 1430 1848 referuntur
1459 1792 1766 1845 decantata.
1802 1788 1959 1853 Vide,

250 1904 255 1909 ‘
391 1891 433 1945 si
466 1891 598 1943 tanti
624 1899 728 1950 est,
766 1888 1161 1957 EuchOIOgium
1199 1896 1445 1941 nostrum
1485 1902 1532 1937 v.
1558 1880 1711 1953 ἦχος.

462 1983 600 2037 Ibid.
638 1981 745 2054 ['H
782 1983 1045 2051 εὐφημία
1072 1980 1190 2033 τῶν
1226 1978 1551 2048 ὀνομάτων.
1588 1974 1960 2032 Pronuntiatis

387 2093 576 2131 eorum
611 2076 1327 2143 nominibusnuncupantur
1356 2082 1499 2135 vota,
1524 2088 1755 2141 quorum
1784 2070 1959 2129 forma

388 2171 501 2225 haec
532 2182 614 2225 est
641 2186 706 2225 ex
740 2169 1075 2239 Eucltologio
1096 2177 1149 2221 et
1192 2167 1347 2220 aliis:
1389 2166 1563 2234 ’Υπὲρ
1599 2164 1704 2216 τῶν
1740 2163 1960 2215 εὐσεϐε-

389 2264 599 2316 στάτων
649 2262 956 2315 Οεοσέπτων
988 2261 1079 2313 καὶ
1113 2259 1475 2328 φιλοχρίστων
1504 2256 1769 2325 βασιλέων
1797 2255 1959 2325 ἡμῶν

400 2354 743 2422 Ἀνδρονίκου
785 2352 877 2403 καὶ
909 2350 1127 2419 Μιχαὴλ
1163 2350 1257 2401 τοῦ
1310 2350 1518 2417 Κυρίου
1552 2347 1855 2416 δεηοῶμεν.
1897 2346 1961 2400 ΕΙ,

388 2442 480 2516 Τῷ
527 2444 902 2512 εὐσεϐεστάτῳ
960 2442 1052 2495 καὶ
1128 2440 1459 2510 φιλοχρίστῳ
1514 2440 1751 2511 δεσπότῃ
1805 2440 1962 2509 ἡμῶν

388 2540 715 2607 ’Λνδρονίκῳ
735 2537 903 2589 πολλὰ
920 2536 989 2586 τὰ
1014 2535 1129 2602 ἐτη.
1153 2535 1307 2587 Anna
1336 2534 1400 2601 de
1425 2550 1482 2586 se
1510 2534 1623 2603 ipsa
1648 2534 1683 2585 l.
1704 2533 1771 2587 6:
1793 2533 1963 2599 Κάγὼ

389 2628 752 2697 εὐφημείσοαι
782 2627 1028 2697 ἔμελλον.
1062 2627 1479 2679 Κωνσταντίνον
1533 2626 1630 2678 καὶ
1662 2626 1865 2677 Ἄνναν
1902 2626 1959 2677 ἐν

390 2720 574 2791 ταυτῷ
597 2720 899 2787 ὲξεφώνουν
924 2722 1108 2781 ἐντοῖς
1139 2718 1414 2787 εὐφημίας
1440 2721 1650 2789 καιροῖς
1680 2721 1727 2770 οἱ
1748 2719 1845 2787 τῆς
1872 2717 1963 2769 εὑ·

392 2814 602 2883 φημίας
636 2812 1081 2883 προεξάρχοντες.
1126 2809 1329 2881 Coum]

465 2907 525 2960 Ρ.
560 2904 648 2958 54.
712 2904 816 2959 Διὰ
874 2905 1164 2958 σιτανίων
1196 2904 1275 2958 vel
1318 2906 1646 2971 σητανίων.
1678 2904 1756 2957 Ex
1786 2904 1964 2957 sericis

390 2999 518 3067 filis.
580 2997 716 3051 Nam
764 2998 906 3052 Italis
952 3009 1059 3050 seta
1094 3006 1178 3052 est
1218 2998 1453 3053 sericum
1481 3038 1496 3062 ,
1551 2998 1695 3051 unde
1768 2998 1962 3066 nuperi

320 3144 329 3149 ,
392 3090 565 3145 ΟΠῺΟῘ
617 3105 775 3145 suum
821 3091 1077 3144 sitanium
1131 3105 1227 3144 seu
1255 3091 1517 3144 setanium
1549 3093 1957 3157 procuderunt;
1989 3078 2037 3142 C

388 3185 496 3238 nisi
529 3185 653 3253 quis
684 3182 836 3237 malit
861 3199 889 3235 a
928 3182 1122 3236 Latino
1157 3191 1267 3236 seta
1288 3184 1592 3248 deducere;
1630 3184 1786 3251 quasi
1830 3183 1965 3251 pila-

390 3277 639 3332 ticia'illa
662 3275 727 3329 de
747 3277 881 3329 setis
904 3290 1169 3342 suspensa
1194 3275 1416 3328 fuerint.
1443 3272 1700 3327 Germani
1730 3277 1962 3329 chordas

388 3384 481 3421 seu
512 3366 646 3420 fides
676 3375 871 3419 vocant
919 3367 1112 3429 soften,
1168 3374 1351 3434 aperte
1380 3381 1407 3417 a
1444 3377 1576 3419 seta.
1610 3368 1711 3419 Sed
1748 3368 1965 3421 Glossa-

390 3460 528 3510 rium
576 3473 627 3509 v.
656 3458 891 3510 σιτάνιον
953 3468 1084 3511 etv.
1119 3458 1401 3524 γαῖτάνιον
1466 3470 1619 3528 putat
1673 3460 1959 3529 legendum

389 3550 911 3618 rescribendumque
968 3550 1053 3601 διὰ
1112 3552 1521 3617 vortentem,“
1582 3554 1805 3623 cingulis
1864 3569 1959 3608 seu

388 3647 534 3697 zonis
561 3661 577 3697 :
600 3659 723 3697 naut
746 3645 1027 3713 γαῖτάνιον
1049 3653 1133 3697 est
1168 3644 1469 3713 cingulum.
1506 3643 1621 3698 Non
1646 3648 1914 3700 assentior
1946 3668 1959 3703 :

387 3737 644 3799 facerem,
700 3737 743 3791 si
772 3736 929 3790 crisis
966 3736 1080 3789 haec
1118 3736 1298 3806 aliquo
1333 3753 1438 3820 ιιιεδ
1469 3739 1766 3807 exemplari
1800 3739 1961 3808 adju—

388 3839 630 3883 varetur.
661 3829 861 3883 Gnsrs.

466 3920 851 3991 [llallucinatio
879 3921 1022 3975 oculi
1050 3923 1322 3989 σιτανίων,
1346 3926 1599 3978 εἱτανίων
1632 3925 1771 3991 vice,
1798 3936 1959 3995 prout

390 4014 592 4067 habent
624 4012 813 4085 llcgia,
846 4014 1093 4083 legentis.
1118 4017 1257 4070 Sunt
1282 4029 1463 4070 autem
1489 4018 1721 4083 ειτάνια,
1753 4035 1781 4072 a
1814 4019 1959 4089 vulgi

385 4107 713 4173 quibusdam
741 4110 1024 4173 γαῖτάνια,
1055 4109 1122 4161 ab
1161 4108 1283 4161 aliis
1319 4109 1556 4175 γαοάνια
1582 4113 1959 4178 pronuntiata,

346 4220 349 4223 ν
385 4200 691 4252 ornatiorcs
754 4199 898 4251 vitta:
952 4199 1067 4253 sitae
1097 4200 1343 4266 twuiola',
1371 4202 1601 4255 vestium
1631 4202 1848 4256 laciniis
1891 4202 1957 4257 ad

387 4290 621 4344 invicem
669 4291 996 4359 colligandis
1050 4292 1134 4343 vel
1182 4293 1577 4360 componendis
1641 4293 1841 4357 nodis,
1902 4303 1958 4347 ct

386 4383 451 4437 ad
515 4394 769 4436 ornatum
796 4392 1015 4447 assutzr,
1056 4382 1136 4436 vel
1170 4383 1408 4454 deniun
1439 4395 1496 4437 ut
1522 4400 1584 4438 ex
1613 4384 1679 4439 iis
1713 4384 1857 4438 aliud
1888 4385 1953 4438 ad

386 4473 635 4525 decorem
662 4474 913 4541 pendeat.

460 4561 601 4615 Ibid.
639 4563 1053 4634 [no.tapiai'or.
1114 4567 1361 4633 Quatuor
1409 4581 1604 4621 manus
1662 4566 1953 4636 digitorum

390 4671 670 4709 mensura.
694 4658 889 4729 llum]

1001 4751 1229 4808 CAPUT
1263 4752 1328 4807 ll.

417 4866 821 4921 Observationes
850 4877 897 4919 et
950 4868 1327 4935 explicationes
1370 4868 1423 4919 in
1478 4877 1636 4935 caput
1682 4868 1731 4933 7,
1788 4869 1926 4939 quod

876 4949 949 4992 est
976 4941 1039 4991 de
1071 4955 1247 4991 mensa
1269 4938 1622 5007 imperatoris.

460 5026 521 5082 Ρ.
589 5030 674 5083 55.
738 5028 969 5084 Faustas
1031 5029 1454 5085 acclamationes
1516 5031 1757 5086 suaviter
1818 5032 1960 5086 ridet

386 5120 703 5175 Grzrcornm
772 5123 910 5177 haud
974 5138 1223 5178 summus
1289 5124 1502 5178 anticus
1559 5123 1954 5194 Luitprandus.

386 5212 590 5266 Gaia-rs.

458 5302 598 5360 Ibid.
627 5304 824 5374 [Ὅσοι
851 5308 1134 5375 φοροῦσι.
1169 5305 1349 5363 llabes
1377 5308 1501 5362 illos
1536 5308 1799 5363 distincte
1824 5326 1958 5364 euu-

386 5408 624 5450 tneratos
658 5400 825 5463 notis,
868 5418 914 5452 e.
947 5401 996 5454 ’5.

457 5487 539 5540 Ib.
565 5487 823 5558 [Ὸρίζει.
851 5491 1144 5545 llecentior
1167 5492 1400 5561 phrasis,
1426 5509 1528 5563 qua
1550 5496 1727 5549 virum
1752 5497 1957 5551 honore

385 5582 467 5631 νυι
508 5580 655 5633 cultu
694 5582 921 5650 dignum
982 5583 1189 5652 aliquid
1224 5582 1409 5640 facere
1444 5588 1527 5640 vel
1558 5588 1741 5641 dicere
1769 5590 1955 5657 expri-

386 5680 563 5725 munt.
613 5674 816 5741 Ὀρὶζει
851 5675 879 5725 ὁ
912 5676 1165 5745 βασιλεὺς
1201 5694 1309 5731 non
1358 5678 1529 5745 jubet,
1568 5681 1660 5736 sed
1700 5682 1830 5735 dicit
1874 5685 1955 5735 vel

389 5762 519 5824 facit
557 5766 863 5830 imperatur.

2059 500 2263 552 cultum
2312 502 2630 569 imperatori
2712 504 2935 572 palatini
3004 521 3259 575 proceres
3312 505 3630 561 exhibuere.

2060 591 2299 646 Phranzi
2344 594 2396 647 in
2427 595 2759 663 logothetam
2786 597 2927 650 clam
2960 598 3214 652 instituto
3246 600 3376 652 dicit
3398 600 3636 666 impera-

2063 697 2150 739 tor
2182 689 2322 753 apud
2354 688 2656 743 Pontanum
2698 693 3047 760 interpretem
3076 709 3087 745 :
3127 692 3202 744 Tu
3243 707 3463 764 magnus
3493 695 3637 761 logo-

2063 782 2203 834 tlieta
2238 792 2382 835 esto:
2419 791 2623 836 tant-unt
2657 800 2819 837 neme
2843 800 2936 852 pro
2959 802 3102 839 more
3127 786 3278 854 ofﬁcii
3317 788 3393 839 tui
3424 788 3633 841 adores.

2068 873 2268 945 Goanl]

2136 974 2220 1031 Ib.
2252 979 2584 1042 Potestatus,
2607 981 2675 1034 ab
2704 980 2891 1035 Italico
2921 991 3149 1049 potesta,
3183 992 3236 1037 et
3257 984 3358 1037 hoc
3387 998 3415 1035 a
3444 981 3637 1035 Latino

2062 1083 2319 1140 potestas,
2385 1074 2661 1144 signiﬁcat
2725 1073 3041 1142 pra-fectum
3090 1088 3185 1128 seu
3217 1075 3507 1143 praesidem
3536 1092 3632 1129 seu

2063 1177 2374 1237 prretoi'etn.
2461 1167 2642 1235 qualis
2721 1174 2777 1221 et.
2852 1167 2956 1220 iste
3038 1166 3413 1220 Genuensium
3497 1177 3635 1219 erat.

2135 1258 2355 1313 Prolixa
2411 1260 2658 1329 quidem,
2717 1268 2771 1313 at
2804 1259 2930 1315 huic
2961 1259 3080 1314 loco
3109 1274 3353 1330 congrua
3385 1260 3637 1327 Gregora:

2064 1352 2327 1416 narratio,
2371 1368 2534 1421 quam
2570 1348 2730 1423 295
2781 1354 2944 1407 habet
2975 1355 3026 1418 4,
3060 1353 3113 1407 9.
3153 1353 3397 1422 Singulis
3446 1354 3638 1407 diebus

2067 1442 2368 1498 llominieis
2416 1446 2481 1497 ad
2541 1446 2931 1514 imperatorem
2990 1446 3277 1501 colendum
3321 1446 3636 1500 Genuenses

2065 1532 2411 1606 Venetosque
2439 1538 2490 1590 in
2522 1540 2781 1607 palatium
2811 1542 3140 1595 convenisse
3176 1549 3407 1595 testatur
3439 1544 3635 1595 Canta-

2066 1647 2303 1684 cuzenus
2331 1636 2378 1697 Ι,
2419 1632 2504 1685 η.
2536 1633 2609 1687 De
2640 1633 2857 1688 Pisanis
2888 1633 2994 1688 GP.
3027 1634 3402 1689 habitantibus
3431 1635 3633 1689 iterum

1991 1732 2035 1790 Β
2064 1740 2245 1779 sermo
2275 1726 2331 1779 lit
2363 1741 2390 1777 a
2424 1725 2613 1781 Niceta
2642 1728 2816 1783 Alexii
2847 1729 2990 1782 tertii
3022 1730 3057 1783 Ι.
3086 1730 3139 1783 5.

2140 1831 2220 1886 Ib.
2266 1850 2314 1885 v.
2361 1835 2448 1888 t9.
2498 1834 2763 1889 Colicium
2829 1851 2922 1891 seu
2958 1837 3260 1899 collicium.
3311 1838 3452 1892 idem
3490 1837 3633 1907 quod

2067 1928 2251 1985 κόλὶις
2288 1936 2341 1981 et
2374 1928 2660 1991 κόλλαὸος,
2718 1943 2915 1997 nempe
2943 1945 3115 1998 genus
3169 1930 3444 1998 quoddam
3475 1931 3633 1999 panis

2068 2021 2311 2085 rotundi,
2348 2030 2406 2074 ut
2441 2021 2619 2089 inquit
2647 2017 2868 2085 Junius,
2892 2032 2944 2075 et
2974 2021 3214 2077 delicati.
3246 2022 3453 2089 Gaers.

2140 2118 2419 2191 [Κολίκιον
2462 2125 2617 2191 panis
2662 2124 2933 2177 rotundus
2974 2137 3038 2176 ac
3070 2124 3122 2176 in
3156 2137 3370 2177 corona:
3412 2126 3634 2174 modum

2028 2224 2041 2227 “
2067 2225 2371 2269 contortus.
2401 2214 2598 2287 Cum]

2141 2328 2197 2381 P.
2230 2328 2320 2382 57.
2348 2327 2649 2388 Κὸνσουλος
2673 2342 2737 2381 cx
2766 2324 2959 2380 Latino
2991 2326 3197 2381 consul.
3223 2327 3299 2380 Ita
3334 2327 3638 2381 vocabatur

2069 2422 2162 2489 qui
2190 2416 2403 2474 Pisanis
2428 2418 2582 2488 Cpoli
2629 2428 2881 2487 praeerat.
2914 2419 3113 2472 Eodem
3149 2420 3370 2473 nomine
3404 2421 3638 2471 Anconi-’

2072 2514 2183 2567 lani
2228 2516 2386 2565 suum
2417 2511 2732 2579 praefectum
2767 2504 3101 2565 salutabant.
3143 2508 3207 2563 Et
3236 2510 3396 2565 hodie
3425 2506 3636 2579 Tripoli

2074 2607 2409 2661 Alexandria:
2428 2606 2575 2661 Cairi
2616 2619 2709 2659 seu
2750 2595 2984 2672 Memphi
3020 2614 3354 2657 mercatores
3390 2614 3439 2656 et
3475 2618 3638 2671 nego-

2069 2698 2297 2752 tiatores
2336 2696 2535 2751 Gallici
2569 2711 2699 2750 suos
2731 2695 2933 2749 habent
2961 2699 3235 2749 consules.

2144 2801 2225 2855 Ib.
2268 2801 2429 2871 Virgo
2472 2800 2646 2854 hodie.
2696 2800 3024 2853 Contacium
3062 2800 3164 2854 hoc
3205 2797 3639 2854 lecitRomanus

2071 2896 2321 2951 inclodus
2361 2896 2737 2951 contaeiorum
2773 2904 2989 2958 auctor,
3046 2901 3100 2946 et
3125 2898 3305 2949 exstat
3345 2895 3396 2948 itt
3430 2893 3635 2950 Mean

2070 2995 2140 3048 25
2172 2993 2507 3049 Decembris.
2546 2991 2822 3064 [ntegrum
2857 2994 2931 3046 ita
2983 2991 3180 3045 habet:

2081 3137 2144 3189 Ἦ
2186 3136 2466 3205 Παρθένος
2499 3133 2740 3201 σήμερον
2771 3133 2862 3205 τὸν
2887 3131 3212 3205 ὑπεροιξσιον
3243 3128 3437 3205 τίκτει,

2071 3208 2178 3259 Καὶ
2210 3209 2241 3276 ἡ
2279 3201 2347 3274 ﬂ
2387 3205 2446 3257 τὸ
2471 3205 2738 3276 σπήλαιον
2776 3204 3170 3276 τῷ-ἀξτροσὶτᾳῳ
3203 3201 3499 3268 προσάγει.

2073 3273 2344 3343 ’Λγγὲλοι
2370 3275 2509 3343 μετὰ
2552 3273 2826 3339 ποιμένων
2853 3273 3223 3343 δοξολογοῦσι,

2067 3342 2245 3411 Μάγοι
2283 3345 2337 3396 δὲ
2372 3342 2519 3413 μετὰ
2550 3344 2779 3413 ἀστέρος
2802 3342 3144 3410 ὁδοιποροῦσι
3168 3357 3182 3370 ’

2069 3419 2145 3469 Δι’
2172 3410 2320 3486 ἡμᾶς
2348 3410 2459 3483 γγὰρ
2496 3412 2764 3483 ἐγεννήθη
2824 3414 3038 3465 παιδίον
3062 3414 3202 3477 νέον,
3229 3414 3257 3465 ὁ
3285 3412 3390 3533 ττρὲ
3422 3410 3640 3495 αἰώνων

3396 3499 3502 3533 eoa.

3396 3499 3502 3544 εος.

2139 3621 2197 3676 Ρ.
2230 3621 2319 3675 58.
2352 3620 2559 3679 Μὶνσος
2591 3632 2619 3671 a
2678 3616 2870 3670 Latino
2910 3618 3123 3669 missus.
3156 3613 3445 3669 Ferculum
3476 3620 3637 3676 verti,

2068 3714 2197 3784 quia
2234 3715 2441 3766 missus
2477 3726 2587 3763 non
2632 3720 2765 3763 sunt
2798 3708 3008 3761 Latinis
3038 3707 3251 3776 singula
3287 3706 3512 3770 fercula,
3544 3709 3640 3760 sed

2067 3808 2400 3861 ferculorum
2435 3802 2845 3872 quamplurium
2882 3801 3057 3854 illatio
3110 3809 3165 3854 et
3195 3799 3485 3868 appOsitio.
3540 3799 3641 3854 llic

2067 3911 2246 3953 autem
2305 3897 2538 3968 singulis
2606 3895 2820 3964 singula
2879 3894 3235 3949 tradebantur
3269 3892 3497 3959 fercula,
3528 3908 3637 3947 non

2066 3992 2263 4062 integri
2293 3990 2517 4043 missus.
2553 3987 2757 4042 GRETS.

2138 4093 2397 4166 [Joannes
2422 4090 2557 4145 Gitri
2584 4090 2637 4144 in
2662 4088 2932 4157 Respons.
2959 4085 3106 4142 Iuris
3130 4086 3245 4142 Gil.
3274 4089 3309 4142 l.
3337 4088 3403 4143 5:
3431 4088 3642 4141 Μένσον

2061 4189 2125 4240 τὸ
2153 4186 2276 4241 καθ’
2311 4186 2579 4253 Ἕλληνας
2648 4183 2745 4252 μὲν
2770 4182 2829 4234 τὸ
2856 4180 3055 4233 κανοῦν
3087 4181 3262 4250 δηλοῖ,
3297 4184 3435 4234 κατὰ
3463 4182 3517 4234 δὲ
3544 4182 3642 4250 τὴν

2076 4281 2285 4349 Ίταλὴν
2333 4277 2587 4346 γλῶσσαν
2638 4276 2697 4328 τὸ
2746 4274 3143 4345 πεπραγμένον
3210 4277 3326 4336 τοῖς
3364 4275 3642 4344 ὀψοποιοῖς

2067 4375 2299 4427 ἐδεστὸν.
2336 4371 2495 4424 Κατὰ
2520 4369 2679 4422 τοῦτο
2708 4368 2815 4435 γὰρ
2847 4367 2915 4419 τὰ
2939 4369 2995 4419 ὲν
3035 4369 3154 4428 ταῖς
3174 4366 3483 4436 τραπέζαις
3513 4370 3647 4435 ἐριςαά

2073 4466 2352 4535 πλούμενα
2394 4463 2578 4514 ὀθόνια
2642 4460 2903 4529 μινσάλισ.
2956 4458 3231 4524 λέγονται,
3264 4455 3349 4511 οἶα
3378 4460 3511 4528 πρὸς
3548 4460 3642 4511 x6-

2064 4580 2199 4632 σμον
2234 4559 2330 4625 τῆς
2350 4555 2626 4624 τραπέζης
2650 4551 2743 4603 καὶ
2773 4549 2883 4602 τῶν
2922 4551 3125 4620 μὶνσων
3157 4548 3438 4619 τιθέμενα.
3467 4549 3641 4614 Quam

2063 4657 2287 4725 opipare
2332 4662 2498 4718 porro
2545 4646 2768 4714 μίνσους
2824 4642 2940 4695 sive
2982 4641 3187 4696 fercula
3227 4658 3257 4695 e
3298 4656 3400 4695 sua
3455 4659 3642 4697 tnensa

2062 4751 2190 4803 dist:
2207 4742 2403 4798 ibin-rit
2420 4738 2657 4792 Isaacius
2681 4735 2942 4804 Angelus,
2965 4734 3206 4788 declarat
3225 4733 3441 4788 Nicetas
3460 4751 3514 4804 p.
3537 4736 3642 4790 579

2062 4842 2235 4896 Goan.

2136 4926 2216 4980 Ib.
2261 4922 2467 4993 Βρύσος
2497 4921 2578 4973 vel
2608 4918 2783 4988 βρόση
2820 4916 2943 4971 foris
2990 4926 3095 4981 est,
3126 4932 3153 4968 a
3192 4915 3343 4986 βρὺω
3374 4916 3517 4983 quod
3555 4926 3642 4968 est

2061 5018 2317 5073 scutario.
2392 5014 2531 5068 llinc
2604 5009 2821 5081 βρύοις,
2908 5012 3065 5080 quasi
3118 5011 3273 5064 dicas
3335 5010 3638 5063 scuturitio.

2061 5111 2277 5166 ϐλεῖο.

2136 5209 2379 5284 [Βρύσην
2408 5208 2605 5263 dicunt
2633 5208 2983 5261 communius
3016 5208 3237 5276 fontem.
3266 5209 3471 5263 Glossa:
3495 5207 3642 5271 (ἐι-ων

2038 5305 2283 5365 ,cobarb.
2327 5303 2601 5373 Ἀργύρου
2628 5302 2830 5372 κρῆναι
2858 5301 3109 5354 λαλοῦσιν
3130 5342 3145 5367 ,
3174 5303 3338 5371 ἤγουν
3358 5305 3414 5354 αἱ
3443 5302 3643 5371 βρύσαι

2061 5397 2155 5449 τοῦ
2202 5397 2439 5465 ἀσημίου
2492 5395 2773 5450 λαλοῦσιν.
2832 5396 3191 5463 Coropalates
3249 5396 3419 5449 refert
3457 5396 3639 5447 locum

2065 5488 2391 5541 Βασιλακίου
2425 5487 2633 5557 βρύσην
2669 5486 2897 5547 dictum,
2930 5487 3019 5538 ubi
3059 5487 3129 5539 ab
3153 5488 3361 5541 caussis
3394 5486 3640 5541 Basilacii

2062 5580 2233 5633 oculis
2263 5580 2544 5649 sanguinis
2576 5580 2747 5647 fontes
2783 5590 3105 5643 eruperunt.
3136 5578 3337 5651 Germ]

2134 5680 2220 5734 Ib.
2250 5680 2410 5733 Μετὰ
2443 5681 2509 5733 τὸ
2542 5679 2813 5736 δεῖπνον.
2840 5681 2969 5735 Post
3003 5699 3227 5749 comam,
3250 5683 3446 5739 melius
3477 5697 3643 5752 quam

2067 5784 2186 5840 post
2244 5774 2558 5843 prandium,
2617 5783 2674 5832 ut
2729 5776 3150 5852 Juniustquia‘
3172 5793 3360 5834 mensa
3397 5777 3488 5833 illa
3513 5788 3644 5857 vere
