4064 6418
418 387 526 447 3ἒῦ

459 428 522 447 Juv

1499 376 1883 434 GllETSERl
1923 376 2014 433 ET
2057 375 2297 433 GOARI
2325 373 2569 435 NOTAE.

3546 366 3654 427 330

421 514 577 552 omna
605 508 762 552 erat:
799 503 919 551 crat
975 495 1116 547 cnim
1143 492 1408 561 jejunium
1447 490 1642 558 vigiliae
1673 488 1985 543 Nativitatis
2020 501 2058 550 Α
2094 488 2233 541 Nam
2266 499 2311 541 et
2340 490 2454 555 ipso
2489 493 2687 539 sancta:
2730 502 2790 536 ac
2826 499 3030 549 magna:
3061 482 3499 550 Quadragesima:
3528 491 3656 535 ιρηι-

424 591 659 645 Domini.

493 681 551 734 P.
579 681 668 734 59.
707 679 922 731 Postero
948 676 1050 728 die.
1109 673 1382 727 Hactenus
1412 672 1723 742 percensuit
1745 672 1985 725 Codinus

421 772 554 839 qttid
589 771 642 822 in
668 770 849 838 vigilia
910 767 1213 819 nativitatis
1244 766 1359 817 tieri
1417 763 1802 819 consueverit:
1839 777 1984 815 nunc

420 856 548 931 quid
573 861 625 911 in
656 860 771 925 ipso
820 858 954 911 festo
978 864 1188 924 agatur,
1222 856 1464 921 exponit.
1497 853 1700 907 Gners.

500 946 578 1003 lb.
616 948 763 1019 [Τὴν
785 945 1306 1011 τεσσαρακοστήν.
1331 942 1533 996 Christi
1565 941 1804 997 natalitia
1831 955 1987 995 seve-

412 1040 549 1095 riori
590 1040 800 1109 jejunio
846 1037 1199 1105 quadraginta
1233 1035 1424 1088 diebus
1457 1042 1735 1101 protracto
1790 1047 1976 1084 mona-

420 1133 566 1186 stica:
599 1132 743 1199 leges
766 1140 820 1181 et
850 1129 933 1196 pia
972 1127 1331 1196 quorumdam
1363 1125 1583 1179 devotio
1615 1123 1981 1192 prmveniunt.

421 1223 693 1291 Jejuuium
743 1219 876 1272 illud
939 1217 1357 1286 σαραντὰμερον
1413 1215 1631 1283 vulgus,
1691 1214 1989 1268 correctior

425 1312 606 1380 lingua
665 1307 1193 1376 τεσσαρανοήμερον
1274 1313 1454 1359 vocat.
1534 1302 1987 1372 Τεσσαρακοστήν

422 1402 656 1454 observo
692 1400 759 1452 ab
784 1406 1011 1451 auctore
1061 1394 1366 1465 nuncupari
1391 1411 1404 1450 :
1436 1404 1491 1448 at
1517 1395 1659 1448 nude
1681 1405 1734 1449 et
1762 1395 1988 1446 omnino

416 1492 625 1559 .jejuue,
690 1501 747 1543 ut
805 1488 969 1556 hujus
1017 1487 1363 1540 abstinentiae
1428 1484 1691 1553 temporis
1743 1483 1813 1537 ab
1878 1483 1987 1535 alio

424 1580 708 1634 Paschalia
766 1578 1027 1630 solemnia
1054 1575 1219 1645 296
1250 1573 1608 1643 praecedente,
1656 1581 1712 1627 et
1742 1572 1872 1639 ἁγία
1893 1570 1990 1622 καὶ

428 1672 638 1739 μεγάλη
696 1669 1113 1736 τενσσαρακοστή
1170 1666 1339 1730 dicto,
1388 1665 1684 1720 discrimen
1722 1663 1985 1732 assignet.

422 1761 621 1832 ϐο.ιιι.]

2086 595 2213 648 pore
2242 579 2421 631 diebus
2479 575 2699 630 Sabbati
2734 591 2796 627 ac
2837 574 3127 626 Dominicaz
3182 573 3333 624 multi
3378 582 3656 625 vescuntur

2087 669 2340 737 piscibus,
2406 668 2530 720 aliis
2561 682 2762 735 quoque
2817 666 2910 718 alii
2940 666 3121 716 diebus
3150 683 3167 727 ;
3229 675 3350 717 sunt
3379 665 3541 717 etiam
3565 666 3656 731 qui

2087 757 2150 807 iis
2178 757 2387 807 omnino
2424 772 2478 808 se
2515 756 2791 808 abstinent.
2839 753 2977 818 Quid
3013 756 3177 822 ergo?
3212 754 3513 806 dicemusne
3538 753 3658 805 illos

2025 882 2034 891 .
2092 843 2192 913 ﬁde
2222 846 2380 895 etiam
2408 844 2544 896 inter
2566 860 2620 895 se
2642 844 2942 895 dissidere?
2969 843 3033 894 In
3066 842 3251 895 ritibus
3277 858 3476 911 quoque
3501 841 3662 894 eccle-

2089 934 2322 986 siasticis
2341 935 2661 987 consuetudo
2687 944 2761 986 est
2793 935 2941 987 varia
2969 949 2987 986 :
3018 950 3138 987 nam
3170 934 3452 1002 Cpofitana
3488 932 3662 999 major

2088 1022 2307 1075 ecclesia
2324 1025 2375 1074 in
2391 1023 2715 1076 celebrandis
2729 1025 2910 1092 oﬂiciis
2923 1026 3027 1076 alio
3044 1010 3186 1078 more
3206 1025 3393 1086 utitur,
3422 1024 3526 1077 alio
3544 1037 3662 1074 vero

2090 1112 2299 1180 majora
2325 1117 2662 1176 monasteria,
2702 1115 2809 1167 alio
2852 1118 3059 1168 minora
3089 1117 3159 1168 ad
3190 1117 3415 1184 quietem
3448 1128 3660 1166 accom—

2090 1205 2329 1266 modata,
2381 1204 2601 1275 denique
2627 1203 2734 1257 alio
2763 1207 3100 1259 sacerdotum
3133 1207 3470 1260 sa'cularium
3494 1207 3662 1260 eccle-

2091 1294 2203 1347 site.
2244 1291 2383 1357 Quin
2412 1302 2462 1347 et
2518 1294 2914 1349 Tabennesiotce
2965 1298 3019 1349 in
3048 1314 3151 1350 uno
3178 1300 3460 1368 eodemque
3490 1317 3665 1357 creua-

2093 1385 2175 1438 bio
2203 1388 2375 1440 varios
2416 1387 2703 1455 jejunandi
2746 1389 3108 1457 psallendique
3167 1392 3348 1443 modos
3381 1393 3666 1460 habebant,

2091 1477 2217 1530 aliis
2239 1494 2332 1545 per
2355 1479 2571 1531 biduum
2588 1480 2979 1547 jejunantibus,
3004 1481 3124 1535 aliis
3142 1498 3234 1549 per
3264 1482 3667 1549 hebdomadam,

2092 1580 2140 1621 et
2177 1568 2259 1621 his
2292 1571 2501 1638 quidem
2525 1570 2594 1622 ad
2625 1587 2915 1638 vesperam,
2958 1571 3068 1624 illis
3093 1588 3211 1625 vero
3235 1574 3298 1625 de
3324 1575 3495 1626 media
3523 1586 3674 1629 nocte

2093 1676 2273 1712 sacros
2331 1660 2549 1728 hymnos
2596 1662 2948 1726 canentibus;
3000 1665 3142 1731 quod
3184 1664 3345 1730 [iebat
3391 1665 3552 1718 etiam
3614 1668 3670 1719 in

2095 1753 2414 1804 monasterio
2440 1752 2847 1806 Acmmetorum.
2890 1752 3087 1808 Subdit
3126 1753 3453 1823 GJegorius:
3508 1758 3670 1826 297

493 1856 577 1909 ιδ,
617 1854 789 1908 Gmci
840 1867 946 1906 ηοη
984 1860 1193 1905 tantum
1237 1859 1362 1903 ante
1396 1848 1603 1904 pascha
1644 1848 1738 1903 sed
1769 1856 1825 1902 ει
1868 1856 1991 1901 ante
2027 1836 2068 1889 Β
2100 1841 2307 1895 Mirum
2324 1861 2480 1912 porro
2500 1845 2657 1913 fuerit
2689 1847 2898 1899 curiste
2923 1848 3002 1899 vir
3026 1856 3073 1899 et
3091 1846 3288 1917 lingua:
3311 1850 3671 1913 diversitatem
3726 1836 3731 1840 ’

420 1947 527 1999 alia
562 1946 694 1999 festa
735 1944 1026 2013 praecipua,
1050 1953 1108 1995 ut
1132 1950 1214 1995 est
1240 1938 1448 1993 Natalis
1472 1938 1713 2002 Domini,
1742 1939 1987 2007 quadra-

425 2051 686 2107 gesrmam
740 2033 1161 2104 praemittebant,
1223 2033 1320 2085 sed
1354 2031 1835 2100 quadragesimam
1876 2045 1983 2083 non

427 2145 509 2193 re,
544 2128 638 2182 sed
665 2129 782 2181 solo
815 2126 1056 2189 nomine,
1110 2131 1300 2192 utpote
1342 2122 1552 2191 jejunio
1577 2121 1767 2189 paucis
1793 2120 1988 2175 diebus

423 2219 867 2286 circumscripto.
921 2217 974 2268 Ιιι
1028 2216 1203 2269 disces
1233 2229 1295 2267 ex
1318 2204 1668 2275 Balsamone,
1692 2213 1787 2281 qui
1810 2213 1864 2263 in
1901 2227 1986 2266 re-

426 2320 626 2374 sponso
648 2307 713 2358 ad
750 2304 818 2358 5'5
830 2302 1190 2371 quaestionem
1207 2299 1375 2354 Marci
1403 2299 1728 2368 patriarcha:
1749 2298 1987 2353 Alexan-

421 2397 564 2452 drini
599 2400 670 2451 ita
701 2396 931 2451 scribit:
963 2392 1078 2445 Nos
1097 2390 1428 2458 defendimus
1446 2390 1661 2458 jejunia
1693 2389 1989 2442 necessario

421 2488 709 2557 praecedere
769 2484 879 2538 luce
928 2493 1156 2553 quatuor
1178 2482 1336 2550 festa,
1370 2479 1623 2531 nimirum
1652 2477 1844 2545 festum
1864 2492 1989 2530 sau-

422 2590 627 2632 ctorum
680 2575 1058 2644 apostolorum,
1113 2570 1326 2624 Natalis
1353 2569 1573 2635 Christi,
1634 2569 1988 2637 transforma-

423 2672 583 2724 tionis
613 2668 813 2724 Christi
846 2678 893 2720 et
928 2665 1026 2718 Dei
1053 2664 1242 2728 nostri,
1276 2671 1325 2716 et
1350 2662 1752 2716 obdormitionis
1790 2671 1988 2714 sanctw

423 2766 681 2832 Deiparae,
742 2761 830 2814 sed
856 2769 1058 2812 tantum
1107 2768 1300 2825 septem
1358 2758 1584 2810 dierum.
1644 2752 1816 2808 Unum
1848 2755 1987 2808 enim

420 2866 497 2910 est
548 2853 903 2924 quadraginta
950 2850 1153 2902 dierum
1202 2847 1459 2917 jejunium
1510 2848 1682 2900 sancti
1726 2849 1987 2917 et’magni

423 2945 717 3001 Paschalis.
771 2943 925 3007 Quod
965 2942 1010 2994 si
1071 2942 1186 3010 quis
1243 2940 1360 3008 plus
1389 2954 1547 3007 quam
1587 2950 1779 3007 septem
1809 2939 1987 2993 diebus

418 3040 562 3091 circa
609 3039 792 3107 festum
848 3044 1151 3087 sanctorum
1199 3032 1557 3100 apostolorum
1588 3042 1636 3084 et
1665 3032 1859 3099 festum
1889 3047 1984 3084 na-

422 3125 546 3177 talis
567 3122 761 3177 Christi
777 3122 1001 3189 jejunet,
1031 3136 1122 3172 seu
1150 3128 1328 3187 sponte
1352 3134 1441 3171 seu
1464 3117 1667 3171 ordinis
1700 3118 1785 3171 sui
1806 3120 1987 3187 regula

425 3214 697 3282 impulsus,
730 3228 831 3264 non
854 3209 1255 3277 vituperabitur.
1299 3206 1574 3274 Quomodo
1596 3218 1775 3261 autem
1792 3217 1838 3261 et
1868 3222 1989 3274 pro-

422 3315 536 3373 pter
566 3303 689 3371 quid
714 3312 832 3355 ante
849 3302 1254 3369 unumquodque
1281 3299 1467 3353 horum
1485 3308 1713 3368 quatuor
1739 3300 1991 3367 festorum

413 3394 656 3462 jejunare
688 3392 987 3453 debeamus,
1011 3390 1341 3445 declaratum
1370 3390 1425 3443 in
1452 3389 1699 3459 synodali
1723 3389 1990 3443 decisione

422 3485 483 3535 de
518 3498 577 3534 eo
606 3500 637 3535 a
671 3481 819 3535 nobis
876 3483 1041 3552 facta.
1104 3481 1207 3546 Qui
1251 3482 1416 3551 igitur
1451 3496 1556 3532 non
1590 3478 1839 3548 jejuuant
1871 3487 1993 3533 ante

423 3571 824 3641 unumquodque
885 3573 1074 3624 horum
1110 3579 1341 3640 quatuor
1396 3572 1672 3640 festorum,
1732 3571 1845 3623 sine
1878 3568 1991 3622 ulla

420 3661 629 3714 omnino
677 3660 1011 3713 excusatione
1066 3659 1272 3726 magnis
1323 3656 1743 3711 emendabuntur
1798 3657 1989 3725 poenis.

422 3747 619 3802 Eadem
657 3748 819 3801 tradit
849 3746 1140 3799 Balsamon
1172 3748 1227 3797 in
1251 3746 1547 3815 responsis
1581 3745 1647 3797 ad
1679 3745 1992 3815 interroga-

422 3840 598 3891 tiones
626 3837 992 3907 quorumdam
1017 3839 1439 3900 monachorum,
1479 3849 1601 3904 quae
1628 3843 1848 3890 exstant
1864 3844 1990 3903 post

417 3930 859 3985 Nomocanonem
904 3927 1107 3982 Pbotii.

424 4008 437 4016 ’
488 4022 663 4076 (ἓνωεί
714 4021 1122 4090 quiritabantur
1186 4018 1531 4089 haecjejunia
1582 4017 1852 4074 aLatinis
1876 4034 1987 4074 non

413 4115 734 4180 observari,
775 4129 841 4168 ac
862 4113 1094 4182 proinde
1124 4114 1226 4168 hac
1251 4114 1416 4167 etiam
1443 4128 1509 4166 ex
1543 4119 1698 4181 parte
1730 4128 1853 4167 cum
1892 4112 1990 4167 iis-

414 4207 539 4261 dem
561 4206 907 4267 concordiam
930 4205 1052 4259 iniri
1084 4220 1194 4260 non
1226 4220 1410 4274 posse.
1436 4203 1696 4258 Iustituta
1725 4214 1775 4258 et
1811 4220 1983 4258 mores

412 4315 590 4352 ontnes
620 4300 827 4373 diversa
853 4299 1062 4352 omnino
1087 4307 1231 4359 sunt,
1260 4300 1443 4366 inquit
1464 4297 1679 4357 Marcus
1699 4296 1985 4366 Ephesius,

406 4391 619 4460 jejunia
669 4401 720 4445 et
772 4394 905 4446 ritus
953 4391 1298 4445 ecclesiastici
1342 4398 1393 4444 et
1437 4389 1658 4444 similia.
1704 4389 1835 4463 Quce
1862 4404 1986 4459 ergo

2096 1943 2147 1987 et
2174 1937 2379 1988 varium
2427 1926 2855 1991 indumentorum
2895 1955 3057 2008 genus
3080 1939 3206 1993 vitio
3252 1957 3357 1993 non
3406 1943 3618 1995 verterit
3652 1960 3671 2006 ;

2098 2036 2189 2080 aut
2220 2029 2371 2097 quod'
2395 2028 2482 2081 illi
2530 2030 2749 2096 ﬂectant
2796 2046 2965 2099 genua
2984 2046 3102 2083 cum
3138 2033 3372 2085 adorant
3412 2043 3460 2085 et
3490 2045 3668 2099 orant,

2095 2128 2363 2173 servantes
2398 2136 2595 2173 morem
2628 2122 2991 2189 antiquitatis,
3026 2138 3118 2175 nos
3143 2139 3262 2176 vero
3292 2125 3528 2178 minime.

2169 2211 2342 2266 Porro
2370 2213 2465 2279 qui
2506 2212 2682 2265 Natali
2720 2213 2987 2281 integram
3024 2215 3501 2283 quadragesimum
3533 2230 3672 2283 prec-

2098 2304 2407 2370 mittebant,
2445 2303 2480 2356 ii
2532 2303 2967 2372 auspicabantur
2996 2319 3027 2357 a
3066 2306 3133 2358 M
3182 2306 3269 2359 die
3322 2305 3670 2373 Novembris,

2098 2401 2157 2445 ut
2192 2394 2469 2458 monachi,
2499 2409 2638 2463 quos
2668 2394 2734 2447 ad
2776 2397 2877 2449 hoc
2903 2397 3196 2464 peculiaris
3221 2401 3411 2467 regula
3468 2400 3676 2467 obligar

2096 2484 2209 2538 bat.
2247 2485 2517 2550 Monac/ti,
2542 2487 2722 2555 inquit
2745 2487 3058 2550 Balsamon,
3112 2492 3203 2559 qui
3234 2508 3453 2545 suarum
3484 2493 3676 2562 funda-

2098 2577 2297 2629 tionum
2331 2579 2797 2634 canstitutionibus
2830 2587 3095 2650 edguntur
3133 2584 3362 2653 amplius
3403 2586 3672 2654 jejunare,

2098 2668 2302 2722 scilicet
2341 2687 2371 2722 a
2396 2673 2529 2740 festo
2560 2670 2808 2726 Omnium
2869 2686 3173 2728 sanctorum
3206 2686 3255 2730 et
3281 2695 3312 2730 a
3362 2679 3428 2732 Η
3486 2684 3677 2735 mensis

2093 2762 2420 2825 Novembris,
2456 2762 2534 2816 vel
2568 2765 2723 2818 inviti
2744 2777 2997 2835 cogentur
3026 2770 3176 2837 sequi
3212 2779 3417 2824 statuta
3454 2789 3675 2825 suarum

2095 2850 2487 2920 fundationum,
2513 2856 2761 2923 quoniam
2817 2857 2913 2910 hoc
2933 2868 3009 2912 est
3062 2862 3375 2916 canonicum
3426 2874 3475 2915 et
3527 2868 3647 2918 salu

2097 2950 2250 3006 tare;
2282 2945 2720 3004 quemadmodum
2765 2956 2813 3001 et
2863 2948 3007 3012 laici,
3061 2953 3151 3018 qui
3211 2970 3323 3005 sua.
3355 2965 3538 3023 sponte
3603 2960 3677 3010 ita

2092 3028 2523 3096 iejunant,laude
2538 3043 2587 3085 et
2612 3034 2909 3102 gratiarum
2924 3039 3129 3091 actione
3150 3039 3295 3108 digni
3323 3041 3675 3099 habebuntur.

2097 3121 2249 3187 Quod
2282 3122 2499 3178 dicitde
2522 3122 2660 3178 festo
2696 3125 2944 3179 Omnium
2973 3139 3298 3195 sanctorum,
3337 3135 3389 3187 id
3424 3135 3672 3189 rel‘ereu-

2098 3214 2227 3268 dum
2250 3222 2333 3270 est
2359 3215 2425 3269 ad
2443 3216 2715 3285 jejunium
2742 3228 2869 3273 ante
2903 3219 3105 3283 festum
3150 3225 3399 3279 omnium
3450 3239 3672 3295 aposto-
3756 3262 3761 3267 ο

2098 3305 2298 3371 lorum,
2328 3308 2473 3375 quod
2504 3307 2680 3363 Graeci
2740 3310 3022 3365 celebrant
3085 3313 3279 3369 ultimo
3358 3318 3445 3371 die
3502 3317 3673 3382 Junii,

2097 3395 2255 3464 cujus
2281 3398 2612 3468 principium
2651 3409 2767 3454 erat
2798 3399 3001 3457 festum
3039 3402 3295 3460 Omnium
3331 3419 3675 3470 sanctorum.

2096 3490 2241 3560 quod
2270 3490 2438 3545 Graeci
2474 3491 2750 3547 celebrant
2805 3496 2978 3564 prima
3032 3496 3315 3554 Dominica
3376 3514 3497 3570 post
3532 3503 3675 3558 Pen-

2099 3591 2339 3636 tecostcn
2375 3599 2390 3635 :
2423 3599 2546 3637 cum
2574 3595 2751 3639 autem
2776 3586 3100 3644 Pentecoste
3135 3590 3205 3644 sit
3226 3592 3422 3647 festum
3452 3598 3674 3666 mobile,

2095 3675 2408 3729 necessario
2453 3678 2617 3730 etlam
2682 3677 2880 3732 festum
2931 3679 3176 3735 Omnium
3239 3696 3541 3739 sanctorum
3592 3701 3677 3744 est

2096 3768 2292 3823 festum
2336 3770 2534 3824 mobile
2559 3773 2699 3839 apud
2731 3772 2975 3838 Graecos,
3006 3793 3151 3833 nunc
3182 3778 3235 3832 in
3258 3779 3417 3848 Maio,
3454 3800 3597 3838 nunc
3621 3787 3673 3838 in

2092 3858 2256 3915 Junio
2308 3876 2624 3917 occurrens.
2687 3863 2805 3930 Quo
2864 3866 2917 3919 lit
2941 3878 2997 3921 ut
3039 3867 3307 3938 jejunium
3368 3874 3499 3928 illud
3548 3887 3676 3931 ante

2093 3951 2464 4019 apostolorum
2486 3952 2681 4005 festum
2703 3954 2866 4007 etiam
2895 3959 3035 4024 apud
3060 3961 3360 4016 monachos
3381 3963 3676 4031 aliquando

2095 4038 2336 4103 brevius,
2374 4040 2666 4109 aliquando
2689 4041 2906 4111 longius
2936 4043 3097 4098 fuerit
3128 4063 3142 4100 :
3173 4048 3415 4115 brevius,
3453 4054 3498 4106 si
3531 4054 3672 4108 Pen-

2095 4138 2299 4183 tecoste
2334 4130 2386 4183 in
2420 4129 2641 4185 Junium
2682 4133 2990 4201 incidisset,
3026 4136 3261 4206 longius,
3293 4140 3337 4192 si
3364 4141 3414 4193 in
3444 4141 3671 4198 Maium.

2092 4218 2227 4274 Vide
2258 4220 2520 4291 Typicum
2572 4223 2742 4278 Sabae.

2163 4312 2576 4369 Observandum
2606 4301 2657 4371 et
2689 4318 2811 4380 hoc,
2839 4318 3061 4376 Graecos
3088 4327 3669 4381 commemorationem

2092 4406 2334 4460 omnium
2391 4406 2633 4462 fidelium
2664 4409 3047 4466 defunctorum
3108 4430 3268 4481 agere
3297 4416 3431 4471 feria
3484 4421 3675 4489 quinta

414 4484 501 4539 hic.
532 4484 676 4548 unio,
712 4483 801 4537 ubi
828 4483 1031 4536 nullum
1072 4492 1259 4547 patens
1283 4498 1345 4534 ac
1379 4482 1724 4549 manifestum
1767 4492 1984 4549 apparet

2094 4508 2220 4551 ante
2243 4496 2621 4564 PentecoSIen,
2657 4510 2714 4554 ut
2738 4512 2954 4557 constat
3007 4518 3071 4557 ex
3104 4505 3244 4561 libro
3281 4509 3465 4564 rituali
3499 4482 3676 4568 -Nice-

414 4572 662 4640 signum?
715 4574 784 4626 Et
834 4574 1093 4642 quomodo
1139 4574 1274 4627 uniti
1328 4582 1473 4636 sunt,
1507 4573 1599 4642 qui
1649 4589 1747 4626 sua
1770 4574 1990 4629 retinere

414 4663 634 4717 volunt?
687 4665 801 4719 Hac
839 4666 976 4718 enim
1007 4667 1118 4734 lege
1147 4681 1304 4719 suum
1346 4671 1413 4717 ad
1449 4666 1691 4719 unionem
1718 4664 1990 4733 prwbuere

413 4769 697 4817 assensum,
714 4756 953 4822 quamvis
975 4772 1006 4806 a
1026 4754 1251 4809 Patrum
1268 4755 1644 4809 traditionibus
1659 4755 1989 4810 desciverint.

412 4844 726 4914 Respondet
758 4846 1063 4916 Gregorius
1112 4848 1557 4918 protosyncellus
1613 4849 1667 4901 in
1730 4849 1982 4916 apdlogia

410 4953 512 5006 pro
578 4940 817 4993 concilio
878 4939 1220 5005 Florentino,
1276 4956 1400 5009 qua:
1426 4948 1606 4995 exstat
1661 4939 1728 4993 ad
1783 4940 1986 4994 calcem

412 5030 658 5098 ejusdem
686 5031 1005 5085 Florentini
1057 5033 1278 5085 concilii
1308 5032 1359 5085 in
1393 5033 1530 5087 edit.
1563 5033 1810 5087 Romana
1836 5031 1986 5085 Grae-

390 5110 694 5176 co-Latina
726 5141 739 5177 :
771 5121 955 5176 Nescit
980 5140 1120 5193 ergo,
1140 5133 1196 5176 ut
1218 5124 1374 5192 plane
1395 5124 1622 5189 videtur,
1650 5125 1873 5179 eximius
1904 5124 1987 5178 hic

410 5218 489 5268 vir
518 5217 687 5269 varios
716 5220 772 5269 in
809 5218 909 5270 hac
938 5221 1097 5272 etiam
1146 5236 1342 5288 magna
1374 5220 1500 5274 urbe
1549 5219 1841 5289 Cpolitana
1872 5238 1986 5274 ser-

408 5313 520 5363 vari
575 5326 764 5376 mores,
808 5312 1240 5382 jejuniorumque
1272 5330 1333 5367 ac
1359 5316 1559 5366 rituum
1588 5316 1982 5369 ecclesiastico-

410 5416 526 5452 rum
553 5417 663 5454 esse
683 5402 1041 5456 diversitates.
1074 5403 1317 5472 Namque
1349 5416 1473 5458 ante
1512 5405 1714 5460 Christi
1732 5406 1986 5461 Natalem

409 5503 528 5545 sunt
566 5495 658 5561 qui
706 5494 988 5547 ordiuntur
1036 5496 1304 5564 jejunium
1344 5515 1408 5552 ea:
1432 5500 1519 5551 die
1546 5499 1611 5552 15
1648 5498 1982 5567 Novembris,

410 5582 506 5633 alii
559 5597 621 5636 ea:
660 5584 744 5637 die
773 5584 804 5638 6
832 5584 1154 5649 Decembris,
1211 5588 1304 5641 alii
1335 5604 1400 5641 ea:
1454 5589 1555 5654 20;
1619 5591 1689 5642 ad
1733 5592 1983 5644 honorem

405 5689 606 5742 quoque
634 5676 969 5729 Ascensionis
993 5676 1192 5732 Christi
1217 5681 1435 5747 quidam
1450 5681 1701 5749 jejunare
1725 5683 1982 5750 incipiunt

404 5783 469 5821 et
490 5767 746 5823 Kalendis
768 5771 911 5837 Maii,
931 5782 978 5824 et
1010 5772 1119 5826 alia
1150 5774 1213 5825 ab
1241 5775 1581 5843 aliisjejunia
1612 5779 1976 5833 observantur.

705 5865 975 5925 Pirttot.
1007 5865 1115 5925 Gn.
1158 5867 1384 5929 (ΣΗ-Ἣ.

2096 4586 2273 4655 phori,
2302 4586 2395 4655 qui
2426 4588 2894 4645 Pentecostarium
2929 4594 3266 4652 inscribitur.
3296 4600 3502 4656 Gnnrs.

2170 4677 2311 4732 Ibid.
2349 4678 2724 4751 ['Anéxpswv,
2747 4686 3178 4753 carnispririum,
3202 4692 3473 4746 celehrius
3508 4710 3675 4749 unum

2094 4771 2300 4827 habent
2330 4772 2523 4839 (ἓνκαὶ,
2570 4775 2854 4831 Dominica
2906 4782 3283 4849 sexagesimae,
3314 4793 3366 4836 et
3419 4786 3671 4853 κρέωφά-

2092 4881 2187 4931 γον
2210 4866 2566 4931 caminorum,
2603 4870 2647 4921 si
2680 4870 2753 4923 ita
2786 4872 3029 4937 proferre
3063 4873 3241 4937 liceat,
3268 4877 3409 4926 diem
3444 4877 3673 4929 solemni

2092 4954 2376 5010 Paschatis
2399 4957 2561 5011 festo.
2614 4957 2684 5013 Ut
2712 4976 2835 5012 vero
2861 4961 3036 5015 sacris
3097 4966 3369 5031 mysteriis
3420 4970 3672 5036 corporis

2090 5054 2146 5098 et
2173 5046 2460 5115 sanguinis
2493 5048 2704 5102 Christi
2735 5049 3110 5117 participaturi
3139 5052 3408 5120 jejunium
3462 5070 3668 5126 septem

2091 5139 2173 5191 t'cl
2204 5139 2445 5207 quinque
2495 5139 2688 5194 saltem
2744 5141 2957 5194 dierum
3020 5146 3351 5211 praemittere
3397 5149 3516 5219 lege
3557 5153 3670 5219 jam

2091 5228 2219 5281 olim
2250 5231 2423 5295 posita
2453 5244 2661 5297 usuque
2700 5229 3019 5284 memoriam
3063 5248 3279 5288 omnem
3315 5248 3672 5306 praevertente

2090 5328 2312 5385 recepto
2344 5328 2618 5386 tenentur,
2650 5320 2724 5374 ita
2742 5336 2849 5374 non
2873 5338 3040 5377 unum
3061 5328 3349 5397 ἁπόκρεων
3374 5332 3459 5385 vel
3496 5350 3673 5400 xpeto-

2089 5412 2264 5479 φάγον
2290 5412 2433 5465 diem
2478 5429 2574 5482 per
2621 5429 2851 5481 annum,
2885 5419 2979 5470 sed
3013 5430 3283 5487 quatuor,
3322 5438 3472 5476 more
3500 5426 3673 5491 magis

2088 5503 2291 5556 usitato
2322 5513 2632 5560 numerant.
2678 5506 3005 5564 Celebratur
3038 5512 3128 5566 hic
3175 5516 3441 5567 natalium
3476 5524 3530 5567 et
3583 5530 3671 5567 re-

2088 5598 2448 5652 surrectiouis
2465 5598 2693 5661 Christi,
2729 5610 2843 5655 tum
2863 5603 3215 5659 dormitiouis
3246 5606 3484 5674 Deipara:
3508 5606 3672 5674 festo,

2087 5692 2175 5743 ille
2205 5692 2707 5761 quoticsjejunium
2739 5705 2868 5750 ante
2919 5708 3221 5751 memorata
3284 5701 3575 5761 solemnia,
3608 5702 3678 5752 ob

2086 5792 2397 5838 secuturam
2460 5788 2926 5854 communionem,
3009 5790 3383 5861 auspicantur.
3476 5791 3678 5846 Turnus

3289 5885 3352 5941 ll
