4064 6420
367 356 462 419 33l

1447 350 1527 409 ΙΝ
1563 345 1869 407 LIBRUM
1912 345 2009 406 DE
2042 342 2379 404 OFFICIIS
2420 341 2531 400 (ΞΡ.

3509 338 3615 398 332

364 466 587 520 uniouis
629 464 770 517 inter
827 461 1241 515 Constantinum
1291 456 1820 527 Porphyrogenitum
1883 463 1937 507 et
1968 464 2010 517 Α
2049 452 2102 505 lu
2129 467 2239 520 quo
2269 449 2533 518 Calepiuo
2558 446 2759 515 reperit
2811 443 3007 499 Junius
3034 445 3226 513 ἔδαφος
3251 460 3373 502 esse
3424 450 3507 504 vel
3535 452 3613 507 si-

361 559 479 626 ejus
509 570 760 609 socerum
804 552 1107 604 Romanum
1145 548 1291 602 Juris
1336 548 1429 601 GR
1456 548 1491 599 Ι.
1526 564 1561 600 ιι
1599 565 1611 599 :
1648 547 1781 613 Τρὶς
1840 545 1931 596 τοῦ

362 644 609 699 ἐνιαυτοῦ
637 642 997 710 ἀξιωθήσεται
1044 640 1143 706 τῆς
1203 636 1556 697 ἀπολαύσεως
1606 634 1714 687 τῶν
1773 632 1934 684 θείων

368 735 708 805 μυστηρίων,
741 730 891 795 ἅπαξ
919 730 1016 799 μὲν
1049 732 1106 782 ἐν
1168 730 1235 797 τῇ
1300 725 1631 795 σωτηριώδει
1673 723 1766 776 τοῦ
1798 722 1932 775 Θεοῦ

363 830 456 879 καὶ
479 825 729 891 Σωτῆρος
765 822 921 890 ἡμῶν
946 821 1259 881 ἀναστάσει,
1293 817 1624 885 δεύτεροννὲν
1648 818 1714 885 τῇ
1744 816 1937 883 κοιμή-

362 934 441 967 σει
472 916 573 982 τῆς
595 913 865 982 ἀχράντου
894 911 1179 978 δεσποίνης
1210 908 1496 971 Θεοτὸκου,
1532 906 1628 959 καὶ
1674 906 1858 975 τρίτον
1882 906 1936 956 ὲν

298 1066 299 1071 η
360 1010 423 1075 τῇ
456 1004 711 1073 γενεθλίῳ
741 1004 920 1072 ἡμέρᾳ.
969 1001 1062 1054 τοῦ
1091 1000 1358 1069 Χριστοῦ,
1400 999 1488 1052 διὰ
1512 998 1571 1049 τδ
1609 998 1666 1049 ὲν
1712 995 1938 1057 ταύταις

360 1094 715 1166 προηγεῖσθαι
758 1093 1035 1162 νηστείαν.
1089 1091 1227 1145 Hinc
1292 1089 1528 1160 percipis
1578 1102 1678 1141 cur
1744 1100 1938 1139 carnes

358 1201 483 1256 post
541 1186 808 1254 jejunium
874 1182 1165 1237 dclibaturi
1247 1180 1545 1247 πασχάζειν
1617 1193 1678 1233 se
1732 1177 1938 1238 dicant,

354 1278 500 1347 quod
523 1277 936 1337 communium,
958 1290 1078 1341 qum
1102 1288 1287 1327 verum
1316 1272 1514 1339 pascha
1535 1278 1640 1336 est,
1660 1270 1939 1339 przeIniSsa

354 1384 554 1436 Corpus
582 1370 745 1421 etiam
785 1364 1028 1435 paschali
1079 1362 1204 1416 cibo
1250 1364 1473 1416 reticere
1532 1361 1937 1430 aggrediantur.

358 1463 430 1513 De
454 1458 771 1513 Graecorum
800 1454 1012 1525 jejunio
1032 1452 1252 1507 uberior
1282 1462 1365 1505 est
1418 1450 1728 1505 dissertatio
1758 1460 1941 1502 nostra

359 1551 424 1601 ad
445 1548 827 1615 Euclmlogica,
853 1547 903 1597 in
924 1560 1027 1612 qua
1048 1540 1730 1613 jejunium_apostolorum,
1754 1540 1819 1592 de
1834 1553 1944 1607 quo

358 1640 650 1695 Gretserus
688 1638 798 1700 hic,
842 1638 1099 1703 quodque
1145 1634 1327 1686 minus
1364 1630 1701 1700 frequentata
1730 1644 1797 1682 eo
1857 1631 1944 1683 die

361 1730 749 1785 communione
782 1743 973 1809 parum
997 1726 1346 1787 observatur,
1383 1723 1942 1784 includimus,Trans-

363 1820 702 1889 ﬁgurationis
744 1834 936 1888 porro,
972 1818 1118 1886 quod
1150 1824 1420 1870 memorat
1450 1815 1762 1881 Balsamon,
1796 1817 1940 1884 apud

359 1912 707 1975 Gretserum,
749 1909 862 1978 jam
897 1907 1245 1977 antiquatum
1270 1916 1379 1971 est,
1422 1907 1499 1965 vel
1537 1916 1685 1960 certe
1710 1905 1945 1975 quinde-

359 2006 445 2060 nis
516 2013 643 2058 aute
705 2002 950 2070 Deiparae
971 1998 1569 2054 dormitionemcaruis
1612 1998 1946 2052 comestione

358 2096 549 2150 diebus
587 2093 794 2148 orbatis
850 2090 1356 2161 comprehenditur.
1390 2087 1590 2160 Gonn]

435 2208 491 2261 Ρ.
531 2206 620 2260 60.
653 2206 733 2259 Ad
763 2203 1268 2257 circumstationem.
1299 2201 1470 2269 Cujus
1507 2200 1796 2269 imaginem
1826 2201 1947 2255 vide

365 2300 637 2367 depictam
700 2313 730 2349 a
777 2295 1016 2363 Corippo
1066 2304 1222 2361 poeta
1268 2292 1525 2345 Africano
1578 2294 1646 2346 de
1696 2290 1946 2345 laudibus

361 2390 561 2445 Justiui
597 2387 818 2451 lil,158
850 2385 1071 2439 -—169.

436 2506 707 2569 Iutcgrum
736 2500 1029 2553 idiomelon
1045 2508 1222 2552 exstat
1246 2500 1298 2549 in
1321 2497 1522 2551 Menam
1543 2498 1613 2549 25
1637 2496 1945 2549 Decembris

362 2605 415 2645 et
446 2591 737 2645 ascribitur
752 2586 949 2641 Joanni
988 2587 1275 2639 monacho.

364 2723 753 2798 298‘1Hdg‘0t
811 2720 1062 2791 Heg-amr
1083 2719 1391 2785 βασιλεῖς,
1425 2719 1793 2798 ,ἐπιγνόντες⁸
1827 2735 1937 2771 σα.

371 2867 483 2920 Τὸν
505 2867 603 2919 ἐπὶ
638 2864 747 2933 γῆς
778 2862 1069 2931 τεχθέντα
1096 2862 1367 2933 ,ϐασιλέα
1397 2789 1838 2928 οὐράνιον-Ξένιος

377 2938 514 2990 Ὑπὸ
554 2931 839 3004 λαμπροῦ
888 2933 1145 3002 ἀστέρος
1193 2931 1530 3004 ἑλκόμενοι-
1559 2933 1837 3004 ἐερθασαν
1874 2931 1942 2982 ἐν

366 3076 528 3145 Δῶρα
555 3074 1010 3144 προσφέροντες
1040 3073 1304 3145 ἕτκριζα,
1348 3000 1935 3145 χρυσέὂῗηῗίάῗὲίιῖἶϐιι-

1216 3143 1350 3214 [νον
1375 3142 1483 3214 καὶ
1533 3142 1833 3214 σμύρναν.

367 3218 476 3270 Καὶ
499 3217 797 3279 πεσόντες
831 3210 1331 3283 προσεκύνησαν·
1371 3212 1507 3283 τνδον
1542 3216 1652 3278 γὰρ
1697 3212 1766 3263 ἐν
1797 3210 1875 3274 τῷ

367 3288 655 3354 Σπηλαίῳ
675 3282 906 3351 ,ϐρέφος
929 3284 1209 3350 κείμενον
1240 3284 1346 3334 τὸν
1374 3282 1661 3348 ἄχρονον.

441 3418 540 3472 Est
601 3428 785 3472 autem
848 3417 1140 3471 idiomclon
1206 3415 1411 3485 proprii
1470 3414 1593 3467 festi
1648 3415 1945 3467 canticum.

374 3506 627 3562 ldimncla
693 3507 899 3574 ubique
965 3507 1017 3559 in
1070 3505 1224 3559 libris
1279 3503 1569 3558 ritualibus
1629 3503 1945 3558 Graacorum

368 3604 528 3658 obvia
556 3611 703 3657 sunt.
732 3603 915 3670 Inepte
952 3600 1147 3657 Junius
1177 3602 1264 3655 hic
1308 3600 1499 3655 scribit
1538 3600 1819 3670 ιδιὼμελον
1855 3616 1951 3669 per

368 3716 443 3763 ω,
466 3694 615 3771 infra
639 3694 904 3763 ἱδιόμεὶον
935 3708 1030 3762 per
1050 3712 1076 3745 ο
1109 3693 1328 3763 μικρόν,
1358 3703 1415 3747 ιιι
1471 3695 1699 3763 originis
1720 3703 1772 3747 et
1800 3711 1951 3746 com-

370 3786 656 3856 positionis
698 3786 832 3838 ratio
859 3785 1128 3853 postulat;
1160 3785 1489 3855 planumque
1526 3787 1583 3838 tit
1615 3801 1679 3839 ex
1708 3784 1949 3849 Meuzeis,

370 3878 463 3931 ubi
488 3878 633 3931 nulla
667 3876 943 3945 ἰδιώμελα,
970 3878 1074 3931 nisi
1100 3876 1283 3932 forsan
1311 3890 1498 3931 errore
1531 3878 1949 3948 typographico,

284 3988 299 4003 κ
368 3969 630 4023 scdutera
668 3968 907 4037 ιδιόμε).α
934 3969 1191 4037 reperies.
1245 3967 1454 4027 Gns'rs,

438 4081 521 4134 Ib.
552 4080 870 4153 [Ἰδιὸμελον
900 4084 1164 4136 canticum
1191 4082 1341 4150 ferite
1361 4083 1659 4151 proprium,
1685 4085 1758 4136 ait
1778 4082 1951 4137 Meur-

366 4174 501 4227 sius.
560 4170 759 4227 Verum
825 4174 1177 4243 ῐδιομελῳδεῖ,
1238 4174 1337 4225 sibi
1396 4175 1497 4241 ipsi
1556 4184 1759 4235 cantat,
1822 4174 1950 4242 quia

366 4264 514 4316 solus
548 4278 608 4317 se
636 4265 807 4317 audit.
854 4264 944 4317 Est
972 4266 1153 4333 itaque
1181 4266 1386 4333 proprii
1437 4273 1621 4316 cantus
1684 4264 1948 4328 modulus,

366 4352 459 4420 qui
487 4353 741 4408 nimirum
778 4358 992 4423 proprio
1024 4372 1086 4407 ac
1111 4360 1315 4423 privato
1394 4356 1703 4408 modulandi
1766 4371 1951 4425 genere

367 4444 627 4497 occinitur
651 4485 666 4509 ,
725 4448 939 4513 hacque
1008 4446 1220 4498 ratione
1279 4447 1563 4515 τροπαρίῳ
1614 4446 1685 4498 ad
1737 4450 1952 4499 ulterius
1986 4474 2027 4527 ο
2058 4470 2228 4524 “ams
2252 4466 2400 4523 venit
2431 4471 2495 4523 ad
2522 4470 2563 4523 η

370 4546 582 4589 cantant
610 4536 921 4603 inﬂectendo
939 4537 1252 4605 opponitur.
1288 4537 1438 4601 Vide,
1469 4537 1512 4590 si
1542 4539 1669 4604 quid
1699 4553 1945 4592 meream

369 4641 478 4693 tur,
515 4628 906 4697 Euchologica.
941 4628 1142 4699 ϐοιιιιο]

438 4750 498 4802 Ρ.
530 4748 618 4802 62.
650 4740 879 4802 Fercula
908 4745 1055 4797 humi
1090 4748 1287 4813 posita.
1312 4746 1508 4801 Junius
1535 4747 1690 4801 nobis
1724 4760 1949 4815 persua-

366 4844 494 4896 dere
524 4841 806 4896 eonteudit
838 4854 1043 4909 ponere
1086 4841 1287 4893 fercula
1339 4841 1424 4891 ὲπ*
1461 4840 1712 4907 ἐδάφους,
1768 4838 1821 4891 id
1864 4847 1950 4891 est

369 4935 543 4997 humi,
578 4933 719 4986 idem
755 4946 876 4985 esse
904 4931 1049 4999 quod
1077 4945 1278 4997 ponere
1310 4944 1474 4997 super
1528 4943 1795 4993 mensam,
1822 4927 1948 4995 quia

368 5040 556 5078 mensa
583 5035 667 5078 est
708 5023 872 5077 etiam
905 5022 1101 5088 ἔδαφος
1129 5035 1226 5074 seu
1250 5019 1423 5073 solum
1452 5034 1549 5072 seu
1607 5028 1948 5072 sustentacu-

369 5121 499 5170 lum.
532 5120 614 5170 An
661 5116 895 5183 vigilans
959 5116 1060 5168 ista
1109 5113 1397 5182 scripserit
1455 5111 1653 5167 Junius
1694 5112 1948 5181 equidem

367 5208 581 5268 dubito,
606 5221 730 5259 cum
760 5206 1004 5259 Codinus
1034 5219 1293 5273 expresse
1310 5205 1466 5258 dicat
1504 5205 1833 5259 domesticos
1856 5202 1949 5256 τοῦ

369 5297 712 5368 δομεστικῐου
754 5297 973 5365 μίνσους
1025 5297 1311 5363 κειμένους
1367 5294 1456 5347 ἐπ’
1508 5296 1761 5362 ἐδάφους,
1804 5292 1952 5345 humi

372 5388 445 5441 rei
480 5389 534 5440 in
563 5388 858 5455 pavimento
896 5389 1119 5456 positos,
1165 5402 1231 5439 e1
1271 5385 1387 5439 solo
1415 5386 1627 5439 levasse
1684 5385 1739 5438 in
1801 5400 1955 5438 men-

372 5497 485 5532 sam
511 5480 881 5547 imperatoris,
907 5493 958 5533 et
988 5479 1155 5545 hujus
1200 5475 1436 5529 faciendi
1489 5486 1615 5529 lltltC
1648 5486 1855 5530 tantum
1900 5486 1955 5529 ct

373 5573 509 5626 alias
545 5588 823 5642 nunquam
854 5581 1177 5641 potestatettt
1205 5569 1483 5623 habuisse.
1531 5570 1611 5622 An
1663 5571 1807 5637 quod
1837 5567 1952 5634 jam

367 5677 455 5717 cst
486 5665 771 5729 inmensa,
804 5665 1000 5717 dicitur
1048 5661 1215 5714 leVari
1250 5660 1301 5711 in
1343 5660 1625 5714 mensam?
1656 5668 1710 5713 et
1763 5676 1950 5725 supra,

370 5754 659 5811 domestici
714 5756 805 5809 isti
856 5754 1065 5807 τιθέασι
1115 5751 1239 5815 τοῦς
1296 5751 1517 5819 μενσους
1564 5753 1651 5805 ἐπ’
1702 5751 1951 5821 ἐδάφους.

2040 544 2301 611 gniﬁcare
2343 539 2628 595 mensam?

2114 632 2197 686 Ib.
2223 633 2294 684 Τὸ
2317 631 2618 703 μινσά).ιον,
2643 648 2833 699 mappa
2860 644 3067 684 meum.
3087 629 3289 685 Citrius
3309 632 3359 685 in
3379 631 3619 701 Respon-

2039 726 2116 779 sis
2151 742 2164 778 :
2210 726 2318 778 Καὶ
2362 724 2429 776 τά
2465 724 2521 774 ὲν
2543 726 2658 783 ταῖς
2678 721 2980 790 τραπέζαις
3008 722 3393 791 ὲφαπ).ούμενα
3436 726 3618 779 ὀθόνια

2042 816 2294 884 μινσάλια
2329 814 2598 879 λέγονται,
2623 809 2711 865 οἷα
2766 812 2903 881 πρὸς
2954 813 3157 877 κόσμον
3184 814 3280 883 τῆς
3340 817 3617 885 τραπέζης

2042 907 2134 957 καὶ
2168 906 2276 956 τῶν
2300 904 2503 969 μίνσων
2534 903 2810 972 τιθέμενα.

2119 994 2180 1049 Ρ.
2218 980 2307 1047 65.
2344 994 2445 1047 Pro
2480 992 2746 1045 ἰσοπέδιον
2779 994 3156 1060 reponendum
3183 1003 3265 1048 est
3294 1011 3386 1047 σου
3400 994 3621 1046 ππέδιον

2042 1086 2378 1155 σιιρρειιίωη,
2408 1084 2710 1139 scabellum
2744 1085 2966 1152 pedum,
3009 1096 3335 1153 usurpatum
3366 1101 3395 1138 a
3428 1086 3616 1139 Niceta

2042 1179 2308 1233 Chnniate
2344 1190 2397 1231 et
2435 1178 2503 1230 ab
2534 1177 2677 1241 aliis,
2719 1186 2773 1229 ut
2806 1176 2965 1230 docet
2995 1176 3267 1231 Meursius
3292 1178 3343 1230 in
3390 1175 3616 1232 Lexico.

2045 1268 2311 1323 Scribitur
2333 1267 2494 1327 etiam
2531 1267 2791 1319 σωπέδιον
2825 1275 2878 1320 ct
2906 1268 3173 1320 συπέδιον.
3194 1267 3399 1324 Gnsrs.

2118 1360 2477 1433 Ibid.[.\iiror
2499 1377 2598 1415 cur
2627 1375 2735 1415 non
2770 1360 2999 1429 primam
3050 1370 3105 1415 et
3151 1378 3464 1429 germanam
3512 1363 3623 1417 lec-

2048 1455 2253 1509 tionem
2314 1453 2617 1507 ῐσουπέδιον
2670 1452 2949 1521 reliquerit
3000 1452 3314 1508 Gretserus.
3375 1456 3455 1507 An
3510 1470 3620 1507 non

2047 1546 2266 1601 Graecos
2296 1554 2550 1600 auctores
2586 1544 2792 1599 Graecis
2827 1546 3007 1613 potius
3030 1562 3195 1613 quam
3254 1545 3466 1599 Latinis
3520 1561 3619 1613 par

2046 1646 2126 1691 est
2162 1637 2239 1689 uti
2268 1635 2530 1690 vocibus?
2557 1634 2887 1688 Σουππέδιον
2910 1652 3035 1689 vero
3074 1636 3289 1700 Latina,
3319 1636 3621 1689 ἰσουπέδιον

2047 1730 2128 1782 vel
2152 1727 2483 1781 εῐσουπέδιον
2508 1728 2696 1783 Graeca
2727 1743 2827 1782 vox
2850 1738 2951 1789 est,
2982 1744 3146 1796 quam
3178 1729 3455 1783 communi
3487 1744 3622 1781 con-

2048 1836 2211 1874 sensu
2237 1828 2456 1873 tuentur
2481 1817 2635 1888 Regii
2670 1821 2908 1875 codices.
2927 1819 3252 1874 Utrumlibet
3273 1835 3403 1875 vero
3423 1836 3622 1890 sequao

2051 1912 2462 1981 ris,suppedium
2475 1911 2587 1966 sive
2600 1928 2687 1965 sca
2697 1912 2885 1965 bellum
2936 1914 3125 1980 pedum
3179 1912 3623 1980 interpretabere.

2049 2005 2205 2069 cujus
2224 2003 2340 2057 vice
2360 2001 2750 2070 σκιμποδίσκον
2766 2013 2818 2056 et
2835 2003 3012 2056 ποδῶν
3031 2004 3257 2072 θρανίδα
3270 2005 3489 2073 scripsit
3507 2020 3627 2058 cor-

2049 2095 2247 2149 rectior
2266 2091 2397 2147 Nice
2410 2104 2493 2147 tas
2517 2095 2568 2146 in
2592 2094 2780 2148 Alexio
2798 2091 2839 2147 ll
2861 2106 2915 2148 et
2942 2095 3157 2149 Isaacio
3175 2102 3402 2163 Angelo,
3434 2097 3488 2151 in
3512 2097 3618 2151 (ΞΡ.

2049 2187 2305 2241 nimirum
2330 2197 2499 2241 statu.
2527 2186 2682 2242 Prior
2721 2188 2876 2241 locus
2914 2197 2999 2243 est
3040 2190 3131 2241 ἐπί
3165 2207 3306 2252 τινος
3352 2196 3624 2260 μετεώρου

2050 2278 2443 2347 σκιμποδὶσκου
2470 2279 2609 2330 κατὰ
2629 2279 2720 2330 τὸν
2740 2278 3019 2347 Μάκρωνα
3040 2280 3467 2349 παρευρεθέντος
3496 2282 3626 2343 στάς

2048 2370 2209 2432 αὐτός
2235 2387 2249 2424 :
2274 2372 2430 2439 cujus
2461 2370 2566 2424 alia
2589 2371 2750 2425 lectio
2790 2373 3003 2439 reponit
3042 2372 3133 2424 ὲπί
3165 2390 3308 2434 τινος
3350 2373 3624 2445 μετεώρου

2050 2462 2354 2515 σουπεδίου.
2377 2461 2528 2514 Alius
2544 2462 2612 2512 τὰ
2632 2461 2687 2512 δὲ
2708 2460 2800 2513 τοῦ
2821 2462 3054 2530 Χριστοῦ
3075 2465 3165 2515 καὶ
3187 2462 3294 2514 τῶν
3318 2465 3485 2530 ἁγίων
3508 2464 3625 2516 θεῖα

2047 2551 2355 2618 εἰκάσματα
2382 2552 2459 2613 εἰς
2486 2551 2641 2619 ἔδρας
2676 2551 2771 2628 καὶ
2802 2550 2978 2603 ποδῶν
3033 2551 3287 2620 θρανιδας
3332 2554 3579 2621 παρῆγον
3608 2570 3621 2606 :

2052 2643 2340 2696 substituit
2371 2644 2474 2696 alia
2507 2645 2816 2711 εἰκάσματα
2847 2644 2924 2704 εἰς
2974 2643 3300 2712 ποδαρούλια
3334 2647 3427 2697 καὶ
3464 2662 3628 2696 σουπ-

2051 2733 2208 2787 πέδια
2300 2732 2718 2795 κατεσκεύαζον.
2770 2733 3039 2786 Σωπέδιον
3094 2744 3148 2786 et
3200 2734 3444 2787 σοπέδιον
3502 2736 3629 2804 legit

2051 2825 2227 2878 adhue
2254 2822 2518 2878 Meursius
2548 2824 2649 2878 hoc
2682 2825 2875 2879 eodem
2937 2824 3123 2887 verbo,
3185 2841 3307 2894 quae
3348 2826 3618 2890 Grzecam,

2052 2917 2359 2979 utasserui,
2392 2916 2682 2968 lectionem
2739 2916 3004 2968 ἰσοπέδιον
3030 2915 3377 2973 conﬁrmant.
3428 2917 3628 2996 Ceam]

2122 3008 2205 3063 Ib.
2230 3007 2611 3078 Pauag'arinm
2651 3019 2703 3062 et
2726 3009 2981 3077 panagia.
3008 3008 3144 3062 lllud
3174 3020 3291 3064 erat
3312 3012 3538 3065 scutella
3563 3013 3618 3066 iu

1970 3129 2015 3187 ο
2056 3119 2161 3172 qua
2194 3104 2428 3172 panagia
2474 3102 2826 3155 afferebatur.
2864 3100 3005 3164 Quid
3077 3117 3207 3156 vero
3270 3104 3431 3157 haec?
3489 3104 3625 3159 Mira

2051 3195 2269 3250 Junius.
2302 3196 2387 3247 Ait
2417 3196 2699 3263 panagiam
2727 3192 3026 3263 esse-299
3049 3211 3222 3247 vocem
3250 3196 3536 3249 barbaram
3563 3213 3628 3251 ea:

2057 3287 2243 3340 Latino
2275 3288 2427 3355 panis
2463 3296 2509 3339 et
2541 3285 2723 3338 Gra’co
2748 3285 2920 3352 ἅγιος,
2978 3287 3285 3355 signiﬁcare
3344 3304 3532 3351 partem
3594 3308 3628 3344 α

2053 3378 2417 3433 sacerdotibus
2452 3387 2861 3439 consecratum;
2920 3380 3036 3446 ejus
3076 3396 3228 3432 usum
3269 3397 3301 3432 a
3338 3380 3505 3435 Callia
3572 3384 3627 3435 in

2055 3471 2310 3526 Cra'ciam
2345 3475 2688 3534 importatam
2716 3486 2830 3523 esse
2863 3486 2882 3523 .'
2947 3469 3222 3525 Gallorum
3281 3476 3422 3528 enim
3486 3492 3631 3530 more
3684 3480 3687 3481 ⁷

2052 3579 2241 3628 panem
2277 3580 2307 3615 a
2336 3562 2705 3615 sacerdo:ibas
2736 3566 3053 3629 consecrari,
3085 3566 3236 3634 cujus
3267 3566 3442 3634 frusta
3500 3570 3629 3623 dili-

2053 3665 2232 3723 genter
2271 3664 2561 3708 asservent.
2588 3652 2787 3709 Eadem
2852 3654 3022 3708 ferme
3078 3656 3375 3725 Meursius,
3431 3661 3627 3714 saltem

2054 3744 2197 3811 quod
2230 3747 2294 3795 ad
2319 3745 2789 3797 consecrationem
2823 3746 3038 3808 attinet,
3066 3747 3156 3814 qui
3183 3748 3314 3800 dicit
3339 3750 3626 3817 panagiam

2051 3849 2160 3886 esse
2190 3848 2379 3901 panem
2438 3846 2856 3887 consecratuma
2902 3836 3280 3891 sacerdotibus.
3337 3839 3629 3893 Crederem

2057 3926 2169 3977 lucc
2198 3939 2319 3975 vera
2353 3938 2497 3987 esse,
2548 3924 2655 3976 nisi
2708 3924 2809 3991 ipsi
2884 3923 3057 3979 Graeci
3124 3928 3191 3980 ab
3258 3943 3484 3983 assensu
3546 3948 3630 3991 me

2054 4015 2427 4082 prohiberent.
2473 4010 2563 4066 list
2624 4015 2770 4065 enim
2827 4017 3062 4085 panagia
3128 4032 3231 4070 vox
3294 4019 3536 4072 ercaa
3571 4024 3627 4075 «Ι.

2056 4104 2293 4173 Virginis
2325 4104 2567 4173 epitheto
2596 4106 2667 4158 ob
2721 4106 2985 4160 visionem
3019 4110 3311 4176 quamdam
3368 4112 3634 4167 divinitus

2053 4196 2289 4249 oblatam
2346 4196 2413 4248 ad
2463 4210 2657 4263 panem
2714 4197 3016 4261 translata;
3082 4214 3183 4253 nec
3264 4215 3625 4257 consecratur

2053 4286 2284 4355 panagia
2316 4287 2774 4350 asacerdotibus,
2830 4290 2922 4341 sed
2973 4290 3078 4344 alia
3128 4292 3366 4360 quadam
3420 4298 3634 4353 ratione

2058 4380 2299 4433 cmlestis
2338 4378 2732 4433 benedictionis
2761 4379 2918 4448 plena
2974 4394 3097 4436 esse
3154 4386 3436 4451 creditur;
3482 4403 3635 4443 neca

2573 4486 2762 4531 raecris,
2795 4473 2888 4526 sed
2914 4476 2983 4525 ab
3014 4476 3298 4543 apostolis.
3360 4476 3492 4541 Quae
3518 4495 3638 4533 om-

2056 4564 2144 4615 nia
2172 4579 2235 4615 ex
2275 4562 2587 4616 Grmcorum
2623 4561 2917 4632 Horologio
2952 4566 3100 4619 clara
3143 4577 3450 4640 testataque
3502 4572 3640 4628 fiunt

2057 4654 2147 4705 ubi
2210 4654 2322 4707 haec
2346 4654 2413 4707 de
2440 4655 2663 4723 panagia
2691 4654 2978 4713 habentur.
3002 4659 3221 4723 prtetim
3281 4663 3370 4715 tali
3422 4664 3581 4716 titulo
3617 4683 3633 4717 :

2060 4744 2191 4815 Περὶ
2228 4747 2327 4812 τῆς
2383 4744 2647 4812 ὑψώσεως
2694 4746 2795 4812 τῆς
2855 4748 3152 4813 παναγὶας,
3209 4750 3364 4814 ὅπως
3415 4753 3635 4821 γέγονε,

2057 4836 2154 4887 καὶ
2200 4832 2289 4887 διά
2338 4835 2410 4887 τί.
2467 4836 2622 4888 Μετὰ
2688 4836 2788 4904 τὴν
2820 4836 2913 4888 τοῦ
2971 4839 3220 4908 Σωτῆρος
3263 4843 3423 4911 ἡμῶν
3455 4845 3636 4913 Ἰησοῦ

2059 4926 2297 4995 Χριστοῦ
2358 4929 2599 4996 φρικτὴν
2657 4928 2959 4979 ἀνάστασιν
3040 4933 3136 4981 καὶ
3183 4931 3283 5001 τὴν
3330 4932 3425 4985 τοῦ
3473 4935 3636 5002 ἁγίου

2062 5019 2377 5087 Πνεύμηατος
2443 5018 2689 5081 κάθοδον,
2733 5019 2826 5070 καὶ
2887 5020 2994 5081 ἕως
3063 5019 3155 5072 τοῦ
3216 5024 3486 5094 μερισμοῦ
3531 5028 3638 5077 τῶν

2064 5112 2241 5176 ἁγίων
2272 5110 2589 5163 ἀποστόλων
2621 5111 2708 5163 διὰ
2736 5112 2796 5162 τὸ
2824 5114 3110 5181 κήρυγμα,
3141 5109 3283 5183 ἦσαν
3346 5118 3547 5179 πάντες
3589 5121 3640 5171 (ἱ

2064 5200 2351 5254 ἀπόστολοι
2385 5201 2759 5270 ὁμοθυμαδὸν,
2798 5204 2893 5254 καὶ
2927 5205 3069 5271 μετὰ
3122 5208 3226 5273 τὴν
3249 5207 3419 5276 εὐχὴν
3474 5212 3531 5261 ἐν
3562 5211 3641 5275 τῷ

2063 5294 2271 5362 ἀρίστῳ
2324 5295 2771 5361 άνακεκλιμένοι,
2827 5298 3081 5363 ἀφιέντες
3128 5300 3288 5351 κενὸν
3337 5304 3529 5361 τόπον,
3582 5306 3638 5355 ἐν

2062 5388 2237 5453 τούτῳ
2268 5386 2718 5456 προσκεφάλαιον
2736 5388 2989 5441 ἐτίθεσαν
3026 5392 3121 5443 καὶ
3150 5392 3243 5443 ἐπὶ
3292 5392 3370 5461 τῷ
3397 5410 3638 5463 προσκε-

2066 5478 2279 5547 φαλαίῳ
2342 5477 2537 5546 τμῆμα
2579 5476 2770 5545 ἄρτου,
2825 5477 2886 5541 ἐξ
2949 5473 3011 5530 οὗ
3060 5480 3251 5549 ἤσθιον
3305 5483 3386 5543 εἰς
3443 5485 3642 5552 μοῖραν

2066 5569 2304 5641 Χριστοῦ
2331 5585 2345 5599 ο
2383 5571 2521 5639 μετά
2547 5569 2604 5621 δὲ
2630 5569 2690 5621 τὸ
2720 5570 2952 5639 ἄριστον
3004 5572 3364 5639 ἀνιστάμενοι
3420 5575 3513 5626 καὶ
3554 5575 3645 5623 εὑ-

2064 5660 2450 5734 χαριστοῦντες
2480 5660 2793 5728 ἐλάμϐανον
2826 5662 2886 5713 τὸ
2912 5663 3107 5731 τμῆμα
3150 5663 3243 5715 τοῦ
3284 5664 3474 5733 ἄρτου,
3506 5664 3531 5716 ὃ
3562 5666 3642 5728 εἰς

2065 5753 2163 5821 τὴν
2194 5750 2284 5803 τοῦ
2318 5749 2523 5821 Κυρίου
2558 5750 2889 5822 ἐπικέκλητο
2918 5754 3135 5822 μοῖραν.
3167 5755 3335 5809 Τοῦτο
3364 5756 3419 5809 δὲ
3445 5754 3642 5825 ὑψοῦν·
