4064 6442
331 350 435 412 333

1466 347 1871 410 GRETSERI
1914 346 2009 406 ET
2035 344 2273 406 GOARI
2312 343 2548 405 NOTIE.

3473 341 3580 407 331

330 482 419 527 τες
446 463 634 530 ἔλεγον
656 478 670 494 ·
710 479 729 512 ι
767 462 903 528 Δόξα
938 478 1043 527 σοι,
1062 463 1089 513 ὁ
1117 460 1246 523 Θεὸς
1281 460 1461 528 ἡμῶν,
1480 460 1610 525 δόξα
1635 476 1738 524 σοι,
1769 458 1897 524 δόξα

2004 469 2141 523 pane
2176 453 2340 508 simul
2366 454 2518 508 uuito
2542 437 2825 522 relinquit.
2856 450 3057 506 Panem
3084 451 3164 505 sic
3197 453 3582 508 accommoda-

334 554 512 620 Ιῐατρι
543 551 639 604 καὶ
663 551 775 620 Υἱῷ
815 552 908 604 καὶ
941 550 1083 619 ἁγίῳ
1118 549 1415 619 lli/stipati,
1465 568 1484 600 ι
1514 551 1607 603 καὶ
1652 550 1773 602 ἀντὶ
1803 547 1897 601 τοῦ

336 642 482 710 μέγα
511 642 574 693 τὸ
602 643 798 711 ὄνομα,
824 642 883 694 τὸ
911 642 1148 712 Χριστὸς
1178 642 1405 708 ἀνέστη,
1440 641 1546 702 ἕως
1568 643 1666 709 τῆς
1694 640 1899 707 ἀναλή-

326 737 498 802 ψεως.
545 735 773 786 Ἐκτοτε
800 733 857 785 δὲ
890 735 1036 801 μέγα
1068 734 1128 785 τὸ
1154 732 1327 801 ὄνομα
1358 733 1459 799 τῆς
1513 731 1673 800 ἁγίας
1732 731 1901 801 Τριά.

326 825 439 886 δος.
477 824 646 893 Κύριε
696 824 870 893 Ἰησοῦ
905 825 1129 891 Χριστὲ,
1168 823 1357 893 βοήθει
1412 840 1526 893 μοι.
1572 823 1683 877 Καὶ
1726 822 1899 875 ταῦτα

336 917 435 982 μὲν
463 916 702 968 ἐτελεῖτο
726 915 921 979 οὕτως,
948 918 1123 969 ἐποίει
1156 917 1213 969 δὲ
1243 916 1399 969 τοῦτο
1444 916 1677 977 ἕκαστος
1720 914 1899 967 αὐτῶν

330 1007 461 1060 ἔνθα
487 1008 644 1076 ἔτυχέ
681 1008 842 1077 μέχρι
876 1008 975 1075 τῆς
998 1008 1311 1077 κοιμήσεως
1338 1007 1438 1076 τῆς
1466 1006 1751 1059 Θεοτόκου.
1771 1006 1899 1058 Ὅτε

327 1099 388 1152 δὲ
419 1099 518 1169 τὴν
546 1100 893 1168 παγκόσμιον
916 1100 1135 1165 σύναξιν
1186 1101 1275 1153 διὰ
1299 1099 1539 1167 νεφελῶν
1569 1097 1899 1166 ἐποιήσαντο

330 1189 419 1241 διὰ
446 1192 544 1257 τὴν
594 1190 695 1257 τῆς
732 1191 1001 1243 Θεοτόκου
1059 1191 1349 1261 δεσποίνης
1413 1190 1770 1260 μετάστασιν,
1830 1187 1900 1240 τὰ

330 1283 516 1334 εἰκότα
540 1283 859 1344 τελέσαντες
891 1285 1031 1351 μετὰ
1065 1284 1164 1352 τὴν
1193 1284 1372 1353 ταφὴν
1428 1283 1622 1351 αὐτῆς,
1650 1273 1898 1350 δηλονότι

332 1373 401 1441 τῇ
430 1372 587 1441 τρίτῃ
641 1372 847 1440 ἡμέρᾳ,
881 1372 1240 1442 παραμυθίαν
1269 1371 1593 1439 ποιούμενοι
1630 1370 1727 1423 καὶ
1760 1369 1900 1438 μετὰ

339 1464 402 1515 τδ
423 1466 645 1532 ἄριστον
676 1464 1032 1527 ἀναστάντες,
1084 1465 1143 1516 τὸ
1188 1466 1388 1534 τμῆμα
1444 1464 1537 1515 τοῦ
1595 1464 1765 1531 ἄρτου
1802 1460 1897 1513 τοῦ

331 1556 415 1615 εἰς
445 1555 615 1623 ὄνομα
642 1555 903 1624 κειμένου
928 1555 1167 1625 Χριστοῦ
1194 1556 1336 1608 κατὰ
1375 1555 1435 1607 τὸ
1467 1555 1655 1611 εἰωθὸς
1681 1552 1898 1621 ἀνυψώ-

334 1660 554 1707 σαντες,
615 1646 709 1696 καὶ
763 1644 824 1695 τὸ
863 1643 1010 1712 μέγα
1059 1646 1118 1697 τὸ
1158 1644 1331 1713 ὄνομα
1389 1642 1803 1712 προσειπόντες,
1854 1636 1898 1694 ὦ

334 1733 614 1801 θαύματος
651 1735 977 1805 παραδόξου,
1009 1736 1041 1803 ή
1073 1737 1243 1805 νεκρὰ
1301 1733 1492 1804 ὥσπερ
1545 1734 1715 1796 ζῶσα,
1756 1734 1897 1800 μετὰ

331 1827 568 1895 νεφέλης
621 1827 713 1880 καὶ
767 1828 1087 1894 φωτοποιῶν
1142 1828 1392 1894 ἀγγέλων
1468 1827 1895 1894 παρισταμένων

334 1918 495 1986 αὐτῇ,
551 1918 641 1970 ἐπὶ
690 1917 768 1988 τῷ
797 1920 916 1988 ἀέρι
966 1920 1338 1987 ἐπιφαίνεται,
1382 1939 1400 1970 ι
1442 1921 1698 1988 Χαίρετε,
1739 1938 1757 1971 ι
1813 1918 1898 1970 λέ·-

334 2026 528 2075 γουσα,
569 2026 588 2059 ι
631 2011 714 2063 ὅτι
745 2010 863 2075 μεθ’
890 2011 1044 2080 ὑμῶν
1071 2013 1188 2080 ειμι
1245 2013 1426 2072 πάσας
1462 2012 1559 2071 τὰς
1600 2010 1838 2080 ἡμέρας,
1874 2026 1893 2059 ι

331 2100 494 2152 τοῦτο
528 2102 591 2152 ὲκ
610 2101 703 2152 τοῦ
729 2101 858 2154 Υἱοῦ
887 2102 946 2154 τὸ
973 2100 1270 2171 χαροποιὸν
1320 2101 1503 2161 αὐτοῖς
1559 2098 1896 2153 ἐπιδιδοῦσα.

332 2193 399 2244 ΟΞ
433 2193 488 2244 δὲ
509 2192 746 2263 μαθηταὶ
773 2194 865 2246 τοῦ
887 2193 1167 2264 Θαύματος
1202 2193 1598 2261 ἐκπλαγέντες,
1630 2192 1753 2245 ἀντὶ
1776 2191 1896 2257 τοῦ,

334 2284 509 2353 Κύριε
541 2285 719 2353 Ἰησοῦ
780 2286 1022 2356 Χριστὲ,
1076 2305 1094 2337 ‹
1141 2286 1390 2353 Παναγία
1434 2286 1664 2339 Θεοτόκε
1714 2284 1899 2354 βοήθει

335 2377 486 2445 ἡμῖν,
519 2395 536 2427 ι
567 2377 1010 2446 ἀνεκραύγασαν.
1032 2375 1164 2430 Εῐτα
1186 2378 1263 2448 τῷ
1296 2380 1454 2449 τάφῳ
1482 2376 1899 2448 προσελθόντες,

335 2469 429 2520 καὶ
470 2468 544 2538 μὴ
575 2469 830 2537 εὑρόντες
860 2468 920 2521 τὸ
946 2470 1215 2537 πανάγιον
1282 2469 1455 2538 αὐτῆς
1518 2468 1702 2538 σῶμα,
1752 2466 1900 2521 ἐπεί-

335 2558 543 2627 σθησαν
584 2558 801 2627 ἀληθῶς
835 2559 918 2612 ὅτι
962 2559 1257 2630 σύσσωμος
1291 2559 1441 2624 ζῶσα
1477 2561 1780 2630 τριήμερος
1824 2559 1900 2621 ὡς

332 2652 363 2702 ὁ
413 2650 536 2713 Υἱὸς
591 2651 764 2719 αὐτῆς
819 2653 884 2704 ὲκ
958 2652 1170 2721 νεκρῶν
1228 2654 1513 2706 ἀναστᾶσα
1584 2652 1678 2705 καὶ
1732 2669 1903 2722 μετα-

334 2742 508 2793 στᾶσα
569 2744 647 2804 εἰς
699 2742 965 2811 οὐρανοὺς
1040 2743 1453 2813 μεταϐέϐηκεν,
1519 2746 1616 2798 σὺν
1678 2743 1901 2815 Χριστῷ

335 2834 691 2902 βασιλεύουσα
733 2838 813 2897 εἰς
869 2837 994 2899 τοὺς
1034 2837 1238 2899 αἰῶνας
1307 2836 1417 2889 τῶν
1462 2836 1699 2903 αἰώνων,
1724 2838 1896 2906 ἁμήν.

410 2926 482 2978 Ex
526 2926 608 2982 his
635 2927 808 2981 lucem
848 2927 977 2981 dare
1008 2926 1571 2997 licebitCuropalatae,
1622 2944 1746 2985 cum
1802 2944 1901 2985 cx-

336 3018 535 3088 plicent
571 3018 825 3087 quidnam
856 3022 1084 3092 panagia
1124 3020 1311 3085 fuerit,
1351 3021 1495 3075 unde
1546 3020 1656 3075 hoc
1704 3036 1901 3074 nomen

2003 554 2115 600 tum
2143 546 2248 599 alia
2275 554 2428 615 parte
2464 545 2600 600 disci
2627 546 2897 613 cooperit.
2942 546 3015 600 Ita
3060 544 3206 599 enim
3257 545 3443 599 discus
3493 544 3583 600 ille

2001 643 2348 704 comparatur
2370 636 2591 690 cardine
2616 650 2683 691 ex
2703 651 2807 689 una
2828 645 2979 705 parte
2999 650 3122 689 cum
3139 636 3435 704 Superioris
3457 650 3581 704 paro

2002 726 2073 782 tis
2092 727 2251 781 oculo
2270 727 2574 796 colligatus,
2614 736 2673 781 ut
2716 728 2876 782 modo
2919 742 3205 797 capsarum
3247 727 3580 791 includatur,

1992 817 2085 873 asin
2110 818 2292 873 minus
2312 818 2446 873 velo.
2474 818 2538 871 Et
2558 818 2636 873 sic
2654 823 2877 888 apponit
2913 820 2965 873 in
2988 835 3197 883 mensa,
3224 820 3276 873 in
3296 834 3403 887 qua
3428 819 3581 873 solus

2001 907 2167 960 abbas
2192 907 2273 960 vel
2298 923 2724 976 proegumenus,
2756 912 2847 979 qui
2873 912 3080 966 scilicet
3125 913 3333 965 abbatis
3355 928 3581 967 munere

1999 1007 2159 1051 antea
2184 999 2474 1077 defunctus
2509 1002 2706 1065 fuerat,
2735 1006 2819 1057 vel
2854 1006 2944 1072 qui
2970 1005 3204 1067 abbatis,
3224 1006 3354 1058 dum
3373 1006 3463 1059 ille
3482 1005 3577 1060 ab-

2000 1098 2105 1156 est,
2130 1091 2304 1144 locum
2332 1100 2497 1155 tenet,
2523 1104 2578 1148 et
2597 1096 2801 1147 δικαῖον
2823 1098 3119 1165 appellant,
3146 1097 3370 1151 assidet.
3398 1095 3576 1149 Finito

2001 1182 2234 1250 prandio
2260 1190 2313 1235 et
2341 1182 2499 1251 signo
2526 1183 2655 1237 dato
2709 1186 2762 1237 in
2807 1188 2991 1238 contio
3048 1188 3141 1254 (ita
3214 1188 3315 1257 ipsi
3379 1198 3579 1242 vocant

2000 1275 2384 1343 campanulam
2415 1290 2480 1328 ex
2532 1291 2640 1330 aere
2696 1276 3074 1346 fabrefactam)
3138 1294 3330 1332 omnes
3392 1295 3575 1333 assure

2000 1374 2153 1433 gunt,
2213 1375 2267 1420 et
2317 1368 2596 1438 conceptis
2650 1369 2903 1433 precibus
2974 1370 3184 1423 discum
3236 1371 3387 1424 illum
3448 1387 3574 1425 cum

2001 1470 2171 1523 pane,
2231 1459 2321 1525 qui
2384 1460 2625 1527 παναγία
2700 1470 2822 1524 est,
2886 1461 3238 1528 ephemerius
3317 1464 3578 1515 sustollit.

2000 1545 2349 1601 P05tmodum
2411 1559 2654 1604 reserato
2688 1551 3027 1619 panagiario,
3085 1560 3137 1604 et
3190 1552 3365 1606 frusto
3411 1552 3503 1605 illo
3547 1569 3579 1606 e

2002 1654 2139 1708 pane
2165 1641 2348 1697 exciso
2373 1657 2641 1697 converso
2672 1653 2732 1697 ut
2788 1646 2929 1699 mica
2990 1645 3131 1699 nuda
3182 1646 3431 1713 superior
3481 1646 3573 1706 sit,

2002 1742 2297 1800 praesentat
2325 1735 2530 1799 abbati,
2596 1738 2693 1803 qui
2753 1740 3019 1793 extremis
3073 1739 3266 1808 digitis
3311 1739 3571 1793 miculam

2000 1826 2194 1894 arripit
2233 1834 2285 1879 et
2336 1829 2418 1881 ori
2478 1828 2788 1897 impositam
2844 1831 3127 1895 absumit;
3194 1832 3390 1887 deinde
3452 1832 3576 1886 aliis

2002 1915 2282 1969 monachis
2310 1926 2524 1971 servato
2562 1918 2758 1972 ordine
2775 1919 3025 1985 otl‘ertur,
3059 1921 3151 1987 qui
3194 1921 3381 1974 eodem
3415 1921 3577 1975 modo

2002 2006 2252 2060 Iniculam
2309 2023 2373 2062 ex
2442 2012 2756 2080 panagiario
2844 2013 3099 2067 auferunt
3124 2024 3177 2068 et
3254 2014 3574 2069 comedunt.

2001 2096 2138 2152 Tum
2207 2100 2375 2155 abbas
2424 2101 2610 2156 vinum
2664 2103 2821 2157 calici
2888 2104 3132 2159 infusum
3194 2107 3355 2170 bibit,
3408 2124 3572 2176 quem

2000 2205 2192 2245 omnes
2226 2202 2560 2261 sequuntur;
2604 2203 2659 2248 et
2687 2196 2877 2264 gratiis
2927 2196 3038 2251 Deo
3083 2199 3218 2252 artis
3268 2199 3575 2256 discedunt.

2001 2281 2066 2335 Et
2094 2282 2182 2338 hic
2206 2293 2288 2339 est
2324 2287 2520 2340 modus
2546 2287 2820 2343 exaltandi
2852 2290 3163 2359 panagiam,
3188 2273 3449 2361 quamvis
3480 2294 3574 2347 alii

2001 2372 2107 2425 alio
2129 2388 2353 2443 quoque
2381 2375 2541 2429 modo
2571 2387 2902 2446 praeparent.
2932 2378 3067 2433 ham
3122 2383 3417 2437 smculares
3446 2400 3571 2437 cum

2002 2463 2233 2518 solemni
2266 2466 2517 2522 convivio
2547 2469 2694 2524 cives
2755 2471 3059 2538 excipiunt,
3121 2482 3244 2541 post
3302 2462 3574 2542 mensam,

2004 2556 2056 2609 in
2087 2556 2368 2612 dexteram
2394 2559 2806 2623 adolescentuli.
2843 2577 2906 2617 ex
2938 2564 3087 2619 clero
3122 2575 3325 2630 tamen,
3377 2570 3576 2636 paulu-

2002 2649 2114 2702 lum
2145 2660 2482 2705 contractam
2511 2662 2565 2707 et
2587 2654 2974 2710 volwsinistrre
3014 2658 3322 2726 impositam
3348 2675 3406 2713 ex
3439 2677 3578 2729 pane
3610 2678 3611 2681 ‘

2003 2749 2330 2808 pra'parant,
2402 2751 2456 2796 et
2516 2746 2795 2813 conceptis
2848 2749 3104 2815 precibus
3195 2752 3458 2807 sacerdos
3504 2756 3577 2808 ibi

2004 2840 2190 2885 astans
2217 2833 2427 2900 primus
2470 2835 2666 2889 micam
2728 2839 2947 2906 accipit,
2997 2853 3179 2909 postea
3243 2844 3363 2897 aliis
3393 2846 3582 2900 adole-

2003 2938 2164 2980 scens
2187 2928 2474 2998 suggerit;
2527 2932 2669 2999 quod
2731 2945 2978 2988 remanet
3028 2935 3146 3003 ipse
3210 2938 3261 2988 in
3325 2941 3582 2993 manibus

2009 3019 2243 3073 maxima
2268 3035 2394 3075 cum
2430 3025 2781 3079 veneratione
2799 3028 3094 3082 consumit.
3130 3048 3148 3081 ι
3193 3028 3317 3084 llaec
3342 3031 3461 3096 ille;
3487 3034 3583 3100 qui

334 3110 625 3180 acceperit,
655 3110 931 3179 quomodo
983 3111 1211 3165 exaltari
1250 3120 1303 3165 et
1344 3112 1563 3181 quando
1627 3108 1969 3180 quibusveC
2001 3124 2126 3165 cum
2180 3112 2285 3167 alio
2342 3110 2565 3184 quoque
2644 3118 2806 3172 modo
2872 3122 3171 3189 prmparari
3245 3125 3579 3186 consentiat.

335 3203 513 3256 verbis
576 3201 939 3261 consueverit.
972 3200 1017 3255 Α
1070 3202 1585 3273 sanctissimaeergo
1657 3203 1897 3273 Virginis

329 3294 593 3364 epitheto,
612 3292 754 3363 quod
798 3301 881 3348 est
901 3295 1155 3363 panagia,
1180 3294 1331 3348 venit
1358 3294 1483 3364 pani
1534 3295 1627 3363 qui
1678 3294 1898 3351 Christo

328 3387 596 3441 asservari
620 3386 851 3451 solebat,
901 3384 1064 3455 300
1084 3400 1357 3454 quemque
1390 3395 1578 3454 postea
1647 3387 1900 3457 religiose

332 3477 697 3547 particulatim
747 3477 1131 3535 comedebant,
1154 3478 1324 3542 venit,
1348 3478 1595 3546 inquam,
1656 3479 1901 3547 panagiw

333 3584 553 3623 nomen.
581 3567 824 3622 Transiit
853 3576 1034 3621 autem
1079 3566 1313 3636 panagia
1358 3568 1525 3634 etiam
1588 3568 1656 3623 ad
1718 3578 1901 3638 poste-

332 3664 504 3717 riores
522 3660 760 3717 Graecos.
810 3662 1017 3719 Gns'rs.
1637 3708 1643 3717 .

402 3753 523 3823 [Dei
546 3753 900 3817 Genitricem,
927 3768 1028 3808 ceu
1066 3770 1131 3811 ex
1164 3756 1313 3809 omni
1374 3763 1527 3824 parte
1573 3764 1817 3810 sanetam
1845 3763 1902 3810 et

330 3855 645 3901 sanctorum
680 3847 926 3900 omnium
958 3848 1391 3909 sanctissimam,
1421 3847 1900 3915 ἁντονομαστικῶς

326 3940 534 3996 Gracia
585 3940 857 4005 παναγιαν
913 3956 977 3994 ex
1038 3956 1189 3995 more
1245 3954 1547 4009 nuncupat.
1588 3939 1894 3995 Buceellam

328 4048 548 4102 quoque
569 4035 724 4103 panis
755 4045 903 4089 certo
942 4035 1124 4087 rituin
1154 4050 1355 4089 mensae
1375 4036 1483 4089 line
1503 4037 1895 4089 comedendam

329 4126 520 4179 eodem
557 4128 779 4180 nomine
814 4126 1085 4193 παναγίαν
1140 4127 1455 4196 religiosior
1512 4135 1670 4180 vocat
1727 4142 1894 4180 usus:

328 4233 423 4270 vas
446 4225 622 4270 autem
656 4220 708 4269 in
755 4231 867 4285 quo
926 4214 1241 4270 reconditur
1273 4215 1413 4271 vele
1459 4229 1568 4283 quo
1626 4216 1899 4285 promitur

334 4307 842 4378 panishujusmodi;
882 4307 1262 4377 παναγιάριον.
1308 4307 1611 4376 Imperator
1668 4307 1720 4359 in
1750 4306 1897 4371 aula,

334 4400 579 4454 monachi
613 4400 664 4453 in
702 4399 1068 4462 monasteriis,
1092 4399 1288 4467 vulgus
1314 4398 1368 4452 in
1401 4398 1650 4465 ecclesiis
1712 4399 1795 4451 vel
1844 4398 1896 4451 in

332 4492 582 4545 domibus
604 4492 763 4545 ritum
802 4491 950 4545 hunc
1000 4490 1289 4559 perﬁciunt
1322 4506 1341 4543 ί
1373 4506 1480 4559 qua
1544 4490 1758 4543 ratione
1810 4505 1900 4542 cx-

332 4585 474 4652 pleat
521 4584 841 4652 imperator,
915 4591 1315 4637 commonstrat
1363 4591 1557 4636 auctor
1610 4590 1796 4635 noster
1842 4580 1898 4634 in

330 4675 707 4744 sequentibus.
745 4672 1042 4728 Monachos
1065 4687 1130 4726 ea
1156 4688 1213 4727 se
1237 4672 1524 4727 devotione
1565 4678 1896 4727 exercentes

331 4768 591 4823 describit
621 4766 1031 4823 eruditissimus
1053 4766 1285 4821 Allatius
1304 4765 1378 4819 De
1405 4765 1499 4819 lib.
1532 4765 1679 4820 Eccl.
1719 4764 1895 4818 Graec.

334 4860 612 4913 dissertat.
656 4858 712 4923 1,
746 4857 830 4913 bis
847 4857 1034 4912 verbis
1068 4875 1082 4915 :
1115 4874 1137 4907 ι
1184 4855 1319 4923 Quis
1345 4855 1753 4926 sittGrzccorum
1800 4856 1902 4910 istc

333 4953 467 5004 ritus
507 4950 697 5018 paucis
719 4948 1034 5017 evpediam,
1059 4957 1119 5002 ut
1145 4949 1238 5018 qui
1261 4957 1334 5002 tot
1362 4963 1533 5017 nugas
1561 4949 1614 5001 in
1654 4948 1896 5002 medium

331 5040 632 5109 proferunt,
662 5041 770 5109 jam
808 5040 1062 5095 desinant
1106 5040 1358 5109 ineptire.
1415 5041 1722 5108 Antequam
1782 5056 1901 5095 mo-

332 5132 489 5185 nachi
512 5133 566 5185 in
594 5147 841 5186 mensam
874 5133 1193 5201 procedant,
1232 5133 1318 5186 cui
1360 5132 1408 5185 id
1450 5148 1591 5186 onus
1633 5134 1902 5188 incumbit

332 5223 431 5291 (illi
458 5224 757 5292 ἐφημέριον
791 5229 1036 5289 vocant),
1067 5223 1119 5276 in
1142 5223 1296 5277 disco
1358 5222 1474 5277 sive
1503 5223 1733 5277 scutella
1800 5224 1899 5293 (illi

326 5324 649 5384 nuncupant
678 5314 1057 5384 παναγιάριον)
1087 5322 1374 5382 acceptum
1395 5329 1591 5383 panem
1615 5314 1682 5369 ad
1723 5316 1908 5381 instar.

324 5408 507 5462 crucis
538 5409 590 5461 in
622 5417 859 5476 quatuor
917 5408 1110 5475 dividit
1145 5418 1328 5476 partes
1380 5409 1643 5476 aequales,
1703 5424 1766 5462 ex
1804 5425 1906 5463 an-

324 5500 453 5567 gulo
477 5500 726 5553 interiori
753 5499 909 5568 panis
942 5499 1216 5553 abscindit
1264 5498 1501 5552 frustum
1575 5500 1754 5553 cultro
1792 5498 1904 5553 cir-

325 5593 597 5657 cumicns,
633 5593 770 5647 adeo
797 5600 853 5645 ut
883 5607 947 5646 ex
983 5608 1089 5645 una
1115 5600 1267 5660 parte
1316 5592 1503 5660 anguli
1550 5591 1901 5646 acutninatus

325 5687 420 5748 sit,
461 5699 526 5739 ex
556 5684 728 5738 altero
759 5685 1017 5739 circulari
1047 5685 1217 5755 ﬁgura
1241 5685 1495 5754 trigonus
1545 5684 1903 5755 imperfectus

322 5785 624 5850 appareat;
650 5788 701 5832 et
723 5779 803 5833 sic
832 5780 1076 5835 excisum
1102 5794 1204 5835 suo
1239 5777 1359 5834 loco
1380 5792 1484 5834 una
1514 5792 1638 5834 cum
1685 5776 1901 5847 reliquo

2006 3218 2166 3272 quem
2211 3206 2327 3273 ipse
2362 3208 2711 3263 observatum
2755 3212 3010 3281 probavi,
3042 3224 3263 3284 accepta
3317 3216 3417 3269 viri
3446 3218 3584 3269 ami-

2010 3294 2214 3350 cissimi
2235 3298 2413 3365 venia,
2445 3300 2796 3371 subiungam.
2823 3301 3052 3358 Remota
3076 3321 3263 3361 mensa
3293 3324 3321 3361 c
3349 3307 3580 3363 fratrum

2010 3394 2151 3439 coetu
2183 3385 2361 3450 aﬂuit,
2385 3388 2474 3456 qui
2510 3389 2646 3444 alios
2684 3390 3002 3459 poenitentia
3043 3393 3347 3459 praemissa,
3382 3396 3584 3451 hocest

2007 3480 2254 3546 corporis
2291 3479 2669 3535 incurvatione
2699 3491 3016 3546 veneratus,
3047 3484 3185 3537 dixit
3218 3500 3233 3536 :
3270 3485 3581 3552 Εὐλογεῐτε,

2012 3572 2251 3641 Πατέρες
2276 3574 2441 3639 ἆγιοι,
2502 3575 2891 3645 συγχωρήσατέ
2960 3593 3049 3645 μοι
3114 3576 3189 3646 τῷ
3247 3579 3579 3650 ἁμαρτωλῷ.

2008 3666 2232 3720 Cunctis
2263 3664 2324 3720 '0
2344 3666 2473 3729 Θεὸς
2497 3667 2850 3739 συγχωρήσῃ,
2886 3669 3362 3737 respondentibus,
3389 3672 3585 3742 imagi-

2014 3772 2136 3811 ncm
2167 3757 2229 3811 B.
2263 3757 2506 3828 Virginis
2535 3759 2588 3812 iu
2621 3775 2779 3813 muro
2806 3761 3040 3829 positam
3064 3763 3303 3818 adorans
3326 3779 3395 3819 ac
3423 3766 3585 3820 thure

2012 3847 2394 3918 suﬂ‘umigans,
2420 3848 2662 3901 vicinum
2686 3848 2906 3917 imagini
2939 3866 3131 3919 panem
3160 3853 3213 3905 in
3235 3853 3390 3907 disco
3426 3870 3588 3922 repo-

2010 3941 2174 3993 situm
2202 3939 2462 3994 extremis
2491 3940 2667 3994 aufert
2690 3941 2877 4010 digitis
2929 3952 2983 3996 et
3037 3944 3089 3997 in
3148 3945 3392 3998 omnium
3452 3962 3587 4000 con-

2010 4042 2196 4101 spectu
2240 4032 2433 4093 elevat,
2469 4032 2656 4087 dicens
2715 4034 2856 4102 μέγα
2908 4035 2967 4086 τὸ
2998 4035 3187 4105 ὄνομα.
3236 4037 3586 4104 Suhjunxcre

2010 4124 2189 4176 cuncti
2225 4123 2321 4189 τῆς
2379 4122 2541 4186 ἁγίας
2591 4124 2840 4191 Τριάδος.
2901 4124 2995 4177 Ille
3029 4126 3271 4191 παναγία
3329 4127 3581 4193 Θεοτόκε,

2011 4215 2192 4283 βοήθει
2218 4215 2372 4281 ἡμῖν.
2403 4212 2752 4281 Respondent
2782 4214 2873 4267 alii
2915 4218 3035 4277 ταῖς
3062 4217 3229 4285 αὐτῆς
3264 4219 3586 4286 πρεσϐείαις
3646 4204 3663 4221 ’

2005 4306 2033 4355 ὁ
2059 4305 2189 4366 Θεὸς
2219 4305 2438 4373 ἐλέησον
2474 4304 2568 4355 καὶ
2602 4305 2776 4356 σῶσον
2808 4305 2975 4373 ἡμᾶς.
3024 4304 3143 4359 Mox
3176 4309 3432 4362 omnibus
3489 4326 3585 4364 nc-

2006 4411 2170 4451 censo
2205 4397 2367 4450 thure
2401 4396 2659 4465 expiatis,
2692 4396 3037 4466 τραπεζεὶρου
3069 4398 3397 4466 refectorarii
3421 4403 3584 4457 obse-

2010 4490 2140 4556 quio
2174 4487 2473 4543 hucccllam
2517 4488 2749 4542 divisam
2776 4506 2966 4545 omnes
3036 4507 3467 4561 consumpsere;
3530 4504 3587 4550 et

2008 4595 2299 4655 commune
2322 4581 2573 4646 poculum
2649 4580 2893 4650 Deiparze
2954 4583 3177 4637 nomine
3237 4585 3603 4640 benedictunr

2006 4674 2609 4727 devotius-exhausere.
2635 4672 2791 4728 Unde
2839 4675 3005 4729 ritum
3068 4677 3213 4733 hunc
3241 4679 3586 4743 processisse

2009 4764 2503 4828 ailirntantGrzcci,
2562 4781 2626 4818 ex
2690 4768 2933 4835 ipsorum
2995 4770 3263 4822 sententia
3325 4770 3589 4837 lihrisqtte

2008 4858 2499 4911 retulitGretserus
2531 4874 2543 4908 :
2569 4873 2669 4912 nos
2695 4874 2888 4926 preces
2919 4861 3295 4929 adiungendas
3321 4863 3587 4928 exposui-
3656 4854 3665 4865 ’

2009 4966 2129 5002 mus
2156 4951 2210 5003 in
2246 4949 2611 5017 Euchologio,
2662 4951 2867 5019 quibus
2922 4950 3322 5016 expositionem
3365 4968 3584 5023 omnem

2006 5052 2059 5092 ut
2090 5043 2376 5110 mysticum
2407 5055 2652 5101 sensum,
2691 5041 3095 5107 tumpreeibus
3135 5049 3251 5092 tum
3288 5043 3395 5094 ritu
3455 5060 3589 5097 rou-

2006 5134 2240 5196 clusum,
2273 5136 2488 5187 abunde
2510 5132 2898 5197 subjunximus
2932 5147 2994 5187 ex
3035 5130 3323 5202 Sytneonis
3351 5135 3591 5192 Thessa-

2008 5224 2300 5277 lonicensis
2328 5222 2570 5291 scriptis.
2602 5219 2801 5292 ϐοείη]

2075 5313 2139 5369 Ρ.
2187 5315 2275 5369 65.
2309 5315 2379 5367 Τὸ
2444 5315 2551 5367 τοῦ
2612 5316 2914 5381 οἱνοχείου
2971 5316 3139 5383 φέρει
3201 5320 3586 5379 σκουτέλιογ.

2006 5406 2191 5474 Inepte
2212 5403 2408 5458 Junius
2438 5404 2595 5474 301
2624 5405 2844 5460 vinaria:
2877 5408 3083 5477 cupidis
3124 5411 3400 5465 scutelam.
3453 5411 3588 5465 Nam

2005 5499 2259 5567 οἰνοχεῖον
2285 5506 2367 5551 est
2400 5498 2487 5549 hic
2521 5497 2639 5565 ipsa
2674 5498 2807 5551 cella
2864 5498 3095 5565 vinaria,
3149 5502 3307 5570 cujus
3364 5516 3590 5569 promus

2006 5588 2216 5642 condus
2248 5596 2365 5640 crat
2388 5588 2668 5656 pincerua.
2698 5588 2859 5642 Cellze
2883 5605 3014 5659 ergo
3044 5591 3266 5645 vinarize
3296 5592 3584 5645 scutellum

2009 5678 2240 5744 ferebat,
2275 5693 2369 5731 seu
2406 5679 2693 5731 scutellam
2729 5696 2846 5748 quae
2915 5683 3302 5735 asservabatur
3347 5683 3398 5732 in
3450 5675 3587 5737 cella

2009 5772 2241 5827 vinaria.
2276 5770 2440 5827 Forte
2473 5771 2762 5843 legendum
2798 5780 2880 5830 est
2911 5776 3220 5843 οἰνοχοεῖον.
3252 5772 3450 5830 GRCTS.
