4064 6434
478 322 588 396 335

1598 336 1677 397 IN
1723 334 2021 396 LIBRUM
2064 333 2161 394 DE
2200 332 2526 395 OFFICIIS
2565 339 2669 399 (ΞΡ.

3639 338 3748 401 336

550 441 690 495 Ibid.
734 442 1121 496 Σκουτέλιον.
1175 440 1423 513 [Discum
1481 442 1638 497 illum
1676 443 1757 495 vel
1810 454 2050 510 patinam
2082 452 2129 507 Α
2158 442 2339 495 bunali
2372 446 2430 497 l9
2459 445 2821 501 accubituum.
2880 445 3067 499 idem:
3102 443 3170 498 In
3231 445 3463 499 crastino
3514 442 3747 499 Sabbato

478 536 829 604 interpretor,
864 536 915 587 in
974 549 1079 603 qua
1132 535 1316 589 vinum
1358 544 1413 589 et
1465 550 1606 604 aqua
1673 537 2057 603 propinautur,

478 640 707 694 qumque
738 625 975 678 bibentis
1011 635 1195 679 mento
1247 627 1313 679 ad
1374 625 1635 679 honorem
1687 626 2058 693 supponitur;

475 719 735 785 οἰνοχεῖον
774 732 932 782 vero,
981 718 1136 785 cujus
1202 728 1286 771 est
1345 718 1459 772 haec
1525 719 1730 786 patina,
1792 732 2056 786 nusquam

476 808 608 859 mihi
645 818 801 861 80nat
827 809 1015 861 cellam
1044 811 1328 873 vinariam,
1367 812 1459 864 sed
1511 810 1761 878 cyathum
1828 823 1941 878 quo
1968 806 2061 862 \‘i—
2098 806 2101 809 ¹

475 914 604 951 num
635 909 689 952 et
720 916 863 968 aqua
893 900 1205 953 oll'eruntur
1241 901 1567 954 haurienda.
1600 898 1803 970 Cone]

549 989 628 1041 Ib.
668 991 958 1044 Granatza.
987 991 1081 1046 llic
1120 990 1319 1046 Junius
1366 993 1562 1046 iterum
1598 999 1744 1046 totus
1774 994 1832 1045 lit
1863 992 2055 1062 Syrus,

476 1091 533 1132 ut
562 1091 615 1134 et
643 1084 802 1150 paulo
827 1094 946 1151 post
976 1084 1031 1137 in
1071 1099 1206 1138 voce
1237 1084 1474 1152 lapatza.
1506 1082 1672 1137 Forte
1729 1086 1896 1139 vestis
1943 1087 2058 1139 haec

472 1174 721 1226 Confecta
763 1183 981 1228 crates
1038 1175 1127 1227 illa
1186 1174 1295 1227 tela
1350 1174 1621 1242 pretiosa,
1688 1190 1825 1228 auro
1888 1175 2057 1227 inter-

472 1268 695 1329 stincta,
735 1283 899 1335 quam
932 1266 1051 1319 Itali
1077 1267 1351 1335 granitum
1379 1277 1596 1329 vocant,
1631 1275 1689 1320 ut
1717 1276 1801 1321 est
1825 1268 1860 1321 Ι.
1897 1285 1954 1322 ιιι
1984 1267 2056 1322 De

471 1356 894 1409 canonizalione
927 1357 983 1408 S.
1040 1356 1247 1422 Didaci,
1280 1372 1327 1411 c.
1360 1357 1450 1411 20.
1489 1357 1695 1412 Gnms.

548 1446 690 1498 Ibid.
728 1446 1079 1518 [Γρανάτζα.
1141 1448 1214 1501 De
1271 1465 1377 1517 qua
1431 1448 1812 1519 Bullengerus.
1877 1449 2055 1505 Vestis

473 1539 750 1607 Cpolitani
790 1541 1137 1608 imperatoris
1166 1550 1425 1608 granatza
1484 1542 1652 1607 dicta,
1714 1541 2054 1607 reliquorum

472 1632 783 1699 principum
812 1633 1044 1701 laputza,
1080 1645 1338 1704 granatza
1366 1634 1584 1703 quidem
1645 1635 1804 1703 quasi
1844 1636 1981 1711 laxis
2003 1643 2057 1687 ct

474 1725 773 1777 liuentibus
816 1725 1047 1778 manicis
1081 1727 1267 1779 trabea
1302 1736 1355 1780 et
1383 1726 1547 1780 vestis
1578 1728 1779 1792 nitens,
1816 1740 1879 1780 ex
1916 1726 2053 1781 dua-

2165 546 2347 590 suncto
2364 538 2524 591 exivit
2542 540 2825 607 imperator
2845 539 2897 591 in
2919 539 3274 593 tribunalibus
3300 540 3362 594 l9
3385 540 3746 594 accubituum.

2165 627 2407 683 Cotlinus
2440 629 2531 682 lib.
2557 630 2630 684 De
2649 631 2852 701 Origin.
2872 630 2969 698 Cp.
2993 647 3005 682 :
3030 632 3134 683 Καὶ
3155 631 3222 683 τὰ
3255 631 3383 683 δέκα
3411 634 3565 691 ἐννέα
3586 636 3748 686 ἀκοῦ-

2164 718 2286 775 6ιτα
2309 721 2401 771 καὶ
2427 722 2485 772 τὸ
2510 722 2782 791 στέψημον
2802 726 2893 777 καὶ
2905 726 2993 777 τὸν
3012 726 3138 778 ναδν
3154 725 3247 777 τοῦ
3267 725 3424 792 ἁγίου
3450 726 3747 793 Στεφάνου.

2232 811 2376 864 Idem
2402 811 2788 881 Luitprandus,
2824 833 2898 879 v1,
2925 818 2979 881 2,
3016 818 3202 871 dealio
3222 817 3419 885 palatio
3444 817 3747 887 Magnaura

2160 902 2307 956 dicto
2334 920 2347 955 :
2386 903 2483 956 Est
2511 904 2663 973 Cpoli
2689 907 2878 961 domus
2909 909 3116 977 palatio
3153 911 3401 973 contigua
3428 910 3577 963 mine
3640 927 3749 963 ma-

2161 996 2445 1061 gnitudinis
2478 1013 2541 1049 ac
2561 997 2997 1065 pulchritudinis,
3066 1018 3184 1068 qua:
3219 1018 3250 1054 a
3302 1000 3501 1055 Greecis
3546 1021 3575 1070 ρ
3633 1004 3749 1056 loco

2159 1083 2187 1135 λ
2218 1087 2387 1151 posita
2406 1085 2843 1158 Hegaura,quasi
2871 1108 3059 1160 magna
3081 1110 3214 1145 aura
3250 1110 3345 1161 pro
3367 1095 3495 1145 aula
3522 1094 3749 1148 dicitur.

2159 1183 2309 1232 [Iane
2334 1183 2509 1249 itaque
2537 1182 2937 1251 Constantinus,
2972 1197 3083 1240 tum
3117 1189 3178 1241 ob
3213 1189 3572 1257 Hispanorum
3602 1207 3745 1241 nun—

2161 1273 2280 1334 tios,
2312 1275 2400 1341 qui
2440 1284 2561 1328 tunc
2610 1276 2809 1330 nouiter
2853 1293 2912 1330 eo
2975 1289 3243 1345 venerant,
3304 1288 3413 1331 tum
3444 1279 3504 1333 ob
3572 1295 3652 1332 me
3693 1288 3745 1329 et

2158 1362 2541 1432 Liutefredum,
2561 1369 2657 1420 hoc
2681 1370 2834 1421 modo
2851 1370 3033 1437 parari
3051 1370 3238 1437 jussit.
3257 1368 3448 1433 1Erea,
3475 1371 3566 1423 sed
3586 1370 3751 1422 deau—

2160 1464 2278 1507 rata
2300 1458 2543 1524 quadam
2566 1460 2724 1512 arbor
2758 1470 2879 1513 ante
2912 1461 3248 1529 imperatoris
3300 1460 3480 1514 oculos
3544 1462 3751 1522 stabat,

2160 1547 2312 1613 cujus
2332 1564 2506 1601 ramos
2534 1550 2717 1602 itidem
2743 1566 2905 1604 tereos
2931 1552 3122 1604 diversi
3140 1553 3344 1621 generis
3363 1552 3743 1621 deaurattrque

2161 1637 2389 1691 volucres
2414 1636 2705 1708 replebant,
2725 1658 2840 1710 qua:
2865 1643 3152 1696 secundum
3183 1644 3377 1710 species
3418 1660 3543 1695 suus
3564 1644 3749 1695 dir-cr-

2162 1744 2343 1779 sarum
2380 1732 2553 1783 avium
2585 1748 2725 1785 roces
2784 1733 3112 1786 emittebant.
3178 1732 3243 1786 In
3297 1735 3485 1802 primis
3516 1750 3633 1785 vero
3659 1751 3717 1785 sn
3739 1763 3753 1773 -

472 1816 577 1869 bus
601 1817 828 1870 vocibus
864 1817 1017 1887 Syris
1050 1819 1289 1872 cliarana
1330 1820 1485 1872 tzacli
1517 1837 1531 1873 :
1592 1829 1784 1874 contra
1823 1821 2055 1888 lapatza,
2093 1795 2132 1848 Β
2164 1818 2295 1871 lium
2320 1820 2627 1889 hujusmodi
2653 1834 2768 1876 erat
2804 1833 2917 1877 arte
2939 1825 3307 1893 compositum,
3339 1824 3467 1875 utin
3486 1834 3749 1875 momento

472 1923 573 1976 pro
598 1910 753 1978 lappa
793 1911 973 1972 tzach,
1010 1912 1309 1965 constricta
1367 1918 1577 1976 trabea,
1642 1914 1769 1981 quia
1829 1913 2056 1966 inanica:

471 2011 629 2055 erant
658 2004 863 2055 strict-ue
888 2002 1019 2055 etin
1057 2016 1255 2055 zonam
1291 2002 1560 2071 impactaz.
1614 2003 1944 2057 Granatzam
1969 2018 2057 2056 re-

470 2092 577 2145 fert
601 2091 1209 2161 cjusmodigrandioris
1250 2092 1463 2145 nummi
1509 2091 1737 2162 elligies,
1766 2108 1885 2162 qua!
1915 2092 2059 2161 apud

470 2183 789 2239 Gretserum
814 2196 961 2249 tonio
984 2184 1051 2238 lll
1078 2186 1148 2239 De
1174 2200 1359 2249 cruce,
1381 2183 1477 2237 fol.
1498 2182 1592 2247 9‘2,
1620 2185 1836 2238 visitur.
1855 2182 2056 2255 GOAR.]

541 2279 929 2347 Quaeratquis,
966 2294 1096 2331 num
1143 2277 1443 2345 imperator
1488 2278 1642 2331 solus
1669 2293 1871 2332 mensae
1905 2292 2059 2331 assc-

470 2374 631 2427 derit.
670 2371 994 2440 lteSpondco
1025 2371 1305 2424 ordinat-ie
1373 2369 1649 2424 assedisse
1670 2370 1869 2435 solum,
1900 2369 2060 2421 atthi-

472 2464 660 2518 buisse
683 2472 867 2516 tamen
899 2461 1199 2529 aliquando
1235 2463 1397 2515 etiam
1449 2460 1612 2524 alios,
1647 2470 1704 2514 ut
1731 2452 2057 2529 Augustam,

471 2555 637 2617 ﬁlios,
678 2554 957 2623 principes
992 2553 1153 2616 aulai,
1207 2551 1341 2620 quin
1398 2561 1451 2605 et
1516 2553 1722 2621 legatos
1780 2554 2057 2607 variarum

471 2646 736 2714 gentium,
775 2653 833 2698 ut
881 2652 1102 2697 constat
1153 2658 1219 2697 ex
1274 2642 1552 2711 legatione
1607 2644 1926 2712 Luitprandi
1991 2646 2059 2699 ad

472 2738 839 2806 Nictrphorum
879 2735 1140 2791 Phocam.
1177 2734 1421 2790 Mensam
1479 2736 1853 2805 imperatoris,
1881 2738 2062 2805 qualis

470 2826 747 2894 praecipue
784 2825 941 2880 festis
973 2825 1171 2880 diebus
1200 2841 1320 2880 esse
1348 2828 1511 2891 solet,
1545 2826 1802 2895 graphice
1848 2827 2063 2880 descri-

468 2919 549 2973 bit
574 2918 969 2988 Luitprandus,
1008 2918 1163 2973 testis
1214 2918 1492 2983 oculatus,
1526 2917 1566 2973 ι.
1592 2933 1645 2971 Vl
1680 2915 1886 2972 Rerum
1966 2933 2062 2987 per

468 3013 656 3066 orbem
702 3022 981 3081 gestarum
1009 3026 1037 3065 c
1082 3012 1160 3066 δε
1232 3010 1329 3063 Est
1386 3011 1596 3077 domus,
1668 3010 1870 3081 inquit,
1895 3011 2062 3079 juxta

470 3103 922 3173 llippodromum,
956 3104 1257 3173 aquilonem
1290 3120 1489 3168 versus,
1516 3104 1667 3157 mira:
1685 3114 1733 3157 et
1758 3102 2061 3157 altitudinis

466 3205 516 3248 et
537 3196 977 3264 pulchritudinis,
996 3213 1115 3264 qua:
1139 3196 1411 3248 decannea
1443 3194 1626 3248 cubita
1644 3204 1881 3248 vocatur.
1910 3194 2062 3258 Quod

467 3304 656 3341 nomen
682 3306 785 3342 non
819 3289 883 3341 ab
916 3304 992 3352 re,
1029 3288 1121 3341 sed
1153 3303 1217 3340 ex
1248 3286 1635 3357 apparentibus
1672 3288 1848 3339 causis
1872 3287 2065 3338 sortita

469 3388 590 3443 est;
621 3380 751 3431 δέκα
784 3381 922 3433 enim
954 3378 1152 3444 Greece,
1187 3378 1374 3432 Latine
1408 3380 1606 3441 decem,
1639 3380 1795 3432 ἐννέα
1844 3395 2025 3437 novem
2045 3396 2065 3442 ;

470 3468 650 3522 cubita
689 3479 779 3522 aut
819 3488 851 3523 a
886 3470 1127 3523 cubando
1185 3468 1443 3523 inclinata
1495 3470 1573 3523 vel
1622 3480 1841 3522 curvata
1895 3469 2067 3522 dicere

470 3575 771 3629 possumus.
832 3558 946 3611 Hoc
1005 3567 1183 3610 autem
1233 3559 1374 3624 ideo,
1431 3559 1685 3627 quoniam
1744 3558 1952 3626 quidem
2002 3560 2066 3613 l9

471 3666 667 3702 mensa:
688 3650 741 3701 in
768 3664 828 3702 ea
858 3664 973 3718 qua:
1002 3647 1290 3701 secundum
1342 3663 1556 3699 carnem
1600 3655 1676 3699 est
1710 3645 1776 3699 D.
1802 3646 1875 3700 Ν.
1937 3644 2067 3699 Jesu

473 3742 676 3795 Christi
711 3741 990 3793 nativitate
1049 3750 1404 3808 apponuntur.
1431 3737 1499 3791 In
1558 3738 1746 3808 quibus
1781 3739 2067 3806 imperator

472 3835 681 3902 pariter
717 3842 765 3886 et
788 3834 1015 3886 conviva:
1067 3848 1169 3885 non
1194 3831 1442 3896 sedendo,
1504 3838 1561 3883 ut
1614 3832 1819 3883 cwteris
1860 3830 2064 3895 diebus,

473 3925 564 3978 sed
605 3926 952 3978 recumbendo
978 3923 1285 3999 epulantur.
1342 3921 1543 3988 Quibus
1590 3922 1647 3974 in
1703 3922 1887 3974 diebus
1963 3938 2063 3974 non

472 4018 757 4087 argenteis,
784 4018 872 4071 sed
903 4027 1108 4070 tantum
1135 4017 1310 4070 aureis
1344 4016 1483 4069 vasis
1521 4016 1877 4069 ministratur.
1935 4011 2066 4067 Post

471 4111 641 4164 cibum
670 4119 841 4163 autent
878 4110 1053 4162 aureis
1088 4110 1225 4162 vasis
1253 4108 1418 4161 tribus
1466 4116 1592 4161 sunt
1649 4124 1805 4175 poma
1863 4106 2063 4170 delata,

469 4219 586 4272 quae
616 4203 677 4255 ob
723 4205 1040 4255 immensum
1080 4202 1284 4269 pondus
1328 4216 1430 4253 non
1489 4200 1763 4253 hominum
1800 4201 2067 4265 munibus,

472 4297 562 4347 sed
595 4310 835 4363 purpura
869 4294 1017 4345 tectis
1059 4291 1307 4345 vehiculis
1333 4301 1454 4345 sunt
1480 4290 1674 4344 allata.
1711 4290 2069 4360 Apponuntur

473 4391 649 4434 autem
667 4383 770 4433 duo
787 4382 882 4433 hoc
904 4383 1058 4433 modo
1081 4396 1097 4432 :
1128 4380 1182 4432 in
1199 4397 1372 4432 mensa
1385 4396 1477 4447 per
1511 4381 1779 4447 foramina
1804 4381 2068 4449 laquearis

2160 1909 2375 1972 humile,
2394 1913 2651 1966 excelsius
2684 1914 2859 1975 modo,
2882 1930 3042 1983 quam
3068 1928 3190 1967 mox
3212 1913 3475 1968 videretur
3501 1912 3749 1966 sublime.

2164 2000 2269 2053 Sed
2300 2001 2482 2066 sedile,
2506 2003 2644 2070 quod
2675 2013 2787 2056 erat
2820 2005 3090 2058 immensae
3138 2001 3747 2072 magnitudinis,incer-

2162 2099 2274 2143 tum
2296 2101 2477 2145 utrum
2511 2096 2637 2147 terei
2664 2111 2731 2148 an
2756 2094 2937 2163 lignei,
2994 2111 3168 2149 verum
3214 2111 3346 2147 auro
3396 2094 3515 2147 tecti
3571 2092 3748 2145 leones

2160 2186 2317 2254 quasi
2348 2184 2737 2239 custodiebant.
2780 2186 2846 2239 In
2881 2186 2979 2238 hac
3003 2188 3167 2255 igitur
3194 2186 3421 2239 duorum
3480 2185 3751 2237 eunucho-

2165 2293 2284 2328 rum
2319 2278 2550 2330 [mineris
2608 2276 2909 2331 incumbens
2949 2288 3069 2330 ante
3124 2278 3465 2345 imperatoris
3512 2293 3747 2344 praesen—

2165 2368 2296 2421 tiam
2323 2384 2440 2421 sum
2489 2370 2766 2423 deductus.
2802 2368 3036 2439 Cumque
3058 2370 3109 2422 in
3143 2375 3369 2423 adventu
3422 2386 3535 2422 meo
3565 2368 3742 2422 leones

2164 2462 2398 2528 rugitum
2425 2462 2742 2525 emitterent,
2777 2478 2893 2515 aves
2917 2462 3202 2515 secundum
3236 2463 3431 2528 species
3479 2479 3604 2515 suas
3627 2479 3751 2530 per-

2163 2562 2470 2622 streperent,
2533 2553 2680 2606 nullo
2726 2570 2842 2606 sum
2894 2563 3113 2617 terrore,
3176 2554 3323 2606 nulla
3394 2554 3752 2607 admiratione

2164 2653 2477 2702 commotus.
2515 2644 2762 2712 quoniam
2792 2644 3001 2714 quidem
3025 2660 3090 2698 ea:
3113 2644 3192 2695 his
3232 2643 3471 2696 omnibus
3519 2659 3605 2696 eos
3656 2645 3750 2713 qui

2165 2734 2288 2787 bene
2319 2745 2567 2789 noverant
2590 2738 2791 2806 fueram
2822 2746 3175 2801 percontatus.
3233 2739 3404 2789 Tertio
3428 2738 3602 2806 itaque
3645 2738 3749 2790 im—

2163 2834 2459 2894 peratorem
2494 2842 2691 2894 pronus
2739 2827 2969 2881 adorans
3028 2838 3181 2893 caput
3231 2827 3448 2891 sustuli,
3502 2839 3552 2881 et
3593 2845 3749 2897 quem

2164 2918 2310 2984 prius
2338 2918 2608 2971 moderata
2636 2934 2881 2971 mensura
2905 2935 2938 2971 a
2965 2928 3104 2971 terra
3124 2917 3383 2972 eleuatum
3411 2919 3588 2973 sedere
3618 2922 3747 2987 vidi,

2165 3024 2289 3061 mox
2315 3009 2438 3062 aliis
2474 3010 2717 3061 indutum
2753 3011 2975 3062 vestibus
3005 3025 3157 3077 penes
3190 3010 3376 3062 domus
3420 3010 3640 3079 laquear
3662 3028 3751 3065 se-

2166 3105 2287 3169 dere
2317 3102 2576 3169 prospexi.
2628 3100 2781 3167 Quod
2842 3101 3070 3169 qualiter
3122 3102 3288 3171 ﬁeret,
3357 3104 3588 3172 cogitare
3645 3122 3749 3158 non

2168 3193 2336 3257 potui,
2363 3193 2466 3244 nisi
2500 3192 2637 3260 forte
2658 3208 2718 3245 eo
2748 3193 2816 3245 sit
2848 3194 3124 3247 subvectus
3150 3194 3351 3261 ergalio
3383 3210 3485 3264 quo
3512 3197 3752 3248 torcula-

2172 3283 2308 3333 rium
2364 3282 2574 3336 arbores
2633 3284 3009 3337 subvehuntur.
3042 3282 3144 3337 Per
3172 3300 3226 3338 se
3240 3298 3419 3339 autem
3448 3286 3582 3339 nihil
3602 3287 3748 3341 locu-

2173 3380 2275 3433 tus,
2306 3374 2556 3441 quoniam
2589 3385 2637 3427 et
2675 3375 2723 3427 si
2755 3375 2925 3437 vellet,
2954 3377 3290 3440 intercapedo
3322 3379 3561 3431 maxima
3601 3379 3752 3432 inde-

2172 3479 2350 3515 corum
2382 3463 2595 3531 taceret,
2635 3466 2697 3518 de
2722 3466 2834 3519 vita
2890 3463 3203 3536 Bereugarii
3249 3477 3298 3520 et
3343 3467 3603 3537 sospitate
3658 3486 3751 3537 per

2171 3550 2489 3622 logothetam
2521 3563 2596 3607 est
2641 3562 3002 3623 percontatus.

2243 3642 2543 3711 Eratllpoli
2580 3643 2726 3696 aliud
2763 3644 3049 3711 palatium,
3087 3644 3175 3697 cui
3211 3643 3465 3714 πορφύρα
3499 3660 3593 3698 seu
3618 3662 3750 3709 pur—

2169 3754 2305 3806 pura
2342 3751 2563 3801 nomcn,
2586 3736 3018 3804 parturientibus
3043 3745 3097 3789 et
3120 3736 3462 3804 parientibus
3509 3737 3749 3804 impera-

2172 3828 2401 3881 tricibus
2432 3826 2784 3880 destinatum.
2824 3827 2981 3879 Anna
3014 3825 3311 3880 Commena
3348 3827 3385 3878 Ι.
3416 3843 3469 3881 Vl
3530 3827 3755 3882 Alexiao

2174 3919 2259 3972 dis
2289 3936 2305 3970 :
2343 3918 2570 3972 Alexius
2601 3916 2922 3971 Comneuus
2946 3918 3170 3970 domum
3210 3932 3464 3972 reversus
3519 3920 3616 3987 τὴν
3650 3919 3751 3989 βει-

2175 4010 2346 4062 σιλίδα
2380 4012 2522 4062 κατὰ
2554 4010 2614 4061 τὸ
2647 4009 3034 4077 ἀφωρισμένον
3066 4010 3233 4063 πάλαι
3285 4011 3403 4072 ταῖς
3439 4009 3752 4073 τικτούςαις

2124 4172 2141 4187 ι
2172 4104 2279 4155 τῶν
2315 4101 2602 4170 βασιλίδων
2622 4101 2830 4170 οἴκημα
2855 4102 2947 4152 ἐπὶ
2976 4104 3095 4163 ταῖς
3128 4101 3315 4155 ὠδῖσιν
3342 4101 3568 4172 εὕρηκε.
3605 4104 3750 4172 Πορ-

2173 4194 2351 4263 φύραν
2391 4193 2550 4247 τοῦτο
2608 4193 2874 4248 ἀνέκαθεν
2933 4193 3313 4262 ὀνομάζουσιν,
3365 4195 3423 4259 ἐξ
3459 4195 3516 4247 οὗ
3559 4198 3650 4248 καὶ
3690 4198 3752 4249 τὸ

2170 4284 2279 4336 τῶν
2302 4285 2821 4354 πορφυρογεννήτων
2841 4285 3013 4354 ὄνομα
3040 4288 3120 4348 εἰς
3147 4286 3247 4356 τὴν
3280 4289 3605 4358 οἰκουμένην
3640 4288 3752 4340 διέ-

2172 4375 2369 4444 δραμε.
2419 4374 2818 4445 Luitprandus,
2858 4392 2897 4442 1,
2946 4378 3024 4429 ἓξ
3078 4376 3589 4448 Porphyrogenitum
3645 4396 3749 4432 non

475 4483 579 4526 tres
596 4481 717 4524 sunt
753 4472 926 4539 funes,
960 4470 1183 4539 pellibus
1212 4473 1484 4524 deauratis
1516 4473 1660 4535 tecti,
1696 4488 1813 4525 eum
1846 4473 2067 4528 annalis
2098 4478 2141 4531 ιι
2171 4466 2227 4518 in
2257 4482 2512 4534 ρανριινα,
2540 4468 2628 4519 sed
2650 4468 2704 4519 ίη
2730 4466 2884 4519 domo
2910 4484 3029 4535 qua?
3070 4468 3347 4539 Porphyra
3369 4472 3589 4537 dicitur,
3656 4489 3755 4524 ηα-

473 4564 647 4615 aurcis
674 4561 916 4628 depositi,
944 4561 1034 4630 qui
1070 4562 1239 4624 ansis,
1265 4577 1382 4630 qute
1409 4563 1462 4614 in
1491 4562 1711 4616 scutulis
1739 4563 1881 4633 (lege
1943 4579 2065 4617 scu-

475 4654 639 4723 tellis)
670 4654 969 4722 prominent
991 4652 1245 4721 impositi,
1283 4653 1664 4721 adjuvantibus
1694 4654 1915 4723 inferius
1936 4672 2062 4725 (μίας

473 4757 595 4797 tuor
624 4753 714 4796 aut
746 4759 804 4796 eo
842 4744 1071 4809 amplius
1094 4742 1416 4806 hominibus,
1438 4760 1530 4811 per
1588 4743 1846 4805 rertibile,
1920 4746 2062 4813 quod

472 4854 633 4905 supra
655 4836 991 4905 laquearium
1019 4845 1117 4900 est,
1165 4835 1425 4904 ergalium
1482 4836 1534 4887 in
1589 4851 1825 4889 mensam
1882 4836 2066 4889 subve-

473 4931 698 4994 huntur,
722 4926 1004 4995 eodemque
1032 4927 1184 4978 modo
1222 4926 1579 4995 deponuntur.
1633 4922 1757 4978 llaec
1780 4923 2070 4995 Luitpran-

472 5020 578 5073 dus
612 5037 626 5071 ι
658 5019 750 5071 sed
786 5033 882 5085 pro
904 5018 1084 5069 cubita
1104 5020 1219 5085 iege
1248 5016 1514 5071 accubitu.
1552 5014 1796 5071 Zonaras
1827 5017 1878 5070 in
1936 5018 2065 5073 illud

474 5114 707 5164 canonis
731 5109 973 5163 Trullaui
1005 5109 1077 5164 74
1108 5108 1369 5161 ἁκούόιτα
1398 5107 1720 5177 στρωννύειν
1744 5125 1759 5162 :
1783 5110 1815 5177 ἢ
1846 5127 1902 5162 τε
1928 5109 2070 5175 λέξις

474 5204 581 5253 τῶν
628 5204 929 5256 ἁκουὸίτων
969 5203 1077 5255 τῶν
1123 5204 1364 5254 Ait-civem
1428 5203 1573 5253 ἐστὶν
1624 5201 1917 5270 (ἁκούμόω
1962 5204 2081 5269 γὰρ

476 5298 625 5363 παρὰ
674 5294 964 5363 Ῥωμαίοις
989 5296 1048 5347 τὸ
1074 5296 1412 5363 ἀναπίπτω),
1464 5293 1724 5361 σημαίνει
1781 5294 2070 5363 στρώμνας

475 5389 717 5457 ἠρμένας
756 5391 831 5449 εἰς
864 5388 992 5456 ὕψος
1048 5389 1141 5439 καὶ
1196 5388 1468 5455 μαλακάς.
1530 5387 1702 5441 Ait-tat
1748 5388 1803 5440 δὲ
1861 5393 2069 5456 τρυφῆς

476 5482 571 5533 καὶ
618 5480 886 5546 μαλακίας
939 5480 1097 5531 εἰσίν.
1143 5478 1401 5546 Ejusdem
1471 5480 1679 5547 palatii,
1735 5480 1881 5547 quod
1917 5497 1945 5531 a
2014 5482 2071 5535 I9

476 5572 730 5637 acc‘ubjtis
759 5588 855 5624 seu
886 5570 1037 5623 lectis
1068 5570 1458 5623 tricliniaribus
1484 5585 1677 5623 nomen
1706 5572 1932 5632 invenit,
1965 5586 2073 5622 mc-

476 5666 632 5718 minit
653 5666 853 5719 Paulus
874 5664 1141 5716 Diactxnus
1164 5661 1323 5730 302
1349 5663 1400 5714 in
1427 5660 1603 5717 Leone
1622 5681 1632 5715 :
1650 5662 1929 5715 Silentium
1951 5679 2075 5714 eon-

476 5769 560 5811 tra
588 5769 800 5811 sanctas
826 5774 887 5809 ac
936 5755 1251 5809 venerabiles
1322 5754 1597 5809 celebravit
1626 5758 1831 5831 -iconas
1890 5757 1943 5809 in
1979 5756 2075 5807 tri-

2175 4566 2283 4610 tum
2312 4558 2536 4624 appello.
2564 4557 2632 4611 Et
2670 4559 2920 4627 quoniam
2976 4576 3055 4612 res
3110 4563 3360 4628 processit
3381 4563 3431 4613 in
3497 4565 3749 4627 medium,

2174 4649 2312 4719 quod
2325 4650 2389 4702 de
2413 4649 2570 4719 hujus
2601 4650 3038 4720 Porphyrogeniti
3062 4654 3237 4720 genesi
3283 4653 3602 4718 audivimus",
3632 4672 3756 4723 pro-

2173 4743 2425 4812 feramus.
2445 4741 2826 4795 Constantinus
2862 4744 3158 4812 imperator
3183 4745 3475 4814 Augustus,
3502 4762 3566 4799 ea:
3597 4748 3753 4814 cujus

2174 4835 2383 4888 nomine
2417 4832 2593 4903 Cpolis
2623 4844 2699 4888 est
2732 4836 2923 4888 sortita
2977 4836 3509 4902 uocabulumrivitas,
3536 4837 3753 4889 domum

2173 4929 2333 4983 istam
2349 4929 2626 4997 aediﬁcari
2639 4928 2827 4996 jussit,
2854 4929 2938 4982 cui
2966 4927 3246 4999 Porphyra
3266 4946 3451 4982 nomen
3476 4930 3750 4997 imposuit,

2174 5020 2437 5089 voluitque
2462 5036 2828 5074 successuram
2860 5021 3159 5075 nobilitatis
3186 5037 3299 5075 sute
3339 5022 3579 5075 sobolem
3628 5022 3752 5076 istic

2176 5111 2228 5162 in
2260 5110 2427 5163 lucem
2480 5111 2714 5179 prodire,
2771 5120 3029 5180 quatenus
3075 5111 3168 5180 qui
3224 5126 3320 5163 suo
3368 5126 3432 5164 ea:
3476 5119 3755 5165 stemmate

2138 5213 2532 5265 ~nascerentur,
2568 5202 2835 5256 luculenta
2882 5203 2981 5255 hac
3034 5201 3390 5271 appellatione
3444 5200 3756 5271 Porphgro-

2176 5295 2334 5364 geniti
2382 5295 2801 5364 appellarentur.
2880 5296 2986 5348 Alii
3042 5294 3532 5364 porphyrogenilos
3573 5294 3755 5347 dictos

2179 5397 2426 5451 censent,
2456 5389 2599 5455 quod
2632 5396 2788 5455 patre
2819 5388 3148 5455 imperatore
3181 5397 3234 5438 et
3266 5400 3512 5455 purpura
3563 5385 3755 5453 impe~

2178 5478 2633 5532 rialieonvestito
2670 5482 2782 5532 nati
2815 5487 3021 5533 essent.
3060 5478 3137 5530 lta
3184 5476 3429 5531 Zonaras
3483 5478 3535 5528 in
3607 5476 3755 5530 Coxi-

2177 5572 2419 5625 stantino
2451 5571 2595 5625 Duea
2623 5591 2635 5625 :
2671 5571 2961 5642 Imperium
2993 5571 3205 5639 reliquit
3236 5570 3405 5622 tribus
3437 5568 3564 5637 ﬁliis
3615 5568 3753 5630 suis,

2177 5681 2305 5733 quos
2341 5664 2554 5716 sustulit
2611 5681 2675 5717 ex
2727 5664 2960 5733 Eugenia
3005 5672 3224 5732 ronjuqe
3266 5680 3384 5725 sua,
3442 5658 3751 5713 Midiae/cm

2179 5757 2383 5823 quidem
2405 5766 2453 5809 et
2476 5756 2854 5823 Andronicum,
2888 5759 3097 5821 quando
3129 5756 3298 5811 adhuc
3317 5755 3571 5809 miratam
3595 5753 3756 5803 vitam
