4064 6414
299 521 409 588 337

1420 527 1810 587 GRETSERI
1850 523 1947 588 ET
1988 529 2234 588 GOARI
2285 528 2526 588 NOTAE.

3470 496 3574 580 ass

295 639 540 702 ducebat,
569 639 728 709 303
761 639 1160 693 Constantinum
1191 657 1310 694 vero
1347 659 1467 695 cum
1495 646 1615 709 jam
1637 646 1872 714 impera-
1901 644 1948 706 Δ
1974 644 2282 709 Christum,
2313 644 2521 699 dictum
2554 641 2900 712 epiphaniam
2929 654 3024 693 seu
3054 640 3469 707 theOphaniam.
3503 637 3572 692 Et

299 739 400 796 ret,
426 732 644 800 ipsaque
672 734 834 787 etiam
885 733 1122 802 Eugenio
1165 735 1240 787 ad
1303 736 1556 806 Augusta:
1631 737 1878 792 honorem

297 831 497 877 evecta.
540 821 678 876 Hinc
700 825 799 876 iste
823 824 969 877 solus
1003 833 1117 877 erat
1176 826 1673 896 porphyrogenitus,
1728 843 1881 896 quem

301 913 480 964 statim
507 912 665 964 etiam
689 921 811 966 ante
827 912 962 966 alios
977 915 1335 982 imperatoriis
1377 917 1671 987 insignibus
1729 934 1884 972 exor-

302 1004 469 1056 nat-it.
501 1002 708 1058 Gnms.

893 1097 1122 1153 CAPUT
1171 1099 1262 1155 III.

379 1211 774 1268 Observationes
805 1214 860 1267 in
895 1224 1050 1338 capsit
1087 1217 1139 1298 8.,
1163 1217 1301 1299 quod
1324 1227 1401 1272 est
1416 1217 1478 1271 de
1514 1217 1810 1287 Epiphania

1024 1302 1208 1338 omtm.

1024 1302 1208 1342 omtnt.

379 1375 437 1430 Ρ.
469 1375 556 1430 σει.
594 1377 812 1430 Festum
834 1376 1173 1447 Epiphaniae,
1225 1380 1329 1434 hoc
1379 1393 1462 1435 est
1517 1384 1883 1450 apparitionis,

306 1469 503 1523 dicitur
531 1468 796 1537 singulari
837 1471 1125 1541 numeroﬂ
1161 1472 1476 1540 ἐπιφάνεια,
1515 1475 1720 1543 plurali
1782 1489 1884 1529 nu-

309 1573 462 1613 tuero
522 1571 575 1614 et
627 1575 825 1631 genere
874 1570 1070 1616 neutro
1117 1563 1186 1615 τὰ
1219 1562 1532 1631 ἐπιφάνεια.
1567 1565 1700 1634 quin
1735 1576 1788 1618 et
1817 1545 1888 1617 τὰ

306 1648 586 1713 ἐπιφᾶναι.
619 1649 924 1718 Aliquando
952 1649 1019 1703 τὰ
1045 1651 1353 1718 θεοφάνεια,
1386 1653 1512 1722 quia
1546 1653 1689 1708 Deus
1716 1669 1887 1724 appa-

310 1738 443 1792 ruit.
474 1738 753 1793 Tribuitur
783 1741 885 1795 hoc
920 1756 1116 1795 nomen
1150 1740 1278 1796 huic
1306 1742 1446 1798 festo
1469 1746 1520 1814 Ι)
1547 1745 1674 1815 quia
1707 1744 1892 1800 Donn-

308 1845 414 1883 nus
435 1844 500 1883 eo
529 1829 617 1884 die
641 1831 812 1902 magis
843 1846 900 1886 se
935 1833 1326 1900 manifestavit,
1356 1835 1411 1905 2)
1456 1837 1584 1906 quia
1637 1837 1888 1906 apparuit

309 1921 643 1983 hominibus,
676 1923 894 1992 quando
926 1923 1254 1994 baptismum
1287 1942 1352 1981 eo
1385 1928 1474 1982 die
1508 1929 1560 1982 in
1601 1927 1884 1985 Jordanea

1985 737 2165 790 adfert
2195 737 2405 806 aliquot
2435 734 2770 794 testimonia,
2821 746 3055 802 quorum
3104 733 3313 785 nullum
3373 741 3455 785 est
3505 732 3572 783 ad

1986 843 2122 882 rem.
2148 827 2320 881 Nemo
2341 837 2500 897 negat
2531 827 2880 894 theophanim
2903 839 3001 878 seu
3028 823 3334 892 epiphanise
3384 825 3572 892 appeto

1987 921 2246 974 lationem
2271 920 2434 973 etiam
2483 916 2754 972 nativitati
2805 916 2972 970 tribui
3022 928 3181 983 posse
3214 931 3228 965 :
3261 923 3389 967 tunc
3426 916 3572 966 enim

1987 1011 2241 1080 apparuit
2274 1009 2538 1063 Dominus
2567 1011 2714 1062 inter
2752 1006 3008 1061 homines
3035 1015 3086 1060 et
3123 1015 3369 1073 pastores
3395 1005 3459 1059 ad
3517 1021 3575 1061 se

1987 1102 2177 1165 traxit,
2207 1112 2336 1162 etc.,
2370 1110 2422 1154 et
2450 1101 2503 1152 in
2535 1099 2699 1154 missa
2742 1099 2906 1168 hujus
2939 1097 3064 1151 festi
3119 1098 3316 1166 legitur
3348 1117 3362 1152 :
3393 1099 3575 1168 Appa-

1988 1198 2095 1250 ruit
2125 1195 2297 1265 gratia
2329 1191 2624 1246 Saluatoris
2653 1192 2846 1254 nostri,
2878 1197 2982 1244 etc.
3014 1190 3120 1243 Sed
3151 1190 3446 1244 videndum
3486 1189 3576 1244 hic

1987 1284 2120 1355 quid
2147 1299 2281 1338 usus
2313 1283 2724 1346 ecclesiasticus
2755 1281 2915 1346 ferat;
2945 1281 3038 1350 qui
3067 1289 3228 1334 estet
3266 1281 3363 1334 fuit
3399 1290 3455 1334 ut
3479 1284 3574 1334 ab-

1990 1374 2458 1444 soluteloquendo
2480 1373 2598 1428 dies
2621 1371 2655 1426 6
2676 1371 2924 1426 Januarii
2949 1373 3228 1424 diceretur
3254 1371 3575 1440 Epiphania,

1990 1471 2152 1539 idque
2184 1484 2404 1540 propter
2437 1480 2545 1522 tres
2572 1481 2772 1522 causas
2801 1465 2960 1519 initio
2988 1465 3186 1528 dictas,
3207 1465 3308 1518 etsi
3330 1464 3423 1517 alii
3445 1464 3579 1518 alias

1990 1578 2183 1617 causas
2219 1561 2392 1628 magis
2421 1558 2795 1614 attendchant.
2829 1557 2891 1610 Et
2920 1558 3081 1625 pauci
3113 1563 3273 1611 erant
3294 1558 3386 1623 qui
3411 1555 3578 1608 Nata-

1991 1657 2093 1711 lem
2119 1655 2328 1709 Domini
2350 1652 2692 1708 celebrarent
2717 1650 2806 1704 die
2830 1649 2863 1704 6
2890 1648 3137 1702 Januarii
3172 1666 3184 1712 ;
3220 1657 3273 1701 et
3306 1646 3419 1700 fere
3439 1647 3580 1699 intra

1989 1748 2283 1818 {Egyptum
2322 1745 2438 1798 haec
2487 1743 2832 1798 consuetudo
2865 1741 3342 1806 conscribebatur,
3383 1750 3441 1792 ut
3499 1748 3586 1792 cst

1991 1839 2136 1910 apud
2162 1839 2514 1900 Cassianum,
2551 1836 2743 1890 Collat.
2778 1834 2866 1899 10‘,
2897 1835 2951 1886 2.
2975 1832 3190 1886 Profert
3213 1831 3578 1886 Casaubonus

1994 1933 2175 1986 locum
2205 1944 2268 1982 ex
2294 1929 2542 1982 oratione
2572 1926 2950 1993 Chrysostomi
2976 1925 3030 1978 in
3064 1923 3308 1976 Natalem
3341 1924 3579 1986 Domini,

307 2014 520 2070 Joanne
568 2017 830 2084 suscepit,
859 2018 914 2086 3)
950 2019 1094 2087 quod
1127 2035 1193 2073 eo
1219 2021 1308 2075 die
1362 2021 1618 2076 Christus
1677 2032 1883 2078 mutata
1920 1997 1958 2050 Β
1993 2021 2195 2084 tom.V,
2231 2017 2550 2081 Swilliano,
2585 2033 2637 2085 p.
2661 2016 2786 2080 5H,
2818 2015 2907 2068 ubi
2936 2014 3070 2067 dicit
3095 2014 3181 2066 vix
3197 2013 3456 2065 decimum
3483 2028 3581 2064 an-

308 2123 451 2176 aqua
482 2109 534 2162 in
559 2109 743 2162 vinum
773 2109 1089 2165 hominibus
1111 2127 1171 2166 se
1205 2112 1650 2169 manifeslavitin
1675 2117 1886 2185 nuptiis

309 2199 475 2252 (fante
527 2198 784 2255 Galilazae.
838 2200 1030 2256 Latina
1075 2203 1320 2257 Ecclesia
1356 2219 1548 2260 omnes
1570 2205 1888 2263 hascausas

311 2293 476 2360 hujus
505 2293 608 2347 diei
658 2295 925 2363 sequitur,
968 2305 1024 2349 ιιι
1056 2305 1200 2365 patet
1223 2314 1286 2351 ex
1319 2297 1596 2355 Breviario
1619 2298 1886 2355 Romano.

310 2385 486 2440 Graeci
517 2384 714 2442 festum
746 2388 849 2442 hoc
917 2389 1102 2442 colunt
1151 2391 1433 2457 notissime
1474 2393 1543 2447 ob
1593 2396 1888 2448 secundam

311 2491 530 2530 causam
565 2493 728 2532 :nam
765 2481 1163 2548 apparitioncm
1185 2481 1578 2552 magislactam
1612 2485 1893 2541 celebrant

311 2572 429 2630 is-so
453 2571 644 2628 natalis
677 2571 880 2626 Christi
911 2573 1160 2639 festo,25
1195 2573 1530 2643 Decembris,
1564 2588 1624 2634 ut
1658 2585 1808 2648 patet
1825 2593 1890 2632 ex

314 2661 550 2718 Menteis.
581 2664 636 2718 S.
663 2665 1116 2736 Chrysostomus,
1151 2667 1312 2722 Hom.
1343 2669 1410 2724 de
1441 2671 1713 2738 baptismo
1735 2671 1893 2726 Chri-

311 2760 379 2812 Sli
413 2775 426 2810 :
457 2757 628 2822 Quam
659 2760 720 2813 ob
751 2776 970 2814 causam
1019 2760 1130 2815 haec
1173 2762 1537 2833 (solemnitas)
1578 2764 1888 2832 ἐπιφάνεια,

312 2852 418 2904 hoc
439 2861 518 2905 est
535 2851 819 2921 apparitio,
845 2853 1146 2920 appellatur
1170 2856 1193 2908 ?
1214 2854 1355 2920 Quia
1385 2857 1631 2909 nimirum
1655 2873 1760 2909 non
1783 2874 1896 2910 om-

313 2942 463 2995 nibus
503 2943 816 3012 manifestus
850 2953 927 2997 est
958 2943 1218 3009 redditus,
1246 2963 1364 2998 cum
1390 2959 1552 3014 partu
1586 2957 1662 3000 est
1697 2949 1891 3010 editus,

313 3035 404 3088 sed
439 3051 553 3088 cum
582 3045 660 3089 est
688 3036 990 3103 baptizatus
1020 3029 1036 3091 V:
1073 3055 1199 3092 nam
1227 3042 1298 3092 ad
1345 3040 1484 3093 ltunc
1539 3057 1702 3110 usque
1754 3041 1895 3094 diem

316 3125 468 3194 uulgo
491 3136 602 3179 erat
630 3128 860 3198 ignotus.
893 3119 1035 3182 Nam
1065 3131 1394 3199 incognitunt
1419 3147 1535 3184 eum
1565 3133 1730 3200 fuisse
1774 3132 1895 3186 vul-

313 3236 400 3288 go,
437 3235 597 3287 neque
629 3221 874 3289 quisnam
905 3229 1039 3275 esset
1065 3221 1344 3292 plerosque
1401 3225 1635 3291 sciuisse,
1689 3233 1896 3279 constat

1990 2131 2112 2168 nunt
2133 2117 2240 2185 agi,
2274 2129 2392 2167 cum
2421 2113 2662 2176 ecclesia,
2697 2111 2752 2163 in
2779 2126 2883 2179 qua
2919 2109 3054 2160 hanc
3084 2107 3381 2160 orationem
3422 2106 3580 2168 dixit,

1990 2210 2183 2278 festum
2206 2207 2402 2261 natalis
2427 2204 2688 2260 celebrare
2727 2203 2945 2272 coeperit
2990 2203 3230 2269 diemque
3274 2199 3574 2253 nativitatis

1990 2299 2306 2370 cognoverit.
2345 2297 2447 2352 Sed
2478 2297 2659 2352 oratio
2706 2296 2818 2350 ham
2870 2310 2977 2348 non
3034 2301 3120 2348 est
3175 2293 3579 2362 Chrysostomi.

1992 2393 2148 2447 Patet
2177 2392 2223 2461 Ι)
2252 2407 2317 2444 cx
2359 2390 2521 2460 style,
2550 2388 2608 2457 ‘2)
2642 2389 2770 2458 quia
2807 2386 2961 2456 Cpoli
2986 2395 3114 2440 ante
3143 2385 3202 2438 S.
3249 2385 3586 2454 Chrysosto-

1991 2502 2142 2540 mum
2173 2483 2370 2538 festum
2433 2481 2736 2536 nativitatis
2768 2482 3058 2550 agebatur,
3090 2487 3146 2531 ut
3181 2489 3325 2546 patet
3354 2491 3416 2530 ex
3456 2491 3584 2530 ora-

1995 2578 2140 2631 tione
2172 2574 2503 2630 Nazianzeni
2533 2574 2586 2626 in
2623 2571 2880 2626 Natalem
2903 2570 3192 2624 Dominiet
3241 2585 3305 2623 ex
3353 2568 3460 2634 alia
3531 2569 3587 2619 in

1993 2669 2126 2722 diem
2147 2666 2448 2720 Luminum.
2484 2665 2537 2733 5)
2570 2662 2709 2729 Quia
2733 2663 2848 2731 ipse
2881 2670 3074 2715 auctor
3121 2659 3279 2724 hujus
3335 2657 3574 2710 humilia!
3615 2673 3618 2682 ε

1993 2761 2125 2816 dicit
2148 2759 2380 2814 natalem
2403 2757 2736 2812 celebratum
2757 2764 2812 2808 et
2843 2752 3123 2824 cognitum
3158 2751 3329 2806 fuisse
3351 2747 3484 2804 aTh
3496 2765 3551 2803 ra
3568 2778 3586 2789 -

1995 2854 2078 2907 cia
2110 2867 2282 2920 usque
2312 2850 2519 2904 Gades.
2563 2849 2628 2902 At
2657 2847 2846 2915 Cpolis
2871 2855 2954 2899 est
2979 2845 3031 2897 in
3085 2843 3344 2898 Thracia.
3401 2841 3589 2911 Neque

1997 2947 2102 3000 alia
2138 2944 2446 3014 cpiphauize
2473 2941 2571 2994 fuit
2609 2939 2750 2994 ratio
2779 2939 2812 2992 6
2841 2937 3092 2992 Januarii
3127 2951 3291 3004 quam
3325 2951 3472 2988 nunc
3494 2935 3586 2997 sit,

1998 3039 2122 3114 nisi.
2169 3038 2310 3107 apud
2341 3050 2550 3105 paucos
2581 3047 2786 3102 eosque
2819 3031 2935 3086 fere
2967 3029 3279 3101 IEgyptios,
3316 3030 3408 3097 qui
3436 3037 3590 3081 nata-

1998 3133 2103 3188 lem
2139 3129 2353 3185 Domini
2379 3127 2410 3183 6
2433 3125 2678 3180 Januarii
2703 3125 2949 3179 obibant.

2071 3223 2388 3294 Appellatur
2410 3219 2600 3274 eadem
2637 3216 2972 3288 Epiphaniae
3026 3217 3346 3292 solemnitas
3394 3213 3591 3282 festum

312 3327 378 3365 ea:
412 3311 527 3364 istis
553 3309 777 3366 Joannis
798 3311 1057 3381 BaptisltB
1105 3313 1273 3368 verbis
1330 3314 1491 3370 Joan.
1517 3331 1532 3370 ι
1567 3331 1582 3368 :
1621 3333 1640 3367 ‹
1691 3317 1896 3372 Medius
1925 3335 1971 3394 α
2002 3317 2310 3380 Luminum,
2335 3321 2450 3369 tum
2475 3312 2546 3366 ob
2572 3301 2928 3381 baptismum,
2963 3317 3076 3362 tum
3098 3296 3105 3302 ’
3130 3305 3257 3377 quia
3281 3304 3588 3360 Christiani

313 3412 538 3456 vestrum
572 3405 736 3468 stetit,
767 3420 918 3473 quem
943 3421 1028 3458 vos
1054 3407 1285 3461 nescitis.
1328 3424 1345 3456 ι
1369 3405 1508 3470 Quid
1553 3423 1670 3461 vero
1689 3410 1904 3474 mirum,

313 3498 360 3549 si
389 3496 482 3548 alii
513 3512 613 3548 non
640 3505 874 3560 nossent,
895 3496 1106 3566 quando
1133 3497 1286 3550 illum
1308 3479 1478 3551 etiam
1507 3501 1614 3568 ipse
1660 3499 1906 3569 Baptista

314 3590 383 3640 ad
418 3604 532 3644 eum
574 3603 737 3658 usque
759 3589 895 3642 diem
929 3589 1268 3658 ignorabat?
1317 3608 1334 3640 ς
1372 3588 1439 3642 Et
1470 3607 1565 3658 ego
1613 3594 1905 3647 nesciebam

313 3697 462 3744 eum,
499 3699 517 3732 ›
575 3681 769 3750 inquit.
799 3679 1026 3751 Latinos
1051 3680 1122 3734 ob
1176 3681 1680 3738 manifestationem
1730 3686 1906 3751 magis

315 3771 510 3824 iactant
541 3771 643 3826 hoc
679 3770 874 3826 festum
901 3769 1054 3826 obire
1085 3778 1232 3839 patet
1257 3786 1324 3825 ex
1375 3771 1617 3828 homiliis
1667 3773 1769 3830 SS.
1806 3775 1908 3829 Pa-

314 3875 482 3930 trum,
502 3863 558 3917 S.
581 3862 958 3932 Augustini,S.
988 3862 1206 3929 Leonis,
1234 3863 1293 3919 S.
1321 3862 1540 3919 Maximi
1568 3876 1622 3920 et
1644 3865 1905 3921 aliorum.

314 3957 472 4012 l‘atet
499 3957 638 4010 idem
679 3971 744 4010 ex
777 3955 1104 4010 Germanica
1136 3955 1504 4025 appellatione
1543 3957 1711 4026 hujus
1757 3958 1903 4024 festi,

315 4065 438 4118 qua:
461 4060 541 4104 est
560 4048 746 4102 Trium
775 4063 986 4118 regum,
1011 4047 1105 4100 der
1131 4046 1355 4116 lteiligen
1385 4047 1498 4100 drei
1531 4045 1684 4116 kdttig
1709 4057 1820 4116 tag.
1840 4045 1907 4101 Et

316 4142 514 4210 legitur
544 4140 890 4210 Evangelium
921 4137 980 4194 S.
1014 4139 1258 4194 Matthaei
1309 4137 1378 4192 de
1435 4137 1670 4192 adventu
1722 4152 1906 4207 mago-

319 4252 461 4288 rum.
486 4231 596 4288 Nec
622 4232 778 4287 aliter
805 4231 1042 4287 haeretici
1069 4243 1176 4285 tam
1205 4233 1260 4286 in
1291 4231 1616 4302 quotidiano
1650 4245 1905 4285 sermone

321 4341 484 4395 quam
526 4327 579 4380 in
609 4323 939 4379 kalendariis
986 4325 1100 4380 suis
1158 4323 1262 4379 hoc
1325 4325 1524 4378 festum
1593 4323 1902 4386 nominant,

317 4435 481 4489 quam
513 4419 606 4472 der
627 4417 850 4487 heiligen
879 4417 993 4470 drei
1021 4416 1315 4486 konig-tag.
1344 4417 1475 4470 lude
1516 4415 1682 4470 etiam
1733 4416 1906 4484 liquet

318 4526 580 4566 numerus
596 4525 902 4578 magorum,
925 4509 1010 4562 die
1029 4508 1254 4577 heiligen
1271 4509 1385 4561 drei
1400 4507 1613 4578 ko'nige:
1635 4524 1744 4562 non
1761 4508 1902 4562 dici-

319 4613 408 4654 tur
429 4601 511 4655 die
531 4598 756 4670 lteiligen
782 4600 887 4653 vier
908 4598 1114 4668 kdnige,
1137 4599 1222 4650 die
1246 4597 1471 4668 lteiligen
1495 4613 1665 4651 zween
1692 4598 1897 4668 litinige.

2010 3409 2154 3464 diem
2180 3409 2326 3461 hunc
2358 3405 2606 3460 accensis
2628 3401 2803 3458 cereis
2837 3400 3118 3456 celebrare
3153 3403 3593 3452 consueverunt.

2010 3501 2084 3557 lta
2108 3501 2300 3556 Billius
2327 3507 2519 3554 annot.
2557 3497 2624 3553 ad
2650 3505 2793 3551 orat.
2845 3495 2897 3548 in
2929 3501 3118 3548 sancta
3141 3490 3398 3552 Lumina,
3424 3497 3476 3542 et
3497 3487 3568 3540 Ba
3588 3521 3600 3532 -

2011 3595 2200 3650 ronius
2229 3593 2296 3647 ad
2331 3590 2686 3661 Martyrolog.
2727 3587 2886 3640 Rom.
2923 3586 2954 3640 6
2985 3585 3112 3640 Jan.
3148 3583 3254 3639 Sed
3276 3581 3594 3636 exstititcui

2012 3690 2128 3744 haec
2158 3687 2344 3758 opinio
2374 3684 2607 3739 Billiana
2632 3693 2685 3736 et
2724 3679 3038 3734 Baroniana
3073 3693 3182 3732 non
3205 3678 3447 3746 placeret
3472 3683 3597 3725 tan-

2009 3797 2174 3850 quam
2211 3780 2368 3848 lcnge
2400 3793 2431 3832 a
2457 3791 2584 3831 vero
2609 3772 2908 3840 avia.Quid
2934 3778 3161 3840 estergo
3189 3768 3388 3823 festum
3410 3764 3600 3819 Lumi-

2010 3887 2140 3925 num
2173 3870 2219 3925 si
2254 3885 2364 3923 non
2406 3866 2713 3937 epiphania:
2745 3879 2842 3920 seu
2888 3862 3148 3931 baptismi
3210 3857 3416 3912 Christi
3442 3857 3466 3909 ?
3492 3855 3598 3909 Re-

2008 3963 2246 4034 spondet
2275 3976 2402 4017 esse
2434 3960 2636 4015 festum
2666 3972 2777 4028 quo
2807 3953 3105 4026 quotannis
3127 3950 3428 4007 Christiani
3457 3950 3596 4018 hapo

2011 4053 2246 4108 tismatis
2282 4067 2312 4106 a
2344 4066 2404 4107 se
2463 4047 2711 4118 suscepti
2773 4044 3093 4100 memoriam
3148 4038 3489 4094 recolebam.
3540 4035 3600 4090 Id

2010 4144 2209 4215 probat
2233 4156 2298 4196 ex
2329 4139 2587 4194 oratione
2605 4133 3035 4206 quadragesima
3074 4127 3428 4189 Nazianzeni,
3475 4140 3601 4194 qua:

2009 4240 2168 4295 estin
2200 4253 2412 4292 sacrum
2438 4234 2780 4302 baptismum,
2810 4229 2902 4284 ttbi
2932 4229 2986 4282 in
3025 4228 3146 4298 ipso
3168 4224 3352 4280 statim
3372 4221 3600 4277 exordio

2009 4331 2112 4383 ista
2146 4329 2401 4398 leguntur
2432 4341 2446 4380 :
2485 4322 2620 4377 Heri
2638 4320 2973 4392 splendidum
3005 4319 3268 4372 luminum
3300 4317 3438 4368 diem
3462 4313 3600 4367 cele-

2008 4420 2313 4484 bravimus;
2351 4416 2577 4472 salutem
2593 4417 2734 4470 enim
2759 4423 2995 4468 nostram
3011 4411 3201 4465 laztitia
3219 4407 3463 4478 prosequi
3476 4421 3601 4458 con;

2007 4513 2262 4577 veniebat,
2285 4527 2348 4566 ac
2379 4510 2543 4564 multo
2566 4509 2776 4579 quidem
2802 4507 2974 4573 magis
2997 4520 3157 4575 quam
3198 4501 3376 4557 carnis
3438 4497 3598 4552 amici

2007 4607 2119 4659 dies
2140 4621 2228 4659 eos
2255 4603 2540 4675 quotannis
2565 4602 2828 4656 celebrant
2859 4601 3046 4670 quibus
3068 4597 3144 4652 vel
3170 4597 3283 4650 nati
3318 4593 3394 4648 uel
3416 4593 3604 4647 matri-

391 4691 603 4748 Mm‘ose
638 4691 930 4746 adm0dum
958 4689 1026 4745 de
1050 4690 1272 4758 regibus
1302 4689 1900 4744 disserilCaSJUbolllIS
1928 4685 1982 4744 Ῐ)
2009 4697 2186 4751 monia
2209 4697 2387 4764 juncti
2411 4703 2555 4758 sunt,
2588 4693 2664 4749 vel
2693 4709 2878 4747 nomen
2903 4697 3235 4760 acceperunt,
3263 4687 3340 4740 vel
3368 4694 3503 4740 certe
3522 4686 3602 4737 itt-

319 4788 376 4841 in
405 4786 441 4840 2
461 4785 752 4840 Esercitat.
784 4792 974 4840 contra
1010 4780 1326 4848 Baronium,
1355 4791 1409 4836 et
1428 4782 1645 4836 tandem
1665 4797 1731 4836 eo
1753 4781 1902 4836 venit

319 4888 382 4934 ut
411 4878 626 4948 regulos
661 4875 832 4930 fuisse
866 4889 972 4928 non
1003 4871 1318 4936 difﬁteatur,
1349 4872 1640 4927 dummodo
1680 4873 1760 4926 ita
1777 4888 1901 4926 sen-

317 4972 421 5024 tire
451 4969 524 5025 vel
563 4985 664 5023 non
692 4967 886 5022 sentire
910 4967 1197 5035 unicuique
1220 4966 1288 5019 sit
1325 4965 1571 5032 liberum,
1597 4982 1767 5036 neque
1807 4982 1901 5019 ar-

319 5064 511 5116 ticulus
535 5063 658 5130 ﬁdei
693 5062 813 5115 inde
841 5062 1096 5114 cudatur.
1133 5059 1266 5124 Quis
1325 5073 1423 5128 pro
1481 5060 1718 5114 articulo
1774 5059 1900 5114 fidei

321 5157 426 5209 huc
461 5155 622 5209 habet
651 5154 674 5206 ’ἒ
711 5149 1038 5207 Communis
1067 5161 1120 5206 et
1153 5156 1237 5204 est
1276 5158 1332 5204 et
1365 5149 1470 5204 fuit
1502 5151 1788 5220 persuasio
1837 5151 1901 5204 li-

316 5248 518 5303 delium
555 5263 628 5311 ;a
653 5261 760 5315 qua
795 5254 1012 5314 propter
1042 5241 1385 5297 ratiunculas
1418 5241 1502 5296 vel
1543 5243 1727 5312 potius
1760 5243 1901 5298 stul-

317 5343 467 5395 ltllas
508 5337 894 5394 Calvinisticas
941 5335 1224 5390 discedere
1253 5349 1448 5404 parum
1467 5335 1781 5392 consultum
1807 5347 1905 5393 aut

319 5431 617 5496 expediens
637 5439 745 5486 est.

390 5523 554 5594 304
601 5523 863 5580 Morosius
887 5525 1066 5580 adhuc
1105 5525 1564 5596 grammaticatnr
1615 5527 1760 5584 idem
1803 5528 1904 5584 Ca-

320 5619 599 5672 saubonus
615 5617 680 5670 de
697 5617 915 5672 nomine
933 5616 1056 5672 festi
1086 5619 1322 5674 Exercit.
1352 5635 1402 5675 c.
1431 5620 1521 5674 i5.
1542 5619 1901 5692 Epiphaniam

319 5707 465 5761 enim
495 5723 589 5762 seu
622 5709 1005 5786 theOphaniam
1040 5713 1222 5780 potius
1275 5723 1586 5782 competere
1633 5713 1914 5769 nativitati

319 5801 525 5856 Christi
558 5819 571 5856 :
600 5810 730 5856 tunc
758 5805 905 5857 enim
939 5805 1104 5858 etiam
1136 5805 1333 5873 ἐφάνη,
1365 5807 1641 5876 apparuit,
1669 5792 1904 5862 maxime

322 5888 655 5955 pastoribus,
676 5897 780 5944 etc.
806 5889 1031 5946 Veteres
1059 5893 1091 5946 6
1120 5892 1368 5948 Januarii
1394 5895 1701 5951 celebrasse
1733 5896 1898 5952 Nata-

315 5987 429 6040 tem
458 5970 696 6044 Damini,
722 5987 774 6034 ct
810 5979 930 6036 ideo
955 5980 1094 6036 diem
1124 5982 1299 6046 illum,
1353 5983 1422 6039 ob
1455 5993 1639 6040 natum
1693 5985 1902 6042 scilicet

2009 4799 2087 4844 ter
2091 4790 2307 4858 juvenes
2337 4787 2538 4842 censeri
2554 4792 2836 4854 eruperunt,
2856 4781 2933 4836 vel
2972 4781 3142 4835 locant
3174 4779 3400 4848 aliquem
3432 4776 3602 4845 primo

2006 4881 2357 4948 incoluerunt,
2387 4881 2465 4935 vel
2493 4893 2802 4949 quacunque
2819 4876 3025 4928 demum
3048 4871 3157 4924 alia
3187 4870 3249 4923 de
3266 4884 3436 4922 causa
3459 4882 3603 4920 mor-

2009 4975 2142 5030 tales
2173 4975 2366 5044 festum
2394 4975 2532 5026 diem
2569 4979 2755 5041 agunt.
2780 4967 2951 5021 Hodie
2978 4965 3042 5017 de
3072 4963 3330 5030 baptismo
3361 4969 3410 5013 et
3453 4958 3604 5012 bene-

2007 5064 2128 5131 ﬁcio
2146 5063 2266 5115 hinc
2289 5069 2498 5130 accepto
2523 5061 2592 5114 ad
2620 5076 2712 5112 nos
2746 5064 2994 5110 manante
3014 5053 3353 5109 disseremus.
3375 5049 3450 5106 Ex
3477 5050 3598 5119 qui-

2007 5157 2112 5213 bus
2139 5155 2323 5211 verbis
2356 5154 2568 5225 colligit
2600 5153 2793 5222 festum
2815 5148 3102 5201 Luminutn
3135 5146 3271 5201 nihil
3297 5145 3444 5200 aliud
3465 5144 3600 5201 fuis-
3673 5193 3680 5202 .

2007 5265 2069 5305 se
2102 5264 2266 5318 quam
2297 5247 2550 5318 baptismi
2575 5247 2643 5300 ab
2677 5257 3010 5313 unoquoque
3045 5239 3296 5311 suscepti
3346 5255 3596 5295 comme-

2009 5339 2398 5394 morationem.
2427 5337 2534 5393 Sed
2569 5333 2916 5406 persuasioni
2944 5331 3072 5387 huic
3096 5331 3391 5388 manifeste
3418 5332 3598 5386 obstat

2009 5435 2064 5489 in
2097 5429 2290 5504 primis
2324 5428 2556 5499 ipsemet
2581 5424 2982 5490 Nazianzenus,
3015 5423 3111 5494 qui
3157 5422 3359 5478 festum
3404 5420 3594 5472 Lumi-

2009 5543 2140 5582 num
2169 5531 2357 5592 aperte
2389 5518 2633 5572 nominat
2661 5515 2859 5570 festum
2901 5515 3245 5587 oaptismatis
3260 5512 3467 5567 Christi
3495 5523 3587 5563 seu

2007 5611 2497 5690 epiphaniae,305
2515 5609 2734 5681 quando
2750 5609 3002 5665 Christus
3028 5611 3080 5662 in
3098 5606 3332 5662 Jordanc
3361 5602 3599 5671 baptiza-

2011 5722 2100 5767 tus
2121 5708 2323 5764 mundo
2348 5705 2634 5776 apparuit:
2661 5702 2741 5758 sic
2758 5703 2904 5756 enim
2928 5703 3033 5756 ait:
3061 5699 3288 5753 Sanctus
3309 5694 3597 5749 Luminum

2010 5804 2148 5866 dies,
2170 5799 2237 5854 ad
2265 5813 2417 5868 quem
2445 5796 2771 5865 pervenimus
2798 5809 3050 5864 quemque
3065 5791 3216 5844 hodie
3247 5788 3421 5842 divino
3452 5785 3596 5839 bene-

2011 5894 2132 5963 ﬁcio
2154 5889 2662 5954 celebravimus,pra
2695 5884 2958 5954 principio
2986 5879 3197 5952 quidem
3228 5878 3426 5934 Christi
3474 5877 3593 5938 mei,

2009 5987 2104 6042 hoc
2117 5993 2193 6041 est
2224 5998 2354 6040 t'cra‘
2376 5981 2529 6049 lucis,
2556 5993 2758 6035 omnem
2777 5976 3035 6030 hominem
3051 5975 3104 6028 in
3123 5973 3374 6028 mundum
3401 5973 3601 6026 vcnieuo
