4064 6430
541 469 651 531 339

542 593 643 637 tem
698 584 1077 652 illuminantis,
1145 588 1465 657 baptismum
1536 596 1714 662 habet,

539 686 642 729 tem
693 692 897 745 quoque
949 682 1317 748 purgationem
1376 697 1646 756 operatur.
1710 689 1774 745 Et
1826 704 1949 763 post
2002 696 2119 749 lono

539 784 660 837 gam
730 770 797 823 de
858 770 1132 839 baptismo
1198 774 1401 843 Christi
1457 780 1881 850 disputationem
1918 827 1933 850 ,
1971 788 2113 844 hanc

536 862 602 913 ad
638 862 810 928 ipsam
860 864 1127 919 orationis
1172 867 1378 922 calcem
1433 873 1699 928 subinlert
1752 879 2055 944 partenesin
2102 900 2114 935 :

534 954 643 1004 Nos
679 962 849 1004 autem
884 952 1037 1008 hodie
1086 955 1284 1011 C/tristi
1315 960 1629 1029 baptismum
1673 968 1865 1021 honore
1892 971 2121 1038 comple-

537 1050 745 1093 ctamur
777 1059 839 1095 ac
890 1044 1083 1110 festum
1137 1048 1349 1103 honeste
1402 1052 1716 1108 celebremus
1741 1096 1755 1120 ,
1790 1074 1891 1110 non
1926 1062 2121 1114 rentris

536 1132 736 1185 deliciis
785 1150 992 1202 operam
1043 1139 1383 1205 dantes,sed
1434 1146 1780 1212 spiritualiter
1834 1168 1924 1204 nos
1980 1155 2117 1219 ipsos

535 1222 983 1280 oblectatttes.lla
1043 1231 1206 1283 etiam
1268 1231 1590 1303 Gregorium
1656 1240 1920 1296 intellexit
1960 1243 2119 1299 Nice-

536 1325 619 1367 tas
676 1317 996 1372 scholiastes
1051 1320 1188 1387 eius.
1226 1323 1383 1387 Quod
1428 1328 1611 1382 itidem
1654 1345 1719 1384 ex
1756 1333 2115 1404 inscriptione

534 1404 726 1469 liquet,
758 1423 877 1475 quzc
905 1418 987 1462 est
1019 1409 1123 1463 ista
1159 1429 1172 1464 :
1211 1414 1300 1475 Εἰς
1339 1416 1403 1467 τὰ
1433 1417 1563 1485 ἅγια
1589 1422 1741 1487 φῶτα
1781 1424 1891 1475 τῶν
1920 1428 2116 1495 ἐπιφα-

536 1499 665 1549 νξων
696 1498 871 1566 λόγος.
900 1502 1042 1555 idem
1064 1504 1279 1572 planum
1308 1509 1363 1561 lit
1393 1524 1455 1561 ex
1481 1510 1774 1567 ritualibus
1800 1514 2113 1572 Grzccorum

537 1589 715 1652 libris,
742 1593 830 1645 ttbi
868 1596 1184 1664 προενερτιον
1226 1598 1334 1649 τῶν
1391 1598 1583 1668 φώτων
1638 1604 1771 1658 nihil
1825 1616 1907 1661 est
1969 1608 2114 1663 aliud

534 1696 695 1746 quam
733 1683 1031 1751 profestum
1054 1688 1347 1755 epipltaniaz
1372 1705 1465 1745 seu
1503 1695 1863 1763 apparitionis
1913 1700 2114 1755 Christi

535 1771 601 1825 ad
635 1771 948 1840 Jordanem,
975 1779 1193 1846 quando
1225 1780 1276 1832 itt
1301 1779 1541 1837 Jordane
1570 1786 1876 1856 baptizatus
1909 1800 2014 1858 est,
2034 1792 2114 1862 ip-

532 1876 765 1930 sumque
806 1864 1002 1919 festum
1039 1868 1127 1922 die
1152 1880 1304 1923 sexto
1330 1870 1573 1929 Januarii
1606 1881 1744 1947 apud
1780 1880 2001 1938 Grzecos
2024 1900 2105 1938 ce-

1646 484 1728 544 ΙΝ
1775 484 2077 546 LIBRUM
2115 489 2213 549 DE
2246 489 2576 555 OFFICIIS
2605 496 2707 557 (ΣΡ.

3652 508 3745 571 Sili

1787 619 1953 655 meam
2026 622 2125 658 au-
2154 632 2196 689 Α
2232 610 2684 682 ἀπολυτρώσεως,
2716 617 2811 686 τὴν
2843 616 3092 685 εὐλογίαν
3118 620 3211 672 τοῦ
3257 622 3529 691 Ἰορδάνου.
3553 626 3758 695 Πριησον
3791 629 3795 633 ’

2225 703 2357 755 αὐτὸ
2392 704 2700 774 ἀφθαρσίας
2753 708 2953 777 πηγὴν,
2990 711 3260 779 ἁγιασμοῦ
3315 714 3501 782 δῶρον,
3534 717 3757 786 ἁμαρτη-

2226 792 2410 857 μάτων
2439 794 2714 865 λυτήριον,
2741 801 3061 871 νοσημάτων
3107 803 3474 872 ἀλεξητήρεον,
3533 806 3759 874 δαῖμοσιν

2221 878 2484 949 ὀλέθριον,
2512 886 2629 947 ταῖς
2659 886 2926 951 ἐναντίαις
2949 889 3243 959 δυνάμεσιν
3272 894 3577 961 ἀπρόσιτον,
3607 898 3759 964 ἀγγε-

2221 967 2379 1038 ).ικῆς
2411 972 2590 1041 ἰσχύος
2631 976 3084 1047 πεπληρωμένον,
3117 982 3203 1032 ἵνα
3236 982 3431 1045 πάντες
3460 986 3506 1037 ol
3538 986 3757 1053 ἀρυόμεο

2221 1076 2301 1111 νοι
2326 1063 2419 1114 καὶ
2474 1063 2985 1135 μεταλαμόάνοντες
3042 1070 3218 1139 ἔχοιεν
3253 1074 3383 1125 αὐτὸ
3432 1076 3567 1147 πρδςί
3611 1076 3763 1127 καθα-

2222 1150 2415 1217 ρισμὸν
2443 1152 2629 1222 ψυχῶν
2660 1159 2753 1210 καὶ
2783 1158 3070 1227 σωμάτων,
3128 1162 3261 1231 πρδς
3313 1162 3520 1231 ἔατρίανν
3568 1164 3760 1229 παθῶν,

2221 1239 2356 1307 πρὸς
2388 1240 2678 1312 ἀγιτκσμδν,
2712 1246 2848 1316 πρὸς
2905 1249 3083 1301 πᾶπαν
3133 1250 3401 1319 ὠφέλειαν
3460 1252 3759 1321 ἐπιτήδειον.

2220 1326 2329 1384 Nec
2357 1331 2409 1385 in
2437 1333 2559 1387 aula
2585 1335 2788 1401 solum,
2820 1337 2915 1391 sed
2950 1340 2999 1392 in
3032 1339 3151 1392 aliis
3175 1341 3429 1395 omnibus
3462 1340 3764 1396 Griecanicis

2219 1422 2471 1478 ecclesiis
2498 1440 2641 1493 aqua
2673 1430 2776 1481 hoc
2814 1426 2898 1480 die
2940 1427 3385 1495 benedicebatur,
3446 1431 3601 1485 etiam
3634 1430 3762 1499 apud

2218 1510 2524 1580 Ethiopas,
2548 1516 2640 1584 qui
2669 1516 2830 1570 hodie
2859 1517 3021 1572 undis
3051 1535 3156 1572 non
3190 1520 3352 1574 modo
3382 1534 3440 1575 se
3468 1529 3760 1590 aspergunt,

2218 1603 2308 1657 sed
2342 1613 2394 1657 et
2428 1605 2643 1674 penitus
2673 1607 3023 1677 immergunt.
3058 1608 3124 1662 Et
3154 1610 3337 1665 ﬁdeles
3372 1612 3515 1665 circa
3547 1611 3759 1664 mediam

2219 1700 2459 1755 noctem,
2483 1707 2603 1761 qua:
2626 1691 2825 1746 festum
2859 1697 3154 1761 antecedit,
3188 1697 3255 1751 ob
3296 1699 3642 1751 reverentiam
3678 1698 3762 1751 ba-

2217 1781 2399 1849 ptismi
2430 1797 2538 1850 quo
2577 1782 2836 1839 Salvator
2870 1796 3061 1840 noster
3100 1788 3302 1841 tinctus
3350 1798 3455 1853 est,
3526 1799 3761 1857 aquatum

2220 1871 2390 1934 ibant,
2422 1874 2802 1943 unusquisque
2829 1876 2893 1929 ad
2927 1878 3143 1930 obvium
3199 1879 3302 1931 sibi
3348 1879 3573 1943 fontem,
3602 1878 3761 1931 rivum

531 1952 729 2021 leltrari
764 1958 983 2011 solitum
1009 1962 1307 2027 appellatur
1327 1964 1487 2035 ἑορτὴ
1531 1967 1640 2019 τῶν
1687 1970 1882 2036 φώτων
1911 1991 1924 2040 ;
1949 1974 2107 2041 cujus
2141 2009 2183 2063 Β
2213 1971 2304 2011 aut
2338 1960 2587 2027 ﬂuvium,
2643 1966 2730 2018 cui
2797 1982 2949 2034 aqure
2986 1966 3128 2021 Deus
3162 1970 3302 2021 hanc
3355 1969 3762 2023 benedictionem

530 2046 909 2113 appellationis
930 2064 989 2101 ea
1009 2061 1093 2104 est
1118 2053 1277 2117 ratio,
1311 2056 1437 2123 quia
1475 2058 1773 2115 Christiani
1806 2078 1872 2117 co
1914 2067 1999 2119 die.
2056 2069 2106 2121 in

530 2139 758 2192 ecclesia
786 2152 838 2195 et
860 2142 986 2196 alibi
1020 2144 1189 2210 faces,
1210 2163 1413 2211 cereos,
1442 2152 1694 2207 lucernas
1719 2159 2106 2228 aCCClltleDa‘rl,

532 2237 590 2280 ut
623 2230 699 2283 ait
728 2230 968 2296 Nicetas,
1000 2235 1053 2287 in
1077 2237 1337 2291 honorem
1363 2240 1626 2310 baptizati
1653 2246 1879 2312 Cltristi,
1906 2252 1997 2317 qni
2026 2267 2111 2305 re-

530 2335 589 2372 ra
621 2320 711 2373 lux
747 2331 852 2387 est,
875 2334 928 2377 et
958 2325 1210 2395 baptismi
1240 2332 1306 2383 ab
1334 2333 1451 2400 ipso
1492 2334 1745 2397 instituti,
1770 2339 1861 2405 qui
1904 2350 1955 2393 et
1998 2343 2110 2410 ipse

531 2410 647 2477 φῶς
678 2415 767 2464 καὶ
812 2418 1090 2485 φωτισμδς
1125 2422 1459 2490 nominatur,
1496 2434 1554 2477 ut
1583 2436 1740 2479 antea
1765 2429 2032 2486 diximus.

604 2500 872 2557 Caeterum
900 2506 1056 2561 locus
1082 2524 1145 2563 ex
1179 2513 1425 2565 oratione
1457 2516 1523 2568 de
1557 2516 1827 2585 baptismo
1867 2537 2016 2575 nova:
2048 2523 2111 2576 il-

531 2594 567 2649 li
596 2596 836 2664 opinioni
869 2599 1318 2671 nihiladjumcnti
1350 2620 1378 2659 a
1404 2606 1566 2662 lfcrt:
1607 2624 1732 2662 nam
1760 2611 2107 2681 baptismum,

533 2703 696 2755 quem
727 2690 982 2748 Christus
1042 2698 1305 2762 suscepit,
1364 2708 1523 2753 vocat
1576 2702 1802 2756 salutem
1854 2715 2105 2772 nostram,

530 2782 687 2852 quia,
722 2794 778 2837 ut
808 2782 999 2838 Patres
1027 2786 1173 2856 loqui
1208 2787 1405 2850 solent,
1428 2789 1676 2846 Christus
1708 2794 1974 2864 baptismo
2010 2814 2109 2851 suo

533 2891 707 2944 aquas
747 2878 1113 2931 sanetiticavit
1142 2888 1193 2933 et
1248 2891 1453 2937 nostra:
1492 2884 1653 2937 saluti
1694 2887 1747 2939 in
1784 2886 2109 2957 Itaptistnate

533 2984 635 3021 suo
691 2969 1053 3036 procurandae
1112 2971 1403 3027 destinavit
1462 2984 1517 3029 et
1552 2977 1863 3033 salutiferas
1907 2980 2106 3038 effecit.

531 3060 827 3124 Quorcirca
869 3070 1297 3117 consentaneum
1352 3080 1472 3120 esse
1501 3067 1576 3120 ait
1609 3067 2003 3134 Nazianzenus,
2051 3081 2109 3124 ιιι

529 3152 670 3205 sicut
699 3151 790 3205 alii
848 3153 987 3207 diem
1054 3156 1289 3208 natalem
1352 3171 1537 3223 suum,
1597 3160 1930 3214 matrimonii
1966 3171 2017 3214 ct
2055 3162 2105 3215 id

528 3257 703 3310 genus
737 3243 874 3296 alios
902 3245 1194 3312 quotannis
1240 3246 1538 3313 celebrant,
1576 3248 1648 3302 ita
1687 3250 1849 3304 etiam
1882 3251 2107 3303 salutem

2214 2052 2548 2119 largiebatur
2608 2065 2666 2108 nt
2708 2056 2892 2111 multis
2953 2059 3111 2111 annis
3166 2059 3478 2127 incorrupta
3518 2066 3761 2113 maneret.

2213 2140 2394 2197 Testis
2431 2144 2672 2213 locuples
2706 2147 2868 2214 hujus
2898 2148 2972 2201 rei
3030 2147 3085 2201 S.
3122 2148 3567 2219 Cbrysostomus,
3626 2149 3763 2201 hom.

2210 2233 2275 2286 de
2306 2234 2574 2303 baptismo
2607 2238 2809 2290 Christi
2854 2246 2979 2291 tom.
3011 2238 3049 2290 V
3087 2256 3315 2308 operum
3344 2239 3677 2293 Graecorum.
3705 2235 3761 2289 In

2209 2324 2307 2376 Itac
2331 2327 2663 2380 solemnitate
2703 2328 3046 2397 (epiphanim,
3080 2347 3185 2398 qua
3222 2330 3399 2385 Grazci
3437 2332 3601 2399 μέγαν
3626 2331 3766 2395 ἁγια-

2213 2415 2347 2483 σμόν
2377 2416 2676 2487 celebrant)
2704 2419 2800 2471 sub
2856 2421 3081 2473 mediam
3125 2431 3331 2474 noctem
3377 2438 3549 2474 omnes
3594 2420 3762 2487 ὑδρευ-

2213 2511 2435 2577 σάμενοι
2467 2524 2583 2560 cum
2608 2526 2799 2577 aquam
2850 2512 3164 2579 acceperint,
3197 2514 3414 2565 domum
3450 2513 3621 2563 latices
3649 2507 3764 2575 rele-

2212 2609 2333 2651 runt
2366 2616 2429 2652 ac
2457 2602 2744 2654 recondunt
2772 2612 2819 2655 et
2842 2621 2932 2670 per
2959 2604 3218 2673 integrum
3238 2622 3437 2658 annum
3460 2609 3763 2658 conservant.

2210 2698 2390 2756 utpote
2423 2691 2560 2760 quod
2594 2692 2849 2745 hodierna
2872 2694 2956 2746 die
2977 2694 3328 2762 sanctiﬁcata
3358 2698 3464 2749 sint
3494 2708 3636 2763 aqua
3663 2692 3767 2757 (per

2212 2782 2539 2851 baptismum
2584 2786 2785 2841 Christi
2825 2788 2876 2841 itt
2907 2787 3200 2856 Iordane);
3252 2793 3420 2860 [itque
3473 2787 3763 2843 miraculum

2208 2875 2433 2938 eridens,
2471 2878 2596 2929 dum
2634 2879 2768 2932 nihil
2811 2883 3057 2949 temporis
3089 2880 3474 2951 longinquitate
3531 2893 3765 2951 aquarum

2210 2965 2427 3019 illarum
2450 2978 2643 3021 natura
2672 2971 2913 3033 uitiatur,
2936 2972 3027 3023 sed
3045 2972 3246 3040 integro
3270 2990 3437 3038 anno,
3472 2984 3620 3043 atque
3647 2970 3764 3023 adeo

2210 3057 2418 3113 biennio
2456 3070 2503 3112 et
2542 3061 2765 3112 triennio
2792 3078 2947 3129 stupe,
2972 3078 3086 3131 qua:
3120 3064 3273 3116 Itodie
3322 3065 3427 3131 fuit
3459 3066 3662 3128 hausta,
3696 3066 3766 3116 in-

2210 3161 2461 3217 corrupta
2490 3160 2539 3203 et
2566 3167 2738 3205 recens
2760 3163 3052 3220 permanet,
3078 3172 3139 3207 ac
3153 3164 3267 3223 post
3299 3163 3517 3211 tantum
3545 3158 3765 3224 temporis

2212 3257 2327 3293 cum
2359 3241 2423 3293 iis
2453 3256 2568 3309 qua:
2592 3256 2757 3309 nuper
2801 3242 2997 3311 fuerint
3029 3259 3056 3295 e
3078 3238 3315 3311 fontibus
3347 3248 3546 3301 educta:
3596 3252 3764 3299 certat.

528 3341 793 3391 nostram,
854 3333 959 3387 hoc
1016 3344 1101 3389 cst
1146 3336 1416 3405 baptisma
1450 3337 1679 3406 Christi,
1737 3342 2106 3396 anniversaria

2214 3326 2338 3384 Haec
2388 3330 2446 3384 S.
2484 3331 2929 3401 Cbrysostomus.
2971 3334 3111 3397 Quid
3150 3351 3279 3391 vero
3317 3338 3380 3394 S.
3435 3336 3765 3408 Epiphanius.

531 3423 789 3489 panegyri
818 3424 1188 3479 celebremus.

600 3510 814 3566 Maneat
846 3530 998 3583 ergo,
1023 3514 1221 3569 festum
1255 3517 1546 3571 Lttminum
1574 3533 1692 3573 esse
1738 3519 1936 3575 festum
1998 3524 2115 3592 epi-

530 3603 743 3672 phania:
776 3620 870 3657 seu
892 3606 1371 3676 cpbiphaniorum,
1394 3612 1609 3679 quando
1631 3611 1891 3669 Dominus
1918 3616 1970 3668 in
1989 3615 2111 3671 Jor-

531 3697 671 3750 dane
706 3697 1007 3765 baptizatus
1037 3700 1241 3753 mundo
1266 3703 1516 3770 apparuit
1555 3713 1607 3756 et
1665 3712 1724 3757 ut
1774 3704 2110 3761 fortunatum

532 3788 687 3842 sidus
723 3786 1035 3844 felicissime
1070 3791 1268 3846 illuxit:
1306 3793 1447 3848 hanc
1474 3795 1619 3848 enim
1676 3796 1845 3849 solam
1897 3796 2110 3852 Domini

530 3881 878 3949 epipbaniam
923 3898 1017 3937 seu
1076 3884 1473 3953 apparitionem
1520 3887 1791 3955 baptismo
1845 3889 2109 3945 illustrem

533 3967 703 4024 Graeci
740 3974 1043 4026 solemnem
1088 3973 1314 4039 habent,
1346 3991 1445 4030 nec
1485 3977 1553 4030 de
1618 3979 1958 4046 apparitione
1997 3996 2110 4033 ma-

531 4062 615 4129 gis
646 4062 786 4117 facta
821 4066 1151 4119 mentionem
1182 4066 1349 4119 ullam
1396 4081 1462 4120 eo
1510 4067 1729 4135 quidem
1761 4070 1847 4122 die
1884 4069 2109 4135 faciunt,

531 4169 655 4209 cum
690 4155 867 4210 Latini
917 4158 1256 4225 potissimum
1325 4159 1412 4211 die
1444 4167 1600 4213 sexto
1630 4158 1873 4215 Januarii
1912 4164 2111 4217 solem-

533 4246 677 4300 niter
704 4249 944 4300 recolant
964 4248 1308 4317 cpiphaniam
1334 4264 1427 4303 seu
1456 4250 1972 4316 manilestationem,
2003 4268 2110 4323 qua

533 4338 789 4392 Christus
820 4338 1001 4392 infans
1049 4339 1408 4393 orientalibus
1450 4341 1621 4409 magis
1670 4357 1790 4397 sese
1824 4344 2111 4412 patefecit;

533 4428 752 4480 tametsi
784 4443 886 4482 nec
919 4427 1064 4480 illam
1132 4429 1348 4496 penitus
1383 4428 1655 4497 negligant
1686 4446 1805 4499 quae
1861 4432 1998 4486 facta
2030 4442 2114 4488 est

535 4516 601 4568 ad
630 4514 925 4569 Jordanem
976 4516 1028 4568 in
1077 4516 1369 4584 baptismo,
1404 4532 1501 4571 nec
1549 4519 1692 4571 illam
1726 4533 1845 4586 qum
1882 4520 2113 4590 contigit

539 4608 592 4659 itt
640 4607 842 4674 nuptiis
910 4608 960 4661 in
992 4607 1138 4661 Cana
1167 4608 1421 4672 Calibraa,
1472 4612 1689 4677 quando
1744 4611 1978 4678 primum
2035 4612 2110 4666 si-

536 4714 701 4767 gnum
739 4699 884 4753 fecit.
925 4698 1061 4754 llinc
1099 4699 1249 4754 canit
1291 4700 1562 4754 Ecclesia:
1600 4699 1787 4754 Tribus
1840 4703 2110 4757 miraculis

538 4800 781 4843 ornatum
857 4791 994 4845 diem
1054 4801 1295 4845 sanctum
1353 4792 1595 4845 colimus.
1649 4791 1716 4845 Et
1778 4801 1965 4844 octava
1993 4794 2111 4862 epi-

537 4883 748 4951 pbanite
801 4884 1142 4951 potissimum
1194 4884 1521 4952 apparitioni
1605 4883 1670 4936 ad
1721 4880 2010 4935 Jordanem
2060 4884 2111 4936 in

536 4975 803 5044 baptismo
847 4977 1149 5039 dedicatur,
1224 4985 1283 5029 ut
1356 4976 1576 5044 planum
1652 4973 1709 5026 ﬁt
1754 4988 1819 5026 ex
1856 4972 2112 5029 Romanae

450 5086 453 5087 '
537 5069 790 5124 Ecclesia?
816 5070 1105 5122 ritualibus
1132 5068 1307 5123 libris.

608 5165 664 5216 P.
695 5164 786 5219 65.
826 5163 1121 5229 Ἀγιασμός
1137 5177 1229 5215 seu
1259 5160 1577 5213 consecratio
1607 5170 1659 5214 et
1673 5164 1904 5229 aspersio
1941 5176 2107 5229 aqum.

538 5255 723 5309 Primo
755 5254 845 5307 die
886 5254 1155 5321 cujusque
1186 5252 1391 5305 mensis
1422 5267 1563 5321 aqua
1595 5252 2018 5305 benedicebatur
2058 5262 2111 5305 et

535 5363 599 5400 es
625 5345 911 5400 benedicta
931 5346 1181 5398 homines
1206 5343 1636 5412 aspergebantur
1660 5344 1710 5396 itt
1742 5342 1944 5411 palatio
1969 5341 2110 5424 (Lpo-

539 5437 739 5501 litano,
769 5449 1003 5505 excepto
1031 5434 1316 5499 Januario,
1359 5449 1468 5502 quo
1500 5434 1551 5487 id
1591 5433 1751 5489 ﬂebat
1787 5435 1873 5489 die
1926 5443 2104 5497 sexto,

539 5533 643 5584 hoc
682 5538 766 5583 est
816 5529 869 5581 itt
911 5528 1025 5597 ipsa
1063 5524 1350 5595 epiphattia
1394 5524 1630 5587 Domini,
1686 5534 1739 5579 et
1774 5524 2104 5591 Septembri,

538 5637 648 5689 quo
688 5622 741 5674 id
786 5619 946 5673 ﬁebat
984 5618 1071 5671 die
1110 5618 1174 5670 14
1218 5617 1269 5670 in
1303 5615 1418 5685 ipsa
1449 5616 1780 5670 exaltatione
1812 5615 1869 5669 S.
1902 5617 2105 5671 crucis.

542 5708 738 5761 Forma
774 5706 1155 5763 benedicendze
1185 5721 1341 5775 aqua:
1372 5713 1547 5759 exstat
1594 5720 1658 5757 ex
1724 5703 1923 5758 Memno
1958 5706 2045 5759 die
2076 5704 2108 5759 6

548 5800 786 5855 Januarii
811 5800 936 5853 etin
966 5798 1317 5865 Euchologiu,
1349 5805 1401 5850 ct
1428 5806 1511 5850 cst
1541 5796 1642 5849 ista
1676 5813 1690 5849 :
1921 5796 2106 5861 Ἀγία-

550 5909 643 5945 cev
696 5892 752 5944 τὸ
804 5892 942 5963 ὕδωρ
1000 5890 1174 5955 τοῦτο,
1212 5891 1299 5944 καὶ
1353 5889 1439 5951 δὸς
1486 5887 1629 5957 αὑτῷ
1682 5886 1779 5953 τὴν
1818 5888 1976 5956 χᾷριν
2010 5887 2105 5957 τῆς

2215 3422 2409 3475 haeresi
2442 3422 2545 3475 5i?
2603 3423 2737 3476 Mira
2779 3424 3063 3489 nimirum,
3094 3442 3160 3480 eo
3194 3428 3317 3497 ipso
3350 3430 3515 3493 festo,
3570 3431 3668 3483 hoc
3696 3435 3767 3479 est

2214 3520 2369 3566 sexto
2394 3513 2478 3566 die
2508 3510 2775 3577 Januarii,
2808 3513 2861 3566 in
2894 3516 3216 3569 memoriam
3274 3520 3477 3585 patrati
3511 3534 3539 3572 a
3567 3516 3766 3571 Christo

2213 3604 2484 3671 miraculi,
2505 3605 2770 3673 quosdam
2804 3602 2979 3659 fontes
3014 3615 3177 3675 atque
3195 3608 3335 3661 adeo
3356 3610 3534 3678 ipsum
3562 3606 3763 3661 [luvium

2213 3692 2391 3747 Nilum
2426 3694 2561 3749 etlici
2598 3696 2819 3750 vinosos
2846 3710 2939 3750 seu
2977 3698 3029 3750 in
3063 3698 3245 3750 vinum
3275 3701 3442 3754 verti.
3486 3700 3766 3754 Audiamus

2214 3786 2390 3855 ipsum
2444 3784 2501 3839 S.
2563 3783 2945 3856 Epiphanium.
3006 3787 3164 3841 Circa
3225 3788 3402 3856 ipsam
3458 3789 3766 3843 undecimam

2216 3880 2444 3949 (mensis
2475 3878 2632 3949 Tybi,
2660 3879 2752 3948 qui
2784 3890 2866 3932 est
2896 3889 3081 3933 sextus
3123 3881 3293 3934 nostri
3346 3880 3613 3951 Januarii)
3666 3883 3767 3945 post

2214 3987 2378 4024 annos
2407 3972 2620 4039 triginta
2666 3970 2866 4038 factum
2907 3980 2982 4023 est
3012 3972 3241 4039 primum
3291 3975 3502 4043 signum
3554 3973 3605 4025 in
3635 3970 3767 4026 Cana

2216 4062 2457 4118 Galila'te
2478 4105 2492 4129 ,
2530 4064 2743 4133 quando
2774 4081 2911 4126 aqua
2941 4064 3086 4132 facta
3114 4074 3189 4117 est
3220 4064 3424 4120 vinum.
3460 4067 3770 4133 Quapropter

2213 4157 2369 4208 etiam
2393 4156 2445 4207 in
2474 4156 2651 4208 multis
2679 4155 2804 4207 locis
2824 4172 2983 4223 usque
3017 4156 3071 4209 in
3087 4157 3223 4208 hunc
3257 4156 3399 4210 diem
3423 4158 3517 4211 hoc
3538 4158 3614 4226 ﬁt,
3642 4151 3765 4224 quod

2216 4258 2339 4300 tunc
2375 4247 2573 4315 factum
2603 4257 2699 4309 est,
2737 4248 2970 4300 divinant
2991 4249 3199 4317 signum
3233 4250 3285 4300 in
3313 4249 3665 4303 testimonium
3695 4247 3771 4298 in~

2214 4338 2461 4398 credulis,
2504 4337 2639 4389 velut
2661 4346 2923 4389 testantur
2946 4338 2997 4388 in
3017 4336 3195 4389 multis
3226 4336 3360 4391 locis
3401 4338 3569 4407 fontes
3597 4351 3657 4387 ac
3677 4334 3771 4401 flu-

2214 4430 2282 4482 vii
2318 4432 2368 4481 in
2400 4430 2573 4481 vinum
2626 4428 2879 4489 conversi,
2915 4425 3129 4496 Cibyres
3177 4428 3392 4495 quidem
3433 4430 3577 4483 urbis
3612 4426 3772 4481 Caria:

2216 4520 2351 4587 fons,
2387 4535 2489 4586 qua
2508 4520 2638 4589 hora
2666 4520 2951 4569 hauserunt
2981 4516 3215 4569 ministri
3239 4526 3287 4569 et
3309 4519 3423 4586 ipse
3439 4520 3606 4571 dixit:
3640 4513 3770 4565 «Da-

2218 4615 2266 4658 te
2296 4604 2715 4657 arclzitriclino.»
2752 4602 2995 4656 Testatur
3017 4612 3064 4657 et
3099 4604 3155 4659 in
3196 4604 3405 4659 Cerasa
3427 4607 3639 4659 Arabia:
3664 4604 3773 4672 fons

2215 4694 2478 4748 similiter.
2514 4692 2629 4746 Nos
2669 4694 2889 4747 bibimus
2911 4694 2969 4746 de
2995 4691 3209 4763 Cybires
3247 4694 3414 4763 fonte,
3452 4697 3645 4766 fratres
3666 4705 3770 4746 vero

2213 4787 2384 4839 nostri
2414 4786 2477 4838 de
2508 4801 2566 4837 eo
2594 4785 2774 4854 quiest
2806 4785 2860 4835 in
2905 4782 3122 4850 Gerasn,
3158 4785 3213 4837 in
3241 4799 3539 4856 martyrum
3571 4784 3769 4853 templo.

2214 4875 2315 4931 Sed
2339 4886 2388 4929 et
2422 4876 2572 4929 multi
2599 4876 2649 4927 in
2677 4874 2910 4944 Egyplo
2940 4876 3001 4928 de
3021 4876 3143 4929 Nilo
3194 4876 3291 4930 hoc
3319 4887 3602 4933 testantur.
3652 4877 3772 4929 Tres

2212 4983 2342 5036 ergo
2382 4983 2551 5036 aquas
2584 4967 2851 5031 nominat,
2885 4982 3003 5033 quae
3037 4969 3182 5022 dicto
3209 4967 3346 5023 festo
3373 4971 3426 5023 in
3451 4970 3639 5024 vinum
3664 4978 3774 5019 ver-

2215 5070 2421 5124 tantur,
2454 5060 2507 5128 l)
2538 5060 2740 5113 fontem
2777 5060 3022 5130 (Zibyres,
3044 5059 3099 5128 2)
3136 5058 3333 5114 fontem
3368 5061 3424 5112 in
3480 5060 3702 5118 Gerasa,
3723 5056 3773 5119 5)

2212 5150 2420 5207 Nilum.
2453 5151 2586 5204 Cum
2625 5150 2785 5218 igitur
2820 5159 2929 5203 tres
2976 5151 3061 5203 isti
3122 5148 3296 5204 fontes
3339 5151 3538 5205 vinoso
3591 5160 3777 5217 sapore

2214 5256 2492 5310 nunquam
2521 5238 2778 5293 ﬂuxerint
2803 5240 2907 5294 nisi
2938 5240 3041 5293 hoc
3062 5239 3171 5305 die,
3205 5238 3561 5295 manifestum
3590 5239 3647 5292 lit
3680 5237 3777 5289 hoc

2213 5333 2540 5389 miraculum
2579 5347 2685 5386 non
2718 5346 2841 5385 esse
2874 5340 3147 5400 patratum
3175 5332 3277 5386 nisi
3333 5331 3401 5384 ad
3438 5329 3775 5386 recolendam

2215 5427 2531 5481 memoriam
2566 5424 2670 5477 vini
2696 5439 2760 5476 cx
2794 5438 2933 5491 aqua
2967 5438 2995 5476 a
3018 5422 3238 5478 Christo
3267 5424 3318 5475 in
3349 5421 3502 5476 Cana
3551 5421 3777 5477 Galilaea:

2212 5516 2480 5586 producti.
2506 5514 2569 5569 Et
2594 5514 2660 5565 de
2687 5514 2772 5568 his
2795 5514 2970 5566 tribus
3000 5511 3267 5577 fontibus,
3291 5511 3472 5579 inquit
3500 5510 3775 5568 Baronius,

2209 5619 2342 5665 tom.
2381 5610 2394 5661 Ι
2434 5622 2578 5661 anno
2613 5607 2674 5658 3|
2708 5621 2763 5658 n.
2789 5606 2878 5670 5'5,
2914 5620 2973 5658 se
2994 5619 3101 5658 non
3134 5602 3450 5658 meminisse
3481 5602 3649 5655 ullum
3677 5598 3776 5653 sibi

2211 5703 2559 5770 scriptorem,
2585 5715 2677 5767 qut
2703 5697 2906 5752 Christi
2930 5696 3162 5751 natalem
3186 5695 3563 5760 antecesserit,
3587 5694 3776 5747 lectum

2210 5810 2354 5856 esse,
2382 5796 2475 5861 qui
2501 5800 2729 5845 testetur
2760 5792 2899 5846 duos
2929 5790 3051 5843 illos
3091 5791 3266 5845 fontes
3299 5795 3353 5842 et
3412 5786 3637 5839 ﬂuvium
3678 5782 3775 5836 Ni—

2209 5885 2317 5938 lum
2350 5882 2487 5936 verti
2515 5880 2569 5934 iu
2608 5880 2821 5935 vinum.
2852 5878 2950 5934 llic
2975 5879 3259 5934 illustriss.
3302 5876 3526 5931 Baronii
3573 5872 3774 5930 condno
