4064 6426
537 469 637 533 341
1625 457 2006 522 GRETSERI
2044 457 2141 517 ET

2189 453 2417 515 GOARI
2449 451 2689 513 ΝΟΤᾸΕ.
3692 435 3794 496 3ίί

534 575 727 629 ct‘cius
758 564 1119 628 calumniator
1142 572 1302 643 307
1336 571 1697 627 Casaubonus
1735 568 1905 624 insilit
1938 568 2111 621 Exer-
2142 570 2185 624 Α
2216 561 2348 615 illud
2393 561 2508 629 jam
2561 561 2666 615 sibi
2708 558 2987 613 vindicent
3016 552 3157 626 apud
3180 554 3374 624 vulgus
3402 568 3416 616 ;
3446 551 3582 604 alias
3614 562 3793 617 quan-

534 670 629 717 cit.
664 664 754 726 l5,
792 664 845 717 in
868 664 1289 722 celeberrimum
1320 663 1611 717 Annalium
1646 662 1995 732 scriptorem,
2022 659 2107 713 in-
2216 652 2506 722 ἀοουῐιίιιιο
2558 652 2611 706 in
2669 667 2827 706 usum
2872 651 3119 718 venint".
3157 648 3318 718 κηροὶ
3367 654 3421 700 ei
3450 643 3623 714 κηρία
3652 655 3796 696 "‘"l’

535 756 773 824 cinitque
801 756 963 809 etiam
996 764 1125 812 ante
1159 756 1363 811 Christi
1396 756 1692 811 adventum
1745 754 1873 809 alibi
1936 752 2110 807 fuisse

2216 757 2511 815 cupa‘ntur.
2579 746 2749 801 Porro
2794 746 3019 814 λἀμπὰς
3075 744 3365 805 hodierna,
3406 754 3505 794 ceu
3569 739 3791 799 festiva,

535 845 708 899 tantes
739 846 1268 917 vinosus,testesque
1297 847 1483 902 laudat
1514 844 2107 910 Vitruvium,Plinium
2216 845 2363 889 tanta
2393 837 2531 890 mole
2555 840 2828 892 conﬂatur
2858 837 2942 891 vel
2974 835 3260 891 coloribus
3293 832 3536 901 ρῖηϐῑιιιτ
3569 829 3792 884 δοθτιίδ

534 944 587 988 ει
613 936 829 1004 eclogas
861 935 1123 992 Sotionis,
1158 938 1238 1005 Ad
1264 938 1397 1007 quid
1424 938 1541 992 hac
1575 937 1678 991 nisi
1718 936 1783 990 ad
1813 934 2106 990 [exendum
2215 934 2363 980 tanta
2412 927 2676 982 varietate
2706 929 3011 983 adornatur
3043 935 3102 981 ut
3124 926 3269 980 inter
3296 925 3544 992 reliquos
3601 936 3792 977 cereos

531 1024 903 1079 calumniam?
949 1025 1211 1082 Baronius
1247 1043 1352 1083 non
1380 1028 1515 1083 dicit
1553 1043 1611 1084 se
1640 1043 1745 1082 non
1788 1025 2109 1081 meminisse

2213 1012 2522 1082 ἐκλάμπειν
2545 1016 2827 1071 verissime
2856 1016 3132 1072 videatur.
3168 1015 3304 1068 llinc
3322 1014 3490 1084 308
3523 1013 3789 1081 virgatum

532 1116 678 1185 quod
712 1118 902 1187 legerit
934 1121 1106 1174 ttllum
1162 1129 1441 1176 auctorem
1476 1120 1572 1192 qui
1608 1120 1843 1175 fontium
1883 1122 2107 1174 vinoso-

2214 1103 2657 1173 variegatumque
2685 1120 2824 1175 opus
2854 1122 3015 1161 cereo
3038 1106 3092 1160 in
3120 1107 3223 1160 hac
3245 1105 3537 1159 festivitate
3556 1115 3793 1158 succen-

534 1224 655 1262 rum
687 1220 813 1265 ante
841 1212 1121 1267 Christum
1148 1214 1491 1269 meminerit:
1524 1215 1618 1269 sed
1648 1214 1725 1268 ait
1760 1230 1820 1269 se
1850 1228 1955 1267 non
1994 1227 2108 1266 me-

2211 1196 2392 1250 dendo
2418 1205 2573 1252 vetus
2594 1206 2649 1252 et
2677 1213 2705 1251 a
2736 1199 3037 1268 majoribus
3056 1210 3274 1269 accepta
3296 1198 3557 1269 parcentia
3575 1210 3795 1263 compa-

534 1302 761 1357 minisse
788 1304 934 1370 quod
978 1306 1151 1359 ullum
1192 1306 1393 1363 Christi
1449 1307 1787 1361 nativitatem
1822 1313 2103 1374 antegres-
2212 1297 2313 1341 τίη·
2333 1288 2516 1345 θοίηο
2537 1292 3013 1361 (ιυοίιιιειιοειοεο
3034 1291 3262 1361 Drmiam
3284 1286 3790 1358 ηοηιιηηῖὶοθοηοί

536 1410 656 1448 sum
692 1394 901 1463 legerit,
941 1397 1035 1465 qui
1057 1399 1195 1454 duos
1223 1414 1387 1469 supra
1418 1414 1484 1452 ex
1514 1399 1817 1469 Epiphanio
1839 1398 2106 1453 adductos
2819 1404 3047 1461 CAPUT
3093 1405 3183 1460 IV.

534 1485 711 1540 fontes
734 1498 786 1541 et
818 1488 998 1544 Nilum
1028 1490 1249 1546 ﬂuvium
1278 1493 1335 1546 in
1369 1494 1555 1546 vinum
1585 1493 1879 1562 aliquando
1918 1507 2108 1547 versos
2259 1495 2655 1550 Observationes
2694 1505 2745 1549 et
2782 1496 3159 1563 explicationes
3196 1496 3251 1548 in
3285 1510 3333 1547 ε.
3363 1494 3417 1555 9,
3469 1495 3607 1562 quod
3641 1505 3714 1547 est

532 1593 657 1631 esse
687 1579 770 1631 vel
802 1581 936 1634 verti
971 1574 1273 1651 scripserit.
1312 1584 1376 1638 Et
1402 1585 1504 1639 hoc
1536 1586 1697 1655 longe
1728 1586 1889 1639 aliter
1942 1586 2108 1639 timtit

1793 1588 1889 1639 iter
1942 1586 2108 1639 tinnit
2632 1566 2697 1619 de
2717 1567 2853 1636 [esto
2884 1566 3174 1619 adoranda’
3207 1566 3398 1617 crucis.

531 1684 695 1735 quam
727 1672 869 1739 quod
901 1673 1136 1729 Baronio
1161 1678 1426 1746 impostor
1453 1654 1830 1734 fraudulenter
1853 1680 2103 1748 imponit.
2248 1657 2343 1748 _Pj
2373 1655 2465 1710 65-
2495 1654 2780 1748 YldeAqute
2795 1656 2863 1712 de
2886 1655 3172 1748 Dominica
3203 1654 3637 1748 adorationisS.
3663 1669 3793 1748 cru-

538 1760 641 1815 Sed
661 1762 867 1818 absisto
923 1765 1067 1828 hinc,
1103 1783 1168 1820 ne
1194 1743 1372 1823 actum
1405 1785 1591 1839 agam:
1623 1772 1731 1841 jam
1761 1771 1906 1824 enim
1931 1743 2107 1824 llaro-
2213 1744 2293 1841 iis
2332 1745 2383 1797 i"
2417 1744 2593 1841 "Tedia
2627 1743 3062 1841 ρυίξίξωδῖθδίίηξ
3105 1744 3433 1841 δθτίρδίηῖίξδ
3562 1744 3709 1841 "fle

535 1854 683 1906 nium
720 1855 787 1909 ab
814 1856 913 1910 hac
943 1868 995 1911 et
1028 1860 1211 1914 multis
1237 1862 1357 1915 aliis
1391 1864 1868 1918 criminationibus
1894 1862 2104 1918 Casau-

2214 1835 2390 1889 Cruce
2446 1836 2484 1889 l.
2527 1851 2565 1895 ι.
2619 1849 2668 1889 c.
2717 1834 2893 1893 67.et
2945 1844 2983 1889 t.
3024 1833 3064 1888 ll
3119 1836 3326 1888 multas
3388 1834 3558 1887 babes
3620 1833 3791 1886 homi-

2216 1926 2313 1952 Ιεειη
2345 1942 2369 1952 ,ι
2402 1926 2603 1952 [Ἰωιιεη
2630 1925 2877 1952 n-.-:t...-
2912 1926 3010 1952 Ιιιιη
3037 1924 3317 1952 Πρηηῆἇηη
3354 1923 3525 1952 ,Ιέηειιο
3579 1923 3764 1952 Ιήηηιδ

533 1945 782 2000 bonianis
811 1950 1066 2015 prmclare
1090 1951 1385 2007 vindicavit
1416 1964 1598 2008 noster
1632 1954 1947 2009 lleribertus
1973 1954 2109 2010 Ros-

2216 1926 2315 1979 lias
2345 1942 2371 1978 a
2402 1926 2605 1981 Graecis
2629 1925 2881 1980 Patribus
2912 1926 3012 1979 hac
3037 1924 3320 1979 Dominica
3354 1923 3549 1977 dictas.
3579 1923 3790 1976 (iners.

532 2039 741 2094 weidus
781 2041 837 2095 in
877 2041 1017 2113 Lege
1048 2045 1269 2099 talionis
1308 2046 1375 2098 ιε
1409 2047 1717 2101 tabularum
1766 2056 1822 2101 et
1866 2048 1918 2101 in
1949 2046 2108 2100 Anti-

2282 2038 2736 2111 1ὸίά.[Κυριακῇ
2782 2041 2946 2111 τρίτῃ
2977 2039 3086 2092 τῶν
3116 2037 3384 2108 νηστειῶν
3415 2037 3514 2106 τὴν
3547 2036 3793 2107 προσκύ-

3308 2131 3333 2151 ν

533 2145 594 2183 ca
606 2132 742 2198 pello
763 2149 883 2189 suo.

2210 2150 2372 2201 νησιν
2425 2133 2769 2202 ἑορτάζομεν
2802 2132 2895 2184 τοῦ
2928 2132 3116 2201 τιμίου
3172 2132 3269 2184 καὶ
3302 2127 3579 2195 ζωοποιοῦ
3634 2145 3792 2180 σταυ-

604 2224 846 2280 Fuerunt
877 2236 931 2281 et
966 2228 1113 2293 alibi,
1171 2229 1263 2283 sed
1299 2238 1452 2283 extra
1515 2230 1821 2300 epiphanize
1885 2230 2107 2296 festum,
2215 2225 2334 2293 ροῦ,
2370 2225 2447 2279 ait
2480 2224 2790 2300 Triodium.
2829 2225 3125 2279 Rationem
3164 2224 3455 2293 quaesitam
3481 2221 3791 2292 subjungil.

534 2329 723 2368 amnes
744 2315 921 2370 vinosi
948 2326 1002 2371 et
1031 2317 1208 2371 fontes
1246 2318 1427 2373 lactei.
1463 2319 1739 2389 Sylvester
1770 2321 2023 2376 Giraldus
2054 2322 2107 2374 in
2210 2324 2271 2368 υι
2300 2330 2434 2369 crux
2456 2315 2745 2381 nimirum.
2795 2316 3070 2385 PaSSiODiS
3105 2314 3308 2369 Chiis“
3352 2322 3792 2373 monumenllllll.

532 2400 814 2456 Itinerario
840 2403 1205 2473 Cambrite,tt,
1241 2409 1263 2461 l
1296 2426 1312 2461 :
1347 2407 1462 2461 Hoc
1516 2411 1887 2465 miliinotabile
1909 2413 2112 2465 videtur
2212 2421 2312 2461 nos
2347 2407 2413 2461 ad
2446 2422 2567 2462 eam
2592 2407 2900 2463 lerventius
2921 2407 3267 2463 austeritatis
3289 2415 3536 2474 tempore
3556 2418 3795 2473 sequen-

528 2495 667 2563 quod
689 2498 880 2548 nostris
910 2497 1090 2551 diebus
1122 2508 1230 2552 tam
1256 2500 1474 2567 ﬂuvium
1506 2501 1642 2554 hunc
1669 2503 1950 2570 (Αιιιιιιιιιι)
1992 2509 2109 2556 vino
2146 2498 2149 2499 ⁷
2210 2499 2576 2561 damexcitet,
2610 2500 2920 2569 praeteritos
2962 2499 3312 2555 abstinentia;
3344 2497 3566 2552 labores
3596 2510 3797 2550 conso-

531 2605 747 2641 manare
783 2606 940 2659 quam
975 2592 1190 2658 fontem,
1246 2610 1397 2663 quem
1453 2593 1606 2647 Pistil
1666 2595 1839 2659 Duwi,
1872 2597 2108 2666 ﬁstulam
2212 2593 2344 2659 piat,
2378 2592 2898 2661 etvelutpaschalis
2923 2591 3217 2646 hilaritatis
3245 2577 3446 2661 pignus
3475 2604 3596 2645 sese
3622 2589 3794 2658 ipsam

533 2678 702 2732 David
732 2690 938 2741 vorant.
969 2680 1050 2734 lac
1069 2683 1276 2737 stillare
1307 2693 1629 2753 compertum
1655 2694 1754 2740 est.
2211 2694 2506 2753 proponat.
2538 2684 2732 2739 Plures
2770 2684 2824 2737 in
2856 2684 2961 2738 hoc
2993 2682 3199 2738 festum
3230 2681 3489 2737 homilias
3520 2680 3797 2748 scripsere

603 2771 881 2826 Addamus
907 2774 1102 2839 ethoc,
1133 2790 1328 2844 aquam
1354 2775 1631 2843 Iordanis,
1663 2789 1950 2848 postquam
1985 2794 2106 2835 eam
2210 2777 2666 2847 Chrysostomns,
2728 2774 3098 2844 Sophronius,
3154 2773 3478 2828 Theodorus
3531 2770 3794 2834 Studitcs,

528 2864 1051 2921 Christuseontactu
1088 2878 1142 2922 et
1188 2869 1460 2937 baptismo
1489 2886 1590 2926 suo
1618 2878 1982 2938 consecravit,
2018 2877 2107 2927 in-
2210 2868 2552 2938 Xiphilinus,
2599 2867 2926 2921 Philotlteus
2960 2876 3014 2921 ct
3063 2866 3178 2920 alii.
3242 2863 3610 2932 Vulgatiorem
3657 2860 3798 2914 cele-

529 2959 899 3028 corruptiouis
975 2976 1201 3014 munere
1266 2962 1523 3017 donatam
1593 2979 1764 3019 esse.
1820 2965 2100 3020 lllustriss.
2210 2959 2429 3014 britatis
2462 2960 2627 3012 ritum
2684 2958 2773 3013 his
2813 2958 3000 3013 verbis
3035 2957 3308 3027 Typicum
3371 2953 3529 3009 Saba:
3589 2952 3796 3006 consti—

529 3050 784 3118 print-eps
808 3049 1061 3107 Nicolaus
1101 3051 1528 3122 Christophorus
1562 3055 1895 3111 Ratlzivilus-
1924 3060 1975 3110 in
2004 3072 2107 3113 suo

2209 3050 2317 3102 tuit
2364 3064 2378 3101 :
2430 3049 2694 3117 Κυριακῇ
2765 3047 2929 3119 τρίτῃ
2983 3046 3095 3100 τῶν
3146 3046 3319 3113 ἁγίων
3381 3041 3649 3113 νηστειῶν
3698 3041 3796 3108 τὴν

529 3132 890 3214 llodmporico
932 3145 1456 3216 Hierosolymitano:
1512 3148 1720 3219 Aquam
1767 3150 1916 3203 valde
1943 3150 2109 3203 turbi-

2213 3142 2592 3211 προσκύνησιν
2618 3140 2955 3211 ἑορτάζομεν
2981 3138 3077 3193 τοῦ
3135 3139 3321 3208 τιμίου
3368 3138 3464 3190 καὶ
3505 3126 3784 3200 ζωοποιοῦ

526 3239 651 3289 dum
682 3237 935 3292 Iordanis
973 3239 1148 3303 habet,
1181 3243 1269 3293 sed
1296 3241 1581 3303 salubrem,
1606 3258 1724 3312 qua,
1761 3243 1817 3296 in
1861 3259 1981 3296 vase
2014 3234 2109 3297 as-

2218 3231 2479 3299 σταυροῦ.
2510 3229 2805 3296 Δοξολογία
2859 3229 3099 3300 μεγάλη.
3164 3229 3341 3281 Ὅταν
3397 3227 3456 3280 δὲ
3514 3226 3795 3296 ψάλλομεν

524 3340 731 3383 servata
764 3346 1031 3402 nunquam
1059 3334 1432 3400 corrumpitur,
1464 3345 1617 3400 ριόω
1648 3334 1703 3385 in
1731 3349 1791 3386 ea
1818 3350 1980 3403 quam
2021 3343 2107 3386 at-

2210 3320 2310 3390 τὴν
2339 3319 2677 3388 διξολογίσν,
2704 3318 2965 3372 ἀλλάσσει
2994 3322 3020 3372 ὁ
3047 3317 3229 3389 ἱερεὺς
3250 3318 3348 3387 τὴν
3384 3316 3581 3384 στολὴν
3601 3312 3792 3378 αὐτοῦ,

526 3421 629 3474 tuli
660 3439 855 3475 mecum
890 3423 1255 3476 indubitanter
1280 3439 1395 3476 sum
1423 3433 1693 3493 ea‘pertus.
1724 3424 1849 3479 Haec
1870 3426 2106 3497 inclytus

2211 3416 2306 3467 καὶ
2341 3412 2526 3467 λαϐὼν
2554 3412 2819 3483 θυμιατδν
2853 3412 3029 3483 Θυμιᾷ
3053 3410 3152 3481 τὴν
3191 3410 3359 3478 ἁγίαν
3381 3406 3670 3478 τράπεζαν
3698 3407 3796 3460 καὶ

528 3510 618 3566 ille
651 3513 929 3583 princeps.

2210 3506 2303 3559 τὸν
2351 3505 2613 3575 σταυρόν.
2657 3500 2771 3557 ΕΗΓ
2820 3503 2963 3556 οὕτω
3020 3502 3293 3572 λαμϐάνει
3336 3501 3505 3583 αὐτὸν
3541 3500 3680 3570 μετὰ
3724 3498 3799 3551 δί-

599 3604 729 3659 Illud
759 3609 994 3677 denique
1023 3609 1249 3679 dignum
1302 3625 1502 3665 censeo
1555 3613 1699 3681 quod
1760 3612 2104 3677 observetur,

2212 3613 2344 3649 σκου
2377 3598 2471 3649 ἐπὶ
2490 3597 2589 3666 τῆς
2619 3596 2865 3666 κεφαλῆς
2896 3594 3063 3648 αὑτοῦ
3095 3596 3192 3648 σὺν
3224 3596 3289 3665 τῇ
3320 3582 3485 3665 Θήκῃ,
3517 3596 3610 3647 καὶ
3637 3592 3796 3659 ἐξέρ-

529 3699 837 3755 Donatistas
859 3701 983 3754 olim
1017 3702 1071 3755 in
1097 3701 1285 3757 Africa
1316 3704 1627 3773 epiphaniae
1647 3703 1846 3759 festum
1876 3721 1982 3759 non
2015 3720 2105 3760 cc-

2208 3704 2367 3757 χεται
2395 3689 2460 3741 ὲκ
2492 3687 2587 3741 τοῦ
2622 3686 2925 3760 ἀριστεροῦ
2979 3687 3249 3757 βήματος,
3297 3684 3798 3758 προπορευομὲνων

528 3791 785 3859 lebrasse,
840 3802 899 3847 ut
934 3802 1163 3848 testatur
1203 3794 1262 3850 S.
1305 3796 1650 3867 Augustinus
1702 3813 1869 3851 serm.
1906 3796 1977 3851 32
2030 3799 2104 3854 be

2209 3780 2360 3849 αὐτῷ
2383 3779 2690 3849 λαμπάδων
2715 3780 2816 3834 δύο
2877 3781 2972 3833 καὶ
3009 3778 3306 3849 θυμιατοῦ,
3354 3780 3452 3831 καὶ
3488 3778 3796 3849 ἀπέρχεται

529 3895 771 3953 tempore
832 3886 916 3942 his
946 3888 1157 3942 verbis:
1212 3889 1402 3943 Merito
1445 3890 1606 3943 istum
1641 3891 1779 3945 diem
1833 3907 2103 3961 nunquam

2208 3873 2289 3934 είς
2324 3870 2616 3941 βασιλικὰς
2641 3871 2842 3934 πύλας.
2871 3870 3236 3942 Τελεσθείσης
3268 3871 3325 3925 δὲ
3355 3871 3455 3938 τῆς
3487 3868 3797 3938 δοξολογίας

526 3978 793 4030 nobiscum
836 3978 1069 4032 Iurretici
1115 3979 1417 4033 Donatista:
1483 3980 1748 4035 celebrare
1804 3981 2101 4047 voluerunt,

2206 3965 2304 4017 καὶ
2351 3963 2446 4016 τοῦ
2516 3963 2834 4034 τρισαγίου,
2896 3963 3049 4032 λέγει
3106 3965 3343 4032 ὁὶερεὺς
3389 3964 3575 4031 σοφία,
3622 3961 3794 4031 ὀροοί.

523 4070 649 4137 quia
676 4086 761 4123 nec
790 4072 1047 4125 unitatem
1069 4083 1272 4137 amant,
1302 4089 1395 4127 nec
1426 4073 1687 4128 Orientali
1711 4073 1986 4142 Ecclesiae,
2013 4077 2104 4129 ubi

2205 4056 2317 4109 Kal.
2377 4055 2612 4124 λέγομεν
2664 4057 2726 4108 τὸ
2764 4056 3065 4125 τροπάριον
3091 4070 3105 4085 ·
3148 4074 3167 4107 ι
3223 4056 3428 4120 Σῶσον,
3471 4054 3671 4123 Κύριε,
3703 4052 3795 4105 τὸν

525 4164 773 4229 apparuit
798 4161 893 4214 illa
920 4161 1095 4228 stella,
1147 4165 1572 4217 communicant:
1598 4182 1690 4218 nos
1723 4175 1899 4219 autent
1930 4167 2104 4219 mani-

2204 4144 2335 4197 λαόν
2371 4162 2465 4197 σου
2498 4146 2595 4197 καὶ
2657 4145 2963 4214 ιὺλόγησον
3019 4146 3122 4216 τὴν
3163 4145 3539 4214 κληρονομίαν
3593 4162 3712 4197 σου.
3771 4163 3790 4195 ι

524 4253 850 4320 [ρειαιίοηεηι
883 4254 1096 4307 Domini
1124 4262 1172 4308 et
1200 4253 1494 4309 Saluatoris
1529 4256 1697 4307 nostri
1722 4255 1849 4308 Jesu
1878 4256 2098 4322 Christi,

2204 4236 2318 4289 Kal
2382 4234 2652 4289 είσοδεύει
2680 4238 2709 4289 ό
2744 4235 2926 4304 ἱερεὺς
2970 4237 3154 4305 φέρων
3187 4235 3282 4288 τὸν
3340 4237 3499 4303 ἅγιον
3561 4236 3796 4304 σταυρὸν

521 4346 646 4413 quia
674 4348 937 4412 primitias
968 4348 1198 4414 gentium
1224 4348 1502 4415 delibauit,
1536 4348 1592 4401 in
1616 4349 1823 4417 unitate
1865 4350 2097 4419 gentium

2205 4329 2523 4399 ἔμπροσθεν
2546 4328 2658 4382 τῶν
2715 4329 2892 4398 ἁγίων
2934 4329 3141 4399 θυρῶν.
3196 4329 3443 4384 Κὰκεῖσε
3489 4345 3795 4399 προευτρε-

522 4436 861 4492 celebramus.
892 4439 1096 4493 (ςκετε,
2205 4420 2496 4484 πισθέντος
2525 4422 2862 4492 τετράποδος
2892 4421 3107 4476 τίθεται
3138 4422 3327 4476 ἐπάνω
3352 4422 3521 4476 αὐτοῦ
3550 4424 3578 4475 ὁ
3606 4421 3797 4491 τίμιος

597 4527 684 4581 Ρ.-
716 4529 805 4584 65.
857 4527 966 4601 [Ὀ
1022 4530 1094 4584 δὲ
1119 4532 1271 4601 μετὰ
1325 4539 1442 4600 τὴν
1491 4534 1879 4601 λειτουργίαν
1926 4534 2096 4602 ἁγια-
2206 4512 2461 4629 «MPT?»
2541 4514 2640 4567 καὶ
2691 4513 2856 4576 εὐθὺς
2886 4514 3193 4629 ’ἀρχόμξξα
3242 4514 3542 4629 ψάλλολςξεξ
3573 4514 3788 4629 ἒίοζιέδν

522 4622 697 4687 σμός.
740 4622 949 4691 Aquam
990 4624 1183 4680 iterato
1222 4627 1497 4681 benedicit
1532 4627 1774 4682 Ecclesia
1819 4627 2007 4682 Grazca
2043 4629 2097 4681 in

2208 4606 2445 4675 σταυρόν
2473 4623 2567 4660 σου
2600 4608 3054 4679 προσκυνοῦμεν,
3081 4610 3359 4663 Δέσποτα.
3395 4627 3415 4661 ι
3435 4609 3546 4662 Kal
3574 4607 3794 4670 ἀνοίξας

525 4713 922 4782 Thcophaniis,
952 4718 1120 4771 semel
1156 4718 1427 4787 pervigilii
1470 4735 1718 4790 vespere.
1752 4728 1806 4775 et
1836 4721 1889 4774 in
1932 4722 2101 4776 missa

2204 4700 2304 4765 τὴν
2336 4696 2516 4776 θήκην
2569 4697 2799 4771 ἄρχεται
2860 4698 3189 4768 προσκυνῶν
3234 4700 3261 4751 ὁ
3292 4695 3576 4767 προεστὼς
3622 4695 3718 4748 καὶ
3769 4697 3796 4745 ὁ

523 4807 787 4860 secundo.
848 4808 1161 4862 Secundam
1229 4811 1705 4866 consecrationem
1766 4815 1941 4882 tangit
1987 4813 2103 4867 haec

2206 4788 2412 4859 ίερεὺς,
2450 4788 2740 4859 βάλλοντες
2776 4792 3077 4859 μετανοίας
3128 4793 3280 4861 τρεῖς
3316 4789 3662 4843 κατενώπιον
3693 4786 3790 4840 τοῦ

521 4900 711 4953 dictio.
763 4901 933 4968 Aqua:
989 4901 1149 4957 istius
1207 4903 1594 4958 benedicendze
1644 4904 1809 4957 ritum
1875 4904 2101 4959 exhibet

2204 4883 2391 4949 τιμίου
2425 4882 2692 4953 σταυροῦ.
2753 4884 2866 4936 Καὶ
2917 4883 3057 4952 μετὰ
3100 4881 3163 4934 τὸ
3230 4880 3586 4934 ἀσπάσασθαι
3632 4878 3794 4959 πάλιν

525 4992 920 5061 Enchologium
987 4993 1091 5048 sub
1157 4994 1261 5049 hoc
1339 4994 1499 5049 titulo
1548 5011 1560 5047 :
1620 4995 1946 5049 Ἀκολουθία
2003 4995 2100 5051 τοῦ

2208 4971 2472 5041 βάλλουσι
2530 4975 2830 5043 μετάνοιαν
2867 4973 3095 5041 ὁμοίως,
3143 4971 3242 5024 καὶ
3293 4973 3373 5033 είς
3422 4973 3549 5033 τοὺς
3596 4973 3794 5041 χοροὺς

526 5060 794 5150 μεγάλουγ
823 5085 1104 5154 ἁγιασμοῦ
1147 5085 1257 5140 τῶν
1308 5087 1485 5154 ἁγίων
1533 5087 1888 5153 θεοφανείων.
1929 5089 2099 5145 Ollicii
2204 5068 2342 5133 πρὸς
2366 5066 2521 5135 μίαν·
2558 5060 2861 5125 Εἶθ’θῦτως
2886 5064 3147 5132 ἄρχονται
3184 5064 3232 5115 οἱ
3265 5061 3507 5129 ἀδελφώ*

524 5178 838 5245 rituumque
859 5179 1368 5246 interpretationem
1396 5180 1921 5250 quantuluscunque
1946 5183 2101 5237 labor

2277 5154 2423 5211 Ibid.
2459 5156 2575 5224 Τῆς
2606 5154 2713 5208 τοῦ
2758 5155 3065 5208 παλατίου
3100 5154 3458 5223 ἐκκλησίας.
3496 5153 3670 5218 Quam
3727 5166 3791 5207 ex

522 5276 709 5321 noster
755 5267 958 5333 adjecit
988 5284 1002 5321 :
1032 5269 1430 5322 ecclesiasticis
1480 5267 1550 5321 ibi
1607 5269 1920 5334 elucidatis,
1972 5284 2096 5322 cum

2203 5248 2456 5317 pluribus
2483 5248 2537 5301 in
2559 5263 2625 5302 eo
2658 5247 2896 5302 conditis
2924 5257 3119 5302 auctor
3139 5264 3244 5301 non
3277 5246 3791 5318 assignat,primam

520 5359 1049 5415 Codino.succincte
1088 5361 1401 5418 disserente
1437 5361 1616 5417 aulica
1646 5376 1811 5431 quam
1862 5362 2099 5417 breviter

2204 5341 2477 5409 siquidem
2495 5339 2817 5394 Trtillanam
2838 5340 3207 5410 Theophanes
3230 5358 3259 5395 a
3292 5342 3579 5397 Pulcheria
3601 5339 3794 5393 funda-

522 5451 924 5521 prosequimur,
2204 5445 2313 5488 tam
2343 5434 2396 5487 in
2423 5433 2856 5504 Protomartyris
2901 5434 3170 5489 honorem
3194 5435 3385 5495 refert,
3409 5433 3572 5487 aliam
3594 5431 3671 5500 τῷ
3695 5432 3792 5500 ἁρ-

600 5541 739 5595 Ibid.
776 5540 1076 5613 [Λαμπάς.
1131 5542 1206 5596 De
1259 5540 1565 5598 luminibus
1614 5558 1775 5598 sacro
1817 5542 1928 5596 τῶν
1980 5542 2096 5611 φώ-

2205 5524 2562 5594 κιστρατήγῳ
2598 5523 2847 5579 Mieltaeli
2883 5526 2938 5579 in
2964 5528 3159 5581 eodem
3224 5526 3462 5579 dicatam
3534 5521 3790 5586 legimus.

520 5655 628 5690 των
674 5611 795 5692 (“e—
826 5611 896 5692 in'
948 5637 1193 5692 ecclesia
1254 5637 1507 5691 accensis
1565 5635 1844 5706 superﬂue
1897 5644 2099 5689 tractat
2207 5616 2469 5669 Basilium
2501 5615 2853 5686 Lconemqne
2885 5625 2966 5670 tot
2986 5626 3040 5671 et
3070 5626 3179 5670 tam
3214 5611 3622 5667 variasibitlem
3646 5620 3790 5665 stru-

523 5729 611 5782 hic
684 5728 1031 5785 scholiastes.
1110 5729 1350 5784 Adverto
1422 5702 1788 5782 nihilominus
1868 5728 2097 5794 λαμπὰ-

2204 5709 2352 5762 xisse
2388 5708 2724 5778 dotasscque
2785 5717 2999 5770 narrat.
3053 5716 3115 5762 ut
3174 5706 3332 5760 urbis
3404 5703 3568 5757 unius
3609 5702 3786 5771 spatio

523 5819 611 5881 δος
650 5834 847 5874 nomen
901 5820 1259 5885 solemnitati,
1323 5820 1391 5874 de
1447 5834 1552 5888 qua
1601 5820 1900 5887 loquimur,
1963 5820 2096 5874 adeo

1818 5837 1900 5885 ur,
1963 5820 2096 5874 ad“,
2203 5802 2386 5870 plures
2414 5800 2534 5867 capi
2558 5815 2669 5855 non
2684 5800 2863 5855 solere
2881 5814 3195 5881 cernamus.
3223 5796 3377 5851 Goan
3404 5794 3423 5868 ]

522 5913 804 5980 proprium
848 5913 1119 5968 redditum
1148 5952 1160 5977 ,
1192 5924 1246 5967 ut
1278 5912 1419 5968 cerei
1471 5913 1572 5969 hoc
1600 5913 1717 5969 solo
1758 5913 1845 5968 die
1879 5916 2095 5970 accensi

2281 5892 2421 5949 Ibid.
2466 5890 2824 5949 Sticltarium.
2867 5890 3065 5946 Junius
3097 5905 3289 5945 secure
3320 5889 3502 5951 vertit,
3538 5886 3783 5945 manipu—
