  <div class='ocr_page' id='page_1' title='image "/cluster/home/n/w/nwhite01/storage/ocr_20150623/157/coo.31924054870625/177.png"; bbox 0 0 4064 6474; ppageno 0'>
   <div class='ocr_carea' id='block_1_1' title="bbox 321 444 1891 516">
    <p class='ocr_par' dir='ltr' id='par_1_1' title="bbox 321 445 1891 511">
     <span class='ocr_line' id='line_1_1' title="bbox 321 445 1891 511; baseline 0.002 -3"><span class='ocrx_word' id='word_1_1' title='bbox 321 445 428 508; x_wconf 69' lang='grc'><strong>313</strong></span> <span class='ocrx_word' id='word_1_2' title='bbox 1467 451 1545 511; x_wconf 85' lang='grc' dir='ltr'><strong>ΙΝ</strong></span> <span class='ocrx_word' id='word_1_3' title='bbox 1593 449 1891 511; x_wconf 82' lang='lat' dir='ltr'><strong>LIBRUM</strong></span> 
     </span>
    </p>
   </div>
   <div class='ocr_carea' id='block_1_2' title="bbox 1982 444 3582 516">
    <p class='ocr_par' dir='ltr' id='par_1_2' title="bbox 1982 451 3582 516">
     <span class='ocr_line' id='line_1_2' title="bbox 1982 451 3582 516; baseline 0.001 -4"><span class='ocrx_word' id='word_1_4' title='bbox 1982 453 2028 512; x_wconf 90' lang='lat' dir='ltr'><strong>E</strong></span> <span class='ocrx_word' id='word_1_5' title='bbox 2052 451 2381 515; x_wconf 88' lang='lat' dir='ltr'><strong>OFFICIIS</strong></span> <span class='ocrx_word' id='word_1_6' title='bbox 2421 456 2533 516; x_wconf 75' lang='grc' dir='ltr'><strong>ΟΡ.</strong></span> <span class='ocrx_word' id='word_1_7' title='bbox 3473 453 3582 514; x_wconf 61' lang='grc' dir='ltr'><strong>3ζὲ</strong></span> 
     </span>
    </p>
   </div>
   <div class='ocr_carea' id='block_1_3' title="bbox 320 564 3566 640">
    <p class='ocr_par' dir='ltr' id='par_1_3' title="bbox 320 564 3566 640">
     <span class='ocr_line' id='line_1_3' title="bbox 320 564 3566 640; baseline 0.004 -24"><span class='ocrx_word' id='word_1_8' title='bbox 320 566 450 627; x_wconf 80' lang='lat' dir='ltr'><strong>lum,</strong></span> <span class='ocrx_word' id='word_1_9' title='bbox 486 573 539 618; x_wconf 86' lang='lat' dir='ltr'><strong>et</strong></span> <span class='ocrx_word' id='word_1_10' title='bbox 563 567 814 633; x_wconf 80' lang='lat' dir='ltr'><strong>pltelonen</strong></span> <span class='ocrx_word' id='word_1_11' title='bbox 871 571 1142 633; x_wconf 83' lang='lat' dir='ltr'><strong>penulam,</strong></span> <span class='ocrx_word' id='word_1_12' title='bbox 1186 575 1241 620; x_wconf 89' lang='lat' dir='ltr'><strong>et</strong></span> <span class='ocrx_word' id='word_1_13' title='bbox 1295 564 1700 633; x_wconf 82' lang='lat' dir='ltr'><strong>epitracheliam</strong></span> <span class='ocrx_word' id='word_1_14' title='bbox 1731 564 1896 618; x_wconf 88' lang='lat' dir='ltr'><strong>colla-</strong></span> <span class='ocrx_word' id='word_1_15' title='bbox 1925 573 1970 630; x_wconf 80' lang='grc' dir='ltr'><strong>Α</strong></span> <span class='ocrx_word' id='word_1_16' title='bbox 2003 577 2136 635; x_wconf 88' lang='lat' dir='ltr'><strong>tem,</strong></span> <span class='ocrx_word' id='word_1_17' title='bbox 2166 568 2338 635; x_wconf 87' lang='lat' dir='ltr'><strong>dices,</strong></span> <span class='ocrx_word' id='word_1_18' title='bbox 2372 569 2555 625; x_wconf 81' lang='lat' dir='ltr'><strong>clerici</strong></span> <span class='ocrx_word' id='word_1_19' title='bbox 2603 569 2759 640; x_wconf 78' lang='lat' dir='ltr'><strong>juxta</strong></span> <span class='ocrx_word' id='word_1_20' title='bbox 2794 569 3104 626; x_wconf 87' lang='lat' dir='ltr'><strong>Cedrenum</strong></span> <span class='ocrx_word' id='word_1_21' title='bbox 3161 569 3423 639; x_wconf 90' lang='lat' dir='ltr'><strong>palatium</strong></span> <span class='ocrx_word' id='word_1_22' title='bbox 3459 588 3566 628; x_wconf 91' lang='lat' dir='ltr'><strong>non</strong></span> 
     </span>
    </p>
   </div>
   <div class='ocr_carea' id='block_1_4' title="bbox 319 655 3568 727">
    <p class='ocr_par' dir='ltr' id='par_1_4' title="bbox 319 655 3568 727">
     <span class='ocr_line' id='line_1_4' title="bbox 319 655 3568 727; baseline 0.004 -21"><span class='ocrx_word' id='word_1_23' title='bbox 319 656 496 719; x_wconf 83' lang='lat' dir='ltr'><strong>rium;</strong></span> <span class='ocrx_word' id='word_1_24' title='bbox 538 659 778 711; x_wconf 80' lang='lat' dir='ltr'><strong><em>orarium</em></strong></span> <span class='ocrx_word' id='word_1_25' title='bbox 827 661 1028 714; x_wconf 91' lang='lat' dir='ltr'><strong>retinet</strong></span> <span class='ocrx_word' id='word_1_26' title='bbox 1089 657 1340 726; x_wconf 81' lang='lat' dir='ltr'><strong>quidem,</strong></span> <span class='ocrx_word' id='word_1_27' title='bbox 1385 656 1478 712; x_wconf 87' lang='lat' dir='ltr'><strong>sed</strong></span> <span class='ocrx_word' id='word_1_28' title='bbox 1527 655 1759 712; x_wconf 82' lang='lat' dir='ltr'><strong>ridicule</strong></span> <span class='ocrx_word' id='word_1_29' title='bbox 1806 657 1892 711; x_wconf 85' lang='lat' dir='ltr'><strong>in-</strong></span> <span class='ocrx_word' id='word_1_30' title='bbox 1997 657 2322 714; x_wconf 79' lang='lat' dir='ltr'><strong>habitabant</strong></span> <span class='ocrx_word' id='word_1_31' title='bbox 2361 669 2415 714; x_wconf 90' lang='lat' dir='ltr'><strong>et</strong></span> <span class='ocrx_word' id='word_1_32' title='bbox 2450 671 2606 716; x_wconf 90' lang='lat' dir='ltr'><strong>erant</strong></span> <span class='ocrx_word' id='word_1_33' title='bbox 2662 663 2969 727; x_wconf 76' lang='grc' dir='ltr'>ὲξώκοιτοι.</span> <span class='ocrx_word' id='word_1_34' title='bbox 3003 663 3316 720; x_wconf 86' lang='lat' dir='ltr'><strong>Assentior.</strong></span> <span class='ocrx_word' id='word_1_35' title='bbox 3371 665 3568 721; x_wconf 84' lang='lat' dir='ltr'><strong>Verum</strong></span> 
     </span>
    </p>
   </div>
   <div class='ocr_carea' id='block_1_5' title="bbox 322 748 1891 826">
    <p class='ocr_par' dir='ltr' id='par_1_5' title="bbox 322 748 1891 826">
     <span class='ocr_line' id='line_1_5' title="bbox 322 748 1891 826; baseline 0.002 -29"><span class='ocrx_word' id='word_1_36' title='bbox 322 755 649 814; x_wconf 81' lang='lat' dir='ltr'><strong>terprctatur</strong></span> <span class='ocrx_word' id='word_1_37' title='bbox 704 749 972 817; x_wconf 75' lang='lat' dir='ltr'><strong>psalmum</strong></span> <span class='ocrx_word' id='word_1_38' title='bbox 1055 750 1388 826; x_wconf 81' lang='lat' dir='ltr'><strong>oratorium,</strong></span> <span class='ocrx_word' id='word_1_39' title='bbox 1461 749 1716 801; x_wconf 73' lang='grc' dir='ltr'><strong>εὐκτικὸν</strong></span> <span class='ocrx_word' id='word_1_40' title='bbox 1795 748 1891 818; x_wconf 77' lang='grc' dir='ltr'><strong>μὲ-</strong></span> 
     </span>
    </p>
   </div>
   <div class='ocr_carea' id='block_1_6' title="bbox 1982 748 3569 826">
    <p class='ocr_par' dir='ltr' id='par_1_6' title="bbox 1996 749 3569 824">
     <span class='ocr_line' id='line_1_6' title="bbox 1996 749 3569 824; baseline 0.004 -21"><span class='ocrx_word' id='word_1_41' title='bbox 1996 749 2089 803; x_wconf 88' lang='lat' dir='ltr'><strong>ubi</strong></span> <span class='ocrx_word' id='word_1_42' title='bbox 2147 764 2338 805; x_wconf 88' lang='lat' dir='ltr'><strong>vocem</strong></span> <span class='ocrx_word' id='word_1_43' title='bbox 2382 751 2864 818; x_wconf 79' lang='grc' dir='ltr'>ὲξωκατακοίλων,</span> <span class='ocrx_word' id='word_1_44' title='bbox 2919 769 3084 824; x_wconf 90' lang='lat' dir='ltr'><strong>quam</strong></span> <span class='ocrx_word' id='word_1_45' title='bbox 3145 755 3248 809; x_wconf 87' lang='lat' dir='ltr'><strong>soli</strong></span> <span class='ocrx_word' id='word_1_46' title='bbox 3301 756 3569 811; x_wconf 87' lang='lat' dir='ltr'><strong>neoterici</strong></span> 
     </span>
    </p>
   </div>
   <div class='ocr_carea' id='block_1_7' title="bbox 319 836 3571 911">
    <p class='ocr_par' dir='ltr' id='par_1_7' title="bbox 319 836 3571 911">
     <span class='ocr_line' id='line_1_7' title="bbox 319 836 3571 911; baseline 0.003 -22"><span class='ocrx_word' id='word_1_47' title='bbox 319 837 431 900; x_wconf 86' lang='grc' dir='ltr'><strong>λος.</strong></span> <span class='ocrx_word' id='word_1_48' title='bbox 465 836 608 907; x_wconf 83' lang='lat' dir='ltr'><strong>Ergo</strong></span> <span class='ocrx_word' id='word_1_49' title='bbox 643 839 881 894; x_wconf 86' lang='lat' dir='ltr'><strong>ministri</strong></span> <span class='ocrx_word' id='word_1_50' title='bbox 909 841 1179 905; x_wconf 63' lang='lat' dir='ltr'><strong>ecclesiat,</strong></span> <span class='ocrx_word' id='word_1_51' title='bbox 1213 841 1305 908; x_wconf 90' lang='lat' dir='ltr'><strong>qui</strong></span> <span class='ocrx_word' id='word_1_52' title='bbox 1330 840 1574 894; x_wconf 88' lang='lat' dir='ltr'><strong>orarium</strong></span> <span class='ocrx_word' id='word_1_53' title='bbox 1623 839 1901 904; x_wconf 79' lang='lat' dir='ltr'><strong>ferebant,</strong></span> <span class='ocrx_word' id='word_1_54' title='bbox 1994 840 2295 908; x_wconf 88' lang='lat' dir='ltr'><strong>scriptores</strong></span> <span class='ocrx_word' id='word_1_55' title='bbox 2321 851 2645 911; x_wconf 74' lang='lat' dir='ltr'><strong>suggerunt,</strong></span> <span class='ocrx_word' id='word_1_56' title='bbox 2676 843 2730 897; x_wconf 88' lang='lat' dir='ltr'><strong>in</strong></span> <span class='ocrx_word' id='word_1_57' title='bbox 2766 859 2872 898; x_wconf 89' lang='lat' dir='ltr'><strong>usu</strong></span> <span class='ocrx_word' id='word_1_58' title='bbox 2932 853 3066 900; x_wconf 91' lang='lat' dir='ltr'><strong>tunc</strong></span> <span class='ocrx_word' id='word_1_59' title='bbox 3113 843 3291 898; x_wconf 83' lang='lat' dir='ltr'><strong>fuisse</strong></span> <span class='ocrx_word' id='word_1_60' title='bbox 3343 845 3571 899; x_wconf 86' lang='lat' dir='ltr'><strong>demon-</strong></span> 
     </span>
    </p>
   </div>
   <div class='ocr_carea' id='block_1_8' title="bbox 320 927 3571 1004">
    <p class='ocr_par' dir='ltr' id='par_1_8' title="bbox 320 927 3571 1004">
     <span class='ocr_line' id='line_1_8' title="bbox 320 927 3571 1004; baseline 0.003 -24"><span class='ocrx_word' id='word_1_61' title='bbox 320 927 903 995; x_wconf 84' lang='lat' dir='ltr'><strong>psalmnmoratorium</strong></span> <span class='ocrx_word' id='word_1_62' title='bbox 941 931 1211 986; x_wconf 83' lang='lat' dir='ltr'><strong>ferebant.</strong></span> <span class='ocrx_word' id='word_1_63' title='bbox 1246 932 1464 998; x_wconf 79' lang='lat' dir='ltr'><strong>Quaeso,</strong></span> <span class='ocrx_word' id='word_1_64' title='bbox 1519 931 1732 999; x_wconf 90' lang='lat' dir='ltr'><strong>inspice</strong></span> <span class='ocrx_word' id='word_1_65' title='bbox 1760 930 1896 983; x_wconf 86' lang='lat' dir='ltr'><strong>itna-</strong></span> <span class='ocrx_word' id='word_1_66' title='bbox 1993 929 2197 985; x_wconf 87' lang='lat' dir='ltr'><strong>strabis</strong></span> <span class='ocrx_word' id='word_1_67' title='bbox 2224 931 2247 984; x_wconf 84' lang='lat'><strong>?</strong></span> <span class='ocrx_word' id='word_1_68' title='bbox 2277 930 2418 996; x_wconf 86' lang='lat' dir='ltr'><strong>Quin</strong></span> <span class='ocrx_word' id='word_1_69' title='bbox 2449 933 2563 987; x_wconf 89' lang='lat' dir='ltr'><strong>imo</strong></span> <span class='ocrx_word' id='word_1_70' title='bbox 2612 933 2659 987; x_wconf 88' lang='lat' dir='ltr'><strong>si</strong></span> <span class='ocrx_word' id='word_1_71' title='bbox 2711 933 2863 1002; x_wconf 89' lang='lat' dir='ltr'><strong>prius</strong></span> <span class='ocrx_word' id='word_1_72' title='bbox 2915 934 3368 1001; x_wconf 77' lang='grc' dir='ltr'>ὲξωκατάκοιλοι,</span> <span class='ocrx_word' id='word_1_73' title='bbox 3412 936 3505 1004; x_wconf 89' lang='lat' dir='ltr'><strong>qui</strong></span> <span class='ocrx_word' id='word_1_74' title='bbox 3541 953 3571 991; x_wconf 89' lang='lat' dir='ltr'><strong>e</strong></span> 
     </span>
    </p>
   </div>
   <div class='ocr_carea' id='block_1_9' title="bbox 321 1019 1891 1096">
    <p class='ocr_par' dir='ltr' id='par_1_9' title="bbox 321 1020 1891 1094">
     <span class='ocr_line' id='line_1_9' title="bbox 321 1020 1891 1094; baseline 0.001 -23"><span class='ocrx_word' id='word_1_75' title='bbox 321 1023 507 1083; x_wconf 68' lang='lat' dir='ltr'><strong>ginem</strong></span> <span class='ocrx_word' id='word_1_76' title='bbox 531 1020 749 1092; x_wconf 80' lang='lat' dir='ltr'><strong>Georgii</strong></span> <span class='ocrx_word' id='word_1_77' title='bbox 809 1025 1162 1094; x_wconf 83' lang='lat' dir='ltr'><strong>Pachymeris</strong></span> <span class='ocrx_word' id='word_1_78' title='bbox 1196 1024 1355 1078; x_wconf 88' lang='lat' dir='ltr'><strong>initio</strong></span> <span class='ocrx_word' id='word_1_79' title='bbox 1404 1024 1679 1090; x_wconf 63' lang='grc' dir='ltr'><strong>(ἔνθεοι-ω,</strong></span> <span class='ocrx_word' id='word_1_80' title='bbox 1709 1022 1891 1074; x_wconf 85' lang='lat' dir='ltr'><strong>orario</strong></span> 
     </span>
    </p>
   </div>
   <div class='ocr_carea' id='block_1_10' title="bbox 1982 1019 3569 1096">
    <p class='ocr_par' dir='ltr' id='par_1_10' title="bbox 1993 1019 3569 1096">
     <span class='ocr_line' id='line_1_10' title="bbox 1993 1019 3569 1096; baseline 0.005 -25"><span class='ocrx_word' id='word_1_81' title='bbox 1993 1019 2198 1088; x_wconf 86' lang='lat' dir='ltr'><strong>palatio</strong></span> <span class='ocrx_word' id='word_1_82' title='bbox 2233 1029 2392 1076; x_wconf 89' lang='lat' dir='ltr'><strong>erant</strong></span> <span class='ocrx_word' id='word_1_83' title='bbox 2419 1021 2724 1090; x_wconf 75' lang='grc' dir='ltr'>ἑξὼκοιτοι,</span> <span class='ocrx_word' id='word_1_84' title='bbox 2760 1039 2885 1080; x_wconf 90' lang='lat' dir='ltr'><strong>cum</strong></span> <span class='ocrx_word' id='word_1_85' title='bbox 2919 1040 2948 1078; x_wconf 90' lang='lat' dir='ltr'><strong>a</strong></span> <span class='ocrx_word' id='word_1_86' title='bbox 2980 1024 3161 1080; x_wconf 88' lang='lat' dir='ltr'><strong>Leone</strong></span> <span class='ocrx_word' id='word_1_87' title='bbox 3181 1025 3446 1080; x_wconf 89' lang='lat' dir='ltr'><strong>Armenio</strong></span> <span class='ocrx_word' id='word_1_88' title='bbox 3477 1029 3569 1096; x_wconf 89' lang='lat' dir='ltr'><strong>(ne</strong></span> 
     </span>
    </p>
   </div>
   <div class='ocr_carea' id='block_1_11' title="bbox 319 1109 3570 1184">
    <p class='ocr_par' dir='ltr' id='par_1_11' title="bbox 319 1109 3570 1184">
     <span class='ocr_line' id='line_1_11' title="bbox 319 1109 3570 1184; baseline 0.002 -20"><span class='ocrx_word' id='word_1_89' title='bbox 319 1115 670 1181; x_wconf 70' lang='lat' dir='ltr'><strong>conspicuam</strong></span> <span class='ocrx_word' id='word_1_90' title='bbox 699 1133 712 1168; x_wconf 89' lang='lat'>:</span> <span class='ocrx_word' id='word_1_91' title='bbox 747 1125 798 1169; x_wconf 90' lang='lat' dir='ltr'><strong>et</strong></span> <span class='ocrx_word' id='word_1_92' title='bbox 822 1117 1034 1184; x_wconf 88' lang='lat' dir='ltr'><strong>dispice</strong></span> <span class='ocrx_word' id='word_1_93' title='bbox 1058 1131 1191 1170; x_wconf 91' lang='lat' dir='ltr'><strong>num</strong></span> <span class='ocrx_word' id='word_1_94' title='bbox 1219 1115 1293 1169; x_wconf 85' lang='lat' dir='ltr'><strong>ibi</strong></span> <span class='ocrx_word' id='word_1_95' title='bbox 1313 1114 1576 1184; x_wconf 76' lang='lat' dir='ltr'><strong>psalmum</strong></span> <span class='ocrx_word' id='word_1_96' title='bbox 1596 1113 1892 1166; x_wconf 86' lang='lat' dir='ltr'><strong>oratorium</strong></span> <span class='ocrx_word' id='word_1_97' title='bbox 1997 1109 2186 1165; x_wconf 85' lang='lat' dir='ltr'><strong>sicarii</strong></span> <span class='ocrx_word' id='word_1_98' title='bbox 2220 1113 2662 1182; x_wconf 89' lang='lat' dir='ltr'><strong>perduellesque,</strong></span> <span class='ocrx_word' id='word_1_99' title='bbox 2697 1114 2843 1183; x_wconf 86' lang='lat' dir='ltr'><strong>quod</strong></span> <span class='ocrx_word' id='word_1_100' title='bbox 2870 1123 2998 1169; x_wconf 85' lang='lat' dir='ltr'><strong>tunc</strong></span> <span class='ocrx_word' id='word_1_101' title='bbox 3029 1124 3208 1170; x_wconf 80' lang='lat' dir='ltr'><strong>actum</strong></span> <span class='ocrx_word' id='word_1_102' title='bbox 3232 1115 3570 1181; x_wconf 81' lang='lat' dir='ltr'><strong>est,fraudu-</strong></span> 
     </span>
    </p>
   </div>
   <div class='ocr_carea' id='block_1_12' title="bbox 317 1200 3566 1284">
    <p class='ocr_par' dir='ltr' id='par_1_12' title="bbox 317 1200 3566 1284">
     <span class='ocr_line' id='line_1_12' title="bbox 317 1200 3566 1284; baseline 0.002 -31"><span class='ocrx_word' id='word_1_103' title='bbox 317 1205 640 1258; x_wconf 71' lang='lat' dir='ltr'><strong>inventurus</strong></span> <span class='ocrx_word' id='word_1_104' title='bbox 667 1205 763 1284; x_wconf 81' lang='lat' dir='ltr'><strong>sis.</strong></span> <span class='ocrx_word' id='word_1_105' title='bbox 799 1205 1003 1260; x_wconf 75' lang='lat' dir='ltr'><strong>Gnn&#39;rs.</strong></span> <span class='ocrx_word' id='word_1_106' title='bbox 1995 1200 2171 1254; x_wconf 86' lang='lat' dir='ltr'><strong>lenter</strong></span> <span class='ocrx_word' id='word_1_107' title='bbox 2198 1217 2324 1256; x_wconf 90' lang='lat' dir='ltr'><strong>cum</strong></span> <span class='ocrx_word' id='word_1_108' title='bbox 2357 1202 2573 1258; x_wconf 89' lang='lat' dir='ltr'><strong>clericis</strong></span> <span class='ocrx_word' id='word_1_109' title='bbox 2610 1205 2664 1258; x_wconf 91' lang='lat' dir='ltr'><strong>in</strong></span> <span class='ocrx_word' id='word_1_110' title='bbox 2693 1206 2956 1273; x_wconf 80' lang='lat' dir='ltr'><strong>palatium</strong></span> <span class='ocrx_word' id='word_1_111' title='bbox 3009 1214 3174 1260; x_wconf 91' lang='lat' dir='ltr'><strong>noctu</strong></span> <span class='ocrx_word' id='word_1_112' title='bbox 3234 1205 3566 1273; x_wconf 89' lang='lat' dir='ltr'><strong>irreperent)</strong></span> 
     </span>
    </p>
   </div>
   <div class='ocr_carea' id='block_1_13' title="bbox 387 1290 3566 1366">
    <p class='ocr_par' dir='ltr' id='par_1_13' title="bbox 387 1290 3566 1366">
     <span class='ocr_line' id='line_1_13' title="bbox 387 1290 3566 1366; baseline 0.001 -20"><span class='ocrx_word' id='word_1_113' title='bbox 387 1295 730 1363; x_wconf 64' lang='lat' dir='ltr'><strong>3091M.</strong></span> <span class='ocrx_word' id='word_1_114' title='bbox 772 1295 1644 1366; x_wconf 62' lang='lat' dir='ltr'><strong>[Ettxdzpmvdiaconalislunica,</strong></span> <span class='ocrx_word' id='word_1_115' title='bbox 1681 1295 1888 1358; x_wconf 90' lang='lat' dir='ltr'><strong>talaris,</strong></span> <span class='ocrx_word' id='word_1_116' title='bbox 1993 1290 2176 1346; x_wconf 87' lang='lat' dir='ltr'><strong>clerici</strong></span> <span class='ocrx_word' id='word_1_117' title='bbox 2241 1295 2686 1362; x_wconf 84' lang='lat' dir='ltr'><strong>pernoctaverint</strong></span> <span class='ocrx_word' id='word_1_118' title='bbox 2744 1297 2800 1349; x_wconf 92' lang='lat' dir='ltr'><strong>in</strong></span> <span class='ocrx_word' id='word_1_119' title='bbox 2885 1297 3049 1365; x_wconf 80' lang='lat' dir='ltr'><strong>regiis</strong></span> <span class='ocrx_word' id='word_1_120' title='bbox 3117 1295 3352 1360; x_wconf 71' lang='lat' dir='ltr'><strong>aedibus,</strong></span> <span class='ocrx_word' id='word_1_121' title='bbox 3419 1296 3566 1348; x_wconf 89' lang='lat' dir='ltr'><strong>nulla</strong></span> 
     </span>
    </p>
   </div>
   <div class='ocr_carea' id='block_1_14' title="bbox 315 1383 1891 1453">
    <p class='ocr_par' dir='ltr' id='par_1_14' title="bbox 315 1386 1890 1453">
     <span class='ocr_line' id='line_1_14' title="bbox 315 1386 1890 1453; baseline 0.003 -17"><span class='ocrx_word' id='word_1_122' title='bbox 315 1386 554 1452; x_wconf 73' lang='lat' dir='ltr'><strong>undique</strong></span> <span class='ocrx_word' id='word_1_123' title='bbox 587 1387 796 1447; x_wconf 87' lang='lat' dir='ltr'><strong>clausa.</strong></span> <span class='ocrx_word' id='word_1_124' title='bbox 835 1387 1080 1441; x_wconf 85' lang='lat' dir='ltr'><strong>nonnihil</strong></span> <span class='ocrx_word' id='word_1_125' title='bbox 1133 1388 1343 1450; x_wconf 83' lang='lat' dir='ltr'><strong>stricta,</strong></span> <span class='ocrx_word' id='word_1_126' title='bbox 1391 1387 1591 1442; x_wconf 87' lang='lat' dir='ltr'><strong>coloris</strong></span> <span class='ocrx_word' id='word_1_127' title='bbox 1631 1387 1737 1441; x_wconf 86' lang='lat' dir='ltr'><strong>albi</strong></span> <span class='ocrx_word' id='word_1_128' title='bbox 1795 1402 1890 1453; x_wconf 83' lang='lat' dir='ltr'><strong>pro</strong></span> 
     </span>
    </p>
   </div>
   <div class='ocr_carea' id='block_1_15' title="bbox 1982 1383 3564 1453">
    <p class='ocr_par' dir='ltr' id='par_1_15' title="bbox 1993 1383 3564 1452">
     <span class='ocr_line' id='line_1_15' title="bbox 1993 1383 3564 1452; baseline 0.003 -16"><span class='ocrx_word' id='word_1_129' title='bbox 1993 1383 2258 1452; x_wconf 82' lang='lat' dir='ltr'><strong>deinceps</strong></span> <span class='ocrx_word' id='word_1_130' title='bbox 2291 1385 2722 1450; x_wconf 62' lang='grc' dir='ltr'><strong>ὲξωκοίτωννει</strong></span> <span class='ocrx_word' id='word_1_131' title='bbox 2772 1386 3230 1450; x_wconf 73' lang='grc' dir='ltr'>ὲξωκατακοίὶων</span> <span class='ocrx_word' id='word_1_132' title='bbox 3284 1397 3432 1442; x_wconf 87' lang='lat' dir='ltr'><strong>esset</strong></span> <span class='ocrx_word' id='word_1_133' title='bbox 3465 1386 3564 1440; x_wconf 78' lang='lat' dir='ltr'><strong>ha-</strong></span> 
     </span>
    </p>
   </div>
   <div class='ocr_carea' id='block_1_16' title="bbox 320 1471 3563 1548">
    <p class='ocr_par' dir='ltr' id='par_1_16' title="bbox 320 1471 3563 1548">
     <span class='ocr_line' id='line_1_16' title="bbox 320 1471 3563 1548; baseline 0.001 -21"><span class='ocrx_word' id='word_1_134' title='bbox 320 1477 504 1540; x_wconf 72' lang='lat' dir='ltr'><strong>solito,</strong></span> <span class='ocrx_word' id='word_1_135' title='bbox 529 1478 640 1532; x_wconf 73' lang='grc' dir='ltr'><strong>ἀπὺ</strong></span> <span class='ocrx_word' id='word_1_136' title='bbox 661 1479 755 1530; x_wconf 78' lang='grc' dir='ltr'><strong>τοῦ</strong></span> <span class='ocrx_word' id='word_1_137' title='bbox 782 1480 996 1548; x_wconf 82' lang='grc' dir='ltr'>στίχου,</span> <span class='ocrx_word' id='word_1_138' title='bbox 1027 1482 1178 1548; x_wconf 89' lang='lat' dir='ltr'><strong>quod</strong></span> <span class='ocrx_word' id='word_1_139' title='bbox 1209 1496 1313 1533; x_wconf 84' lang='lat' dir='ltr'><strong>uno</strong></span> <span class='ocrx_word' id='word_1_140' title='bbox 1341 1487 1515 1532; x_wconf 74' lang='lat' dir='ltr'><strong>tractu</strong></span> <span class='ocrx_word' id='word_1_141' title='bbox 1545 1485 1886 1542; x_wconf 75' lang='lat' dir='ltr'><strong>centexatur,</strong></span> <span class='ocrx_word' id='word_1_142' title='bbox 1990 1471 2170 1527; x_wconf 87' lang='lat' dir='ltr'><strong>benda</strong></span> <span class='ocrx_word' id='word_1_143' title='bbox 2231 1475 2539 1530; x_wconf 86' lang='lat' dir='ltr'><strong>memoria.’</strong></span> <span class='ocrx_word' id='word_1_144' title='bbox 2563 1474 2658 1529; x_wconf 77' lang='lat' dir='ltr'><strong>llis</strong></span> <span class='ocrx_word' id='word_1_145' title='bbox 2709 1476 2895 1546; x_wconf 78' lang='lat' dir='ltr'><strong>iunge,</strong></span> <span class='ocrx_word' id='word_1_146' title='bbox 2952 1492 3066 1531; x_wconf 90' lang='lat' dir='ltr'><strong>non</strong></span> <span class='ocrx_word' id='word_1_147' title='bbox 3130 1478 3432 1546; x_wconf 87' lang='lat' dir='ltr'><strong>palatinos,</strong></span> <span class='ocrx_word' id='word_1_148' title='bbox 3469 1475 3563 1531; x_wconf 91' lang='lat' dir='ltr'><strong>sed</strong></span> 
     </span>
    </p>
   </div>
   <div class='ocr_carea' id='block_1_17' title="bbox 313 1563 1891 1634">
    <p class='ocr_par' dir='ltr' id='par_1_17' title="bbox 313 1569 481 1625">
     <span class='ocr_line' id='line_1_17' title="bbox 313 1569 481 1625; baseline 0 -1"><span class='ocrx_word' id='word_1_149' title='bbox 313 1569 481 1625; x_wconf 89' lang='lat' dir='ltr'><strong>dicta.</strong></span> 
     </span>
    </p>
   </div>
   <div class='ocr_carea' id='block_1_18' title="bbox 1982 1563 3561 1634">
    <p class='ocr_par' dir='ltr' id='par_1_18' title="bbox 1993 1563 3561 1634">
     <span class='ocr_line' id='line_1_18' title="bbox 1993 1563 3561 1634; baseline 0.005 -22"><span class='ocrx_word' id='word_1_150' title='bbox 1993 1563 2396 1629; x_wconf 88' lang='lat' dir='ltr'><strong>patriarchicos</strong></span> <span class='ocrx_word' id='word_1_151' title='bbox 2460 1565 2670 1634; x_wconf 89' lang='lat' dir='ltr'><strong>primos</strong></span> <span class='ocrx_word' id='word_1_152' title='bbox 2694 1565 2926 1620; x_wconf 86' lang='lat' dir='ltr'><strong>clericos</strong></span> <span class='ocrx_word' id='word_1_153' title='bbox 2961 1567 3437 1632; x_wconf 77' lang='grc' dir='ltr'>ὲξωκατακοίλους</span> <span class='ocrx_word' id='word_1_154' title='bbox 3464 1581 3561 1620; x_wconf 90' lang='lat' dir='ltr'><strong>vo-</strong></span> 
     </span>
    </p>
   </div>
   <div class='ocr_carea' id='block_1_19' title="bbox 383 1658 3563 1732">
    <p class='ocr_par' dir='ltr' id='par_1_19' title="bbox 383 1658 3563 1732">
     <span class='ocr_line' id='line_1_19' title="bbox 383 1658 3563 1732; baseline 0.002 -24"><span class='ocrx_word' id='word_1_155' title='bbox 383 1661 530 1716; x_wconf 77' lang='lat' dir='ltr'><strong>]bid.</strong></span> <span class='ocrx_word' id='word_1_156' title='bbox 564 1662 818 1732; x_wconf 73' lang='grc' dir='ltr'>Φελώνην</span> <span class='ocrx_word' id='word_1_157' title='bbox 844 1673 1040 1718; x_wconf 66' lang='lat' dir='ltr'><strong>vocant</strong></span> <span class='ocrx_word' id='word_1_158' title='bbox 1070 1664 1314 1718; x_wconf 74' lang='grc' dir='ltr'><strong>εαεηιαηι</strong></span> <span class='ocrx_word' id='word_1_159' title='bbox 1329 1662 1742 1729; x_wconf 62' lang='lat' dir='ltr'><strong>sacerdotalem,</strong></span> <span class='ocrx_word' id='word_1_160' title='bbox 1774 1678 1890 1716; x_wconf 77' lang='lat' dir='ltr'><strong>ma-</strong></span> <span class='ocrx_word' id='word_1_161' title='bbox 1991 1663 2178 1722; x_wconf 90' lang='lat' dir='ltr'><strong>catos;</strong></span> <span class='ocrx_word' id='word_1_162' title='bbox 2217 1667 2274 1711; x_wconf 88' lang='lat' dir='ltr'><strong>ut</strong></span> <span class='ocrx_word' id='word_1_163' title='bbox 2312 1658 2443 1726; x_wconf 91' lang='lat' dir='ltr'><strong>quid</strong></span> <span class='ocrx_word' id='word_1_164' title='bbox 2477 1659 2592 1714; x_wconf 85' lang='lat' dir='ltr'><strong>haec</strong></span> <span class='ocrx_word' id='word_1_165' title='bbox 2649 1675 2832 1714; x_wconf 91' lang='lat' dir='ltr'><strong>rerum</strong></span> <span class='ocrx_word' id='word_1_166' title='bbox 2866 1660 3311 1716; x_wconf 79' lang='lat' dir='ltr'><strong>dissentientium</strong></span> <span class='ocrx_word' id='word_1_167' title='bbox 3340 1671 3563 1729; x_wconf 84' lang='lat' dir='ltr'><strong>pertur-</strong></span> 
     </span>
    </p>
   </div>
   <div class='ocr_carea' id='block_1_20' title="bbox 317 1745 3570 1825">
    <p class='ocr_par' dir='ltr' id='par_1_20' title="bbox 317 1745 3570 1825">
     <span class='ocr_line' id='line_1_20' title="bbox 317 1745 3570 1825; baseline -0 -18"><span class='ocrx_word' id='word_1_168' title='bbox 317 1755 457 1808; x_wconf 84' lang='lat' dir='ltr'><strong>nicis</strong></span> <span class='ocrx_word' id='word_1_169' title='bbox 487 1764 792 1817; x_wconf 89' lang='lat' dir='ltr'><strong>carentem,</strong></span> <span class='ocrx_word' id='word_1_170' title='bbox 842 1771 906 1810; x_wconf 90' lang='lat' dir='ltr'><strong>ac</strong></span> <span class='ocrx_word' id='word_1_171' title='bbox 936 1764 1108 1811; x_wconf 91' lang='lat' dir='ltr'><strong>totum</strong></span> <span class='ocrx_word' id='word_1_172' title='bbox 1142 1771 1342 1825; x_wconf 89' lang='lat' dir='ltr'><strong>corpus</strong></span> <span class='ocrx_word' id='word_1_173' title='bbox 1375 1755 1618 1825; x_wconf 82' lang='lat' dir='ltr'><strong>undique</strong></span> <span class='ocrx_word' id='word_1_174' title='bbox 1643 1754 1888 1810; x_wconf 87' lang='lat' dir='ltr'><strong>ambien-</strong></span> <span class='ocrx_word' id='word_1_175' title='bbox 1990 1745 2143 1801; x_wconf 65' lang='grc' dir='ltr'><strong>Μιίο</strong></span> <span class='ocrx_word' id='word_1_176' title='bbox 2171 1758 2227 1822; x_wconf 62' lang='lat' dir='ltr'><strong>et</strong></span> <span class='ocrx_word' id='word_1_177' title='bbox 2260 1763 2290 1802; x_wconf 82' lang='lat' dir='ltr'><strong>a</strong></span> <span class='ocrx_word' id='word_1_178' title='bbox 2325 1749 2533 1818; x_wconf 84' lang='lat' dir='ltr'><strong>palatio</strong></span> <span class='ocrx_word' id='word_1_179' title='bbox 2574 1751 2639 1804; x_wconf 90' lang='lat' dir='ltr'><strong>ad</strong></span> <span class='ocrx_word' id='word_1_180' title='bbox 2674 1751 3003 1820; x_wconf 71' lang='lat' dir='ltr'><strong>patriarcha:</strong></span> <span class='ocrx_word' id='word_1_181' title='bbox 3043 1753 3226 1808; x_wconf 89' lang='lat' dir='ltr'><strong>sedem</strong></span> <span class='ocrx_word' id='word_1_182' title='bbox 3253 1752 3570 1821; x_wconf 71' lang='lat' dir='ltr'><strong>digressus,</strong></span> 
     </span>
    </p>
   </div>
   <div class='ocr_carea' id='block_1_21' title="bbox 313 1836 3565 1916">
    <p class='ocr_par' dir='ltr' id='par_1_21' title="bbox 313 1836 3565 1916">
     <span class='ocr_line' id='line_1_21' title="bbox 313 1836 3565 1916; baseline 0.003 -27"><span class='ocrx_word' id='word_1_183' title='bbox 313 1857 450 1901; x_wconf 62' lang='lat' dir='ltr'><strong>rem,</strong></span> <span class='ocrx_word' id='word_1_184' title='bbox 506 1845 740 1914; x_wconf 70' lang='lat' dir='ltr'><strong>Cappam</strong></span> <span class='ocrx_word' id='word_1_185' title='bbox 765 1847 1077 1901; x_wconf 66' lang='lat' dir='ltr'><strong>neotericus</strong></span> <span class='ocrx_word' id='word_1_186' title='bbox 1119 1847 1341 1916; x_wconf 69' lang='lat' dir='ltr'><strong>quidam</strong></span> <span class='ocrx_word' id='word_1_187' title='bbox 1377 1860 1530 1915; x_wconf 57' lang='lat' dir='ltr'><strong>mque</strong></span> <span class='ocrx_word' id='word_1_188' title='bbox 1562 1844 1885 1914; x_wconf 63' lang='lat' dir='ltr'><strong>simpliciter</strong></span> <span class='ocrx_word' id='word_1_189' title='bbox 1927 1915 1932 1916; x_wconf 12' lang='grc' dir='ltr'><em>γ</em></span> <span class='ocrx_word' id='word_1_190' title='bbox 1989 1847 2048 1889; x_wconf 86' lang='lat' dir='ltr'><strong>nt</strong></span> <span class='ocrx_word' id='word_1_191' title='bbox 2081 1836 2174 1906; x_wconf 85' lang='lat' dir='ltr'><strong>qui</strong></span> <span class='ocrx_word' id='word_1_192' title='bbox 2207 1839 2399 1906; x_wconf 87' lang='lat' dir='ltr'><strong>palatii</strong></span> <span class='ocrx_word' id='word_1_193' title='bbox 2425 1839 2734 1905; x_wconf 79' lang='grc' dir='ltr'>ὲξώκοιτοι,</span> <span class='ocrx_word' id='word_1_194' title='bbox 2772 1857 2974 1896; x_wconf 89' lang='lat' dir='ltr'><strong>nomen</strong></span> <span class='ocrx_word' id='word_1_195' title='bbox 3017 1844 3148 1898; x_wconf 93' lang='lat' dir='ltr'><strong>dent</strong></span> <span class='ocrx_word' id='word_1_196' title='bbox 3177 1842 3565 1912; x_wconf 84' lang='lat' dir='ltr'><strong>patriarchicis</strong></span> 
     </span>
    </p>
   </div>
   <div class='ocr_carea' id='block_1_22' title="bbox 315 1915 1891 2006">
    <p class='ocr_par' dir='ltr' id='par_1_22' title="bbox 315 1935 1885 2006">
     <span class='ocr_line' id='line_1_22' title="bbox 315 1935 1885 2006; baseline 0.002 -18"><span class='ocrx_word' id='word_1_197' title='bbox 315 1952 381 1989; x_wconf 89' lang='lat' dir='ltr'><strong>ac</strong></span> <span class='ocrx_word' id='word_1_198' title='bbox 415 1936 712 1990; x_wconf 86' lang='lat' dir='ltr'><strong>inscienter</strong></span> <span class='ocrx_word' id='word_1_199' title='bbox 744 1937 981 1990; x_wconf 88' lang='lat' dir='ltr'><strong>vocavit.</strong></span> <span class='ocrx_word' id='word_1_200' title='bbox 1016 1935 1095 1990; x_wconf 88' lang='lat' dir='ltr'><strong>Ex</strong></span> <span class='ocrx_word' id='word_1_201' title='bbox 1133 1937 1417 2006; x_wconf 85' lang='lat' dir='ltr'><strong>privilegio</strong></span> <span class='ocrx_word' id='word_1_202' title='bbox 1456 1943 1512 1990; x_wconf 86' lang='lat' dir='ltr'><strong>et</strong></span> <span class='ocrx_word' id='word_1_203' title='bbox 1555 1935 1622 1989; x_wconf 89' lang='lat' dir='ltr'><strong>ad</strong></span> <span class='ocrx_word' id='word_1_204' title='bbox 1653 1935 1885 2003; x_wconf 85' lang='lat' dir='ltr'><strong>amplio-</strong></span> 
     </span>
    </p>
   </div>
   <div class='ocr_carea' id='block_1_23' title="bbox 1982 1915 3568 2006">
    <p class='ocr_par' dir='ltr' id='par_1_23' title="bbox 1991 1927 3568 2002">
     <span class='ocr_line' id='line_1_23' title="bbox 1991 1927 3568 2002; baseline 0.004 -23"><span class='ocrx_word' id='word_1_205' title='bbox 1991 1927 2498 1993; x_wconf 70' lang='grc' dir='ltr'>ὲξωκατακοίλοιςῖ</span> <span class='ocrx_word' id='word_1_206' title='bbox 2529 1932 2611 1986; x_wconf 83' lang='grc' dir='ltr'><strong>1Ηί</strong></span> <span class='ocrx_word' id='word_1_207' title='bbox 2643 1935 2833 2000; x_wconf 88' lang='lat' dir='ltr'><strong>etiam,</strong></span> <span class='ocrx_word' id='word_1_208' title='bbox 2892 1934 3124 2002; x_wconf 87' lang='lat' dir='ltr'><strong>inquies,</strong></span> <span class='ocrx_word' id='word_1_209' title='bbox 3162 1933 3391 1988; x_wconf 90' lang='lat' dir='ltr'><strong>fuerunt</strong></span> <span class='ocrx_word' id='word_1_210' title='bbox 3423 1947 3453 1986; x_wconf 91' lang='lat' dir='ltr'><strong>e</strong></span> <span class='ocrx_word' id='word_1_211' title='bbox 3480 1948 3568 2000; x_wconf 86' lang='lat' dir='ltr'><strong>pa-</strong></span> 
     </span>
    </p>
   </div>
   <div class='ocr_carea' id='block_1_24' title="bbox 312 2020 1891 2095">
    <p class='ocr_par' dir='ltr' id='par_1_24' title="bbox 312 2025 1887 2095">
     <span class='ocr_line' id='line_1_24' title="bbox 312 2025 1887 2095; baseline 0.001 -19"><span class='ocrx_word' id='word_1_212' title='bbox 312 2042 425 2080; x_wconf 91' lang='lat' dir='ltr'><strong>rem</strong></span> <span class='ocrx_word' id='word_1_213' title='bbox 453 2037 706 2082; x_wconf 88' lang='lat' dir='ltr'><strong>ornatum</strong></span> <span class='ocrx_word' id='word_1_214' title='bbox 746 2027 990 2095; x_wconf 87' lang='lat' dir='ltr'><strong>palatino</strong></span> <span class='ocrx_word' id='word_1_215' title='bbox 1022 2027 1409 2084; x_wconf 82' lang='lat' dir='ltr'><strong>archidiacono</strong></span> <span class='ocrx_word' id='word_1_216' title='bbox 1443 2027 1687 2082; x_wconf 84' lang='lat' dir='ltr'><strong>casulam</strong></span> <span class='ocrx_word' id='word_1_217' title='bbox 1743 2025 1887 2080; x_wconf 89' lang='lat' dir='ltr'><strong>ferre</strong></span> 
     </span>
    </p>
   </div>
   <div class='ocr_carea' id='block_1_25' title="bbox 1982 2020 3567 2095">
    <p class='ocr_par' dir='ltr' id='par_1_25' title="bbox 1993 2020 3567 2091">
     <span class='ocr_line' id='line_1_25' title="bbox 1993 2020 3567 2091; baseline 0.003 -19"><span class='ocrx_word' id='word_1_218' title='bbox 1993 2020 2252 2076; x_wconf 90' lang='lat' dir='ltr'><strong>Iriarchio</strong></span> <span class='ocrx_word' id='word_1_219' title='bbox 2302 2023 2605 2089; x_wconf 81' lang='grc' dir='ltr'>ἐξώκοιτοι.</span> <span class='ocrx_word' id='word_1_220' title='bbox 2662 2024 2831 2090; x_wconf 86' lang='lat' dir='ltr'><strong>Quasi</strong></span> <span class='ocrx_word' id='word_1_221' title='bbox 2887 2041 3017 2079; x_wconf 91' lang='lat' dir='ltr'><strong>vero</strong></span> <span class='ocrx_word' id='word_1_222' title='bbox 3085 2027 3210 2080; x_wconf 89' lang='lat' dir='ltr'><strong>inde</strong></span> <span class='ocrx_word' id='word_1_223' title='bbox 3270 2025 3567 2091; x_wconf 63' lang='grc' dir='ltr'>ὲξωκάτοια</span> 
     </span>
    </p>
   </div>
   <div class='ocr_carea' id='block_1_26' title="bbox 311 2111 1891 2185">
    <p class='ocr_par' dir='ltr' id='par_1_26' title="bbox 311 2116 1584 2170">
     <span class='ocr_line' id='line_1_26' title="bbox 311 2116 1584 2170; baseline 0.002 -2"><span class='ocrx_word' id='word_1_224' title='bbox 311 2116 459 2170; x_wconf 84' lang='lat' dir='ltr'><strong>licet.</strong></span> <span class='ocrx_word' id='word_1_225' title='bbox 1575 2116 1584 2123; x_wconf 87' lang='grc'><em>’</em></span> 
     </span>
    </p>
   </div>
   <div class='ocr_carea' id='block_1_27' title="bbox 1982 2111 3565 2185">
    <p class='ocr_par' dir='ltr' id='par_1_27' title="bbox 1988 2111 3565 2185">
     <span class='ocr_line' id='line_1_27' title="bbox 1988 2111 3565 2185; baseline 0.001 -21"><span class='ocrx_word' id='word_1_226' title='bbox 1988 2112 2093 2166; x_wconf 74' lang='grc' dir='ltr'>λοι.</span> <span class='ocrx_word' id='word_1_227' title='bbox 2160 2111 2426 2181; x_wconf 85' lang='lat' dir='ltr'><strong>Facilius,</strong></span> <span class='ocrx_word' id='word_1_228' title='bbox 2501 2131 2587 2170; x_wconf 91' lang='lat' dir='ltr'><strong>me</strong></span> <span class='ocrx_word' id='word_1_229' title='bbox 2654 2116 2865 2185; x_wconf 86' lang='lat' dir='ltr'><strong>judice,</strong></span> <span class='ocrx_word' id='word_1_230' title='bbox 2915 2117 3128 2171; x_wconf 87' lang='lat' dir='ltr'><strong>diceres</strong></span> <span class='ocrx_word' id='word_1_231' title='bbox 3184 2114 3565 2180; x_wconf 81' lang='grc' dir='ltr'>ὲξωκατακοί-</span> 
     </span>
    </p>
   </div>
   <div class='ocr_carea' id='block_1_28' title="bbox 381 2203 1891 2278">
    <p class='ocr_par' dir='ltr' id='par_1_28' title="bbox 381 2205 1885 2278">
     <span class='ocr_line' id='line_1_28' title="bbox 381 2205 1885 2278; baseline 0 -18"><span class='ocrx_word' id='word_1_232' title='bbox 381 2207 524 2262; x_wconf 84' lang='lat' dir='ltr'><strong>Ibid.</strong></span> <span class='ocrx_word' id='word_1_233' title='bbox 576 2209 660 2262; x_wconf 86' lang='grc' dir='ltr'><strong>Οὐ</strong></span> <span class='ocrx_word' id='word_1_234' title='bbox 708 2208 836 2277; x_wconf 73' lang='grc' dir='ltr'><strong>μὴν</strong></span> <span class='ocrx_word' id='word_1_235' title='bbox 883 2209 1348 2278; x_wconf 76' lang='grc' dir='ltr'><strong>ἐπιτραχήλιον.</strong></span> <span class='ocrx_word' id='word_1_236' title='bbox 1396 2207 1479 2264; x_wconf 89' lang='lat' dir='ltr'><strong>0b</strong></span> <span class='ocrx_word' id='word_1_237' title='bbox 1525 2205 1885 2262; x_wconf 86' lang='lat' dir='ltr'><strong>sacerdotalis</strong></span> 
     </span>
    </p>
   </div>
   <div class='ocr_carea' id='block_1_29' title="bbox 1982 2203 3568 2278">
    <p class='ocr_par' dir='ltr' id='par_1_29' title="bbox 1985 2203 3568 2277">
     <span class='ocr_line' id='line_1_29' title="bbox 1985 2203 3568 2277; baseline 0.002 -22"><span class='ocrx_word' id='word_1_238' title='bbox 1985 2203 2109 2266; x_wconf 80' lang='grc' dir='ltr'>λους</span> <span class='ocrx_word' id='word_1_239' title='bbox 2151 2205 2311 2271; x_wconf 85' lang='lat' dir='ltr'><strong>quasi</strong></span> <span class='ocrx_word' id='word_1_240' title='bbox 2342 2204 2849 2271; x_wconf 81' lang='grc' dir='ltr'><strong>ὲξωκατακέλλους,</strong></span> <span class='ocrx_word' id='word_1_241' title='bbox 2881 2208 2977 2277; x_wconf 89' lang='lat' dir='ltr'><strong>qui</strong></span> <span class='ocrx_word' id='word_1_242' title='bbox 3010 2209 3316 2276; x_wconf 80' lang='grc' dir='ltr'>συγκέλλου</span> <span class='ocrx_word' id='word_1_243' title='bbox 3336 2205 3568 2276; x_wconf 88' lang='lat' dir='ltr'><strong>patriar-</strong></span> 
     </span>
    </p>
   </div>
   <div class='ocr_carea' id='block_1_30' title="bbox 309 2294 3568 2368">
    <p class='ocr_par' dir='ltr' id='par_1_30' title="bbox 309 2294 3568 2368">
     <span class='ocr_line' id='line_1_30' title="bbox 309 2294 3568 2368; baseline -0.001 -16"><span class='ocrx_word' id='word_1_244' title='bbox 309 2301 516 2368; x_wconf 72' lang='lat' dir='ltr'><strong>gratlus</strong></span> <span class='ocrx_word' id='word_1_245' title='bbox 568 2298 866 2364; x_wconf 77' lang='lat' dir='ltr'><strong>deiectum,</strong></span> <span class='ocrx_word' id='word_1_246' title='bbox 917 2299 1081 2368; x_wconf 72' lang='lat' dir='ltr'><strong>cuius</strong></span> <span class='ocrx_word' id='word_1_247' title='bbox 1120 2299 1253 2354; x_wconf 88' lang='lat' dir='ltr'><strong>illud</strong></span> <span class='ocrx_word' id='word_1_248' title='bbox 1307 2309 1392 2354; x_wconf 90' lang='lat' dir='ltr'><strong>est</strong></span> <span class='ocrx_word' id='word_1_249' title='bbox 1451 2298 1689 2365; x_wconf 80' lang='lat' dir='ltr'><strong>insigne,</strong></span> <span class='ocrx_word' id='word_1_250' title='bbox 1745 2296 1883 2350; x_wconf 81' lang='lat' dir='ltr'><strong>stola</strong></span> <span class='ocrx_word' id='word_1_251' title='bbox 1986 2294 2102 2348; x_wconf 72' lang='lat' dir='ltr'><strong>clue</strong></span> <span class='ocrx_word' id='word_1_252' title='bbox 2130 2296 2457 2350; x_wconf 84' lang='lat' dir='ltr'><strong>concellanei</strong></span> <span class='ocrx_word' id='word_1_253' title='bbox 2485 2298 2799 2367; x_wconf 78' lang='lat' dir='ltr'><strong>privilegio,</strong></span> <span class='ocrx_word' id='word_1_254' title='bbox 2835 2307 2894 2352; x_wconf 90' lang='lat' dir='ltr'><strong>ut</strong></span> <span class='ocrx_word' id='word_1_255' title='bbox 2935 2299 3001 2352; x_wconf 87' lang='lat' dir='ltr'><strong>ad</strong></span> <span class='ocrx_word' id='word_1_256' title='bbox 3037 2299 3153 2366; x_wconf 85' lang='lat' dir='ltr'><strong>ejus</strong></span> <span class='ocrx_word' id='word_1_257' title='bbox 3188 2299 3380 2351; x_wconf 81' lang='lat' dir='ltr'><strong>cellam</strong></span> <span class='ocrx_word' id='word_1_258' title='bbox 3413 2295 3568 2350; x_wconf 89' lang='lat' dir='ltr'><strong>habi-</strong></span> 
     </span>
    </p>
   </div>
   <div class='ocr_carea' id='block_1_31' title="bbox 311 2388 3568 2458">
    <p class='ocr_par' dir='ltr' id='par_1_31' title="bbox 311 2388 3568 2458">
     <span class='ocr_line' id='line_1_31' title="bbox 311 2388 3568 2458; baseline -0 -15"><span class='ocrx_word' id='word_1_259' title='bbox 311 2392 570 2444; x_wconf 89' lang='lat' dir='ltr'><strong>nimirum</strong></span> <span class='ocrx_word' id='word_1_260' title='bbox 627 2405 657 2444; x_wconf 91' lang='lat' dir='ltr'><strong>e</strong></span> <span class='ocrx_word' id='word_1_261' title='bbox 707 2389 852 2443; x_wconf 91' lang='lat' dir='ltr'><strong>collo</strong></span> <span class='ocrx_word' id='word_1_262' title='bbox 912 2405 1108 2445; x_wconf 86' lang='lat' dir='ltr'><strong>versus</strong></span> <span class='ocrx_word' id='word_1_263' title='bbox 1163 2391 1377 2444; x_wconf 89' lang='lat' dir='ltr'><strong>medias</strong></span> <span class='ocrx_word' id='word_1_264' title='bbox 1409 2389 1574 2444; x_wconf 83' lang='lat' dir='ltr'><strong>tibias</strong></span> <span class='ocrx_word' id='word_1_265' title='bbox 1610 2388 1880 2452; x_wconf 86' lang='lat' dir='ltr'><strong>deﬂuens,</strong></span> <span class='ocrx_word' id='word_1_266' title='bbox 1985 2395 2190 2452; x_wconf 91' lang='lat' dir='ltr'><strong>tarent,</strong></span> <span class='ocrx_word' id='word_1_267' title='bbox 2229 2403 2501 2456; x_wconf 90' lang='lat' dir='ltr'><strong>nusquam</strong></span> <span class='ocrx_word' id='word_1_268' title='bbox 2531 2389 2856 2458; x_wconf 79' lang='lat' dir='ltr'><strong>gauderent.</strong></span> <span class='ocrx_word' id='word_1_269' title='bbox 2919 2389 3110 2444; x_wconf 91' lang='lat' dir='ltr'><strong>Terret</strong></span> <span class='ocrx_word' id='word_1_270' title='bbox 3161 2404 3248 2443; x_wconf 88' lang='lat' dir='ltr'><strong>me</strong></span> <span class='ocrx_word' id='word_1_271' title='bbox 3290 2388 3568 2444; x_wconf 88' lang='lat' dir='ltr'><strong>nihilomi-</strong></span> 
     </span>
    </p>
   </div>
   <div class='ocr_carea' id='block_1_32' title="bbox 309 2477 3564 2551">
    <p class='ocr_par' dir='ltr' id='par_1_32' title="bbox 309 2477 3564 2551">
     <span class='ocr_line' id='line_1_32' title="bbox 309 2477 3564 2551; baseline -0.001 -16"><span class='ocrx_word' id='word_1_272' title='bbox 309 2482 466 2551; x_wconf 79' lang='lat' dir='ltr'><strong>cujus</strong></span> <span class='ocrx_word' id='word_1_273' title='bbox 495 2481 747 2550; x_wconf 72' lang='lat' dir='ltr'><strong>pendulae</strong></span> <span class='ocrx_word' id='word_1_274' title='bbox 773 2480 902 2534; x_wconf 87' lang='lat' dir='ltr'><strong>hinc</strong></span> <span class='ocrx_word' id='word_1_275' title='bbox 945 2480 1071 2535; x_wconf 89' lang='lat' dir='ltr'><strong>inde</strong></span> <span class='ocrx_word' id='word_1_276' title='bbox 1125 2491 1311 2550; x_wconf 88' lang='lat' dir='ltr'><strong>partes</strong></span> <span class='ocrx_word' id='word_1_277' title='bbox 1365 2481 1430 2535; x_wconf 86' lang='lat' dir='ltr'><strong>ad</strong></span> <span class='ocrx_word' id='word_1_278' title='bbox 1473 2480 1709 2534; x_wconf 83' lang='lat' dir='ltr'><strong>invicem</strong></span> <span class='ocrx_word' id='word_1_279' title='bbox 1756 2485 1887 2534; x_wconf 90' lang='lat' dir='ltr'><strong>sunt</strong></span> <span class='ocrx_word' id='word_1_280' title='bbox 1987 2490 2093 2530; x_wconf 92' lang='lat' dir='ltr'><strong>nus</strong></span> <span class='ocrx_word' id='word_1_281' title='bbox 2136 2491 2204 2530; x_wconf 92' lang='lat' dir='ltr'><strong>ne</strong></span> <span class='ocrx_word' id='word_1_282' title='bbox 2245 2477 2298 2530; x_wconf 90' lang='lat' dir='ltr'><strong>id</strong></span> <span class='ocrx_word' id='word_1_283' title='bbox 2349 2491 2638 2546; x_wconf 78' lang='lat' dir='ltr'><strong>suggeram</strong></span> <span class='ocrx_word' id='word_1_284' title='bbox 2679 2478 3134 2543; x_wconf 74' lang='grc' dir='ltr'>ὲξωκαιακοίλων</span> <span class='ocrx_word' id='word_1_285' title='bbox 3165 2479 3430 2545; x_wconf 70' lang='lat' dir='ltr'><strong>dignitas,</strong></span> <span class='ocrx_word' id='word_1_286' title='bbox 3477 2477 3564 2532; x_wconf 87' lang='lat' dir='ltr'><strong>cui</strong></span> 
     </span>
    </p>
   </div>
   <div class='ocr_carea' id='block_1_33' title="bbox 306 2560 3568 2642">
    <p class='ocr_par' dir='ltr' id='par_1_33' title="bbox 306 2560 3568 2642">
     <span class='ocr_line' id='line_1_33' title="bbox 306 2560 3568 2642; baseline -0.002 -14"><span class='ocrx_word' id='word_1_287' title='bbox 306 2573 595 2642; x_wconf 69' lang='lat' dir='ltr'><strong>Colligatae.</strong></span> <span class='ocrx_word' id='word_1_288' title='bbox 1695 2560 1703 2568; x_wconf 85' lang='grc'><strong>’</strong></span> <span class='ocrx_word' id='word_1_289' title='bbox 1985 2581 2017 2620; x_wconf 91' lang='lat' dir='ltr'><strong>a</strong></span> <span class='ocrx_word' id='word_1_290' title='bbox 2053 2566 2328 2636; x_wconf 82' lang='lat' dir='ltr'><strong>privilegii</strong></span> <span class='ocrx_word' id='word_1_291' title='bbox 2388 2569 2513 2624; x_wconf 90' lang='lat' dir='ltr'><strong>aliis</strong></span> <span class='ocrx_word' id='word_1_292' title='bbox 2562 2571 2813 2624; x_wconf 89' lang='lat' dir='ltr'><strong>concessi</strong></span> <span class='ocrx_word' id='word_1_293' title='bbox 2853 2571 3161 2639; x_wconf 88' lang='lat' dir='ltr'><strong>privatione</strong></span> <span class='ocrx_word' id='word_1_294' title='bbox 3199 2585 3408 2626; x_wconf 89' lang='lat' dir='ltr'><strong>nomen</strong></span> <span class='ocrx_word' id='word_1_295' title='bbox 3447 2584 3568 2622; x_wconf 83' lang='lat' dir='ltr'><strong>mu-</strong></span> 
     </span>
    </p>
   </div>
   <div class='ocr_carea' id='block_1_34' title="bbox 1987 2657 3568 2730">
    <p class='ocr_par' dir='ltr' id='par_1_34' title="bbox 1987 2657 3568 2730">
     <span class='ocr_line' id='line_1_34' title="bbox 1987 2657 3568 2730; baseline 0.001 -20"><span class='ocrx_word' id='word_1_296' title='bbox 1987 2657 2131 2711; x_wconf 89' lang='lat' dir='ltr'><strong>tuari</strong></span> <span class='ocrx_word' id='word_1_297' title='bbox 2167 2673 2398 2726; x_wconf 87' lang='lat' dir='ltr'><strong>prorsus</strong></span> <span class='ocrx_word' id='word_1_298' title='bbox 2431 2659 2736 2730; x_wconf 77' lang='lat' dir='ltr'><strong>indignum.</strong></span> <span class='ocrx_word' id='word_1_299' title='bbox 2767 2661 2954 2716; x_wconf 88' lang='lat' dir='ltr'><strong>Placet</strong></span> <span class='ocrx_word' id='word_1_300' title='bbox 2998 2661 3201 2716; x_wconf 90' lang='lat' dir='ltr'><strong>idcirco</strong></span> <span class='ocrx_word' id='word_1_301' title='bbox 3233 2662 3414 2730; x_wconf 80' lang='lat' dir='ltr'><strong>magis</strong></span> <span class='ocrx_word' id='word_1_302' title='bbox 3442 2659 3568 2714; x_wconf 85' lang='lat' dir='ltr'><strong>reli—</strong></span> 
     </span>
    </p>
   </div>
   <div class='ocr_carea' id='block_1_35' title="bbox 1986 2748 3568 2816">
    <p class='ocr_par' dir='ltr' id='par_1_35' title="bbox 1986 2748 3568 2816">
     <span class='ocr_line' id='line_1_35' title="bbox 1986 2748 3568 2816; baseline 0 -14"><span class='ocrx_word' id='word_1_303' title='bbox 1986 2762 2128 2816; x_wconf 89' lang='lat' dir='ltr'><strong>quos</strong></span> <span class='ocrx_word' id='word_1_304' title='bbox 2159 2762 2350 2802; x_wconf 86' lang='lat' dir='ltr'><strong>omnes</strong></span> <span class='ocrx_word' id='word_1_305' title='bbox 2392 2749 2476 2804; x_wconf 89' lang='lat' dir='ltr'><strong>bis</strong></span> <span class='ocrx_word' id='word_1_306' title='bbox 2517 2748 2808 2806; x_wconf 86' lang='lat' dir='ltr'><strong>inferiores</strong></span> <span class='ocrx_word' id='word_1_307' title='bbox 2863 2753 3094 2806; x_wconf 82' lang='lat' dir='ltr'><strong>clericos</strong></span> <span class='ocrx_word' id='word_1_308' title='bbox 3151 2767 3247 2806; x_wconf 88' lang='lat' dir='ltr'><strong>ceu</strong></span> <span class='ocrx_word' id='word_1_309' title='bbox 3304 2750 3568 2805; x_wconf 74' lang='grc' dir='ltr'>κατακοι-</span> 
     </span>
    </p>
   </div>
   <div class='ocr_carea' id='block_1_36' title="bbox 1984 2836 3567 2911">
    <p class='ocr_par' dir='ltr' id='par_1_36' title="bbox 1984 2836 3567 2911">
     <span class='ocr_line' id='line_1_36' title="bbox 1984 2836 3567 2911; baseline 0.002 -21"><span class='ocrx_word' id='word_1_310' title='bbox 1984 2836 2108 2901; x_wconf 63' lang='lat' dir='ltr'><strong>loc;</strong></span> <span class='ocrx_word' id='word_1_311' title='bbox 2132 2838 2247 2893; x_wconf 84' lang='lat' dir='ltr'><strong>loco</strong></span> <span class='ocrx_word' id='word_1_312' title='bbox 2283 2839 2614 2908; x_wconf 73' lang='lat' dir='ltr'><strong>depressiore</strong></span> <span class='ocrx_word' id='word_1_313' title='bbox 2657 2850 2707 2894; x_wconf 87' lang='lat' dir='ltr'><strong>et</strong></span> <span class='ocrx_word' id='word_1_314' title='bbox 2737 2842 2928 2896; x_wconf 81' lang='lat' dir='ltr'><strong>humili</strong></span> <span class='ocrx_word' id='word_1_315' title='bbox 2984 2843 3320 2897; x_wconf 66' lang='lat' dir='ltr'><strong>considente;</strong></span> <span class='ocrx_word' id='word_1_316' title='bbox 3363 2849 3567 2911; x_wconf 85' lang='lat' dir='ltr'><strong>specta-</strong></span> 
     </span>
    </p>
   </div>
   <div class='ocr_carea' id='block_1_37' title="bbox 1989 2927 3566 3006">
    <p class='ocr_par' dir='ltr' id='par_1_37' title="bbox 1989 2927 3566 3006">
     <span class='ocr_line' id='line_1_37' title="bbox 1989 2927 3566 3006; baseline 0.002 -24"><span class='ocrx_word' id='word_1_317' title='bbox 1989 2943 2072 2993; x_wconf 89' lang='lat' dir='ltr'><strong>re,</strong></span> <span class='ocrx_word' id='word_1_318' title='bbox 2107 2927 2210 2983; x_wconf 91' lang='lat' dir='ltr'><strong>hos</strong></span> <span class='ocrx_word' id='word_1_319' title='bbox 2237 2945 2366 2986; x_wconf 87' lang='lat' dir='ltr'><strong>vero</strong></span> <span class='ocrx_word' id='word_1_320' title='bbox 2399 2933 2517 2986; x_wconf 85' lang='lat' dir='ltr'><strong>sive</strong></span> <span class='ocrx_word' id='word_1_321' title='bbox 2547 2933 2604 2986; x_wconf 90' lang='lat' dir='ltr'><strong>in</strong></span> <span class='ocrx_word' id='word_1_322' title='bbox 2623 2933 2866 2988; x_wconf 74' lang='lat' dir='ltr'><strong>ecclesiae</strong></span> <span class='ocrx_word' id='word_1_323' title='bbox 2896 2948 3164 2988; x_wconf 90' lang='lat' dir='ltr'><strong>consessu</strong></span> <span class='ocrx_word' id='word_1_324' title='bbox 3209 2933 3331 2989; x_wconf 85' lang='lat' dir='ltr'><strong>sive</strong></span> <span class='ocrx_word' id='word_1_325' title='bbox 3355 2935 3407 2988; x_wconf 91' lang='lat' dir='ltr'><strong>in</strong></span> <span class='ocrx_word' id='word_1_326' title='bbox 3441 2947 3566 3006; x_wconf 88' lang='lat' dir='ltr'><strong>pro-</strong></span> 
     </span>
    </p>
   </div>
   <div class='ocr_carea' id='block_1_38' title="bbox 1983 3022 3568 3093">
    <p class='ocr_par' dir='ltr' id='par_1_38' title="bbox 1983 3022 3568 3093">
     <span class='ocr_line' id='line_1_38' title="bbox 1983 3022 3568 3093; baseline -0.003 -13"><span class='ocrx_word' id='word_1_327' title='bbox 1983 3022 2214 3080; x_wconf 88' lang='lat' dir='ltr'><strong>cedendi</strong></span> <span class='ocrx_word' id='word_1_328' title='bbox 2261 3022 2454 3078; x_wconf 89' lang='lat' dir='ltr'><strong>ordine</strong></span> <span class='ocrx_word' id='word_1_329' title='bbox 2511 3022 2626 3077; x_wconf 86' lang='lat' dir='ltr'><strong>sive</strong></span> <span class='ocrx_word' id='word_1_330' title='bbox 2659 3024 2725 3077; x_wconf 86' lang='lat' dir='ltr'><strong>ad</strong></span> <span class='ocrx_word' id='word_1_331' title='bbox 2765 3024 3138 3093; x_wconf 86' lang='lat' dir='ltr'><strong>patriarcham</strong></span> <span class='ocrx_word' id='word_1_332' title='bbox 3205 3024 3412 3080; x_wconf 81' lang='lat' dir='ltr'><strong>vicinia</strong></span> <span class='ocrx_word' id='word_1_333' title='bbox 3477 3037 3568 3076; x_wconf 87' lang='lat' dir='ltr'><strong>su-</strong></span> 
     </span>
    </p>
   </div>
   <div class='ocr_carea' id='block_1_39' title="bbox 1982 3113 3564 3184">
    <p class='ocr_par' dir='ltr' id='par_1_39' title="bbox 1982 3113 3564 3184">
     <span class='ocr_line' id='line_1_39' title="bbox 1982 3113 3564 3184; baseline -0.001 -19"><span class='ocrx_word' id='word_1_334' title='bbox 1982 3113 2267 3178; x_wconf 86' lang='lat' dir='ltr'><strong>blimiores</strong></span> <span class='ocrx_word' id='word_1_335' title='bbox 2339 3113 2511 3168; x_wconf 89' lang='lat' dir='ltr'><strong>multo</strong></span> <span class='ocrx_word' id='word_1_336' title='bbox 2564 3129 2626 3168; x_wconf 88' lang='lat' dir='ltr'><strong>ac</strong></span> <span class='ocrx_word' id='word_1_337' title='bbox 2668 3115 3095 3179; x_wconf 88' lang='lat' dir='ltr'><strong>eminentiores,</strong></span> <span class='ocrx_word' id='word_1_338' title='bbox 3152 3122 3208 3167; x_wconf 88' lang='lat' dir='ltr'><strong>et</strong></span> <span class='ocrx_word' id='word_1_339' title='bbox 3263 3115 3384 3184; x_wconf 85' lang='lat' dir='ltr'><strong>(qui</strong></span> <span class='ocrx_word' id='word_1_340' title='bbox 3437 3121 3564 3166; x_wconf 91' lang='lat' dir='ltr'><strong>sunt</strong></span> 
     </span>
    </p>
   </div>
   <div class='ocr_carea' id='block_1_40' title="bbox 1985 3203 3560 3275">
    <p class='ocr_par' dir='ltr' id='par_1_40' title="bbox 1985 3203 3560 3275">
     <span class='ocr_line' id='line_1_40' title="bbox 1985 3203 3560 3275; baseline -0.003 -18"><span class='ocrx_word' id='word_1_341' title='bbox 1985 3205 2148 3258; x_wconf 90' lang='lat' dir='ltr'><strong>modo</strong></span> <span class='ocrx_word' id='word_1_342' title='bbox 2225 3205 2612 3272; x_wconf 83' lang='lat' dir='ltr'><strong>spectatissimi</strong></span> <span class='ocrx_word' id='word_1_343' title='bbox 2691 3205 3023 3275; x_wconf 79' lang='lat' dir='ltr'><strong>cardinales)</strong></span> <span class='ocrx_word' id='word_1_344' title='bbox 3083 3203 3560 3268; x_wconf 78' lang='grc' dir='ltr'>ἐξωκατακοίλους</span> 
     </span>
    </p>
   </div>
   <div class='ocr_carea' id='block_1_41' title="bbox 1982 3295 3560 3367">
    <p class='ocr_par' dir='ltr' id='par_1_41' title="bbox 1982 3295 3560 3367">
     <span class='ocr_line' id='line_1_41' title="bbox 1982 3295 3560 3367; baseline -0.003 -18"><span class='ocrx_word' id='word_1_345' title='bbox 1982 3295 2245 3366; x_wconf 89' lang='lat' dir='ltr'><strong>perfecte,</strong></span> <span class='ocrx_word' id='word_1_346' title='bbox 2276 3297 2721 3351; x_wconf 81' lang='lat' dir='ltr'><strong>eminentissimos</strong></span> <span class='ocrx_word' id='word_1_347' title='bbox 2751 3296 3228 3367; x_wconf 80' lang='lat' dir='ltr'><strong>decernere3lo</strong></span> <span class='ocrx_word' id='word_1_348' title='bbox 3254 3295 3560 3351; x_wconf 86' lang='lat' dir='ltr'><strong>vocandos.</strong></span> 
     </span>
    </p>
   </div>
   <div class='ocr_carea' id='block_1_42' title="bbox 1982 3377 3558 3458">
    <p class='ocr_par' dir='ltr' id='par_1_42' title="bbox 1982 3377 3558 3458">
     <span class='ocr_line' id='line_1_42' title="bbox 1982 3377 3558 3458; baseline 0 -22"><span class='ocrx_word' id='word_1_349' title='bbox 1982 3385 2241 3441; x_wconf 86' lang='lat' dir='ltr'><strong>Detineor</strong></span> <span class='ocrx_word' id='word_1_350' title='bbox 2275 3397 2455 3441; x_wconf 88' lang='lat' dir='ltr'><strong>tamen</strong></span> <span class='ocrx_word' id='word_1_351' title='bbox 2493 3387 2790 3458; x_wconf 80' lang='lat' dir='ltr'><strong>Regiorum</strong></span> <span class='ocrx_word' id='word_1_352' title='bbox 2821 3387 3057 3442; x_wconf 83' lang='lat' dir='ltr'><strong>lectione</strong></span> <span class='ocrx_word' id='word_1_353' title='bbox 3112 3377 3304 3440; x_wconf 83' lang='lat' dir='ltr'><strong>vocem</strong></span> <span class='ocrx_word' id='word_1_354' title='bbox 3342 3386 3558 3440; x_wconf 86' lang='lat' dir='ltr'><strong>unicam</strong></span> 
     </span>
    </p>
   </div>
   <div class='ocr_carea' id='block_1_43' title="bbox 1981 3473 3560 3547">
    <p class='ocr_par' dir='ltr' id='par_1_43' title="bbox 1981 3473 3560 3547">
     <span class='ocr_line' id='line_1_43' title="bbox 1981 3473 3560 3547; baseline 0.001 -19"><span class='ocrx_word' id='word_1_355' title='bbox 1981 3476 2039 3530; x_wconf 90' lang='lat' dir='ltr'><strong>in</strong></span> <span class='ocrx_word' id='word_1_356' title='bbox 2069 3478 2206 3531; x_wconf 83' lang='lat' dir='ltr'><strong>duas</strong></span> <span class='ocrx_word' id='word_1_357' title='bbox 2245 3477 2540 3543; x_wconf 90' lang='lat' dir='ltr'><strong>dividente,</strong></span> <span class='ocrx_word' id='word_1_358' title='bbox 2591 3473 2964 3547; x_wconf 82' lang='lat' dir='ltr'><strong>diaconosque</strong></span> <span class='ocrx_word' id='word_1_359' title='bbox 3000 3487 3338 3532; x_wconf 87' lang='lat' dir='ltr'><strong>memoratos</strong></span> <span class='ocrx_word' id='word_1_360' title='bbox 3365 3476 3424 3540; x_wconf 79' lang='grc' dir='ltr'><strong>ἒξ</strong></span> <span class='ocrx_word' id='word_1_361' title='bbox 3458 3491 3560 3526; x_wconf 79' lang='grc' dir='ltr'>κα-</span> 
     </span>
    </p>
   </div>
   <div class='ocr_carea' id='block_1_44' title="bbox 1980 3567 3560 3636">
    <p class='ocr_par' dir='ltr' id='par_1_44' title="bbox 1980 3567 3560 3636">
     <span class='ocr_line' id='line_1_44' title="bbox 1980 3567 3560 3636; baseline -0.003 -16"><span class='ocrx_word' id='word_1_362' title='bbox 1980 3569 2289 3634; x_wconf 82' lang='grc' dir='ltr'>τακοίλους,</span> <span class='ocrx_word' id='word_1_363' title='bbox 2326 3586 2420 3624; x_wconf 74' lang='lat' dir='ltr'><strong>sex</strong></span> <span class='ocrx_word' id='word_1_364' title='bbox 2453 3570 2750 3634; x_wconf 83' lang='lat' dir='ltr'><strong>depressos,</strong></span> <span class='ocrx_word' id='word_1_365' title='bbox 2787 3568 3113 3636; x_wconf 64' lang='lat' dir='ltr'><strong>patriarchae</strong></span> <span class='ocrx_word' id='word_1_366' title='bbox 3146 3567 3414 3626; x_wconf 81' lang='lat' dir='ltr'><strong>nimirum</strong></span> <span class='ocrx_word' id='word_1_367' title='bbox 3472 3579 3560 3616; x_wconf 80' lang='lat' dir='ltr'><strong>as—</strong></span> 
     </span>
    </p>
   </div>
   <div class='ocr_carea' id='block_1_45' title="bbox 1978 3655 3560 3730">
    <p class='ocr_par' dir='ltr' id='par_1_45' title="bbox 1978 3655 3560 3730">
     <span class='ocr_line' id='line_1_45' title="bbox 1978 3655 3560 3730; baseline -0.004 -15"><span class='ocrx_word' id='word_1_368' title='bbox 1978 3674 2242 3721; x_wconf 88' lang='lat' dir='ltr'><strong>sessores,</strong></span> <span class='ocrx_word' id='word_1_369' title='bbox 2276 3675 2462 3714; x_wconf 87' lang='lat' dir='ltr'><strong>verum</strong></span> <span class='ocrx_word' id='word_1_370' title='bbox 2505 3659 2790 3730; x_wconf 77' lang='lat' dir='ltr'><strong>dignitate,</strong></span> <span class='ocrx_word' id='word_1_371' title='bbox 2821 3658 2966 3727; x_wconf 74' lang='lat' dir='ltr'><strong>jure,</strong></span> <span class='ocrx_word' id='word_1_372' title='bbox 2993 3658 3137 3724; x_wconf 89' lang='lat' dir='ltr'><strong>loco,</strong></span> <span class='ocrx_word' id='word_1_373' title='bbox 3175 3666 3449 3726; x_wconf 81' lang='lat' dir='ltr'><strong>poteStatc</strong></span> <span class='ocrx_word' id='word_1_374' title='bbox 3481 3655 3560 3708; x_wconf 93' lang='lat' dir='ltr'><strong>in-</strong></span> 
     </span>
    </p>
   </div>
   <div class='ocr_carea' id='block_1_46' title="bbox 1975 3746 3584 3823">
    <p class='ocr_par' dir='ltr' id='par_1_46' title="bbox 1975 3746 3584 3823">
     <span class='ocr_line' id='line_1_46' title="bbox 1975 3746 3584 3823; baseline -0.003 -21"><span class='ocrx_word' id='word_1_375' title='bbox 1975 3748 2211 3805; x_wconf 82' lang='lat' dir='ltr'><strong>feriores</strong></span> <span class='ocrx_word' id='word_1_376' title='bbox 2239 3750 2484 3805; x_wconf 89' lang='lat' dir='ltr'><strong>omnino.</strong></span> <span class='ocrx_word' id='word_1_377' title='bbox 2508 3751 2779 3803; x_wconf 84' lang='lat' dir='ltr'><strong>Arriserat</strong></span> <span class='ocrx_word' id='word_1_378' title='bbox 2809 3749 2962 3818; x_wconf 88' lang='lat' dir='ltr'><strong>prius</strong></span> <span class='ocrx_word' id='word_1_379' title='bbox 2994 3765 3055 3802; x_wconf 90' lang='lat' dir='ltr'><strong>ea</strong></span> <span class='ocrx_word' id='word_1_380' title='bbox 3090 3748 3233 3803; x_wconf 81' lang='lat' dir='ltr'><strong>vocis</strong></span> <span class='ocrx_word' id='word_1_381' title='bbox 3258 3746 3584 3823; x_wconf 80' lang='lat' dir='ltr'><strong>expositio,_</strong></span> 
     </span>
    </p>
   </div>
   <div class='ocr_carea' id='block_1_47' title="bbox 693 3827 3552 3919">
    <p class='ocr_par' dir='ltr' id='par_1_47' title="bbox 697 3827 3552 3919">
     <span class='ocr_line' id='line_1_47' title="bbox 697 3827 3552 3919; baseline -0.001 -28"><span class='ocrx_word' id='word_1_382' title='bbox 697 3827 979 3919; x_wconf 36' lang='lat' dir='ltr'><strong>“qui”</strong></span> <span class='ocrx_word' id='word_1_383' title='bbox 1009 3827 1640 3868; x_wconf 45' lang='lat' dir='ltr'><strong>WWWWV’W‘UPWUW&#39;</strong></span> <span class='ocrx_word' id='word_1_384' title='bbox 1673 3827 1823 3853; x_wconf 56' lang='lat'><strong>0&quot;”</strong></span> <span class='ocrx_word' id='word_1_385' title='bbox 1850 3827 1871 3870; x_wconf 63' lang='grc'><strong><em>³</em></strong></span> <span class='ocrx_word' id='word_1_386' title='bbox 1976 3855 2099 3909; x_wconf 70' lang='lat' dir='ltr'><strong>qua:</strong></span> <span class='ocrx_word' id='word_1_387' title='bbox 2135 3843 2340 3910; x_wconf 82' lang='lat' dir='ltr'><strong>regiam</strong></span> <span class='ocrx_word' id='word_1_388' title='bbox 2364 3827 2557 3896; x_wconf 83' lang='lat' dir='ltr'><strong>urbem</strong></span> <span class='ocrx_word' id='word_1_389' title='bbox 2591 3839 2696 3894; x_wconf 69' lang='grc' dir='ltr'><strong>(ΞΡ.</strong></span> <span class='ocrx_word' id='word_1_390' title='bbox 2726 3840 2793 3893; x_wconf 90' lang='lat' dir='ltr'><strong>ad</strong></span> <span class='ocrx_word' id='word_1_391' title='bbox 2829 3843 3028 3894; x_wconf 81' lang='lat' dir='ltr'><strong>veteris</strong></span> <span class='ocrx_word' id='word_1_392' title='bbox 3071 3840 3260 3894; x_wconf 61' lang='lat' dir='ltr'><strong>Romae</strong></span> <span class='ocrx_word' id='word_1_393' title='bbox 3296 3840 3480 3894; x_wconf 81' lang='lat' dir='ltr'><strong>instar</strong></span> <span class='ocrx_word' id='word_1_394' title='bbox 3502 3839 3552 3890; x_wconf 78' lang='lat' dir='ltr'><strong>in</strong></span> 
     </span>
    </p>
   </div>
   <div class='ocr_carea' id='block_1_48' title="bbox 369 3904 3552 4000">
    <p class='ocr_par' dir='ltr' id='par_1_48' title="bbox 369 3904 3552 4000">
     <span class='ocr_line' id='line_1_48' title="bbox 369 3904 3552 4000; baseline 0 -23"><span class='ocrx_word' id='word_1_395' title='bbox 369 3904 429 3958; x_wconf 64' lang='grc' dir='ltr'><strong>Ρ*</strong></span> <span class='ocrx_word' id='word_1_396' title='bbox 463 3905 551 3959; x_wconf 76' lang='grc' dir='ltr'><strong>δδ·</strong></span> <span class='ocrx_word' id='word_1_397' title='bbox 580 3905 778 4000; x_wconf 12' lang='grc' dir='ltr'><strong>³¹¹ηίι¹ᾃ⁵</strong></span> <span class='ocrx_word' id='word_1_398' title='bbox 836 3906 1066 3996; x_wconf 45' lang='lat' dir='ltr'><strong>&quot;Ml&quot;?</strong></span> <span class='ocrx_word' id='word_1_399' title='bbox 1095 3923 1383 3978; x_wconf 61' lang='lat' dir='ltr'><strong>Perperam</strong></span> <span class='ocrx_word' id='word_1_400' title='bbox 1435 3910 1716 3964; x_wconf 67' lang='grc' dir='ltr'><strong>εαιαεωίω</strong></span> <span class='ocrx_word' id='word_1_401' title='bbox 1774 3926 1872 3982; x_wconf 66' lang='lat' dir='ltr'><strong>Pro</strong></span> <span class='ocrx_word' id='word_1_402' title='bbox 1979 3904 2262 3986; x_wconf 76' lang='lat' dir='ltr'><strong>montibus</strong></span> <span class='ocrx_word' id='word_1_403' title='bbox 2292 3940 2345 3984; x_wconf 91' lang='lat' dir='ltr'><strong>ct</strong></span> <span class='ocrx_word' id='word_1_404' title='bbox 2377 3932 2613 3987; x_wconf 85' lang='lat' dir='ltr'><strong>vallibus</strong></span> <span class='ocrx_word' id='word_1_405' title='bbox 2650 3933 2817 3986; x_wconf 90' lang='lat' dir='ltr'><strong>variis</strong></span> <span class='ocrx_word' id='word_1_406' title='bbox 2847 3932 3030 3995; x_wconf 86' lang='lat' dir='ltr'><strong>sitam,</strong></span> <span class='ocrx_word' id='word_1_407' title='bbox 3060 3931 3330 4000; x_wconf 89' lang='lat' dir='ltr'><strong>quasdam</strong></span> <span class='ocrx_word' id='word_1_408' title='bbox 3390 3928 3552 3985; x_wconf 87' lang='lat' dir='ltr'><strong>etiam</strong></span> 
     </span>
    </p>
   </div>
   <div class='ocr_carea' id='block_1_49' title="bbox 298 3998 1891 4077">
    <p class='ocr_par' dir='ltr' id='par_1_49' title="bbox 298 3998 936 4056">
     <span class='ocr_line' id='line_1_49' title="bbox 298 3998 936 4056; baseline 0.013 -8"><span class='ocrx_word' id='word_1_409' title='bbox 298 4000 697 4052; x_wconf 73' lang='lat' dir='ltr'><strong>exocutacaelos.</strong></span> <span class='ocrx_word' id='word_1_410' title='bbox 731 3998 936 4056; x_wconf 74' lang='lat' dir='ltr'><strong>Gners.</strong></span> 
     </span>
    </p>
   </div>
   <div class='ocr_carea' id='block_1_50' title="bbox 1982 3998 3555 4077">
    <p class='ocr_par' dir='ltr' id='par_1_50' title="bbox 1982 4021 3555 4077">
     <span class='ocr_line' id='line_1_50' title="bbox 1982 4021 3555 4077; baseline -0.005 -1"><span class='ocrx_word' id='word_1_411' title='bbox 1982 4021 2242 4076; x_wconf 84' lang='lat' dir='ltr'><strong>ecclesias</strong></span> <span class='ocrx_word' id='word_1_412' title='bbox 2262 4029 2376 4076; x_wconf 92' lang='lat' dir='ltr'><strong>tum</strong></span> <span class='ocrx_word' id='word_1_413' title='bbox 2411 4022 2466 4077; x_wconf 89' lang='lat' dir='ltr'><strong>in</strong></span> <span class='ocrx_word' id='word_1_414' title='bbox 2492 4022 2614 4077; x_wconf 88' lang='lat' dir='ltr'><strong>istis</strong></span> <span class='ocrx_word' id='word_1_415' title='bbox 2638 4030 2750 4076; x_wconf 88' lang='lat' dir='ltr'><strong>tum</strong></span> <span class='ocrx_word' id='word_1_416' title='bbox 2786 4022 2840 4075; x_wconf 92' lang='lat' dir='ltr'><strong>in</strong></span> <span class='ocrx_word' id='word_1_417' title='bbox 2874 4023 2984 4075; x_wconf 91' lang='lat' dir='ltr'><strong>illis</strong></span> <span class='ocrx_word' id='word_1_418' title='bbox 3031 4021 3402 4075; x_wconf 66' lang='lat' dir='ltr'><strong>exaadiiicatas</strong></span> <span class='ocrx_word' id='word_1_419' title='bbox 3424 4033 3555 4071; x_wconf 87' lang='lat' dir='ltr'><strong>con-</strong></span> 
     </span>
    </p>
   </div>
   <div class='ocr_carea' id='block_1_51' title="bbox 371 4112 3556 4190">
    <p class='ocr_par' dir='ltr' id='par_1_51' title="bbox 371 4112 3556 4190">
     <span class='ocr_line' id='line_1_51' title="bbox 371 4112 3556 4190; baseline -0 -24"><span class='ocrx_word' id='word_1_420' title='bbox 371 4112 514 4166; x_wconf 82' lang='lat' dir='ltr'><strong>lbid.</strong></span> <span class='ocrx_word' id='word_1_421' title='bbox 544 4112 610 4188; x_wconf 84' lang='lat' dir='ltr'><strong>[E</strong></span> <span class='ocrx_word' id='word_1_422' title='bbox 634 4129 824 4170; x_wconf 87' lang='lat' dir='ltr'><strong>novem</strong></span> <span class='ocrx_word' id='word_1_423' title='bbox 857 4116 1174 4172; x_wconf 87' lang='lat' dir='ltr'><strong>officialium</strong></span> <span class='ocrx_word' id='word_1_424' title='bbox 1198 4117 1406 4188; x_wconf 76' lang='lat' dir='ltr'><strong>Magnae</strong></span> <span class='ocrx_word' id='word_1_425' title='bbox 1423 4118 1669 4174; x_wconf 80' lang='lat' dir='ltr'><strong>ecclesiae</strong></span> <span class='ocrx_word' id='word_1_426' title='bbox 1687 4130 1875 4190; x_wconf 87' lang='lat' dir='ltr'><strong>penta-</strong></span> <span class='ocrx_word' id='word_1_427' title='bbox 1976 4113 2259 4182; x_wconf 80' lang='lat' dir='ltr'><strong>templata,</strong></span> <span class='ocrx_word' id='word_1_428' title='bbox 2293 4112 2651 4166; x_wconf 83' lang='lat' dir='ltr'><strong>humiliorum</strong></span> <span class='ocrx_word' id='word_1_429' title='bbox 2713 4114 2962 4168; x_wconf 88' lang='lat' dir='ltr'><strong>locorum</strong></span> <span class='ocrx_word' id='word_1_430' title='bbox 3009 4113 3252 4167; x_wconf 89' lang='lat' dir='ltr'><strong>oratoria</strong></span> <span class='ocrx_word' id='word_1_431' title='bbox 3296 4113 3486 4182; x_wconf 80' lang='lat' dir='ltr'><strong>minus</strong></span> <span class='ocrx_word' id='word_1_432' title='bbox 3525 4121 3556 4160; x_wconf 77' lang='grc' dir='ltr'><strong>θ</strong></span> 
     </span>
    </p>
   </div>
   <div class='ocr_carea' id='block_1_52' title="bbox 297 4203 3552 4279">
    <p class='ocr_par' dir='ltr' id='par_1_52' title="bbox 297 4203 3552 4279">
     <span class='ocr_line' id='line_1_52' title="bbox 297 4203 3552 4279; baseline 0.003 -20"><span class='ocrx_word' id='word_1_433' title='bbox 297 4205 458 4259; x_wconf 89' lang='lat' dir='ltr'><strong>dibus</strong></span> <span class='ocrx_word' id='word_1_434' title='bbox 489 4207 652 4276; x_wconf 89' lang='lat' dir='ltr'><strong>primi</strong></span> <span class='ocrx_word' id='word_1_435' title='bbox 684 4222 805 4272; x_wconf 77' lang='lat' dir='ltr'><strong>sex,</strong></span> <span class='ocrx_word' id='word_1_436' title='bbox 840 4223 1166 4265; x_wconf 75' lang='lat' dir='ltr'><strong>teconomus</strong></span> <span class='ocrx_word' id='word_1_437' title='bbox 1202 4211 1490 4274; x_wconf 88' lang='lat' dir='ltr'><strong>nimirum,</strong></span> <span class='ocrx_word' id='word_1_438' title='bbox 1521 4211 1868 4279; x_wconf 82' lang='lat' dir='ltr'><strong>sacellarius,</strong></span> <span class='ocrx_word' id='word_1_439' title='bbox 1975 4203 2126 4258; x_wconf 67' lang='lat' dir='ltr'><strong>Clem</strong></span> <span class='ocrx_word' id='word_1_440' title='bbox 2159 4205 2341 4274; x_wconf 67' lang='lat' dir='ltr'><strong>dignis</strong></span> <span class='ocrx_word' id='word_1_441' title='bbox 2386 4206 2692 4275; x_wconf 72' lang='lat' dir='ltr'><strong>assignaret</strong></span> <span class='ocrx_word' id='word_1_442' title='bbox 2723 4206 3009 4274; x_wconf 59' lang='lat' dir='ltr'><strong>regendas,</strong></span> <span class='ocrx_word' id='word_1_443' title='bbox 3059 4205 3373 4275; x_wconf 65' lang='lat' dir='ltr'><strong>PFTL‘iPUaS</strong></span> <span class='ocrx_word' id='word_1_444' title='bbox 3404 4215 3552 4262; x_wconf 66' lang='grc' dir='ltr'><strong>νεῖον</strong></span> 
     </span>
    </p>
   </div>
   <div class='ocr_carea' id='block_1_53' title="bbox 304 4295 3550 4372">
    <p class='ocr_par' dir='ltr' id='par_1_53' title="bbox 304 4295 3550 4372">
     <span class='ocr_line' id='line_1_53' title="bbox 304 4295 3550 4372; baseline -0.001 -21"><span class='ocrx_word' id='word_1_445' title='bbox 304 4299 698 4368; x_wconf 76' lang='lat' dir='ltr'><strong>scevopbylax,</strong></span> <span class='ocrx_word' id='word_1_446' title='bbox 748 4299 1170 4371; x_wconf 72' lang='lat' dir='ltr'><strong>chartophylaz,</strong></span> <span class='ocrx_word' id='word_1_447' title='bbox 1236 4303 1455 4358; x_wconf 70' lang='lat' dir='ltr'><strong>sacellae</strong></span> <span class='ocrx_word' id='word_1_448' title='bbox 1520 4307 1870 4372; x_wconf 58' lang='lat' dir='ltr'><strong>pra’positus,</strong></span> <span class='ocrx_word' id='word_1_449' title='bbox 1973 4310 2097 4364; x_wconf 76' lang='lat' dir='ltr'><strong>quae</strong></span> <span class='ocrx_word' id='word_1_450' title='bbox 2126 4295 2176 4348; x_wconf 90' lang='lat' dir='ltr'><strong>in</strong></span> <span class='ocrx_word' id='word_1_451' title='bbox 2212 4297 2494 4352; x_wconf 90' lang='lat' dir='ltr'><strong>montibus</strong></span> <span class='ocrx_word' id='word_1_452' title='bbox 2538 4298 2888 4352; x_wconf 88' lang='lat' dir='ltr'><strong>fundamenta</strong></span> <span class='ocrx_word' id='word_1_453' title='bbox 2924 4299 3100 4367; x_wconf 78' lang='lat' dir='ltr'><strong>posita</strong></span> <span class='ocrx_word' id='word_1_454' title='bbox 3161 4297 3550 4354; x_wconf 86' lang='lat' dir='ltr'><strong>nancisceren-</strong></span> 
     </span>
    </p>
   </div>
   <div class='ocr_carea' id='block_1_54' title="bbox 297 4381 1891 4464">
    <p class='ocr_par' dir='ltr' id='par_1_54' title="bbox 297 4388 1873 4464">
     <span class='ocr_line' id='line_1_54' title="bbox 297 4388 1873 4464; baseline 0.005 -23"><span class='ocrx_word' id='word_1_455' title='bbox 297 4389 580 4457; x_wconf 88' lang='lat' dir='ltr'><strong>hodieque</strong></span> <span class='ocrx_word' id='word_1_456' title='bbox 651 4388 860 4454; x_wconf 90' lang='lat' dir='ltr'><strong>primus</strong></span> <span class='ocrx_word' id='word_1_457' title='bbox 913 4390 1264 4446; x_wconf 80' lang='lat' dir='ltr'><strong>defensorum</strong></span> <span class='ocrx_word' id='word_1_458' title='bbox 1339 4393 1636 4464; x_wconf 81' lang='lat' dir='ltr'><strong>(quondam</strong></span> <span class='ocrx_word' id='word_1_459' title='bbox 1690 4406 1873 4464; x_wconf 80' lang='lat' dir='ltr'><strong>proto-</strong></span> 
     </span>
    </p>
   </div>
   <div class='ocr_carea' id='block_1_55' title="bbox 1982 4381 3550 4464">
    <p class='ocr_par' dir='ltr' id='par_1_55' title="bbox 1982 4381 3550 4452">
     <span class='ocr_line' id='line_1_55' title="bbox 1982 4381 3550 4452; baseline -0.003 -14"><span class='ocrx_word' id='word_1_460' title='bbox 1982 4393 2084 4448; x_wconf 87' lang='lat' dir='ltr'><strong>lur,</strong></span> <span class='ocrx_word' id='word_1_461' title='bbox 2155 4385 2244 4440; x_wconf 80' lang='lat' dir='ltr'><strong>his</strong></span> <span class='ocrx_word' id='word_1_462' title='bbox 2289 4386 2753 4452; x_wconf 76' lang='grc' dir='ltr'>ὲξωκατακοίλοις</span> <span class='ocrx_word' id='word_1_463' title='bbox 2811 4388 2960 4441; x_wconf 75' lang='lat' dir='ltr'><strong>velut</strong></span> <span class='ocrx_word' id='word_1_464' title='bbox 3023 4396 3234 4442; x_wconf 83' lang='lat' dir='ltr'><strong>montes</strong></span> <span class='ocrx_word' id='word_1_465' title='bbox 3306 4381 3550 4440; x_wconf 87' lang='lat' dir='ltr'><strong>lucernis</strong></span> 
     </span>
    </p>
   </div>
   <div class='ocr_carea' id='block_1_56' title="bbox 298 4476 3546 4550">
    <p class='ocr_par' dir='ltr' id='par_1_56' title="bbox 298 4476 3546 4550">
     <span class='ocr_line' id='line_1_56' title="bbox 298 4476 3546 4550; baseline -0.002 -20"><span class='ocrx_word' id='word_1_466' title='bbox 298 4477 574 4545; x_wconf 86' lang='lat' dir='ltr'><strong>notarius)</strong></span> <span class='ocrx_word' id='word_1_467' title='bbox 628 4476 696 4532; x_wconf 85' lang='lat' dir='ltr'><strong>ab</strong></span> <span class='ocrx_word' id='word_1_468' title='bbox 750 4480 1072 4533; x_wconf 87' lang='lat' dir='ltr'><strong>auctoribus</strong></span> <span class='ocrx_word' id='word_1_469' title='bbox 1161 4482 1436 4550; x_wconf 87' lang='lat' dir='ltr'><strong>plerisque</strong></span> <span class='ocrx_word' id='word_1_470' title='bbox 1497 4483 1867 4547; x_wconf 81' lang='grc' dir='ltr'>ὲξωκατάκοι-</span> <span class='ocrx_word' id='word_1_471' title='bbox 1974 4487 2278 4532; x_wconf 79' lang='lat' dir='ltr'><strong>reservatus</strong></span> <span class='ocrx_word' id='word_1_472' title='bbox 2302 4488 2576 4532; x_wconf 85' lang='lat' dir='ltr'><strong>censeret.</strong></span> <span class='ocrx_word' id='word_1_473' title='bbox 2635 4477 2840 4532; x_wconf 70' lang='lat' dir='ltr'><strong>Prmter</strong></span> <span class='ocrx_word' id='word_1_474' title='bbox 2888 4477 3113 4532; x_wconf 79' lang='lat' dir='ltr'><strong>Junium</strong></span> <span class='ocrx_word' id='word_1_475' title='bbox 3175 4476 3546 4546; x_wconf 74' lang='lat' dir='ltr'><strong>coniectorem</strong></span> 
     </span>
    </p>
   </div>
   <div class='ocr_carea' id='block_1_57' title="bbox 295 4564 3545 4672">
    <p class='ocr_par' dir='ltr' id='par_1_57' title="bbox 295 4564 3545 4672">
     <span class='ocr_line' id='line_1_57' title="bbox 295 4564 3545 4672; baseline -0.002 -52"><span class='ocrx_word' id='word_1_476' title='bbox 295 4565 380 4618; x_wconf 89' lang='grc' dir='ltr'><strong>λοι</strong></span> <span class='ocrx_word' id='word_1_477' title='bbox 410 4564 692 4634; x_wconf 85' lang='lat' dir='ltr'><strong>appellati.</strong></span> <span class='ocrx_word' id='word_1_478' title='bbox 749 4564 907 4619; x_wconf 80' lang='lat' dir='ltr'><strong>Ratio</strong></span> <span class='ocrx_word' id='word_1_479' title='bbox 933 4568 1101 4621; x_wconf 88' lang='lat' dir='ltr'><strong>dubia</strong></span> <span class='ocrx_word' id='word_1_480' title='bbox 1130 4580 1233 4633; x_wconf 86' lang='lat' dir='ltr'><strong>est,</strong></span> <span class='ocrx_word' id='word_1_481' title='bbox 1263 4579 1316 4624; x_wconf 90' lang='lat' dir='ltr'><strong>et</strong></span> <span class='ocrx_word' id='word_1_482' title='bbox 1342 4571 1490 4626; x_wconf 88' lang='lat' dir='ltr'><strong>circa</strong></span> <span class='ocrx_word' id='word_1_483' title='bbox 1523 4586 1710 4627; x_wconf 84' lang='lat' dir='ltr'><strong>vocem</strong></span> <span class='ocrx_word' id='word_1_484' title='bbox 1734 4589 1868 4631; x_wconf 83' lang='lat' dir='ltr'><strong>con-</strong></span> <span class='ocrx_word' id='word_1_485' title='bbox 1900 4615 1944 4672; x_wconf 65' lang='grc' dir='ltr'>υ</span> <span class='ocrx_word' id='word_1_486' title='bbox 1977 4567 2119 4623; x_wconf 89' lang='lat' dir='ltr'><strong>alius</strong></span> <span class='ocrx_word' id='word_1_487' title='bbox 2142 4583 2250 4622; x_wconf 91' lang='lat' dir='ltr'><strong>non</strong></span> <span class='ocrx_word' id='word_1_488' title='bbox 2289 4569 2462 4622; x_wconf 87' lang='lat' dir='ltr'><strong>adfuit</strong></span> <span class='ocrx_word' id='word_1_489' title='bbox 2507 4569 2599 4638; x_wconf 90' lang='lat' dir='ltr'><strong>qui</strong></span> <span class='ocrx_word' id='word_1_490' title='bbox 2639 4570 2966 4625; x_wconf 87' lang='lat' dir='ltr'><strong>sententiam</strong></span> <span class='ocrx_word' id='word_1_491' title='bbox 3036 4571 3281 4623; x_wconf 83' lang='lat' dir='ltr'><strong>firmaret</strong></span> <span class='ocrx_word' id='word_1_492' title='bbox 3331 4575 3545 4624; x_wconf 89' lang='lat' dir='ltr'><strong>auctor.</strong></span> 
     </span>
    </p>
   </div>
   <div class='ocr_carea' id='block_1_58' title="bbox 290 4653 3548 4735">
    <p class='ocr_par' dir='ltr' id='par_1_58' title="bbox 290 4653 3548 4735">
     <span class='ocr_line' id='line_1_58' title="bbox 290 4653 3548 4735; baseline 0.006 -26"><span class='ocrx_word' id='word_1_493' title='bbox 290 4656 524 4723; x_wconf 82' lang='lat' dir='ltr'><strong>jccturis</strong></span> <span class='ocrx_word' id='word_1_494' title='bbox 549 4657 837 4725; x_wconf 87' lang='lat' dir='ltr'><strong>hucusque</strong></span> <span class='ocrx_word' id='word_1_495' title='bbox 862 4658 1044 4713; x_wconf 90' lang='lat' dir='ltr'><strong>lusum</strong></span> <span class='ocrx_word' id='word_1_496' title='bbox 1080 4671 1163 4714; x_wconf 91' lang='lat' dir='ltr'><strong>est</strong></span> <span class='ocrx_word' id='word_1_497' title='bbox 1210 4663 1447 4717; x_wconf 86' lang='lat' dir='ltr'><strong>abunde.</strong></span> <span class='ocrx_word' id='word_1_498' title='bbox 1482 4661 1676 4718; x_wconf 85' lang='lat' dir='ltr'><strong>Paucis</strong></span> <span class='ocrx_word' id='word_1_499' title='bbox 1705 4682 1862 4735; x_wconf 70' lang='lat' dir='ltr'><strong>nugae</strong></span> <span class='ocrx_word' id='word_1_500' title='bbox 1900 4653 1941 4672; x_wconf 75' lang='grc'><strong><em>“’</em></strong></span> <span class='ocrx_word' id='word_1_501' title='bbox 1983 4660 2056 4714; x_wconf 78' lang='lat' dir='ltr'><strong>Ea</strong></span> <span class='ocrx_word' id='word_1_502' title='bbox 2095 4677 2238 4714; x_wconf 77' lang='lat' dir='ltr'><strong>nunc</strong></span> <span class='ocrx_word' id='word_1_503' title='bbox 2262 4659 2384 4714; x_wconf 77' lang='lat' dir='ltr'><strong>ideo</strong></span> <span class='ocrx_word' id='word_1_504' title='bbox 2417 4677 2524 4714; x_wconf 81' lang='grc' dir='ltr'>ιιοη</span> <span class='ocrx_word' id='word_1_505' title='bbox 2561 4661 2743 4715; x_wconf 70' lang='lat' dir='ltr'><strong>acrius</strong></span> <span class='ocrx_word' id='word_1_506' title='bbox 2773 4661 3018 4726; x_wconf 74' lang='lat' dir='ltr'><strong>defensa.</strong></span> <span class='ocrx_word' id='word_1_507' title='bbox 3067 4661 3288 4732; x_wconf 72' lang='lat' dir='ltr'><strong>Georgii</strong></span> <span class='ocrx_word' id='word_1_508' title='bbox 3337 4653 3548 4715; x_wconf 67' lang='grc' dir='ltr'>εονθείί</span> 
     </span>
    </p>
   </div>
   <div class='ocr_carea' id='block_1_59' title="bbox 297 4751 3548 4826">
    <p class='ocr_par' dir='ltr' id='par_1_59' title="bbox 297 4751 3548 4826">
     <span class='ocr_line' id='line_1_59' title="bbox 297 4751 3548 4826; baseline 0 -22"><span class='ocrx_word' id='word_1_509' title='bbox 297 4751 637 4820; x_wconf 67' lang='lat' dir='ltr'><strong>reﬁciendae,</strong></span> <span class='ocrx_word' id='word_1_510' title='bbox 663 4751 887 4807; x_wconf 86' lang='lat' dir='ltr'><strong>brevius</strong></span> <span class='ocrx_word' id='word_1_511' title='bbox 920 4768 1145 4822; x_wconf 87' lang='lat' dir='ltr'><strong>quoque</strong></span> <span class='ocrx_word' id='word_1_512' title='bbox 1179 4770 1306 4808; x_wconf 86' lang='lat' dir='ltr'><strong>vera</strong></span> <span class='ocrx_word' id='word_1_513' title='bbox 1365 4758 1634 4811; x_wconf 90' lang='lat' dir='ltr'><strong>sententia</strong></span> <span class='ocrx_word' id='word_1_514' title='bbox 1687 4757 1871 4826; x_wconf 87' lang='lat' dir='ltr'><strong>profc-</strong></span> <span class='ocrx_word' id='word_1_515' title='bbox 1981 4755 2101 4808; x_wconf 89' lang='lat' dir='ltr'><strong>suis</strong></span> <span class='ocrx_word' id='word_1_516' title='bbox 2137 4769 2222 4807; x_wconf 90' lang='lat' dir='ltr'><strong>me</strong></span> <span class='ocrx_word' id='word_1_517' title='bbox 2253 4753 2451 4808; x_wconf 87' lang='lat' dir='ltr'><strong>litteris</strong></span> <span class='ocrx_word' id='word_1_518' title='bbox 2471 4753 2645 4808; x_wconf 87' lang='lat' dir='ltr'><strong>amice</strong></span> <span class='ocrx_word' id='word_1_519' title='bbox 2675 4753 3054 4808; x_wconf 86' lang='lat' dir='ltr'><strong>convenientis</strong></span> <span class='ocrx_word' id='word_1_520' title='bbox 3079 4753 3348 4807; x_wconf 88' lang='lat' dir='ltr'><strong>diversam</strong></span> <span class='ocrx_word' id='word_1_521' title='bbox 3401 4765 3548 4803; x_wconf 83' lang='lat' dir='ltr'><strong>mett-</strong></span> 
     </span>
    </p>
   </div>
   <div class='ocr_carea' id='block_1_60' title="bbox 295 4836 3548 4917">
    <p class='ocr_par' dir='ltr' id='par_1_60' title="bbox 295 4836 3548 4917">
     <span class='ocr_line' id='line_1_60' title="bbox 295 4836 3548 4917; baseline 0 -23"><span class='ocrx_word' id='word_1_522' title='bbox 295 4844 489 4898; x_wconf 90' lang='lat' dir='ltr'><strong>renda.</strong></span> <span class='ocrx_word' id='word_1_523' title='bbox 511 4843 652 4898; x_wconf 90' lang='lat' dir='ltr'><strong>Sunt</strong></span> <span class='ocrx_word' id='word_1_524' title='bbox 681 4845 802 4914; x_wconf 90' lang='lat' dir='ltr'><strong>qui,</strong></span> <span class='ocrx_word' id='word_1_525' title='bbox 826 4856 884 4899; x_wconf 94' lang='lat' dir='ltr'><strong>ut</strong></span> <span class='ocrx_word' id='word_1_526' title='bbox 919 4845 1153 4901; x_wconf 89' lang='lat' dir='ltr'><strong>liberius</strong></span> <span class='ocrx_word' id='word_1_527' title='bbox 1182 4847 1612 4917; x_wconf 78' lang='lat' dir='ltr'><strong>hallucinemur,</strong></span> <span class='ocrx_word' id='word_1_528' title='bbox 1661 4851 1871 4914; x_wconf 79' lang='grc' dir='ltr'>ὲξωκα-</span> <span class='ocrx_word' id='word_1_529' title='bbox 1978 4853 2084 4898; x_wconf 91' lang='lat' dir='ltr'><strong>tem</strong></span> <span class='ocrx_word' id='word_1_530' title='bbox 2126 4843 2374 4898; x_wconf 89' lang='lat' dir='ltr'><strong>tenacius</strong></span> <span class='ocrx_word' id='word_1_531' title='bbox 2407 4843 2660 4912; x_wconf 78' lang='lat' dir='ltr'><strong>amplecti</strong></span> <span class='ocrx_word' id='word_1_532' title='bbox 2689 4845 3075 4899; x_wconf 88' lang='lat' dir='ltr'><strong>constitutum.</strong></span> <span class='ocrx_word' id='word_1_533' title='bbox 3121 4841 3315 4908; x_wconf 87' lang='lat' dir='ltr'><strong>Totus,</strong></span> <span class='ocrx_word' id='word_1_534' title='bbox 3371 4836 3548 4908; x_wconf 75' lang='lat' dir='ltr'><strong>inquit</strong></span> 
     </span>
    </p>
   </div>
   <div class='ocr_carea' id='block_1_61' title="bbox 295 4935 1891 5007">
    <p class='ocr_par' dir='ltr' id='par_1_61' title="bbox 295 4935 1872 5007">
     <span class='ocr_line' id='line_1_61' title="bbox 295 4935 1872 5007; baseline 0.004 -20"><span class='ocrx_word' id='word_1_535' title='bbox 295 4935 585 4998; x_wconf 82' lang='grc' dir='ltr'>τακοίλους</span> <span class='ocrx_word' id='word_1_536' title='bbox 644 4937 958 5006; x_wconf 87' lang='lat' dir='ltr'><strong>repudiant,</strong></span> <span class='ocrx_word' id='word_1_537' title='bbox 1017 4954 1256 5007; x_wconf 88' lang='lat' dir='ltr'><strong>quorum</strong></span> <span class='ocrx_word' id='word_1_538' title='bbox 1324 4942 1442 4997; x_wconf 89' lang='lat' dir='ltr'><strong>vice</strong></span> <span class='ocrx_word' id='word_1_539' title='bbox 1499 4938 1872 5005; x_wconf 66' lang='lat' dir='ltr'><strong>éwaa-axol-</strong></span> 
     </span>
    </p>
   </div>
   <div class='ocr_carea' id='block_1_62' title="bbox 1982 4935 3546 5007">
    <p class='ocr_par' dir='ltr' id='par_1_62' title="bbox 1982 4935 3546 5004">
     <span class='ocr_line' id='line_1_62' title="bbox 1982 4935 3546 5004; baseline -0.005 -15"><span class='ocrx_word' id='word_1_540' title='bbox 1982 4935 2086 5001; x_wconf 90' lang='lat' dir='ltr'><strong>ille,</strong></span> <span class='ocrx_word' id='word_1_541' title='bbox 2118 4935 2223 4989; x_wconf 87' lang='lat' dir='ltr'><strong>CP.</strong></span> <span class='ocrx_word' id='word_1_542' title='bbox 2255 4936 2575 5004; x_wconf 85' lang='lat' dir='ltr'><strong>patriarchii</strong></span> <span class='ocrx_word' id='word_1_543' title='bbox 2606 4937 2742 4990; x_wconf 84' lang='lat' dir='ltr'><strong>situs</strong></span> <span class='ocrx_word' id='word_1_544' title='bbox 2774 4951 3076 4990; x_wconf 87' lang='lat' dir='ltr'><strong>concavum</strong></span> <span class='ocrx_word' id='word_1_545' title='bbox 3109 4937 3290 4990; x_wconf 89' lang='lat' dir='ltr'><strong>locum</strong></span> <span class='ocrx_word' id='word_1_546' title='bbox 3321 4944 3546 4999; x_wconf 87' lang='lat' dir='ltr'><strong>occupa-</strong></span> 
     </span>
    </p>
   </div>
   <div class='ocr_carea' id='block_1_63' title="bbox 296 5021 3547 5101">
    <p class='ocr_par' dir='ltr' id='par_1_63' title="bbox 296 5021 3547 5101">
     <span class='ocr_line' id='line_1_63' title="bbox 296 5021 3547 5101; baseline -0.004 -15"><span class='ocrx_word' id='word_1_547' title='bbox 296 5042 422 5086; x_wconf 79' lang='grc' dir='ltr'>τους</span> <span class='ocrx_word' id='word_1_548' title='bbox 472 5037 766 5101; x_wconf 74' lang='lat' dir='ltr'><strong>reponunt,</strong></span> <span class='ocrx_word' id='word_1_549' title='bbox 825 5027 1016 5096; x_wconf 85' lang='lat' dir='ltr'><strong>jejuna</strong></span> <span class='ocrx_word' id='word_1_550' title='bbox 1090 5030 1252 5084; x_wconf 87' lang='lat' dir='ltr'><strong>valde</strong></span> <span class='ocrx_word' id='word_1_551' title='bbox 1309 5032 1533 5086; x_wconf 88' lang='lat' dir='ltr'><strong>concilii</strong></span> <span class='ocrx_word' id='word_1_552' title='bbox 1595 5032 1866 5101; x_wconf 89' lang='lat' dir='ltr'><strong>Trullani,</strong></span> <span class='ocrx_word' id='word_1_553' title='bbox 1973 5021 3547 5099; x_wconf 69' lang='lat' dir='ltr'><strong>vitquondam,ejusqueaadescumreliquisspectatzeuoi-</strong></span> 
     </span>
    </p>
   </div>
   <div class='ocr_carea' id='block_1_64' title="bbox 293 5116 1891 5188">
    <p class='ocr_par' dir='ltr' id='par_1_64' title="bbox 293 5116 1866 5188">
     <span class='ocr_line' id='line_1_64' title="bbox 293 5116 1866 5188; baseline 0.006 -19"><span class='ocrx_word' id='word_1_554' title='bbox 293 5116 561 5172; x_wconf 83' lang='lat' dir='ltr'><strong>moniales</strong></span> <span class='ocrx_word' id='word_1_555' title='bbox 619 5134 743 5173; x_wconf 90' lang='lat' dir='ltr'><strong>can.</strong></span> <span class='ocrx_word' id='word_1_556' title='bbox 781 5119 850 5174; x_wconf 73' lang='lat'><strong>40</strong></span> <span class='ocrx_word' id='word_1_557' title='bbox 899 5120 1236 5188; x_wconf 83' lang='grc' dir='ltr'>ὲξωκοιτεῖν,</span> <span class='ocrx_word' id='word_1_558' title='bbox 1267 5132 1421 5177; x_wconf 80' lang='lat' dir='ltr'><strong>extra</strong></span> <span class='ocrx_word' id='word_1_559' title='bbox 1472 5127 1866 5178; x_wconf 83' lang='lat' dir='ltr'><strong>monasterium</strong></span> 
     </span>
    </p>
   </div>
   <div class='ocr_carea' id='block_1_65' title="bbox 1982 5116 3543 5188">
    <p class='ocr_par' dir='ltr' id='par_1_65' title="bbox 1982 5117 3543 5188">
     <span class='ocr_line' id='line_1_65' title="bbox 1982 5117 3543 5188; baseline -0.001 -20"><span class='ocrx_word' id='word_1_560' title='bbox 1982 5120 2072 5188; x_wconf 67' lang='grc' dir='ltr'>λην</span> <span class='ocrx_word' id='word_1_561' title='bbox 2105 5119 2253 5171; x_wconf 82' lang='grc' dir='ltr'><strong>θέσιν</strong></span> <span class='ocrx_word' id='word_1_562' title='bbox 2286 5122 2568 5173; x_wconf 73' lang='lat' dir='ltr'><strong>caritatem</strong></span> <span class='ocrx_word' id='word_1_563' title='bbox 2597 5131 2650 5175; x_wconf 91' lang='lat' dir='ltr'><strong>et</strong></span> <span class='ocrx_word' id='word_1_564' title='bbox 2699 5121 2851 5174; x_wconf 82' lang='lat' dir='ltr'><strong>velut</strong></span> <span class='ocrx_word' id='word_1_565' title='bbox 2877 5123 3181 5187; x_wconf 82' lang='lat' dir='ltr'><strong>voraginem</strong></span> <span class='ocrx_word' id='word_1_566' title='bbox 3212 5117 3543 5175; x_wconf 77' lang='lat' dir='ltr'><strong>exhibebant</strong></span> 
     </span>
    </p>
   </div>
   <div class='ocr_carea' id='block_1_66' title="bbox 293 5195 3542 5283">
    <p class='ocr_par' dir='ltr' id='par_1_66' title="bbox 293 5195 3542 5283">
     <span class='ocr_line' id='line_1_66' title="bbox 293 5195 3542 5283; baseline 0 -23"><span class='ocrx_word' id='word_1_567' title='bbox 293 5206 562 5271; x_wconf 87' lang='lat' dir='ltr'><strong>dormire,</strong></span> <span class='ocrx_word' id='word_1_568' title='bbox 623 5207 990 5275; x_wconf 88' lang='lat' dir='ltr'><strong>prohibentis,</strong></span> <span class='ocrx_word' id='word_1_569' title='bbox 1040 5211 1367 5266; x_wconf 81' lang='lat' dir='ltr'><strong>auctoritate</strong></span> <span class='ocrx_word' id='word_1_570' title='bbox 1440 5211 1605 5277; x_wconf 85' lang='lat' dir='ltr'><strong>fulti;</strong></span> <span class='ocrx_word' id='word_1_571' title='bbox 1661 5213 1869 5282; x_wconf 85' lang='lat' dir='ltr'><strong>hosque</strong></span> <span class='ocrx_word' id='word_1_572' title='bbox 1973 5195 2174 5280; x_wconf 76' lang='lat' dir='ltr'><strong>oculis,</strong></span> <span class='ocrx_word' id='word_1_573' title='bbox 2215 5213 2347 5266; x_wconf 91' lang='lat' dir='ltr'><strong>etin</strong></span> <span class='ocrx_word' id='word_1_574' title='bbox 2382 5229 2444 5267; x_wconf 89' lang='lat' dir='ltr'><strong>ea</strong></span> <span class='ocrx_word' id='word_1_575' title='bbox 2472 5224 2584 5266; x_wconf 91' lang='lat' dir='ltr'><strong>tum</strong></span> <span class='ocrx_word' id='word_1_576' title='bbox 2622 5215 2848 5283; x_wconf 79' lang='lat' dir='ltr'><strong>syncelli</strong></span> <span class='ocrx_word' id='word_1_577' title='bbox 2880 5224 2994 5268; x_wconf 82' lang='lat' dir='ltr'><strong>tum</strong></span> <span class='ocrx_word' id='word_1_578' title='bbox 3024 5213 3115 5266; x_wconf 89' lang='lat' dir='ltr'><strong>alii</strong></span> <span class='ocrx_word' id='word_1_579' title='bbox 3167 5209 3418 5266; x_wconf 87' lang='lat' dir='ltr'><strong>monachi</strong></span> <span class='ocrx_word' id='word_1_580' title='bbox 3451 5218 3542 5274; x_wconf 87' lang='lat' dir='ltr'><strong>pa-</strong></span> 
     </span>
    </p>
   </div>
   <div class='ocr_carea' id='block_1_67' title="bbox 294 5293 1891 5374">
    <p class='ocr_par' dir='ltr' id='par_1_67' title="bbox 294 5296 1867 5374">
     <span class='ocr_line' id='line_1_67' title="bbox 294 5296 1867 5374; baseline 0.004 -24"><span class='ocrx_word' id='word_1_581' title='bbox 294 5299 420 5350; x_wconf 84' lang='lat' dir='ltr'><strong>itleo</strong></span> <span class='ocrx_word' id='word_1_582' title='bbox 476 5296 952 5362; x_wconf 79' lang='grc' dir='ltr'>ἐξωκατακοίλους</span> <span class='ocrx_word' id='word_1_583' title='bbox 1015 5302 1170 5369; x_wconf 90' lang='lat' dir='ltr'><strong>quasi</strong></span> <span class='ocrx_word' id='word_1_584' title='bbox 1221 5303 1724 5368; x_wconf 74' lang='grc' dir='ltr'>ὲξωκατακοίτους,</span> <span class='ocrx_word' id='word_1_585' title='bbox 1773 5304 1867 5374; x_wconf 86' lang='lat' dir='ltr'><strong>qui</strong></span> 
     </span>
    </p>
   </div>
   <div class='ocr_carea' id='block_1_68' title="bbox 1982 5293 3541 5374">
    <p class='ocr_par' dir='ltr' id='par_1_68' title="bbox 1982 5293 3541 5374">
     <span class='ocr_line' id='line_1_68' title="bbox 1982 5293 3541 5374; baseline -0.003 -18"><span class='ocrx_word' id='word_1_586' title='bbox 1982 5304 2230 5358; x_wconf 69' lang='lat' dir='ltr'><strong>triarcbte</strong></span> <span class='ocrx_word' id='word_1_587' title='bbox 2280 5304 2548 5374; x_wconf 88' lang='lat' dir='ltr'><strong>obsequio</strong></span> <span class='ocrx_word' id='word_1_588' title='bbox 2600 5305 2896 5374; x_wconf 87' lang='lat' dir='ltr'><strong>mancipati</strong></span> <span class='ocrx_word' id='word_1_589' title='bbox 2942 5305 3027 5359; x_wconf 86' lang='lat' dir='ltr'><strong>vel</strong></span> <span class='ocrx_word' id='word_1_590' title='bbox 3060 5305 3224 5359; x_wconf 89' lang='lat' dir='ltr'><strong>etiam</strong></span> <span class='ocrx_word' id='word_1_591' title='bbox 3259 5293 3541 5358; x_wconf 79' lang='lat' dir='ltr'><strong>domestici</strong></span> 
     </span>
    </p>
   </div>
   <div class='ocr_carea' id='block_1_69' title="bbox 294 5389 3540 5464">
    <p class='ocr_par' dir='ltr' id='par_1_69' title="bbox 294 5389 3540 5464">
     <span class='ocr_line' id='line_1_69' title="bbox 294 5389 3540 5464; baseline -0.001 -22"><span class='ocrx_word' id='word_1_592' title='bbox 294 5399 448 5444; x_wconf 82' lang='lat' dir='ltr'><strong>extra</strong></span> <span class='ocrx_word' id='word_1_593' title='bbox 479 5389 744 5458; x_wconf 90' lang='lat' dir='ltr'><strong>palatium</strong></span> <span class='ocrx_word' id='word_1_594' title='bbox 774 5391 858 5444; x_wconf 87' lang='lat' dir='ltr'><strong>vel</strong></span> <span class='ocrx_word' id='word_1_595' title='bbox 887 5393 1280 5459; x_wconf 80' lang='lat' dir='ltr'><strong>patriarchium</strong></span> <span class='ocrx_word' id='word_1_596' title='bbox 1321 5395 1613 5460; x_wconf 89' lang='lat' dir='ltr'><strong>cubarent,</strong></span> <span class='ocrx_word' id='word_1_597' title='bbox 1667 5396 1864 5452; x_wconf 85' lang='lat' dir='ltr'><strong>dietos.</strong></span> <span class='ocrx_word' id='word_1_598' title='bbox 1973 5396 2157 5449; x_wconf 88' lang='lat' dir='ltr'><strong>sedem</strong></span> <span class='ocrx_word' id='word_1_599' title='bbox 2206 5395 2550 5464; x_wconf 89' lang='lat' dir='ltr'><strong>obtinebant,</strong></span> <span class='ocrx_word' id='word_1_600' title='bbox 2589 5399 2734 5453; x_wconf 89' lang='lat' dir='ltr'><strong>unde</strong></span> <span class='ocrx_word' id='word_1_601' title='bbox 2783 5408 2837 5453; x_wconf 87' lang='lat' dir='ltr'><strong>et</strong></span> <span class='ocrx_word' id='word_1_602' title='bbox 2883 5396 3243 5450; x_wconf 76' lang='grc' dir='ltr'>κατάκοιλοιε</span> <span class='ocrx_word' id='word_1_603' title='bbox 3281 5393 3540 5464; x_wconf 77' lang='lat' dir='ltr'><strong>primates</strong></span> 
     </span>
    </p>
   </div>
   <div class='ocr_carea' id='block_1_70' title="bbox 295 5482 1891 5557">
    <p class='ocr_par' dir='ltr' id='par_1_70' title="bbox 295 5482 1868 5557">
     <span class='ocr_line' id='line_1_70' title="bbox 295 5482 1868 5557; baseline 0.005 -24"><span class='ocrx_word' id='word_1_604' title='bbox 295 5482 498 5538; x_wconf 87' lang='lat' dir='ltr'><strong>Verum</strong></span> <span class='ocrx_word' id='word_1_605' title='bbox 522 5499 621 5538; x_wconf 89' lang='lat' dir='ltr'><strong>cur</strong></span> <span class='ocrx_word' id='word_1_606' title='bbox 651 5499 758 5539; x_wconf 90' lang='lat' dir='ltr'><strong>non</strong></span> <span class='ocrx_word' id='word_1_607' title='bbox 801 5483 1014 5540; x_wconf 80' lang='lat' dir='ltr'><strong>facilius</strong></span> <span class='ocrx_word' id='word_1_608' title='bbox 1045 5501 1140 5541; x_wconf 91' lang='lat' dir='ltr'><strong>eos</strong></span> <span class='ocrx_word' id='word_1_609' title='bbox 1170 5487 1491 5552; x_wconf 76' lang='grc' dir='ltr'>ὲξωκοίτους</span> <span class='ocrx_word' id='word_1_610' title='bbox 1529 5504 1690 5557; x_wconf 85' lang='lat' dir='ltr'><strong>quam</strong></span> <span class='ocrx_word' id='word_1_611' title='bbox 1732 5489 1868 5550; x_wconf 81' lang='grc' dir='ltr'><strong>ἐξω-</strong></span> 
     </span>
    </p>
   </div>
   <div class='ocr_carea' id='block_1_71' title="bbox 1982 5482 3541 5557">
    <p class='ocr_par' dir='ltr' id='par_1_71' title="bbox 1982 5485 3541 5557">
     <span class='ocr_line' id='line_1_71' title="bbox 1982 5485 3541 5557; baseline -0.004 -17"><span class='ocrx_word' id='word_1_612' title='bbox 1982 5503 2102 5541; x_wconf 82' lang='lat' dir='ltr'><strong>rcro</strong></span> <span class='ocrx_word' id='word_1_613' title='bbox 2129 5489 2314 5543; x_wconf 89' lang='lat' dir='ltr'><strong>clerici</strong></span> <span class='ocrx_word' id='word_1_614' title='bbox 2363 5488 2469 5555; x_wconf 74' lang='grc' dir='ltr'><strong>ἔξω</strong></span> <span class='ocrx_word' id='word_1_615' title='bbox 2523 5488 2841 5557; x_wconf 49' lang='grc' dir='ltr'>κοιλότητα</span> <span class='ocrx_word' id='word_1_616' title='bbox 2873 5496 3279 5543; x_wconf 86' lang='lat' dir='ltr'><strong>commorantes</strong></span> <span class='ocrx_word' id='word_1_617' title='bbox 3319 5485 3541 5539; x_wconf 82' lang='lat' dir='ltr'><strong>domos-</strong></span> 
     </span>
    </p>
   </div>
   <div class='ocr_carea' id='block_1_72' title="bbox 295 5572 1891 5650">
    <p class='ocr_par' dir='ltr' id='par_1_72' title="bbox 295 5577 1870 5648">
     <span class='ocr_line' id='line_1_72' title="bbox 295 5577 1870 5648; baseline 0.003 -21"><span class='ocrx_word' id='word_1_618' title='bbox 295 5577 512 5637; x_wconf 80' lang='grc' dir='ltr'>κοίλους</span> <span class='ocrx_word' id='word_1_619' title='bbox 561 5578 628 5631; x_wconf 89' lang='lat' dir='ltr'><strong>ab</strong></span> <span class='ocrx_word' id='word_1_620' title='bbox 657 5577 968 5640; x_wconf 80' lang='grc' dir='ltr'>ὲξωκοιτείν</span> <span class='ocrx_word' id='word_1_621' title='bbox 1021 5577 1277 5631; x_wconf 86' lang='lat' dir='ltr'><strong>diceres?</strong></span> <span class='ocrx_word' id='word_1_622' title='bbox 1333 5578 1415 5630; x_wconf 86' lang='lat' dir='ltr'><strong>An</strong></span> <span class='ocrx_word' id='word_1_623' title='bbox 1450 5593 1555 5632; x_wconf 90' lang='lat' dir='ltr'><strong>non</strong></span> <span class='ocrx_word' id='word_1_624' title='bbox 1605 5582 1870 5648; x_wconf 83' lang='lat' dir='ltr'><strong>pervertit</strong></span> 
     </span>
    </p>
   </div>
   <div class='ocr_carea' id='block_1_73' title="bbox 1982 5572 3541 5650">
    <p class='ocr_par' dir='ltr' id='par_1_73' title="bbox 1982 5572 3541 5650">
     <span class='ocr_line' id='line_1_73' title="bbox 1982 5572 3541 5650; baseline -0.005 -18"><span class='ocrx_word' id='word_1_625' title='bbox 1982 5595 2079 5648; x_wconf 82' lang='lat' dir='ltr'><strong>que</strong></span> <span class='ocrx_word' id='word_1_626' title='bbox 2115 5581 2327 5648; x_wconf 89' lang='lat' dir='ltr'><strong>amplas</strong></span> <span class='ocrx_word' id='word_1_627' title='bbox 2351 5589 2406 5634; x_wconf 89' lang='lat' dir='ltr'><strong>et</strong></span> <span class='ocrx_word' id='word_1_628' title='bbox 2433 5581 2677 5635; x_wconf 63' lang='lat' dir='ltr'><strong>careelsas</strong></span> <span class='ocrx_word' id='word_1_629' title='bbox 2703 5581 2909 5648; x_wconf 85' lang='lat' dir='ltr'><strong>adepti,</strong></span> <span class='ocrx_word' id='word_1_630' title='bbox 2965 5595 3066 5635; x_wconf 90' lang='lat' dir='ltr'><strong>ceu</strong></span> <span class='ocrx_word' id='word_1_631' title='bbox 3101 5580 3195 5650; x_wconf 89' lang='lat' dir='ltr'><strong>qui</strong></span> <span class='ocrx_word' id='word_1_632' title='bbox 3235 5595 3300 5634; x_wconf 80' lang='lat' dir='ltr'><strong>ex</strong></span> <span class='ocrx_word' id='word_1_633' title='bbox 3347 5572 3541 5646; x_wconf 81' lang='lat' dir='ltr'><strong>praeci-</strong></span> 
     </span>
    </p>
   </div>
   <div class='ocr_carea' id='block_1_74' title="bbox 292 5662 3540 5741">
    <p class='ocr_par' dir='ltr' id='par_1_74' title="bbox 292 5662 3540 5741">
     <span class='ocr_line' id='line_1_74' title="bbox 292 5662 3540 5741; baseline 0 -23"><span class='ocrx_word' id='word_1_634' title='bbox 292 5668 548 5722; x_wconf 84' lang='lat' dir='ltr'><strong>dictionis</strong></span> <span class='ocrx_word' id='word_1_635' title='bbox 569 5682 788 5721; x_wconf 87' lang='lat' dir='ltr'><strong>sensum</strong></span> <span class='ocrx_word' id='word_1_636' title='bbox 807 5667 1680 5736; x_wconf 85' lang='lat' dir='ltr'><strong>praepositionisadditamentum,</strong></span> <span class='ocrx_word' id='word_1_637' title='bbox 1701 5685 1865 5739; x_wconf 90' lang='lat' dir='ltr'><strong>quam</strong></span> <span class='ocrx_word' id='word_1_638' title='bbox 1975 5671 2100 5741; x_wconf 86' lang='lat' dir='ltr'><strong>puis</strong></span> <span class='ocrx_word' id='word_1_639' title='bbox 2130 5671 2353 5724; x_wconf 82' lang='lat' dir='ltr'><strong>familiis</strong></span> <span class='ocrx_word' id='word_1_640' title='bbox 2383 5683 2435 5726; x_wconf 90' lang='lat' dir='ltr'><strong>et</strong></span> <span class='ocrx_word' id='word_1_641' title='bbox 2470 5673 2796 5741; x_wconf 85' lang='lat' dir='ltr'><strong>proceribus</strong></span> <span class='ocrx_word' id='word_1_642' title='bbox 2837 5673 3225 5741; x_wconf 80' lang='lat' dir='ltr'><strong>seligerentur,</strong></span> <span class='ocrx_word' id='word_1_643' title='bbox 3261 5662 3540 5736; x_wconf 67' lang='grc' dir='ltr'><strong>ἐξωκπτά·</strong></span> 
     </span>
    </p>
   </div>
   <div class='ocr_carea' id='block_1_75' title="bbox 293 5759 3539 5835">
    <p class='ocr_par' dir='ltr' id='par_1_75' title="bbox 293 5759 3539 5835">
     <span class='ocr_line' id='line_1_75' title="bbox 293 5759 3539 5835; baseline 0.002 -23"><span class='ocrx_word' id='word_1_644' title='bbox 293 5763 378 5815; x_wconf 88' lang='lat' dir='ltr'><strong>vel</strong></span> <span class='ocrx_word' id='word_1_645' title='bbox 402 5763 654 5817; x_wconf 67' lang='lat' dir='ltr'><strong>litterulte</strong></span> <span class='ocrx_word' id='word_1_646' title='bbox 679 5764 762 5818; x_wconf 85' lang='lat' dir='ltr'><strong>vel</strong></span> <span class='ocrx_word' id='word_1_647' title='bbox 785 5772 1049 5818; x_wconf 88' lang='lat' dir='ltr'><strong>accentus</strong></span> <span class='ocrx_word' id='word_1_648' title='bbox 1092 5765 1322 5817; x_wconf 88' lang='lat' dir='ltr'><strong>mutatio</strong></span> <span class='ocrx_word' id='word_1_649' title='bbox 1359 5777 1714 5833; x_wconf 87' lang='lat' dir='ltr'><strong>corrumpere</strong></span> <span class='ocrx_word' id='word_1_650' title='bbox 1769 5781 1868 5835; x_wconf 87' lang='lat' dir='ltr'><strong>po-</strong></span> <span class='ocrx_word' id='word_1_651' title='bbox 1953 5764 2146 5821; x_wconf 86' lang='grc' dir='ltr'>,κοιλοι</span> <span class='ocrx_word' id='word_1_652' title='bbox 2172 5764 2456 5831; x_wconf 89' lang='lat' dir='ltr'><strong>nominati,</strong></span> <span class='ocrx_word' id='word_1_653' title='bbox 2484 5764 2575 5835; x_wconf 89' lang='lat' dir='ltr'><strong>qui</strong></span> <span class='ocrx_word' id='word_1_654' title='bbox 2609 5781 2716 5820; x_wconf 92' lang='lat' dir='ltr'><strong>non</strong></span> <span class='ocrx_word' id='word_1_655' title='bbox 2737 5765 2901 5819; x_wconf 79' lang='lat' dir='ltr'><strong>modo</strong></span> <span class='ocrx_word' id='word_1_656' title='bbox 2931 5764 3163 5820; x_wconf 84' lang='lat' dir='ltr'><strong>clericos</strong></span> <span class='ocrx_word' id='word_1_657' title='bbox 3183 5765 3340 5828; x_wconf 90' lang='lat' dir='ltr'><strong>alios,</strong></span> <span class='ocrx_word' id='word_1_658' title='bbox 3372 5759 3462 5815; x_wconf 79' lang='lat' dir='ltr'><strong>sed</strong></span> <span class='ocrx_word' id='word_1_659' title='bbox 3485 5760 3539 5808; x_wconf 74' lang='grc' dir='ltr'><strong>ει</strong></span> 
     </span>
    </p>
   </div>
   <div class='ocr_carea' id='block_1_76' title="bbox 293 5847 3533 5926">
    <p class='ocr_par' dir='ltr' id='par_1_76' title="bbox 293 5847 3533 5926">
     <span class='ocr_line' id='line_1_76' title="bbox 293 5847 3533 5926; baseline 0 -15"><span class='ocrx_word' id='word_1_660' title='bbox 293 5868 400 5913; x_wconf 88' lang='lat' dir='ltr'><strong>tcst</strong></span> <span class='ocrx_word' id='word_1_661' title='bbox 430 5873 493 5914; x_wconf 77' lang='lat' dir='ltr'><strong>ex</strong></span> <span class='ocrx_word' id='word_1_662' title='bbox 520 5858 778 5926; x_wconf 78' lang='lat' dir='ltr'><strong>integro?</strong></span> <span class='ocrx_word' id='word_1_663' title='bbox 809 5858 1026 5912; x_wconf 85' lang='lat' dir='ltr'><strong>Atantc</strong></span> <span class='ocrx_word' id='word_1_664' title='bbox 1052 5855 1250 5911; x_wconf 86' lang='lat' dir='ltr'><strong>Leonis</strong></span> <span class='ocrx_word' id='word_1_665' title='bbox 1287 5854 1536 5910; x_wconf 81' lang='lat' dir='ltr'><strong>Armenii</strong></span> <span class='ocrx_word' id='word_1_666' title='bbox 1571 5866 1865 5923; x_wconf 79' lang='lat' dir='ltr'><strong>tempcSta-</strong></span> <span class='ocrx_word' id='word_1_667' title='bbox 1979 5857 2264 5921; x_wconf 79' lang='lat' dir='ltr'><strong>pontifices</strong></span> <span class='ocrx_word' id='word_1_668' title='bbox 2315 5857 2462 5920; x_wconf 85' lang='lat' dir='ltr'><strong>ipsos</strong></span> <span class='ocrx_word' id='word_1_669' title='bbox 2525 5859 2743 5922; x_wconf 76' lang='lat' dir='ltr'><strong>honore</strong></span> <span class='ocrx_word' id='word_1_670' title='bbox 2794 5861 3184 5914; x_wconf 72' lang='lat' dir='ltr'><strong>nrrcccdcrcnt.</strong></span> <span class='ocrx_word' id='word_1_671' title='bbox 3239 5857 3360 5912; x_wconf 67' lang='lat' dir='ltr'><strong>llaec</strong></span> <span class='ocrx_word' id='word_1_672' title='bbox 3427 5847 3533 5902; x_wconf 71' lang='lat' dir='ltr'><strong>i119-</strong></span> 
     </span>
    </p>
   </div>
   <div class='ocr_carea' id='block_1_77' title="bbox 380 2683 1882 2757">
    <p class='ocr_par' dir='ltr' id='par_1_77' title="bbox 380 2683 1882 2757">
     <span class='ocr_line' id='line_1_77' title="bbox 380 2683 1882 2757; baseline 0.002 -20"><span class='ocrx_word' id='word_1_673' title='bbox 380 2683 521 2737; x_wconf 83' lang='lat' dir='ltr'><strong>Ibid.</strong></span> <span class='ocrx_word' id='word_1_674' title='bbox 563 2686 838 2757; x_wconf 85' lang='grc' dir='ltr'>Ὦράριον,</span> <span class='ocrx_word' id='word_1_675' title='bbox 877 2688 1019 2743; x_wconf 90' lang='lat' dir='ltr'><strong>stola</strong></span> <span class='ocrx_word' id='word_1_676' title='bbox 1048 2689 1352 2743; x_wconf 88' lang='lat' dir='ltr'><strong>diaconalis</strong></span> <span class='ocrx_word' id='word_1_677' title='bbox 1381 2686 1710 2744; x_wconf 83' lang='lat' dir='ltr'><strong>sacerdotali</strong></span> <span class='ocrx_word' id='word_1_678' title='bbox 1749 2687 1882 2741; x_wconf 86' lang='lat' dir='ltr'><strong>stri-</strong></span> 
     </span>
    </p>
   </div>
   <div class='ocr_carea' id='block_1_78' title="bbox 305 2775 1882 2848">
    <p class='ocr_par' dir='ltr' id='par_1_78' title="bbox 305 2775 1882 2848">
     <span class='ocr_line' id='line_1_78' title="bbox 305 2775 1882 2848; baseline 0.003 -20"><span class='ocrx_word' id='word_1_679' title='bbox 305 2775 472 2840; x_wconf 68' lang='lat' dir='ltr'><strong>ctio’r,</strong></span> <span class='ocrx_word' id='word_1_680' title='bbox 503 2778 593 2832; x_wconf 91' lang='lat' dir='ltr'><strong>cui</strong></span> <span class='ocrx_word' id='word_1_681' title='bbox 619 2781 672 2833; x_wconf 91' lang='lat' dir='ltr'><strong>in</strong></span> <span class='ocrx_word' id='word_1_682' title='bbox 709 2779 934 2848; x_wconf 77' lang='lat' dir='ltr'><strong>longum</strong></span> <span class='ocrx_word' id='word_1_683' title='bbox 968 2798 1072 2837; x_wconf 84' lang='lat' dir='ltr'><strong>vox</strong></span> <span class='ocrx_word' id='word_1_684' title='bbox 1107 2782 1264 2848; x_wconf 78' lang='grc' dir='ltr'>ἅγιος</span> <span class='ocrx_word' id='word_1_685' title='bbox 1299 2791 1380 2835; x_wconf 89' lang='lat' dir='ltr'><strong>ter</strong></span> <span class='ocrx_word' id='word_1_686' title='bbox 1412 2780 1757 2834; x_wconf 86' lang='lat' dir='ltr'><strong>inscribitur.</strong></span> <span class='ocrx_word' id='word_1_687' title='bbox 1796 2779 1882 2832; x_wconf 86' lang='lat' dir='ltr'><strong>Si-</strong></span> 
     </span>
    </p>
   </div>
   <div class='ocr_carea' id='block_1_79' title="bbox 305 2867 1881 2941">
    <p class='ocr_par' dir='ltr' id='par_1_79' title="bbox 305 2867 1881 2941">
     <span class='ocr_line' id='line_1_79' title="bbox 305 2867 1881 2941; baseline 0.003 -23"><span class='ocrx_word' id='word_1_688' title='bbox 305 2867 484 2921; x_wconf 88' lang='lat' dir='ltr'><strong>nistro</strong></span> <span class='ocrx_word' id='word_1_689' title='bbox 521 2875 730 2922; x_wconf 88' lang='lat' dir='ltr'><strong>tantum</strong></span> <span class='ocrx_word' id='word_1_690' title='bbox 761 2870 994 2925; x_wconf 88' lang='lat' dir='ltr'><strong>humero</strong></span> <span class='ocrx_word' id='word_1_691' title='bbox 1028 2873 1231 2926; x_wconf 65' lang='lat' dir='ltr'><strong>tunica:</strong></span> <span class='ocrx_word' id='word_1_692' title='bbox 1275 2871 1624 2941; x_wconf 85' lang='lat' dir='ltr'><strong>superposita</strong></span> <span class='ocrx_word' id='word_1_693' title='bbox 1652 2885 1716 2926; x_wconf 89' lang='lat' dir='ltr'><strong>ac</strong></span> <span class='ocrx_word' id='word_1_694' title='bbox 1747 2869 1881 2926; x_wconf 84' lang='lat' dir='ltr'><strong>sini-</strong></span> 
     </span>
    </p>
   </div>
   <div class='ocr_carea' id='block_1_80' title="bbox 303 2964 1138 3029">
    <p class='ocr_par' dir='ltr' id='par_1_80' title="bbox 303 2964 1138 3029">
     <span class='ocr_line' id='line_1_80' title="bbox 303 2964 1138 3029; baseline 0.01 -23"><span class='ocrx_word' id='word_1_695' title='bbox 303 2964 415 3008; x_wconf 88' lang='lat' dir='ltr'><strong>stra</strong></span> <span class='ocrx_word' id='word_1_696' title='bbox 443 2971 606 3009; x_wconf 87' lang='lat' dir='ltr'><strong>manu</strong></span> <span class='ocrx_word' id='word_1_697' title='bbox 637 2967 848 3012; x_wconf 78' lang='lat' dir='ltr'><strong>retenta</strong></span> <span class='ocrx_word' id='word_1_698' title='bbox 876 2967 1138 3029; x_wconf 81' lang='lat' dir='ltr'><strong>gestatur.</strong></span> 
     </span>
    </p>
   </div>
   <div class='ocr_carea' id='block_1_81' title="bbox 373 3065 1880 3138">
    <p class='ocr_par' dir='ltr' id='par_1_81' title="bbox 373 3065 1880 3138">
     <span class='ocr_line' id='line_1_81' title="bbox 373 3065 1880 3138; baseline 0.005 -19"><span class='ocrx_word' id='word_1_699' title='bbox 373 3065 515 3120; x_wconf 83' lang='lat' dir='ltr'><strong>Ibid.</strong></span> <span class='ocrx_word' id='word_1_700' title='bbox 547 3068 779 3136; x_wconf 84' lang='grc' dir='ltr'><strong>Σῶσον,</strong></span> <span class='ocrx_word' id='word_1_701' title='bbox 824 3071 1021 3138; x_wconf 80' lang='grc' dir='ltr'><strong>Κύριε.</strong></span> <span class='ocrx_word' id='word_1_702' title='bbox 1055 3070 1151 3125; x_wconf 89' lang='lat' dir='ltr'><strong>His</strong></span> <span class='ocrx_word' id='word_1_703' title='bbox 1182 3071 1340 3135; x_wconf 87' lang='lat' dir='ltr'><strong>adde,</strong></span> <span class='ocrx_word' id='word_1_704' title='bbox 1371 3072 1416 3126; x_wconf 91' lang='lat' dir='ltr'><strong>si</strong></span> <span class='ocrx_word' id='word_1_705' title='bbox 1451 3072 1722 3127; x_wconf 91' lang='lat' dir='ltr'><strong>curiosius</strong></span> <span class='ocrx_word' id='word_1_706' title='bbox 1753 3073 1880 3128; x_wconf 87' lang='lat' dir='ltr'><strong>reli-</strong></span> 
     </span>
    </p>
   </div>
   <div class='ocr_carea' id='block_1_82' title="bbox 301 3159 1878 3232">
    <p class='ocr_par' dir='ltr' id='par_1_82' title="bbox 301 3159 1878 3232">
     <span class='ocr_line' id='line_1_82' title="bbox 301 3159 1878 3232; baseline 0.002 -23"><span class='ocrx_word' id='word_1_707' title='bbox 301 3173 406 3224; x_wconf 87' lang='lat' dir='ltr'><strong>qua</strong></span> <span class='ocrx_word' id='word_1_708' title='bbox 429 3159 736 3228; x_wconf 85' lang='lat' dir='ltr'><strong>desideras,</strong></span> <span class='ocrx_word' id='word_1_709' title='bbox 767 3163 793 3214; x_wconf 81' lang='grc' dir='ltr'>ὁ</span> <span class='ocrx_word' id='word_1_710' title='bbox 823 3162 986 3226; x_wconf 78' lang='grc' dir='ltr'><strong>Θεὸς,</strong></span> <span class='ocrx_word' id='word_1_711' title='bbox 1024 3163 1115 3216; x_wconf 73' lang='grc' dir='ltr'><strong>τὸν</strong></span> <span class='ocrx_word' id='word_1_712' title='bbox 1161 3162 1290 3215; x_wconf 87' lang='grc' dir='ltr'>λαόν</span> <span class='ocrx_word' id='word_1_713' title='bbox 1321 3180 1439 3227; x_wconf 85' lang='grc' dir='ltr'>σου,</span> <span class='ocrx_word' id='word_1_714' title='bbox 1463 3164 1557 3216; x_wconf 68' lang='grc' dir='ltr'><strong>καὶ</strong></span> <span class='ocrx_word' id='word_1_715' title='bbox 1584 3162 1878 3232; x_wconf 83' lang='grc' dir='ltr'>εὐλόγησον</span> 
     </span>
    </p>
   </div>
   <div class='ocr_carea' id='block_1_83' title="bbox 299 3251 1947 3325">
    <p class='ocr_par' dir='ltr' id='par_1_83' title="bbox 299 3251 1947 3325">
     <span class='ocr_line' id='line_1_83' title="bbox 299 3251 1947 3325; baseline 0.005 -25"><span class='ocrx_word' id='word_1_716' title='bbox 299 3251 398 3320; x_wconf 64' lang='grc' dir='ltr'>τὴν</span> <span class='ocrx_word' id='word_1_717' title='bbox 423 3251 794 3322; x_wconf 75' lang='grc' dir='ltr'><strong>κληρονομίαν</strong></span> <span class='ocrx_word' id='word_1_718' title='bbox 828 3271 944 3320; x_wconf 73' lang='grc' dir='ltr'>σου,</span> <span class='ocrx_word' id='word_1_719' title='bbox 978 3253 1277 3323; x_wconf 75' lang='grc' dir='ltr'>ἐπίσκεψαι</span> <span class='ocrx_word' id='word_1_720' title='bbox 1309 3255 1400 3307; x_wconf 76' lang='grc' dir='ltr'><strong>τὸν</strong></span> <span class='ocrx_word' id='word_1_721' title='bbox 1437 3257 1648 3325; x_wconf 81' lang='grc' dir='ltr'>κόσμον</span> <span class='ocrx_word' id='word_1_722' title='bbox 1692 3273 1787 3308; x_wconf 89' lang='grc' dir='ltr'><strong>σου</strong></span> <span class='ocrx_word' id='word_1_723' title='bbox 1817 3257 1875 3308; x_wconf 76' lang='grc' dir='ltr'>ὲν</span> <span class='ocrx_word' id='word_1_724' title='bbox 1904 3252 1947 3308; x_wconf 84' lang='lat' dir='ltr'><strong><em>C</em></strong></span> 
     </span>
    </p>
   </div>
   <div class='ocr_carea' id='block_1_84' title="bbox 302 3341 1879 3411">
    <p class='ocr_par' dir='ltr' id='par_1_84' title="bbox 302 3341 1879 3411">
     <span class='ocr_line' id='line_1_84' title="bbox 302 3341 1879 3411; baseline 0.003 -22"><span class='ocrx_word' id='word_1_725' title='bbox 302 3341 444 3392; x_wconf 79' lang='grc' dir='ltr'><strong>ἐλέει</strong></span> <span class='ocrx_word' id='word_1_726' title='bbox 471 3344 566 3394; x_wconf 72' lang='grc' dir='ltr'><strong>καὶ</strong></span> <span class='ocrx_word' id='word_1_727' title='bbox 589 3345 919 3410; x_wconf 81' lang='grc' dir='ltr'>οίκτιρμοῖς,</span> <span class='ocrx_word' id='word_1_728' title='bbox 953 3341 1171 3410; x_wconf 81' lang='grc' dir='ltr'>ὓψωσον</span> <span class='ocrx_word' id='word_1_729' title='bbox 1203 3343 1369 3410; x_wconf 81' lang='grc' dir='ltr'>κέρας</span> <span class='ocrx_word' id='word_1_730' title='bbox 1401 3344 1748 3410; x_wconf 82' lang='grc' dir='ltr'><strong>Χριστιανῶν</strong></span> <span class='ocrx_word' id='word_1_731' title='bbox 1786 3343 1879 3411; x_wconf 86' lang='grc' dir='ltr'><strong>ὀρ-</strong></span> 
     </span>
    </p>
   </div>
   <div class='ocr_carea' id='block_1_85' title="bbox 303 3433 1878 3506">
    <p class='ocr_par' dir='ltr' id='par_1_85' title="bbox 303 3433 1878 3506">
     <span class='ocr_line' id='line_1_85' title="bbox 303 3433 1878 3506; baseline 0.004 -24"><span class='ocrx_word' id='word_1_732' title='bbox 303 3433 557 3498; x_wconf 67' lang='grc' dir='ltr'>Οοδνίξων,</span> <span class='ocrx_word' id='word_1_733' title='bbox 590 3435 684 3486; x_wconf 68' lang='grc' dir='ltr'><strong>καὶ</strong></span> <span class='ocrx_word' id='word_1_734' title='bbox 707 3433 1078 3504; x_wconf 73' lang='grc' dir='ltr'>κατάπεμψον</span> <span class='ocrx_word' id='word_1_735' title='bbox 1104 3435 1190 3502; x_wconf 76' lang='grc' dir='ltr'><strong>ἐφ’</strong></span> <span class='ocrx_word' id='word_1_736' title='bbox 1225 3436 1375 3503; x_wconf 73' lang='grc' dir='ltr'><strong>ἡμᾶς</strong></span> <span class='ocrx_word' id='word_1_737' title='bbox 1411 3435 1478 3487; x_wconf 81' lang='grc' dir='ltr'>τὰ</span> <span class='ocrx_word' id='word_1_738' title='bbox 1524 3436 1650 3506; x_wconf 73' lang='grc' dir='ltr'><strong>ἐλὲη</strong></span> <span class='ocrx_word' id='word_1_739' title='bbox 1683 3454 1776 3489; x_wconf 86' lang='grc' dir='ltr'><strong>σου</strong></span> <span class='ocrx_word' id='word_1_740' title='bbox 1808 3435 1878 3488; x_wconf 75' lang='grc' dir='ltr'><strong>τὰ</strong></span> 
     </span>
    </p>
   </div>
   <div class='ocr_carea' id='block_1_86' title="bbox 305 3524 1942 3596">
    <p class='ocr_par' dir='ltr' id='par_1_86' title="bbox 305 3524 1942 3596">
     <span class='ocr_line' id='line_1_86' title="bbox 305 3524 1942 3596; baseline 0.004 -23"><span class='ocrx_word' id='word_1_741' title='bbox 305 3524 561 3588; x_wconf 70' lang='grc' dir='ltr'>πλούσια,</span> <span class='ocrx_word' id='word_1_742' title='bbox 626 3524 947 3596; x_wconf 72' lang='grc' dir='ltr'>πρεσϐείαις</span> <span class='ocrx_word' id='word_1_743' title='bbox 1004 3527 1105 3594; x_wconf 80' lang='grc' dir='ltr'><strong>τῆς</strong></span> <span class='ocrx_word' id='word_1_744' title='bbox 1147 3527 1538 3595; x_wconf 81' lang='grc' dir='ltr'>ποιναχράντου</span> <span class='ocrx_word' id='word_1_745' title='bbox 1589 3526 1878 3596; x_wconf 73' lang='grc' dir='ltr'>δεσποίνης</span> <span class='ocrx_word' id='word_1_746' title='bbox 1939 3563 1942 3566; x_wconf 92' lang='grc'><strong>-</strong></span> 
     </span>
    </p>
   </div>
   <div class='ocr_carea' id='block_1_87' title="bbox 301 3613 1877 3688">
    <p class='ocr_par' dir='ltr' id='par_1_87' title="bbox 301 3613 1877 3688">
     <span class='ocr_line' id='line_1_87' title="bbox 301 3613 1877 3688; baseline 0.004 -23"><span class='ocrx_word' id='word_1_747' title='bbox 301 3615 463 3682; x_wconf 69' lang='grc' dir='ltr'><strong>ἡμῶν</strong></span> <span class='ocrx_word' id='word_1_748' title='bbox 493 3613 751 3668; x_wconf 76' lang='grc' dir='ltr'>θεοτὸκου</span> <span class='ocrx_word' id='word_1_749' title='bbox 785 3617 880 3668; x_wconf 73' lang='grc' dir='ltr'><strong>καὶ</strong></span> <span class='ocrx_word' id='word_1_750' title='bbox 924 3615 1296 3685; x_wconf 81' lang='grc' dir='ltr'>ἀειπαροένου</span> <span class='ocrx_word' id='word_1_751' title='bbox 1353 3617 1594 3686; x_wconf 67' lang='grc' dir='ltr'>Μαρίας,</span> <span class='ocrx_word' id='word_1_752' title='bbox 1623 3620 1690 3688; x_wconf 75' lang='grc' dir='ltr'><strong>τῇ</strong></span> <span class='ocrx_word' id='word_1_753' title='bbox 1721 3619 1877 3672; x_wconf 80' lang='grc' dir='ltr'><strong>δυνά-</strong></span> 
     </span>
    </p>
   </div>
   <div class='ocr_carea' id='block_1_88' title="bbox 303 3702 1876 3775">
    <p class='ocr_par' dir='ltr' id='par_1_88' title="bbox 303 3702 1876 3775">
     <span class='ocr_line' id='line_1_88' title="bbox 303 3702 1876 3775; baseline 0.004 -21"><span class='ocrx_word' id='word_1_754' title='bbox 303 3702 509 3771; x_wconf 78' lang='grc' dir='ltr'>μειτοῦ</span> <span class='ocrx_word' id='word_1_755' title='bbox 549 3705 737 3774; x_wconf 80' lang='grc' dir='ltr'>τιμίου</span> <span class='ocrx_word' id='word_1_756' title='bbox 763 3708 856 3756; x_wconf 71' lang='grc' dir='ltr'><strong>καὶ</strong></span> <span class='ocrx_word' id='word_1_757' title='bbox 903 3705 1172 3768; x_wconf 78' lang='grc' dir='ltr'>ζωοποιοῢ</span> <span class='ocrx_word' id='word_1_758' title='bbox 1208 3706 1484 3775; x_wconf 80' lang='grc' dir='ltr'>σταυροῦ;</span> <span class='ocrx_word' id='word_1_759' title='bbox 1522 3709 1876 3773; x_wconf 84' lang='grc' dir='ltr'>προστασίαις</span> 
     </span>
    </p>
   </div>
   <div class='ocr_carea' id='block_1_89' title="bbox 299 3793 1872 3870">
    <p class='ocr_par' dir='ltr' id='par_1_89' title="bbox 299 3793 1872 3870">
     <span class='ocr_line' id='line_1_89' title="bbox 299 3793 1872 3870; baseline 0.005 -26"><span class='ocrx_word' id='word_1_760' title='bbox 299 3793 408 3846; x_wconf 83' lang='grc' dir='ltr'><strong>τῶν</strong></span> <span class='ocrx_word' id='word_1_761' title='bbox 423 3795 620 3863; x_wconf 68' lang='grc' dir='ltr'>τιμίων</span> <span class='ocrx_word' id='word_1_762' title='bbox 643 3795 980 3865; x_wconf 63' lang='grc' dir='ltr'>ἐπουρανίων</span> <span class='ocrx_word' id='word_1_763' title='bbox 1009 3795 1640 3868; x_wconf 49' lang='grc' dir='ltr'><strong>δυνάμεωνδάσωμάτων.</strong></span> <span class='ocrx_word' id='word_1_764' title='bbox 1673 3797 1823 3853; x_wconf 70' lang='lat' dir='ltr'><strong>Gosn</strong></span> <span class='ocrx_word' id='word_1_765' title='bbox 1850 3796 1872 3870; x_wconf 89' lang='lat'>]</span> 
     </span>
    </p>
   </div>
  </div>
