  <div class='ocr_page' id='page_1' title='image "/cluster/home/n/w/nwhite01/storage/ocr_20150623/157/coo.31924054870625/178.png"; bbox 0 0 4064 6430; ppageno 0'>
   <div class='ocr_carea' id='block_1_1' title="bbox 196 472 299 535">
    <p class='ocr_par' dir='ltr' id='par_1_1' title="bbox 196 472 299 535">
     <span class='ocr_line' id='line_1_1' title="bbox 196 472 299 535; baseline -0.039 0"><span class='ocrx_word' id='word_1_1' title='bbox 196 472 299 535; x_wconf 55' lang='grc'><strong>345</strong></span> 
     </span>
    </p>
   </div>
   <div class='ocr_carea' id='block_1_2' title="bbox 1311 454 2362 521">
    <p class='ocr_par' dir='ltr' id='par_1_2' title="bbox 1311 454 2362 521">
     <span class='ocr_line' id='line_1_2' title="bbox 1311 454 2362 521; baseline -0.002 -2"><span class='ocrx_word' id='word_1_2' title='bbox 1311 459 1697 521; x_wconf 79' lang='lat' dir='ltr'><strong>GRETSERI</strong></span> <span class='ocrx_word' id='word_1_3' title='bbox 1729 460 1829 519; x_wconf 88' lang='lat' dir='ltr'><strong>ET</strong></span> <span class='ocrx_word' id='word_1_4' title='bbox 1854 456 2093 519; x_wconf 73' lang='lat' dir='ltr'><strong>GOARI</strong></span> <span class='ocrx_word' id='word_1_5' title='bbox 2121 454 2362 517; x_wconf 76' lang='lat' dir='ltr'><strong>NOT/E.</strong></span> 
     </span>
    </p>
   </div>
   <div class='ocr_carea' id='block_1_3' title="bbox 3364 451 3471 513">
    <p class='ocr_par' dir='ltr' id='par_1_3' title="bbox 3364 451 3471 513">
     <span class='ocr_line' id='line_1_3' title="bbox 3364 451 3471 513; baseline 0.019 -2"><span class='ocrx_word' id='word_1_6' title='bbox 3364 451 3471 513; x_wconf 68' lang='grc'><strong>346</strong></span> 
     </span>
    </p>
   </div>
   <div class='ocr_carea' id='block_1_4' title="bbox 268 544 1779 656">
    <p class='ocr_par' dir='ltr' id='par_1_4' title="bbox 268 544 1775 656">
     <span class='ocr_line' id='line_1_4' title="bbox 268 544 1775 656; baseline -0.007 -17"><span class='ocrx_word' id='word_1_7' title='bbox 268 586 330 643; x_wconf 82' lang='grc' dir='ltr'>Ρ.</span> <span class='ocrx_word' id='word_1_8' title='bbox 356 584 443 639; x_wconf 82' lang='grc'>66.</span> <span class='ocrx_word' id='word_1_9' title='bbox 468 579 622 656; x_wconf 82' lang='grc' dir='ltr'><strong>[Τῶν</strong></span> <span class='ocrx_word' id='word_1_10' title='bbox 648 578 1029 649; x_wconf 74' lang='grc' dir='ltr'>πατριαρχῶν</span> <span class='ocrx_word' id='word_1_11' title='bbox 1048 593 1162 643; x_wconf 88' lang='grc' dir='ltr'>τις.</span> <span class='ocrx_word' id='word_1_12' title='bbox 1191 576 1362 631; x_wconf 89' lang='lat' dir='ltr'><strong>Debet</strong></span> <span class='ocrx_word' id='word_1_13' title='bbox 1386 575 1499 641; x_wconf 87' lang='lat' dir='ltr'><strong>ille,</strong></span> <span class='ocrx_word' id='word_1_14' title='bbox 1520 575 1775 644; x_wconf 80' lang='lat' dir='ltr'><strong>quisquis</strong></span> 
     </span>
    </p>
   </div>
   <div class='ocr_carea' id='block_1_5' title="bbox 1882 544 3470 656">
    <p class='ocr_par' dir='ltr' id='par_1_5' title="bbox 1882 566 3470 639">
     <span class='ocr_line' id='line_1_5' title="bbox 1882 566 3470 639; baseline -0.005 -11"><span class='ocrx_word' id='word_1_15' title='bbox 1882 574 2289 634; x_wconf 92' lang='lat' dir='ltr'><strong>contendimus,</strong></span> <span class='ocrx_word' id='word_1_16' title='bbox 2323 572 2389 625; x_wconf 89' lang='lat' dir='ltr'><strong>de</strong></span> <span class='ocrx_word' id='word_1_17' title='bbox 2422 567 2604 639; x_wconf 85' lang='lat' dir='ltr'><strong>priore</strong></span> <span class='ocrx_word' id='word_1_18' title='bbox 2640 568 2949 624; x_wconf 80' lang='lat' dir='ltr'><strong>haeremus:</strong></span> <span class='ocrx_word' id='word_1_19' title='bbox 2982 568 3029 621; x_wconf 89' lang='lat' dir='ltr'><strong>si</strong></span> <span class='ocrx_word' id='word_1_20' title='bbox 3070 566 3214 621; x_wconf 87' lang='lat' dir='ltr'><strong>enim</strong></span> <span class='ocrx_word' id='word_1_21' title='bbox 3254 582 3360 620; x_wconf 80' lang='lat' dir='ltr'><strong>non</strong></span> <span class='ocrx_word' id='word_1_22' title='bbox 3393 568 3470 621; x_wconf 86' lang='lat' dir='ltr'><strong>si-</strong></span> 
     </span>
    </p>
   </div>
   <div class='ocr_carea' id='block_1_6' title="bbox 200 664 1781 744">
    <p class='ocr_par' dir='ltr' id='par_1_6' title="bbox 200 664 1781 744">
     <span class='ocr_line' id='line_1_6' title="bbox 200 664 1781 744; baseline -0.01 -11"><span class='ocrx_word' id='word_1_23' title='bbox 200 678 389 742; x_wconf 82' lang='lat' dir='ltr'><strong>l‘uerit,</strong></span> <span class='ocrx_word' id='word_1_24' title='bbox 424 674 860 744; x_wconf 74' lang='lat' dir='ltr'><strong>quadringentos</strong></span> <span class='ocrx_word' id='word_1_25' title='bbox 879 683 1054 723; x_wconf 87' lang='lat' dir='ltr'><strong>annos</strong></span> <span class='ocrx_word' id='word_1_26' title='bbox 1080 682 1368 736; x_wconf 87' lang='lat' dir='ltr'><strong>superare,</strong></span> <span class='ocrx_word' id='word_1_27' title='bbox 1390 683 1514 722; x_wconf 89' lang='lat' dir='ltr'><strong>cum</strong></span> <span class='ocrx_word' id='word_1_28' title='bbox 1544 664 1612 735; x_wconf 85' lang='lat' dir='ltr'><strong>Sy</strong></span> <span class='ocrx_word' id='word_1_29' title='bbox 1627 680 1781 719; x_wconf 88' lang='lat' dir='ltr'><strong>mcon</strong></span> 
     </span>
    </p>
   </div>
   <div class='ocr_carea' id='block_1_7' title="bbox 206 758 1785 837">
    <p class='ocr_par' dir='ltr' id='par_1_7' title="bbox 206 758 1785 837">
     <span class='ocr_line' id='line_1_7' title="bbox 206 758 1785 837; baseline -0.009 -12"><span class='ocrx_word' id='word_1_30' title='bbox 206 765 722 837; x_wconf 75' lang='lat' dir='ltr'><strong>Thessalonicensis</strong></span> <span class='ocrx_word' id='word_1_31' title='bbox 750 772 874 817; x_wconf 91' lang='lat' dir='ltr'><strong>ante</strong></span> <span class='ocrx_word' id='word_1_32' title='bbox 898 771 1269 817; x_wconf 87' lang='lat' dir='ltr'><strong>memoratum</strong></span> <span class='ocrx_word' id='word_1_33' title='bbox 1299 769 1520 829; x_wconf 85' lang='lat' dir='ltr'><strong>tempus</strong></span> <span class='ocrx_word' id='word_1_34' title='bbox 1548 758 1785 825; x_wconf 84' lang='lat' dir='ltr'><strong>scriptor</strong></span> 
     </span>
    </p>
   </div>
   <div class='ocr_carea' id='block_1_8' title="bbox 207 849 1784 927">
    <p class='ocr_par' dir='ltr' id='par_1_8' title="bbox 207 849 1784 927">
     <span class='ocr_line' id='line_1_8' title="bbox 207 849 1784 927; baseline -0.009 -13"><span class='ocrx_word' id='word_1_35' title='bbox 207 860 450 914; x_wconf 79' lang='lat' dir='ltr'><strong>eximius</strong></span> <span class='ocrx_word' id='word_1_36' title='bbox 480 858 689 927; x_wconf 82' lang='lat' dir='ltr'><strong>primos</strong></span> <span class='ocrx_word' id='word_1_37' title='bbox 712 854 959 909; x_wconf 83' lang='lat' dir='ltr'><strong>ecclesiae</strong></span> <span class='ocrx_word' id='word_1_38' title='bbox 984 851 1194 921; x_wconf 83' lang='lat' dir='ltr'><strong>Magnae</strong></span> <span class='ocrx_word' id='word_1_39' title='bbox 1234 850 1489 914; x_wconf 86' lang='lat' dir='ltr'><strong>clericos,</strong></span> <span class='ocrx_word' id='word_1_40' title='bbox 1525 849 1784 916; x_wconf 81' lang='lat' dir='ltr'><strong>quicxo-</strong></span> 
     </span>
    </p>
   </div>
   <div class='ocr_carea' id='block_1_9' title="bbox 205 937 1784 1012">
    <p class='ocr_par' dir='ltr' id='par_1_9' title="bbox 205 937 1784 1012">
     <span class='ocr_line' id='line_1_9' title="bbox 205 937 1784 1012; baseline -0.009 -8"><span class='ocrx_word' id='word_1_41' title='bbox 205 949 483 1011; x_wconf 73' lang='lat' dir='ltr'><strong>catactnli,</strong></span> <span class='ocrx_word' id='word_1_42' title='bbox 524 948 654 1001; x_wconf 85' lang='lat' dir='ltr'><strong>velit</strong></span> <span class='ocrx_word' id='word_1_43' title='bbox 683 946 848 999; x_wconf 79' lang='lat' dir='ltr'><strong>etiam</strong></span> <span class='ocrx_word' id='word_1_44' title='bbox 907 945 974 998; x_wconf 88' lang='lat' dir='ltr'><strong>ab</strong></span> <span class='ocrx_word' id='word_1_45' title='bbox 1027 942 1253 1012; x_wconf 88' lang='lat' dir='ltr'><strong>antiquo</strong></span> <span class='ocrx_word' id='word_1_46' title='bbox 1288 941 1522 1011; x_wconf 67' lang='lat' dir='ltr'><strong>(diutino</strong></span> <span class='ocrx_word' id='word_1_47' title='bbox 1583 937 1784 1011; x_wconf 85' lang='lat' dir='ltr'><strong>spatio)</strong></span> 
     </span>
    </p>
   </div>
   <div class='ocr_carea' id='block_1_10' title="bbox 209 1039 797 1095">
    <p class='ocr_par' dir='ltr' id='par_1_10' title="bbox 209 1039 797 1095">
     <span class='ocr_line' id='line_1_10' title="bbox 209 1039 797 1095; baseline -0.012 0"><span class='ocrx_word' id='word_1_48' title='bbox 209 1042 470 1095; x_wconf 75' lang='lat' dir='ltr'><strong>tiiacOnos</strong></span> <span class='ocrx_word' id='word_1_49' title='bbox 499 1039 797 1091; x_wconf 82' lang='lat' dir='ltr'><strong>exstitisse.</strong></span> 
     </span>
    </p>
   </div>
   <div class='ocr_carea' id='block_1_11' title="bbox 283 1126 1784 1200">
    <p class='ocr_par' dir='ltr' id='par_1_11' title="bbox 283 1126 1784 1200">
     <span class='ocr_line' id='line_1_11' title="bbox 283 1126 1784 1200; baseline -0.006 -15"><span class='ocrx_word' id='word_1_50' title='bbox 283 1131 427 1185; x_wconf 83' lang='lat' dir='ltr'><strong>Ibid.</strong></span> <span class='ocrx_word' id='word_1_51' title='bbox 472 1129 797 1200; x_wconf 74' lang='grc' dir='ltr'>[Σφραγίζω</span> <span class='ocrx_word' id='word_1_52' title='bbox 831 1142 1229 1196; x_wconf 92' lang='lat' dir='ltr'><strong>nonnunquam</strong></span> <span class='ocrx_word' id='word_1_53' title='bbox 1268 1126 1453 1181; x_wconf 82' lang='lat' dir='ltr'><strong>ordino</strong></span> <span class='ocrx_word' id='word_1_54' title='bbox 1485 1138 1586 1179; x_wconf 88' lang='lat' dir='ltr'><strong>seu</strong></span> <span class='ocrx_word' id='word_1_55' title='bbox 1633 1140 1784 1178; x_wconf 75' lang='lat' dir='ltr'><strong>veros</strong></span> 
     </span>
    </p>
   </div>
   <div class='ocr_carea' id='block_1_12' title="bbox 211 1217 1784 1291">
    <p class='ocr_par' dir='ltr' id='par_1_12' title="bbox 211 1217 1784 1291">
     <span class='ocr_line' id='line_1_12' title="bbox 211 1217 1784 1291; baseline -0.005 -14"><span class='ocrx_word' id='word_1_56' title='bbox 211 1224 421 1277; x_wconf 78' lang='lat' dir='ltr'><strong>ordines</strong></span> <span class='ocrx_word' id='word_1_57' title='bbox 450 1223 662 1290; x_wconf 72' lang='lat' dir='ltr'><strong>confero</strong></span> <span class='ocrx_word' id='word_1_58' title='bbox 693 1220 857 1275; x_wconf 84' lang='lat' dir='ltr'><strong>rel&#39;ert</strong></span> <span class='ocrx_word' id='word_1_59' title='bbox 891 1220 1204 1291; x_wconf 87' lang='lat' dir='ltr'><strong>(Balsamon</strong></span> <span class='ocrx_word' id='word_1_60' title='bbox 1258 1218 1313 1272; x_wconf 90' lang='lat' dir='ltr'><strong>in</strong></span> <span class='ocrx_word' id='word_1_61' title='bbox 1366 1217 1503 1273; x_wconf 88' lang='lat' dir='ltr'><strong>Can.</strong></span> <span class='ocrx_word' id='word_1_62' title='bbox 1546 1225 1784 1286; x_wconf 85' lang='lat' dir='ltr'><strong>aposto-</strong></span> 
     </span>
    </p>
   </div>
   <div class='ocr_carea' id='block_1_13' title="bbox 210 1305 1782 1381">
    <p class='ocr_par' dir='ltr' id='par_1_13' title="bbox 210 1305 1782 1381">
     <span class='ocr_line' id='line_1_13' title="bbox 210 1305 1782 1381; baseline -0.007 -13"><span class='ocrx_word' id='word_1_63' title='bbox 210 1317 377 1369; x_wconf 84' lang='lat' dir='ltr'><strong>licum</strong></span> <span class='ocrx_word' id='word_1_64' title='bbox 434 1313 503 1366; x_wconf 75' lang='lat'><strong>56</strong></span> <span class='ocrx_word' id='word_1_65' title='bbox 565 1329 579 1365; x_wconf 90' lang='lat'><strong>:</strong></span> <span class='ocrx_word' id='word_1_66' title='bbox 622 1313 915 1375; x_wconf 80' lang='grc' dir='ltr'><strong>Διακόνους</strong></span> <span class='ocrx_word' id='word_1_67' title='bbox 966 1309 1399 1381; x_wconf 77' lang='grc' dir='ltr'><strong>χειροτονεῖσθαι</strong></span> <span class='ocrx_word' id='word_1_68' title='bbox 1452 1307 1572 1377; x_wconf 80' lang='grc' dir='ltr'>μὲν,</span> <span class='ocrx_word' id='word_1_69' title='bbox 1640 1305 1782 1358; x_wconf 81' lang='grc' dir='ltr'>τοῦτ’</span> 
     </span>
    </p>
   </div>
   <div class='ocr_carea' id='block_1_14' title="bbox 210 1403 1784 1472">
    <p class='ocr_par' dir='ltr' id='par_1_14' title="bbox 210 1403 1784 1472">
     <span class='ocr_line' id='line_1_14' title="bbox 210 1403 1784 1472; baseline -0.006 -14"><span class='ocrx_word' id='word_1_70' title='bbox 210 1407 329 1458; x_wconf 75' lang='grc' dir='ltr'>ἐστι</span> <span class='ocrx_word' id='word_1_71' title='bbox 366 1403 788 1472; x_wconf 76' lang='grc' dir='ltr'>σφραγίζεσθαι,</span> <span class='ocrx_word' id='word_1_72' title='bbox 828 1403 1156 1472; x_wconf 74' lang='grc' dir='ltr'>ἐμάθομεν).</span> <span class='ocrx_word' id='word_1_73' title='bbox 1190 1414 1588 1468; x_wconf 78' lang='lat' dir='ltr'><strong>nonnunquam</strong></span> <span class='ocrx_word' id='word_1_74' title='bbox 1634 1413 1784 1450; x_wconf 81' lang='lat' dir='ltr'><strong>cruce</strong></span> 
     </span>
    </p>
   </div>
   <div class='ocr_carea' id='block_1_15' title="bbox 209 1491 1784 1566">
    <p class='ocr_par' dir='ltr' id='par_1_15' title="bbox 209 1491 1784 1566">
     <span class='ocr_line' id='line_1_15' title="bbox 209 1491 1784 1566; baseline -0.005 -16"><span class='ocrx_word' id='word_1_75' title='bbox 209 1500 382 1566; x_wconf 85' lang='lat' dir='ltr'><strong>signo.</strong></span> <span class='ocrx_word' id='word_1_76' title='bbox 414 1492 807 1565; x_wconf 82' lang='lat' dir='ltr'><strong>Euchologium</strong></span> <span class='ocrx_word' id='word_1_77' title='bbox 863 1495 917 1548; x_wconf 90' lang='lat' dir='ltr'><strong>in</strong></span> <span class='ocrx_word' id='word_1_78' title='bbox 979 1494 1171 1549; x_wconf 90' lang='lat' dir='ltr'><strong>Ordin.</strong></span> <span class='ocrx_word' id='word_1_79' title='bbox 1204 1493 1452 1549; x_wconf 86' lang='lat' dir='ltr'><strong>Lcctoris</strong></span> <span class='ocrx_word' id='word_1_80' title='bbox 1486 1510 1500 1545; x_wconf 89' lang='lat'><strong>:</strong></span> <span class='ocrx_word' id='word_1_81' title='bbox 1538 1491 1784 1561; x_wconf 83' lang='grc' dir='ltr'>Σφραγί-</span> 
     </span>
    </p>
   </div>
   <div class='ocr_carea' id='block_1_16' title="bbox 207 1583 1784 1657">
    <p class='ocr_par' dir='ltr' id='par_1_16' title="bbox 207 1583 1784 1657">
     <span class='ocr_line' id='line_1_16' title="bbox 207 1583 1784 1657; baseline -0.004 -15"><span class='ocrx_word' id='word_1_82' title='bbox 207 1591 321 1653; x_wconf 77' lang='grc' dir='ltr'>ζων</span> <span class='ocrx_word' id='word_1_83' title='bbox 354 1589 633 1656; x_wconf 73' lang='grc' dir='ltr'><strong>ἐπιτίθησι</strong></span> <span class='ocrx_word' id='word_1_84' title='bbox 689 1589 787 1657; x_wconf 81' lang='grc' dir='ltr'><strong>τὴν</strong></span> <span class='ocrx_word' id='word_1_85' title='bbox 847 1590 1029 1657; x_wconf 84' lang='grc' dir='ltr'>χεῖρα.</span> <span class='ocrx_word' id='word_1_86' title='bbox 1068 1585 1591 1640; x_wconf 80' lang='lat' dir='ltr'><strong>Thessalonicensis</strong></span> <span class='ocrx_word' id='word_1_87' title='bbox 1629 1605 1642 1637; x_wconf 88' lang='lat'><strong>:</strong></span> <span class='ocrx_word' id='word_1_88' title='bbox 1693 1583 1784 1653; x_wconf 82' lang='grc' dir='ltr'><strong>Τῷ</strong></span> 
     </span>
    </p>
   </div>
   <div class='ocr_carea' id='block_1_17' title="bbox 203 1676 1782 1749">
    <p class='ocr_par' dir='ltr' id='par_1_17' title="bbox 203 1676 1782 1749">
     <span class='ocr_line' id='line_1_17' title="bbox 203 1676 1782 1749; baseline -0.003 -18"><span class='ocrx_word' id='word_1_89' title='bbox 203 1681 440 1749; x_wconf 77' lang='grc' dir='ltr'>δικηρεῳ</span> <span class='ocrx_word' id='word_1_90' title='bbox 470 1680 763 1747; x_wconf 69' lang='grc' dir='ltr'>σφραγίζει</span> <span class='ocrx_word' id='word_1_91' title='bbox 796 1679 857 1730; x_wconf 81' lang='grc' dir='ltr'><strong>τὸ</strong></span> <span class='ocrx_word' id='word_1_92' title='bbox 883 1678 1039 1746; x_wconf 79' lang='grc' dir='ltr'>ἆγιον</span> <span class='ocrx_word' id='word_1_93' title='bbox 1072 1677 1437 1745; x_wconf 81' lang='grc' dir='ltr'>Εὐαγγέλιον,</span> <span class='ocrx_word' id='word_1_94' title='bbox 1465 1692 1612 1730; x_wconf 84' lang='lat' dir='ltr'><strong>cerea</strong></span> <span class='ocrx_word' id='word_1_95' title='bbox 1647 1676 1782 1728; x_wconf 85' lang='lat' dir='ltr'><strong>bici-</strong></span> 
     </span>
    </p>
   </div>
   <div class='ocr_carea' id='block_1_18' title="bbox 202 1767 1783 1841">
    <p class='ocr_par' dir='ltr' id='par_1_18' title="bbox 202 1767 1783 1841">
     <span class='ocr_line' id='line_1_18' title="bbox 202 1767 1783 1841; baseline -0.002 -18"><span class='ocrx_word' id='word_1_96' title='bbox 202 1773 304 1841; x_wconf 78' lang='lat' dir='ltr'><strong>piti</strong></span> <span class='ocrx_word' id='word_1_97' title='bbox 362 1771 703 1840; x_wconf 82' lang='lat' dir='ltr'><strong>Evangelium</strong></span> <span class='ocrx_word' id='word_1_98' title='bbox 764 1771 959 1840; x_wconf 89' lang='lat' dir='ltr'><strong>signat.</strong></span> <span class='ocrx_word' id='word_1_99' title='bbox 1014 1770 1353 1839; x_wconf 84' lang='lat' dir='ltr'><strong>Quandoque</strong></span> <span class='ocrx_word' id='word_1_100' title='bbox 1405 1767 1624 1823; x_wconf 81' lang='lat' dir='ltr'><strong>tandem</strong></span> <span class='ocrx_word' id='word_1_101' title='bbox 1675 1776 1783 1831; x_wconf 87' lang='lat' dir='ltr'><strong>est,</strong></span> 
     </span>
    </p>
   </div>
   <div class='ocr_carea' id='block_1_19' title="bbox 205 1861 1782 1932">
    <p class='ocr_par' dir='ltr' id='par_1_19' title="bbox 205 1861 1782 1932">
     <span class='ocr_line' id='line_1_19' title="bbox 205 1861 1782 1932; baseline -0.004 -15"><span class='ocrx_word' id='word_1_102' title='bbox 205 1866 459 1929; x_wconf 77' lang='lat' dir='ltr'><strong>adjuncto</strong></span> <span class='ocrx_word' id='word_1_103' title='bbox 508 1864 684 1917; x_wconf 88' lang='lat' dir='ltr'><strong>crucis</strong></span> <span class='ocrx_word' id='word_1_104' title='bbox 759 1865 910 1932; x_wconf 86' lang='lat' dir='ltr'><strong>signo</strong></span> <span class='ocrx_word' id='word_1_105' title='bbox 966 1862 1325 1916; x_wconf 87' lang='lat' dir='ltr'><strong>ministerium</strong></span> <span class='ocrx_word' id='word_1_106' title='bbox 1394 1861 1472 1915; x_wconf 79' lang='lat' dir='ltr'><strong>rel</strong></span> <span class='ocrx_word' id='word_1_107' title='bbox 1554 1861 1782 1928; x_wconf 78' lang='lat' dir='ltr'><strong>o/ﬁcium</strong></span> 
     </span>
    </p>
   </div>
   <div class='ocr_carea' id='block_1_20' title="bbox 202 1955 503 2011">
    <p class='ocr_par' dir='ltr' id='par_1_20' title="bbox 202 1955 503 2011">
     <span class='ocr_line' id='line_1_20' title="bbox 202 1955 503 2011; baseline 0.017 -5"><span class='ocrx_word' id='word_1_108' title='bbox 202 1955 503 2011; x_wconf 80' lang='lat' dir='ltr'><strong>committo.</strong></span> 
     </span>
    </p>
   </div>
   <div class='ocr_carea' id='block_1_21' title="bbox 199 2042 1779 2115">
    <p class='ocr_par' dir='ltr' id='par_1_21' title="bbox 199 2042 1779 2115">
     <span class='ocr_line' id='line_1_21' title="bbox 199 2042 1779 2115; baseline -0.003 -17"><span class='ocrx_word' id='word_1_109' title='bbox 199 2049 629 2115; x_wconf 76' lang='grc' dir='ltr'><strong>τεσσαρακοστῇ</strong></span> <span class='ocrx_word' id='word_1_110' title='bbox 667 2043 966 2115; x_wconf 74' lang='grc' dir='ltr'>σφραγίζει</span> <span class='ocrx_word' id='word_1_111' title='bbox 1020 2043 1306 2115; x_wconf 82' lang='grc' dir='ltr'>προεστὼς</span> <span class='ocrx_word' id='word_1_112' title='bbox 1340 2042 1674 2112; x_wconf 82' lang='grc' dir='ltr'>ὲξυπνιστὴν</span> <span class='ocrx_word' id='word_1_113' title='bbox 1720 2043 1779 2094; x_wconf 81' lang='grc' dir='ltr'>ὲν</span> 
     </span>
    </p>
   </div>
   <div class='ocr_carea' id='block_1_22' title="bbox 200 2134 1781 2207">
    <p class='ocr_par' dir='ltr' id='par_1_22' title="bbox 200 2134 1781 2207">
     <span class='ocr_line' id='line_1_22' title="bbox 200 2134 1781 2207; baseline 0.001 -18"><span class='ocrx_word' id='word_1_114' title='bbox 200 2138 495 2207; x_wconf 76' lang='grc' dir='ltr'><strong>ἐκκλησίᾳ.</strong></span> <span class='ocrx_word' id='word_1_115' title='bbox 542 2137 692 2203; x_wconf 85' lang='lat' dir='ltr'><strong>Quos</strong></span> <span class='ocrx_word' id='word_1_116' title='bbox 761 2138 945 2206; x_wconf 87' lang='lat' dir='ltr'><strong>itaque</strong></span> <span class='ocrx_word' id='word_1_117' title='bbox 1000 2136 1316 2204; x_wconf 83' lang='lat' dir='ltr'><strong>patriarcha</strong></span> <span class='ocrx_word' id='word_1_118' title='bbox 1374 2134 1781 2190; x_wconf 73' lang='lat' dir='ltr'><strong>exocatacuelos</strong></span> 
     </span>
    </p>
   </div>
   <div class='ocr_carea' id='block_1_23' title="bbox 206 2228 1781 2299">
    <p class='ocr_par' dir='ltr' id='par_1_23' title="bbox 206 2228 1781 2299">
     <span class='ocr_line' id='line_1_23' title="bbox 206 2228 1781 2299; baseline 0.001 -18"><span class='ocrx_word' id='word_1_119' title='bbox 206 2230 522 2298; x_wconf 80' lang='grc' dir='ltr'>σφραγίζει,</span> <span class='ocrx_word' id='word_1_120' title='bbox 546 2231 717 2284; x_wconf 88' lang='lat' dir='ltr'><strong>crucis</strong></span> <span class='ocrx_word' id='word_1_121' title='bbox 756 2230 907 2299; x_wconf 83' lang='lat' dir='ltr'><strong>signa</strong></span> <span class='ocrx_word' id='word_1_122' title='bbox 940 2229 1196 2291; x_wconf 88' lang='lat' dir='ltr'><strong>instituit,</strong></span> <span class='ocrx_word' id='word_1_123' title='bbox 1224 2228 1378 2297; x_wconf 87' lang='lat' dir='ltr'><strong>prius</strong></span> <span class='ocrx_word' id='word_1_124' title='bbox 1410 2228 1628 2284; x_wconf 87' lang='lat' dir='ltr'><strong>diaconi</strong></span> <span class='ocrx_word' id='word_1_125' title='bbox 1652 2241 1781 2282; x_wconf 86' lang='lat' dir='ltr'><strong>vera</strong></span> 
     </span>
    </p>
   </div>
   <div class='ocr_carea' id='block_1_24' title="bbox 207 2304 1469 2389">
    <p class='ocr_par' dir='ltr' id='par_1_24' title="bbox 207 2304 1469 2389">
     <span class='ocr_line' id='line_1_24' title="bbox 207 2304 1469 2389; baseline 0 -18"><span class='ocrx_word' id='word_1_126' title='bbox 207 2304 545 2373; x_wconf 86' lang='lat' dir='ltr'><strong>ordinatione</strong></span> <span class='ocrx_word' id='word_1_127' title='bbox 580 2322 814 2387; x_wconf 84' lang='lat' dir='ltr'><strong>promoti</strong></span> <span class='ocrx_word' id='word_1_128' title='bbox 846 2320 1247 2387; x_wconf 84' lang='lat' dir='ltr'><strong>intelliguntur.</strong></span> <span class='ocrx_word' id='word_1_129' title='bbox 1270 2316 1469 2389; x_wconf 66' lang='grc' dir='ltr'>(ἓοΑιι.]</span> 
     </span>
    </p>
   </div>
   <div class='ocr_carea' id='block_1_25' title="bbox 276 2409 1779 2478">
    <p class='ocr_par' dir='ltr' id='par_1_25' title="bbox 276 2409 1779 2478">
     <span class='ocr_line' id='line_1_25' title="bbox 276 2409 1779 2478; baseline -0.003 -13"><span class='ocrx_word' id='word_1_130' title='bbox 276 2412 337 2465; x_wconf 85' lang='grc' dir='ltr'>Ρ.</span> <span class='ocrx_word' id='word_1_131' title='bbox 418 2412 507 2464; x_wconf 82' lang='lat'><strong>67.</strong></span> <span class='ocrx_word' id='word_1_132' title='bbox 568 2410 767 2466; x_wconf 83' lang='lat' dir='ltr'><strong>Junius</strong></span> <span class='ocrx_word' id='word_1_133' title='bbox 832 2411 993 2465; x_wconf 83' lang='lat' dir='ltr'><strong>addit</strong></span> <span class='ocrx_word' id='word_1_134' title='bbox 1076 2411 1465 2478; x_wconf 78' lang='lat' dir='ltr'><strong>negationem,</strong></span> <span class='ocrx_word' id='word_1_135' title='bbox 1545 2409 1604 2461; x_wconf 83' lang='grc' dir='ltr'>οὐ</span> <span class='ocrx_word' id='word_1_136' title='bbox 1677 2428 1779 2478; x_wconf 82' lang='grc' dir='ltr'><strong>φο-</strong></span> 
     </span>
    </p>
   </div>
   <div class='ocr_carea' id='block_1_26' title="bbox 205 2482 1783 2570">
    <p class='ocr_par' dir='ltr' id='par_1_26' title="bbox 205 2482 1783 2570">
     <span class='ocr_line' id='line_1_26' title="bbox 205 2482 1783 2570; baseline 0 -17"><span class='ocrx_word' id='word_1_137' title='bbox 205 2501 382 2570; x_wconf 75' lang='grc' dir='ltr'>ροῦσι,</span> <span class='ocrx_word' id='word_1_138' title='bbox 436 2518 537 2556; x_wconf 88' lang='lat' dir='ltr'><strong>non</strong></span> <span class='ocrx_word' id='word_1_139' title='bbox 568 2511 796 2569; x_wconf 82' lang='lat' dir='ltr'><strong>gestant.</strong></span> <span class='ocrx_word' id='word_1_140' title='bbox 828 2502 1062 2555; x_wconf 76' lang='lat' dir='ltr'><strong>Codices</strong></span> <span class='ocrx_word' id='word_1_141' title='bbox 1109 2500 1263 2555; x_wconf 90' lang='lat' dir='ltr'><strong>Boici</strong></span> <span class='ocrx_word' id='word_1_142' title='bbox 1324 2482 1629 2563; x_wconf 80' lang='lat' dir='ltr'><strong>omitiunt;</strong></span> <span class='ocrx_word' id='word_1_143' title='bbox 1678 2501 1783 2554; x_wconf 85' lang='lat' dir='ltr'><strong>ita-</strong></span> 
     </span>
    </p>
   </div>
   <div class='ocr_carea' id='block_1_27' title="bbox 201 2592 1776 2662">
    <p class='ocr_par' dir='ltr' id='par_1_27' title="bbox 201 2592 1776 2662">
     <span class='ocr_line' id='line_1_27' title="bbox 201 2592 1776 2662; baseline 0 -17"><span class='ocrx_word' id='word_1_144' title='bbox 201 2607 311 2662; x_wconf 88' lang='lat' dir='ltr'><strong>que</strong></span> <span class='ocrx_word' id='word_1_145' title='bbox 334 2608 562 2662; x_wconf 84' lang='lat' dir='ltr'><strong>prorsus</strong></span> <span class='ocrx_word' id='word_1_146' title='bbox 601 2593 851 2648; x_wconf 84' lang='lat' dir='ltr'><strong>diversus</strong></span> <span class='ocrx_word' id='word_1_147' title='bbox 888 2608 1085 2648; x_wconf 77' lang='lat' dir='ltr'><strong>sensus</strong></span> <span class='ocrx_word' id='word_1_148' title='bbox 1111 2592 1363 2658; x_wconf 71' lang='lat' dir='ltr'><strong>edicitur,</strong></span> <span class='ocrx_word' id='word_1_149' title='bbox 1416 2608 1613 2662; x_wconf 86' lang='lat' dir='ltr'><strong>nempe</strong></span> <span class='ocrx_word' id='word_1_150' title='bbox 1659 2593 1776 2647; x_wconf 70' lang='lat' dir='ltr'><strong>dia~</strong></span> 
     </span>
    </p>
   </div>
   <div class='ocr_carea' id='block_1_28' title="bbox 200 2684 1780 2761">
    <p class='ocr_par' dir='ltr' id='par_1_28' title="bbox 200 2684 1780 2761">
     <span class='ocr_line' id='line_1_28' title="bbox 200 2684 1780 2761; baseline 0 -24"><span class='ocrx_word' id='word_1_151' title='bbox 200 2700 373 2761; x_wconf 85' lang='lat' dir='ltr'><strong>conos</strong></span> <span class='ocrx_word' id='word_1_152' title='bbox 401 2694 508 2738; x_wconf 88' lang='lat' dir='ltr'><strong>tota</strong></span> <span class='ocrx_word' id='word_1_153' title='bbox 544 2685 982 2754; x_wconf 82' lang='lat' dir='ltr'><strong>Quadragesima</strong></span> <span class='ocrx_word' id='word_1_154' title='bbox 1012 2694 1228 2754; x_wconf 83' lang='lat' dir='ltr'><strong>gestare</strong></span> <span class='ocrx_word' id='word_1_155' title='bbox 1260 2699 1530 2753; x_wconf 85' lang='lat' dir='ltr'><strong>purpurea</strong></span> <span class='ocrx_word' id='word_1_156' title='bbox 1568 2684 1780 2739; x_wconf 75' lang='lat' dir='ltr'><strong>sricha-</strong></span> 
     </span>
    </p>
   </div>
   <div class='ocr_carea' id='block_1_29' title="bbox 200 2776 1780 2844">
    <p class='ocr_par' dir='ltr' id='par_1_29' title="bbox 200 2776 1780 2844">
     <span class='ocr_line' id='line_1_29' title="bbox 200 2776 1780 2844; baseline 0.001 -14"><span class='ocrx_word' id='word_1_157' title='bbox 200 2778 308 2841; x_wconf 84' lang='lat' dir='ltr'><strong>ria,</strong></span> <span class='ocrx_word' id='word_1_158' title='bbox 361 2788 588 2844; x_wconf 77' lang='lat' dir='ltr'><strong>excepto</strong></span> <span class='ocrx_word' id='word_1_159' title='bbox 635 2778 1087 2833; x_wconf 78' lang='lat' dir='ltr'><strong>Annuntiationis</strong></span> <span class='ocrx_word' id='word_1_160' title='bbox 1144 2776 1310 2843; x_wconf 81' lang='lat' dir='ltr'><strong>festo,</strong></span> <span class='ocrx_word' id='word_1_161' title='bbox 1371 2776 1685 2831; x_wconf 82' lang='lat' dir='ltr'><strong>Palmarum</strong></span> <span class='ocrx_word' id='word_1_162' title='bbox 1725 2787 1780 2832; x_wconf 89' lang='lat' dir='ltr'><strong>et</strong></span> 
     </span>
    </p>
   </div>
   <div class='ocr_carea' id='block_1_30' title="bbox 202 2869 925 2939">
    <p class='ocr_par' dir='ltr' id='par_1_30' title="bbox 202 2869 925 2939">
     <span class='ocr_line' id='line_1_30' title="bbox 202 2869 925 2939; baseline 0.001 -17"><span class='ocrx_word' id='word_1_163' title='bbox 202 2886 402 2939; x_wconf 81' lang='lat' dir='ltr'><strong>magno</strong></span> <span class='ocrx_word' id='word_1_164' title='bbox 427 2869 683 2924; x_wconf 82' lang='lat' dir='ltr'><strong>Sabbato.</strong></span> <span class='ocrx_word' id='word_1_165' title='bbox 716 2869 925 2925; x_wconf 77' lang='lat' dir='ltr'><strong>Gns&#39;rs.</strong></span> 
     </span>
    </p>
   </div>
   <div class='ocr_carea' id='block_1_31' title="bbox 276 2961 1781 3036">
    <p class='ocr_par' dir='ltr' id='par_1_31' title="bbox 276 2961 1781 3036">
     <span class='ocr_line' id='line_1_31' title="bbox 276 2961 1781 3036; baseline 0 -21"><span class='ocrx_word' id='word_1_166' title='bbox 276 2964 418 3016; x_wconf 81' lang='lat' dir='ltr'><strong>Ibid.</strong></span> <span class='ocrx_word' id='word_1_167' title='bbox 452 2964 597 3036; x_wconf 69' lang='lat' dir='ltr'><strong>[Non</strong></span> <span class='ocrx_word' id='word_1_168' title='bbox 633 2963 916 3018; x_wconf 89' lang='lat' dir='ltr'><strong>toleranda</strong></span> <span class='ocrx_word' id='word_1_169' title='bbox 966 2976 1163 3016; x_wconf 87' lang='lat' dir='ltr'><strong>vocum</strong></span> <span class='ocrx_word' id='word_1_170' title='bbox 1210 2962 1500 3032; x_wconf 87' lang='lat' dir='ltr'><strong>corruptio</strong></span> <span class='ocrx_word' id='word_1_171' title='bbox 1532 2961 1781 3031; x_wconf 87' lang='lat' dir='ltr'><strong>negatio-</strong></span> 
     </span>
    </p>
   </div>
   <div class='ocr_carea' id='block_1_32' title="bbox 209 3051 1780 3107">
    <p class='ocr_par' dir='ltr' id='par_1_32' title="bbox 209 3051 1780 3107">
     <span class='ocr_line' id='line_1_32' title="bbox 209 3051 1780 3107; baseline 0.001 -2"><span class='ocrx_word' id='word_1_172' title='bbox 209 3066 332 3105; x_wconf 87' lang='lat' dir='ltr'><strong>nem</strong></span> <span class='ocrx_word' id='word_1_173' title='bbox 358 3051 743 3107; x_wconf 78' lang='lat' dir='ltr'><strong>alﬁrmationis</strong></span> <span class='ocrx_word' id='word_1_174' title='bbox 775 3051 894 3107; x_wconf 84' lang='lat' dir='ltr'><strong>vice</strong></span> <span class='ocrx_word' id='word_1_175' title='bbox 947 3051 1287 3106; x_wconf 85' lang='lat' dir='ltr'><strong>substituens</strong></span> <span class='ocrx_word' id='word_1_176' title='bbox 1324 3067 1339 3104; x_wconf 89' lang='lat'><strong>:</strong></span> <span class='ocrx_word' id='word_1_177' title='bbox 1387 3052 1561 3107; x_wconf 84' lang='lat' dir='ltr'><strong>multo</strong></span> <span class='ocrx_word' id='word_1_178' title='bbox 1595 3052 1780 3107; x_wconf 41' lang='lat' dir='ltr'><strong>since:</strong></span> 
     </span>
    </p>
   </div>
   <div class='ocr_carea' id='block_1_33' title="bbox 207 3127 1779 3215">
    <p class='ocr_par' dir='ltr' id='par_1_33' title="bbox 207 3127 1779 3215">
     <span class='ocr_line' id='line_1_33' title="bbox 207 3127 1779 3215; baseline -0.001 -17"><span class='ocrx_word' id='word_1_179' title='bbox 207 3145 326 3199; x_wconf 84' lang='lat' dir='ltr'><strong>rius</strong></span> <span class='ocrx_word' id='word_1_180' title='bbox 378 3143 569 3214; x_wconf 74' lang='lat' dir='ltr'><strong>Regia,</strong></span> <span class='ocrx_word' id='word_1_181' title='bbox 612 3145 892 3199; x_wconf 86' lang='lat' dir='ltr'><strong>eliminata</strong></span> <span class='ocrx_word' id='word_1_182' title='bbox 948 3146 1219 3214; x_wconf 85' lang='lat' dir='ltr'><strong>particula</strong></span> <span class='ocrx_word' id='word_1_183' title='bbox 1267 3154 1521 3214; x_wconf 89' lang='lat' dir='ltr'><strong>negante,</strong></span> <span class='ocrx_word' id='word_1_184' title='bbox 1577 3127 1779 3215; x_wconf 54' lang='grc' dir='ltr'>φοροῦέ-</span> 
     </span>
    </p>
   </div>
   <div class='ocr_carea' id='block_1_34' title="bbox 208 3236 1777 3306">
    <p class='ocr_par' dir='ltr' id='par_1_34' title="bbox 208 3236 1777 3306">
     <span class='ocr_line' id='line_1_34' title="bbox 208 3236 1777 3306; baseline 0.003 -20"><span class='ocrx_word' id='word_1_185' title='bbox 208 3251 316 3287; x_wconf 85' lang='grc' dir='ltr'>σιν.</span> <span class='ocrx_word' id='word_1_186' title='bbox 351 3236 665 3291; x_wconf 76' lang='lat' dir='ltr'><strong>Auctoritas</strong></span> <span class='ocrx_word' id='word_1_187' title='bbox 722 3243 775 3290; x_wconf 86' lang='lat' dir='ltr'><strong>et</strong></span> <span class='ocrx_word' id='word_1_188' title='bbox 806 3236 1154 3291; x_wconf 89' lang='lat' dir='ltr'><strong>consuetudo</strong></span> <span class='ocrx_word' id='word_1_189' title='bbox 1206 3236 1422 3291; x_wconf 86' lang='lat' dir='ltr'><strong>ﬁdelem</strong></span> <span class='ocrx_word' id='word_1_190' title='bbox 1457 3236 1777 3306; x_wconf 73' lang='lat' dir='ltr'><strong>huiusmodi</strong></span> 
     </span>
    </p>
   </div>
   <div class='ocr_carea' id='block_1_35' title="bbox 204 3318 1779 3397">
    <p class='ocr_par' dir='ltr' id='par_1_35' title="bbox 204 3318 1779 3397">
     <span class='ocr_line' id='line_1_35' title="bbox 204 3318 1779 3397; baseline 0.002 -19"><span class='ocrx_word' id='word_1_191' title='bbox 204 3326 495 3381; x_wconf 83' lang='lat' dir='ltr'><strong>lectionem</strong></span> <span class='ocrx_word' id='word_1_192' title='bbox 528 3337 770 3391; x_wconf 85' lang='lat' dir='ltr'><strong>tuentur,</strong></span> <span class='ocrx_word' id='word_1_193' title='bbox 802 3331 983 3383; x_wconf 85' lang='lat' dir='ltr'><strong>luctus</strong></span> <span class='ocrx_word' id='word_1_194' title='bbox 1012 3328 1284 3396; x_wconf 88' lang='lat' dir='ltr'><strong>siquidem</strong></span> <span class='ocrx_word' id='word_1_195' title='bbox 1320 3318 1378 3381; x_wconf 90' lang='lat' dir='ltr'><strong>et</strong></span> <span class='ocrx_word' id='word_1_196' title='bbox 1406 3328 1779 3397; x_wconf 86' lang='lat' dir='ltr'><strong>Quadragesi-</strong></span> 
     </span>
    </p>
   </div>
   <div class='ocr_carea' id='block_1_36' title="bbox 205 3419 1781 3491">
    <p class='ocr_par' dir='ltr' id='par_1_36' title="bbox 205 3419 1781 3491">
     <span class='ocr_line' id='line_1_36' title="bbox 205 3419 1781 3491; baseline 0.003 -22"><span class='ocrx_word' id='word_1_197' title='bbox 205 3432 309 3470; x_wconf 71' lang='lat' dir='ltr'><strong>nite</strong></span> <span class='ocrx_word' id='word_1_198' title='bbox 346 3426 593 3484; x_wconf 84' lang='lat' dir='ltr'><strong>tempore</strong></span> <span class='ocrx_word' id='word_1_199' title='bbox 615 3420 843 3473; x_wconf 89' lang='lat' dir='ltr'><strong>rubrum</strong></span> <span class='ocrx_word' id='word_1_200' title='bbox 878 3420 984 3491; x_wconf 84' lang='lat' dir='ltr'><strong>sibi</strong></span> <span class='ocrx_word' id='word_1_201' title='bbox 1016 3419 1258 3473; x_wconf 80' lang='lat' dir='ltr'><strong>colorem</strong></span> <span class='ocrx_word' id='word_1_202' title='bbox 1313 3420 1547 3474; x_wconf 86' lang='lat' dir='ltr'><strong>assumit</strong></span> <span class='ocrx_word' id='word_1_203' title='bbox 1582 3419 1781 3474; x_wconf 80' lang='lat' dir='ltr'><strong>Orien-</strong></span> 
     </span>
    </p>
   </div>
   <div class='ocr_carea' id='block_1_37' title="bbox 203 3510 1776 3584">
    <p class='ocr_par' dir='ltr' id='par_1_37' title="bbox 203 3510 1776 3584">
     <span class='ocr_line' id='line_1_37' title="bbox 203 3510 1776 3584; baseline 0.003 -23"><span class='ocrx_word' id='word_1_204' title='bbox 203 3511 329 3565; x_wconf 85' lang='lat' dir='ltr'><strong>talis</strong></span> <span class='ocrx_word' id='word_1_205' title='bbox 360 3510 627 3577; x_wconf 87' lang='lat' dir='ltr'><strong>Ecclesia,</strong></span> <span class='ocrx_word' id='word_1_206' title='bbox 671 3513 883 3581; x_wconf 88' lang='lat' dir='ltr'><strong>reliquo</strong></span> <span class='ocrx_word' id='word_1_207' title='bbox 938 3520 1212 3584; x_wconf 90' lang='lat' dir='ltr'><strong>tempore,</strong></span> <span class='ocrx_word' id='word_1_208' title='bbox 1270 3511 1466 3568; x_wconf 87' lang='lat' dir='ltr'><strong>festivo</strong></span> <span class='ocrx_word' id='word_1_209' title='bbox 1519 3512 1776 3575; x_wconf 74' lang='lat' dir='ltr'><strong>maxime,</strong></span> 
     </span>
    </p>
   </div>
   <div class='ocr_carea' id='block_1_38' title="bbox 202 3602 1781 3669">
    <p class='ocr_par' dir='ltr' id='par_1_38' title="bbox 202 3602 1781 3669">
     <span class='ocr_line' id='line_1_38' title="bbox 202 3602 1781 3669; baseline 0.003 -14"><span class='ocrx_word' id='word_1_210' title='bbox 202 3602 521 3657; x_wconf 75' lang='lat' dir='ltr'><strong>candidum.</strong></span> <span class='ocrx_word' id='word_1_211' title='bbox 571 3605 940 3658; x_wconf 82' lang='lat' dir='ltr'><strong>Annuntiatio</strong></span> <span class='ocrx_word' id='word_1_212' title='bbox 998 3619 1154 3669; x_wconf 86' lang='lat' dir='ltr'><strong>vero,</strong></span> <span class='ocrx_word' id='word_1_213' title='bbox 1186 3603 1502 3659; x_wconf 82' lang='lat' dir='ltr'><strong>Palmarum</strong></span> <span class='ocrx_word' id='word_1_214' title='bbox 1549 3604 1669 3659; x_wconf 90' lang='lat' dir='ltr'><strong>dies</strong></span> <span class='ocrx_word' id='word_1_215' title='bbox 1725 3612 1781 3659; x_wconf 91' lang='lat' dir='ltr'><strong>et</strong></span> 
     </span>
    </p>
   </div>
   <div class='ocr_carea' id='block_1_39' title="bbox 204 3696 1780 3768">
    <p class='ocr_par' dir='ltr' id='par_1_39' title="bbox 204 3696 1780 3768">
     <span class='ocr_line' id='line_1_39' title="bbox 204 3696 1780 3768; baseline 0.003 -19"><span class='ocrx_word' id='word_1_216' title='bbox 204 3696 504 3749; x_wconf 75' lang='lat' dir='ltr'><strong>Sabbatum</strong></span> <span class='ocrx_word' id='word_1_217' title='bbox 538 3696 823 3753; x_wconf 76' lang='lat' dir='ltr'><strong>Paschalis</strong></span> <span class='ocrx_word' id='word_1_218' title='bbox 872 3697 1220 3768; x_wconf 80' lang='lat' dir='ltr'><strong>pervigilium</strong></span> <span class='ocrx_word' id='word_1_219' title='bbox 1251 3698 1521 3753; x_wconf 88' lang='lat' dir='ltr'><strong>solemnia</strong></span> <span class='ocrx_word' id='word_1_220' title='bbox 1563 3708 1694 3753; x_wconf 92' lang='lat' dir='ltr'><strong>sunt</strong></span> <span class='ocrx_word' id='word_1_221' title='bbox 1726 3707 1780 3753; x_wconf 93' lang='lat' dir='ltr'><strong>et</strong></span> 
     </span>
    </p>
   </div>
   <div class='ocr_carea' id='block_1_40' title="bbox 202 3788 1774 3859">
    <p class='ocr_par' dir='ltr' id='par_1_40' title="bbox 202 3788 1774 3859">
     <span class='ocr_line' id='line_1_40' title="bbox 202 3788 1774 3859; baseline 0.003 -20"><span class='ocrx_word' id='word_1_222' title='bbox 202 3790 337 3841; x_wconf 77' lang='lat' dir='ltr'><strong>festa</strong></span> <span class='ocrx_word' id='word_1_223' title='bbox 365 3788 973 3859; x_wconf 88' lang='lat' dir='ltr'><strong>Dominica,inquibus</strong></span> <span class='ocrx_word' id='word_1_224' title='bbox 1028 3795 1234 3846; x_wconf 86' lang='lat' dir='ltr'><strong>rubcus</strong></span> <span class='ocrx_word' id='word_1_225' title='bbox 1286 3791 1436 3845; x_wconf 89' lang='lat' dir='ltr'><strong>color</strong></span> <span class='ocrx_word' id='word_1_226' title='bbox 1491 3792 1774 3846; x_wconf 85' lang='lat' dir='ltr'><strong>horrorem</strong></span> 
     </span>
    </p>
   </div>
   <div class='ocr_carea' id='block_1_41' title="bbox 202 3882 1778 3953">
    <p class='ocr_par' dir='ltr' id='par_1_41' title="bbox 202 3882 1778 3953">
     <span class='ocr_line' id='line_1_41' title="bbox 202 3882 1778 3953; baseline 0.004 -22"><span class='ocrx_word' id='word_1_227' title='bbox 202 3882 403 3934; x_wconf 90' lang='lat' dir='ltr'><strong>incutit</strong></span> <span class='ocrx_word' id='word_1_228' title='bbox 443 3891 497 3934; x_wconf 88' lang='lat' dir='ltr'><strong>et</strong></span> <span class='ocrx_word' id='word_1_229' title='bbox 524 3884 811 3937; x_wconf 86' lang='lat' dir='ltr'><strong>adversum</strong></span> <span class='ocrx_word' id='word_1_230' title='bbox 848 3898 1013 3938; x_wconf 90' lang='lat' dir='ltr'><strong>omen</strong></span> <span class='ocrx_word' id='word_1_231' title='bbox 1104 3884 1301 3953; x_wconf 80' lang='lat' dir='ltr'><strong>defert.</strong></span> <span class='ocrx_word' id='word_1_232' title='bbox 1335 3883 1555 3937; x_wconf 80' lang='lat' dir='ltr'><strong>Simeon</strong></span> <span class='ocrx_word' id='word_1_233' title='bbox 1604 3882 1778 3937; x_wconf 86' lang='lat' dir='ltr'><strong>Thcs-</strong></span> 
     </span>
    </p>
   </div>
   <div class='ocr_carea' id='block_1_42' title="bbox 202 3972 1776 4043">
    <p class='ocr_par' dir='ltr' id='par_1_42' title="bbox 202 3972 1776 4043">
     <span class='ocr_line' id='line_1_42' title="bbox 202 3972 1776 4043; baseline 0.002 -19"><span class='ocrx_word' id='word_1_234' title='bbox 202 3972 581 4027; x_wconf 86' lang='lat' dir='ltr'><strong>salonicensis</strong></span> <span class='ocrx_word' id='word_1_235' title='bbox 613 3988 627 4025; x_wconf 92' lang='lat'><strong>:</strong></span> <span class='ocrx_word' id='word_1_236' title='bbox 664 3972 729 4024; x_wconf 86' lang='grc' dir='ltr'><strong>Τί</strong></span> <span class='ocrx_word' id='word_1_237' title='bbox 752 3972 975 4043; x_wconf 83' lang='grc' dir='ltr'>δηλοῦσι</span> <span class='ocrx_word' id='word_1_238' title='bbox 1018 3974 1086 4026; x_wconf 83' lang='grc' dir='ltr'>τὰ</span> <span class='ocrx_word' id='word_1_239' title='bbox 1132 3973 1303 4027; x_wconf 80' lang='grc' dir='ltr'>λευκὰ</span> <span class='ocrx_word' id='word_1_240' title='bbox 1358 3973 1635 4043; x_wconf 80' lang='grc' dir='ltr'>ἐνδύματα</span> <span class='ocrx_word' id='word_1_241' title='bbox 1680 3974 1776 4027; x_wconf 82' lang='grc' dir='ltr'>τοῦ</span> 
     </span>
    </p>
   </div>
   <div class='ocr_carea' id='block_1_43' title="bbox 204 4066 1781 4137">
    <p class='ocr_par' dir='ltr' id='par_1_43' title="bbox 204 4066 1781 4137">
     <span class='ocr_line' id='line_1_43' title="bbox 204 4066 1781 4137; baseline 0.002 -22"><span class='ocrx_word' id='word_1_242' title='bbox 204 4067 531 4135; x_wconf 79' lang='grc' dir='ltr'><strong>ἀρχιερέως,</strong></span> <span class='ocrx_word' id='word_1_243' title='bbox 571 4067 833 4120; x_wconf 78' lang='grc' dir='ltr'>καὶτίτὰ</span> <span class='ocrx_word' id='word_1_244' title='bbox 879 4066 1089 4137; x_wconf 80' lang='grc' dir='ltr'>ἐρυθρὰ</span> <span class='ocrx_word' id='word_1_245' title='bbox 1152 4067 1296 4120; x_wconf 83' lang='grc' dir='ltr'>κατά</span> <span class='ocrx_word' id='word_1_246' title='bbox 1354 4066 1454 4137; x_wconf 85' lang='grc' dir='ltr'><strong>τὴν</strong></span> <span class='ocrx_word' id='word_1_247' title='bbox 1506 4084 1781 4135; x_wconf 78' lang='grc' dir='ltr'>τεσσαρα-</span> 
     </span>
    </p>
   </div>
   <div class='ocr_carea' id='block_1_44' title="bbox 205 4158 1776 4229">
    <p class='ocr_par' dir='ltr' id='par_1_44' title="bbox 205 4158 1776 4229">
     <span class='ocr_line' id='line_1_44' title="bbox 205 4158 1776 4229; baseline 0 -19"><span class='ocrx_word' id='word_1_248' title='bbox 205 4158 444 4225; x_wconf 81' lang='grc' dir='ltr'>κοστήν;</span> <span class='ocrx_word' id='word_1_249' title='bbox 470 4158 1003 4229; x_wconf 68' lang='grc' dir='ltr'>ευιήιιιιείιεΛευκὰ</span> <span class='ocrx_word' id='word_1_250' title='bbox 1038 4159 1213 4212; x_wconf 84' lang='grc' dir='ltr'>ταῦτα</span> <span class='ocrx_word' id='word_1_251' title='bbox 1267 4159 1360 4212; x_wconf 78' lang='grc' dir='ltr'>διὰ</span> <span class='ocrx_word' id='word_1_252' title='bbox 1411 4159 1474 4211; x_wconf 78' lang='grc' dir='ltr'>τὸ</span> <span class='ocrx_word' id='word_1_253' title='bbox 1528 4158 1776 4228; x_wconf 80' lang='grc' dir='ltr'>καθαρὸν</span> 
     </span>
    </p>
   </div>
   <div class='ocr_carea' id='block_1_45' title="bbox 205 4252 1777 4319">
    <p class='ocr_par' dir='ltr' id='par_1_45' title="bbox 205 4252 1777 4319">
     <span class='ocr_line' id='line_1_45' title="bbox 205 4252 1777 4319; baseline -0.01 -3"><span class='ocrx_word' id='word_1_254' title='bbox 205 4252 426 4319; x_wconf 73' lang='grc' dir='ltr'>χάριτος</span> <span class='ocrx_word' id='word_1_255' title='bbox 490 4252 584 4303; x_wconf 73' lang='grc' dir='ltr'>καὶ</span> <span class='ocrx_word' id='word_1_256' title='bbox 632 4252 920 4318; x_wconf 80' lang='grc' dir='ltr'><strong>φωτεινόν.</strong></span> <span class='ocrx_word' id='word_1_257' title='bbox 977 4252 1249 4311; x_wconf 83' lang='grc' dir='ltr'><strong>Πολλάκις</strong></span> <span class='ocrx_word' id='word_1_258' title='bbox 1296 4252 1354 4305; x_wconf 79' lang='grc' dir='ltr'>δέ</span> <span class='ocrx_word' id='word_1_259' title='bbox 1405 4267 1471 4319; x_wconf 90' lang='grc' dir='ltr'><strong>γε</strong></span> <span class='ocrx_word' id='word_1_260' title='bbox 1512 4252 1608 4303; x_wconf 71' lang='grc' dir='ltr'><strong>καὶ</strong></span> <span class='ocrx_word' id='word_1_261' title='bbox 1642 4268 1777 4319; x_wconf 86' lang='grc' dir='ltr'>πορ-</span> 
     </span>
    </p>
   </div>
   <div class='ocr_carea' id='block_1_46' title="bbox 203 4342 1776 4415">
    <p class='ocr_par' dir='ltr' id='par_1_46' title="bbox 203 4342 1776 4415">
     <span class='ocr_line' id='line_1_46' title="bbox 203 4342 1776 4415; baseline 0.001 -22"><span class='ocrx_word' id='word_1_262' title='bbox 203 4343 351 4410; x_wconf 80' lang='grc' dir='ltr'><strong>φυρᾶ</strong></span> <span class='ocrx_word' id='word_1_263' title='bbox 378 4344 521 4395; x_wconf 81' lang='grc' dir='ltr'>κατὰ</span> <span class='ocrx_word' id='word_1_264' title='bbox 554 4342 645 4397; x_wconf 85' lang='grc' dir='ltr'><strong>τὺν</strong></span> <span class='ocrx_word' id='word_1_265' title='bbox 684 4344 876 4415; x_wconf 66' lang='grc' dir='ltr'>καιρὸν</span> <span class='ocrx_word' id='word_1_266' title='bbox 905 4344 1016 4397; x_wconf 84' lang='grc' dir='ltr'>τῶν</span> <span class='ocrx_word' id='word_1_267' title='bbox 1038 4345 1311 4415; x_wconf 76' lang='grc' dir='ltr'><strong>νηστειῶν</strong></span> <span class='ocrx_word' id='word_1_268' title='bbox 1342 4344 1432 4397; x_wconf 75' lang='grc' dir='ltr'><strong>διὰ</strong></span> <span class='ocrx_word' id='word_1_269' title='bbox 1462 4346 1523 4397; x_wconf 71' lang='grc' dir='ltr'>τὸ</span> <span class='ocrx_word' id='word_1_270' title='bbox 1554 4342 1776 4395; x_wconf 76' lang='grc' dir='ltr'>πενθεῖν</span> 
     </span>
    </p>
   </div>
   <div class='ocr_carea' id='block_1_47' title="bbox 198 4437 1775 4506">
    <p class='ocr_par' dir='ltr' id='par_1_47' title="bbox 198 4437 1775 4506">
     <span class='ocr_line' id='line_1_47' title="bbox 198 4437 1775 4506; baseline 0.001 -18"><span class='ocrx_word' id='word_1_271' title='bbox 198 4438 343 4502; x_wconf 67' lang='grc' dir='ltr'>ἡμᾶς</span> <span class='ocrx_word' id='word_1_272' title='bbox 372 4437 810 4506; x_wconf 75' lang='grc' dir='ltr'><strong>ἁμαρτήσαντας</strong></span> <span class='ocrx_word' id='word_1_273' title='bbox 863 4440 961 4491; x_wconf 76' lang='grc' dir='ltr'>καὶ</span> <span class='ocrx_word' id='word_1_274' title='bbox 1006 4439 1095 4492; x_wconf 81' lang='grc' dir='ltr'>διὰ</span> <span class='ocrx_word' id='word_1_275' title='bbox 1147 4440 1239 4492; x_wconf 82' lang='grc' dir='ltr'>τὸν</span> <span class='ocrx_word' id='word_1_276' title='bbox 1301 4438 1584 4506; x_wconf 82' lang='grc' dir='ltr'>σφαγέντα</span> <span class='ocrx_word' id='word_1_277' title='bbox 1632 4438 1775 4504; x_wconf 82' lang='grc' dir='ltr'>ὑπὲρ</span> 
     </span>
    </p>
   </div>
   <div class='ocr_carea' id='block_1_48' title="bbox 199 4528 1776 4598">
    <p class='ocr_par' dir='ltr' id='par_1_48' title="bbox 199 4528 1776 4598">
     <span class='ocr_line' id='line_1_48' title="bbox 199 4528 1776 4598; baseline 0.004 -22"><span class='ocrx_word' id='word_1_278' title='bbox 199 4528 359 4592; x_wconf 76' lang='grc' dir='ltr'>ἡμῶν</span> <span class='ocrx_word' id='word_1_279' title='bbox 428 4528 644 4596; x_wconf 79' lang='grc' dir='ltr'>Ἰησοῦν</span> <span class='ocrx_word' id='word_1_280' title='bbox 709 4529 978 4598; x_wconf 78' lang='grc' dir='ltr'>Χριστόν.</span> <span class='ocrx_word' id='word_1_281' title='bbox 1038 4528 1348 4583; x_wconf 82' lang='lat' dir='ltr'><strong>Demetrius</strong></span> <span class='ocrx_word' id='word_1_282' title='bbox 1403 4528 1776 4597; x_wconf 77' lang='lat' dir='ltr'><strong>Bulgaricnsis</strong></span> 
     </span>
    </p>
   </div>
   <div class='ocr_carea' id='block_1_49' title="bbox 196 4617 1849 4689">
    <p class='ocr_par' dir='ltr' id='par_1_49' title="bbox 196 4617 1849 4689">
     <span class='ocr_line' id='line_1_49' title="bbox 196 4617 1849 4689; baseline 0.001 -19"><span class='ocrx_word' id='word_1_283' title='bbox 196 4617 341 4672; x_wconf 68' lang='lat' dir='ltr'><strong>luris</strong></span> <span class='ocrx_word' id='word_1_284' title='bbox 368 4619 465 4673; x_wconf 84' lang='lat' dir='ltr'><strong>Gr.</strong></span> <span class='ocrx_word' id='word_1_285' title='bbox 497 4620 534 4672; x_wconf 89' lang='lat' dir='ltr'><strong>l.</strong></span> <span class='ocrx_word' id='word_1_286' title='bbox 559 4635 589 4671; x_wconf 88' lang='lat' dir='ltr'><strong>v</strong></span> <span class='ocrx_word' id='word_1_287' title='bbox 628 4636 641 4673; x_wconf 92' lang='lat'><strong>:</strong></span> <span class='ocrx_word' id='word_1_288' title='bbox 675 4619 915 4682; x_wconf 81' lang='grc' dir='ltr'>Πένθους</span> <span class='ocrx_word' id='word_1_289' title='bbox 946 4620 1054 4673; x_wconf 74' lang='grc' dir='ltr'>εἰσὶ</span> <span class='ocrx_word' id='word_1_290' title='bbox 1084 4620 1152 4672; x_wconf 84' lang='grc' dir='ltr'>τὰ</span> <span class='ocrx_word' id='word_1_291' title='bbox 1179 4620 1465 4689; x_wconf 66' lang='grc' dir='ltr'>πορφυρᾶιί</span> <span class='ocrx_word' id='word_1_292' title='bbox 1490 4620 1771 4687; x_wconf 71' lang='grc' dir='ltr'>ἐνδύματα</span> <span class='ocrx_word' id='word_1_293' title='bbox 1805 4633 1849 4688; x_wconf 77' lang='grc' dir='ltr'>ι)</span> 
     </span>
    </p>
   </div>
   <div class='ocr_carea' id='block_1_50' title="bbox 200 4711 1772 4783">
    <p class='ocr_par' dir='ltr' id='par_1_50' title="bbox 200 4711 1772 4783">
     <span class='ocr_line' id='line_1_50' title="bbox 200 4711 1772 4783; baseline 0.002 -21"><span class='ocrx_word' id='word_1_294' title='bbox 200 4712 519 4781; x_wconf 73' lang='grc' dir='ltr'>σήμαντρον</span> <span class='ocrx_word' id='word_1_295' title='bbox 543 4728 559 4743; x_wconf 75' lang='grc' dir='ltr'><strong>ο</strong></span> <span class='ocrx_word' id='word_1_296' title='bbox 593 4714 651 4764; x_wconf 78' lang='grc' dir='ltr'>ὲν</span> <span class='ocrx_word' id='word_1_297' title='bbox 679 4713 871 4781; x_wconf 85' lang='grc' dir='ltr'>μόναις</span> <span class='ocrx_word' id='word_1_298' title='bbox 889 4711 1000 4781; x_wconf 81' lang='grc' dir='ltr'>γὰρ</span> <span class='ocrx_word' id='word_1_299' title='bbox 1034 4713 1328 4782; x_wconf 83' lang='grc' dir='ltr'>νηστίμοις</span> <span class='ocrx_word' id='word_1_300' title='bbox 1379 4714 1620 4783; x_wconf 80' lang='grc' dir='ltr'>ἡμέραις</span> <span class='ocrx_word' id='word_1_301' title='bbox 1675 4712 1772 4766; x_wconf 76' lang='grc' dir='ltr'><strong>καὶ</strong></span> 
     </span>
    </p>
   </div>
   <div class='ocr_carea' id='block_1_51' title="bbox 192 4805 1760 4878">
    <p class='ocr_par' dir='ltr' id='par_1_51' title="bbox 192 4805 1760 4878">
     <span class='ocr_line' id='line_1_51' title="bbox 192 4805 1760 4878; baseline 0.003 -22"><span class='ocrx_word' id='word_1_302' title='bbox 192 4805 250 4856; x_wconf 73' lang='grc' dir='ltr'>ἐν</span> <span class='ocrx_word' id='word_1_303' title='bbox 295 4806 667 4875; x_wconf 70' lang='grc' dir='ltr'>μνημοσῦνοις</span> <span class='ocrx_word' id='word_1_304' title='bbox 716 4806 1064 4859; x_wconf 75' lang='grc' dir='ltr'>ἀπελθόντων</span> <span class='ocrx_word' id='word_1_305' title='bbox 1118 4806 1519 4874; x_wconf 74' lang='grc' dir='ltr'>λαμϐάνονται.</span> <span class='ocrx_word' id='word_1_306' title='bbox 1557 4805 1760 4878; x_wconf 74' lang='lat' dir='ltr'><strong>Goan]</strong></span> 
     </span>
    </p>
   </div>
   <div class='ocr_carea' id='block_1_52' title="bbox 684 4937 1234 5009">
    <p class='ocr_par' dir='ltr' id='par_1_52' title="bbox 684 4937 1234 5009">
     <span class='ocr_line' id='line_1_52' title="bbox 684 4937 1234 5009; baseline 0 -16"><span class='ocrx_word' id='word_1_307' title='bbox 684 4939 843 5009; x_wconf 82' lang='lat'><strong>311</strong></span> <span class='ocrx_word' id='word_1_308' title='bbox 904 4937 1136 4994; x_wconf 79' lang='lat' dir='ltr'><strong>CAPUT</strong></span> <span class='ocrx_word' id='word_1_309' title='bbox 1173 4940 1234 4995; x_wconf 89' lang='lat' dir='ltr'><strong>v.</strong></span> 
     </span>
    </p>
   </div>
   <div class='ocr_carea' id='block_1_53' title="bbox 251 5076 1722 5148">
    <p class='ocr_par' dir='ltr' id='par_1_53' title="bbox 251 5076 1722 5148">
     <span class='ocr_line' id='line_1_53' title="bbox 251 5076 1722 5148; baseline 0.001 -16"><span class='ocrx_word' id='word_1_310' title='bbox 251 5076 657 5132; x_wconf 76' lang='lat' dir='ltr'><strong>Observationes</strong></span> <span class='ocrx_word' id='word_1_311' title='bbox 682 5086 728 5130; x_wconf 92' lang='lat' dir='ltr'><strong>et</strong></span> <span class='ocrx_word' id='word_1_312' title='bbox 768 5077 1149 5148; x_wconf 68' lang='lat' dir='ltr'><strong>explicationes</strong></span> <span class='ocrx_word' id='word_1_313' title='bbox 1174 5078 1227 5130; x_wconf 88' lang='lat' dir='ltr'><strong>in</strong></span> <span class='ocrx_word' id='word_1_314' title='bbox 1244 5094 1293 5133; x_wconf 84' lang='grc' dir='ltr'><strong>ε.</strong></span> <span class='ocrx_word' id='word_1_315' title='bbox 1340 5077 1427 5140; x_wconf 81' lang='grc'><strong>10,</strong></span> <span class='ocrx_word' id='word_1_316' title='bbox 1472 5077 1539 5132; x_wconf 88' lang='lat' dir='ltr'><strong>de</strong></span> <span class='ocrx_word' id='word_1_317' title='bbox 1584 5078 1722 5148; x_wconf 79' lang='lat' dir='ltr'><strong>festo</strong></span> 
     </span>
    </p>
   </div>
   <div class='ocr_carea' id='block_1_54' title="bbox 859 5147 1196 5201">
    <p class='ocr_par' dir='ltr' id='par_1_54' title="bbox 859 5147 1196 5201">
     <span class='ocr_line' id='line_1_54' title="bbox 859 5147 1196 5201; baseline 0 0"><span class='ocrx_word' id='word_1_318' title='bbox 859 5147 1196 5201; x_wconf 70' lang='lat' dir='ltr'><strong>Palinurum.</strong></span> 
     </span>
    </p>
   </div>
   <div class='ocr_carea' id='block_1_55' title="bbox 258 5261 1769 5338">
    <p class='ocr_par' dir='ltr' id='par_1_55' title="bbox 258 5261 1769 5338">
     <span class='ocr_line' id='line_1_55' title="bbox 258 5261 1769 5338; baseline 0.003 -23"><span class='ocrx_word' id='word_1_319' title='bbox 258 5261 613 5338; x_wconf 82' lang='lat' dir='ltr'><strong>P._67.Qnod</strong></span> <span class='ocrx_word' id='word_1_320' title='bbox 634 5278 732 5319; x_wconf 86' lang='lat' dir='ltr'><strong>nos</strong></span> <span class='ocrx_word' id='word_1_321' title='bbox 754 5262 942 5332; x_wconf 80' lang='lat' dir='ltr'><strong>festum</strong></span> <span class='ocrx_word' id='word_1_322' title='bbox 975 5262 1309 5328; x_wconf 86' lang='lat' dir='ltr'><strong>Palmarum,</strong></span> <span class='ocrx_word' id='word_1_323' title='bbox 1345 5265 1399 5320; x_wconf 88' lang='lat' dir='ltr'><strong>id</strong></span> <span class='ocrx_word' id='word_1_324' title='bbox 1430 5265 1599 5319; x_wconf 64' lang='lat' dir='ltr'><strong>Graeci</strong></span> <span class='ocrx_word' id='word_1_325' title='bbox 1646 5267 1769 5332; x_wconf 82' lang='grc' dir='ltr'>ἐορ-</span> 
     </span>
    </p>
   </div>
   <div class='ocr_carea' id='block_1_56' title="bbox 187 5355 1772 5424">
    <p class='ocr_par' dir='ltr' id='par_1_56' title="bbox 187 5355 1772 5424">
     <span class='ocr_line' id='line_1_56' title="bbox 187 5355 1772 5424; baseline 0.004 -17"><span class='ocrx_word' id='word_1_326' title='bbox 187 5356 286 5423; x_wconf 77' lang='grc' dir='ltr'><strong>τὴν</strong></span> <span class='ocrx_word' id='word_1_327' title='bbox 314 5356 487 5424; x_wconf 78' lang='grc' dir='ltr'>βαῒων</span> <span class='ocrx_word' id='word_1_328' title='bbox 522 5365 755 5417; x_wconf 83' lang='lat' dir='ltr'><strong>vocant:</strong></span> <span class='ocrx_word' id='word_1_329' title='bbox 809 5357 875 5410; x_wconf 84' lang='lat' dir='ltr'><strong>de</strong></span> <span class='ocrx_word' id='word_1_330' title='bbox 904 5372 1012 5423; x_wconf 89' lang='lat' dir='ltr'><strong>quo</strong></span> <span class='ocrx_word' id='word_1_331' title='bbox 1048 5355 1167 5411; x_wconf 78' lang='lat' dir='ltr'><strong>fuse</strong></span> <span class='ocrx_word' id='word_1_332' title='bbox 1195 5356 1393 5411; x_wconf 85' lang='lat' dir='ltr'><strong>Codin.</strong></span> <span class='ocrx_word' id='word_1_333' title='bbox 1431 5374 1481 5412; x_wconf 93' lang='lat' dir='ltr'><strong>c.</strong></span> <span class='ocrx_word' id='word_1_334' title='bbox 1521 5359 1606 5414; x_wconf 88' lang='lat' dir='ltr'><strong>l0.</strong></span> <span class='ocrx_word' id='word_1_335' title='bbox 1635 5361 1772 5413; x_wconf 80' lang='grc' dir='ltr'><strong>Βάϊα</strong></span> 
     </span>
    </p>
   </div>
   <div class='ocr_carea' id='block_1_57' title="bbox 192 5442 1768 5518">
    <p class='ocr_par' dir='ltr' id='par_1_57' title="bbox 192 5442 1768 5518">
     <span class='ocr_line' id='line_1_57' title="bbox 192 5442 1768 5518; baseline 0.005 -22"><span class='ocrx_word' id='word_1_336' title='bbox 192 5442 382 5499; x_wconf 63' lang='lat' dir='ltr'><strong>Graeco</strong></span> <span class='ocrx_word' id='word_1_337' title='bbox 420 5461 672 5499; x_wconf 88' lang='lat' dir='ltr'><strong>sermone</strong></span> <span class='ocrx_word' id='word_1_338' title='bbox 705 5446 813 5499; x_wconf 85' lang='lat' dir='ltr'><strong>dici</strong></span> <span class='ocrx_word' id='word_1_339' title='bbox 853 5446 1057 5515; x_wconf 82' lang='lat' dir='ltr'><strong>palmas</strong></span> <span class='ocrx_word' id='word_1_340' title='bbox 1098 5461 1189 5499; x_wconf 89' lang='lat' dir='ltr'><strong>seu</strong></span> <span class='ocrx_word' id='word_1_341' title='bbox 1231 5463 1413 5502; x_wconf 88' lang='lat' dir='ltr'><strong>ramos</strong></span> <span class='ocrx_word' id='word_1_342' title='bbox 1466 5449 1768 5518; x_wconf 88' lang='lat' dir='ltr'><strong>palmarum</strong></span> 
     </span>
    </p>
   </div>
   <div class='ocr_carea' id='block_1_58' title="bbox 192 5536 1772 5608">
    <p class='ocr_par' dir='ltr' id='par_1_58' title="bbox 192 5536 1772 5608">
     <span class='ocr_line' id='line_1_58' title="bbox 192 5536 1772 5608; baseline 0.006 -18"><span class='ocrx_word' id='word_1_343' title='bbox 192 5540 354 5592; x_wconf 87' lang='lat' dir='ltr'><strong>tradit</strong></span> <span class='ocrx_word' id='word_1_344' title='bbox 388 5541 448 5592; x_wconf 80' lang='lat' dir='ltr'><strong>S.</strong></span> <span class='ocrx_word' id='word_1_345' title='bbox 487 5536 853 5608; x_wconf 84' lang='lat' dir='ltr'><strong>Hieronymus</strong></span> <span class='ocrx_word' id='word_1_346' title='bbox 886 5540 941 5592; x_wconf 91' lang='lat' dir='ltr'><strong>in</strong></span> <span class='ocrx_word' id='word_1_347' title='bbox 970 5554 1020 5593; x_wconf 73' lang='grc' dir='ltr'>ο.</span> <span class='ocrx_word' id='word_1_348' title='bbox 1052 5540 1085 5593; x_wconf 88' lang='grc'>8</span> <span class='ocrx_word' id='word_1_349' title='bbox 1119 5541 1395 5596; x_wconf 81' lang='lat' dir='ltr'><strong>Ezechiel.</strong></span> <span class='ocrx_word' id='word_1_350' title='bbox 1451 5542 1651 5597; x_wconf 88' lang='lat' dir='ltr'><strong>inscite</strong></span> <span class='ocrx_word' id='word_1_351' title='bbox 1705 5549 1772 5600; x_wconf 90' lang='lat' dir='ltr'><strong>de</strong></span> 
     </span>
    </p>
   </div>
   <div class='ocr_carea' id='block_1_59' title="bbox 193 5630 1770 5705">
    <p class='ocr_par' dir='ltr' id='par_1_59' title="bbox 193 5630 1770 5705">
     <span class='ocr_line' id='line_1_59' title="bbox 193 5630 1770 5705; baseline 0.006 -24"><span class='ocrx_word' id='word_1_352' title='bbox 193 5630 287 5683; x_wconf 88' lang='lat' dir='ltr'><strong>hoc</strong></span> <span class='ocrx_word' id='word_1_353' title='bbox 318 5631 543 5683; x_wconf 84' lang='lat' dir='ltr'><strong>nomine</strong></span> <span class='ocrx_word' id='word_1_354' title='bbox 587 5630 895 5698; x_wconf 80' lang='lat' dir='ltr'><strong>Balsamon,</strong></span> <span class='ocrx_word' id='word_1_355' title='bbox 940 5631 1155 5694; x_wconf 85' lang='lat' dir='ltr'><strong>Baium,</strong></span> <span class='ocrx_word' id='word_1_356' title='bbox 1190 5633 1391 5703; x_wconf 90' lang='lat' dir='ltr'><strong>inquit,</strong></span> <span class='ocrx_word' id='word_1_357' title='bbox 1446 5634 1628 5705; x_wconf 80' lang='lat' dir='ltr'><strong>lingua</strong></span> <span class='ocrx_word' id='word_1_358' title='bbox 1665 5635 1770 5690; x_wconf 84' lang='lat' dir='ltr'><strong>Ro-</strong></span> 
     </span>
    </p>
   </div>
   <div class='ocr_carea' id='block_1_60' title="bbox 194 5728 1771 5799">
    <p class='ocr_par' dir='ltr' id='par_1_60' title="bbox 194 5728 1771 5799">
     <span class='ocr_line' id='line_1_60' title="bbox 194 5728 1771 5799; baseline 0.005 -25"><span class='ocrx_word' id='word_1_359' title='bbox 194 5740 341 5779; x_wconf 81' lang='lat' dir='ltr'><strong>mana</strong></span> <span class='ocrx_word' id='word_1_360' title='bbox 368 5742 534 5792; x_wconf 82' lang='lat' dir='ltr'><strong>neque</strong></span> <span class='ocrx_word' id='word_1_361' title='bbox 562 5743 769 5781; x_wconf 85' lang='lat' dir='ltr'><strong>ramum</strong></span> <span class='ocrx_word' id='word_1_362' title='bbox 828 5745 892 5782; x_wconf 83' lang='lat' dir='ltr'><strong>ea:</strong></span> <span class='ocrx_word' id='word_1_363' title='bbox 920 5728 1107 5782; x_wconf 87' lang='lat' dir='ltr'><strong>arbore</strong></span> <span class='ocrx_word' id='word_1_364' title='bbox 1146 5744 1343 5781; x_wconf 71' lang='lat' dir='ltr'><strong>ca&#39;sum</strong></span> <span class='ocrx_word' id='word_1_365' title='bbox 1397 5745 1559 5799; x_wconf 85' lang='lat' dir='ltr'><strong>neque</strong></span> <span class='ocrx_word' id='word_1_366' title='bbox 1592 5746 1771 5783; x_wconf 75' lang='grc' dir='ltr'>τοδαηι</span> 
     </span>
    </p>
   </div>
   <div class='ocr_carea' id='block_1_61' title="bbox 194 5816 1769 5889">
    <p class='ocr_par' dir='ltr' id='par_1_61' title="bbox 194 5816 1769 5889">
     <span class='ocr_line' id='line_1_61' title="bbox 194 5816 1769 5889; baseline 0.007 -26"><span class='ocrx_word' id='word_1_367' title='bbox 194 5827 249 5864; x_wconf 73' lang='lat' dir='ltr'><strong>ex</strong></span> <span class='ocrx_word' id='word_1_368' title='bbox 297 5826 474 5869; x_wconf 84' lang='lat' dir='ltr'><strong>roseto</strong></span> <span class='ocrx_word' id='word_1_369' title='bbox 509 5816 785 5870; x_wconf 70' lang='lat' dir='ltr'><strong>collectam</strong></span> <span class='ocrx_word' id='word_1_370' title='bbox 817 5835 980 5889; x_wconf 85' lang='lat' dir='ltr'><strong>neque</strong></span> <span class='ocrx_word' id='word_1_371' title='bbox 1015 5819 1189 5871; x_wconf 85' lang='lat' dir='ltr'><strong>lilium</strong></span> <span class='ocrx_word' id='word_1_372' title='bbox 1242 5833 1306 5871; x_wconf 71' lang='lat' dir='ltr'><strong>ex</strong></span> <span class='ocrx_word' id='word_1_373' title='bbox 1341 5818 1582 5872; x_wconf 88' lang='lat' dir='ltr'><strong>liliorum</strong></span> <span class='ocrx_word' id='word_1_374' title='bbox 1617 5821 1769 5874; x_wconf 84' lang='lat' dir='ltr'><strong>horto</strong></span> 
     </span>
    </p>
   </div>
   <div class='ocr_carea' id='block_1_62' title="bbox 195 5909 1767 5982">
    <p class='ocr_par' dir='ltr' id='par_1_62' title="bbox 195 5909 1767 5982">
     <span class='ocr_line' id='line_1_62' title="bbox 195 5909 1767 5982; baseline 0.006 -22"><span class='ocrx_word' id='word_1_375' title='bbox 195 5909 487 5981; x_wconf 75' lang='lat' dir='ltr'><strong>decerptum</strong></span> <span class='ocrx_word' id='word_1_376' title='bbox 523 5912 808 5981; x_wconf 83' lang='lat' dir='ltr'><strong>signiﬁcat.</strong></span> <span class='ocrx_word' id='word_1_377' title='bbox 872 5916 943 5968; x_wconf 84' lang='lat' dir='ltr'><strong>Ue</strong></span> <span class='ocrx_word' id='word_1_378' title='bbox 976 5913 1190 5968; x_wconf 88' lang='lat' dir='ltr'><strong>duobus</strong></span> <span class='ocrx_word' id='word_1_379' title='bbox 1232 5913 1633 5982; x_wconf 82' lang='lat' dir='ltr'><strong>posterioribus</strong></span> <span class='ocrx_word' id='word_1_380' title='bbox 1693 5916 1767 5970; x_wconf 92' lang='lat' dir='ltr'><strong>nil</strong></span> 
     </span>
    </p>
   </div>
   <div class='ocr_carea' id='block_1_63' title="bbox 1890 654 3471 732">
    <p class='ocr_par' dir='ltr' id='par_1_63' title="bbox 1890 654 3471 732">
     <span class='ocr_line' id='line_1_63' title="bbox 1890 654 3471 732; baseline -0.008 -14"><span class='ocrx_word' id='word_1_381' title='bbox 1890 664 2111 732; x_wconf 83' lang='lat' dir='ltr'><strong>gniﬁcat</strong></span> <span class='ocrx_word' id='word_1_382' title='bbox 2139 677 2375 727; x_wconf 89' lang='lat' dir='ltr'><strong>ramum,</strong></span> <span class='ocrx_word' id='word_1_383' title='bbox 2417 661 2504 715; x_wconf 90' lang='lat' dir='ltr'><strong>dic</strong></span> <span class='ocrx_word' id='word_1_384' title='bbox 2532 660 2665 730; x_wconf 81' lang='lat' dir='ltr'><strong>quid</strong></span> <span class='ocrx_word' id='word_1_385' title='bbox 2728 654 3044 729; x_wconf 87' lang='lat' dir='ltr'><strong>signiﬁcet?</strong></span> <span class='ocrx_word' id='word_1_386' title='bbox 3090 654 3471 725; x_wconf 84' lang='grc' dir='ltr'>Ἀνθρωπίνης</span> 
     </span>
    </p>
   </div>
   <div class='ocr_carea' id='block_1_64' title="bbox 1887 745 3471 821">
    <p class='ocr_par' dir='ltr' id='par_1_64' title="bbox 1887 745 3471 821">
     <span class='ocr_line' id='line_1_64' title="bbox 1887 745 3471 821; baseline -0.006 -15"><span class='ocrx_word' id='word_1_387' title='bbox 1887 754 1945 806; x_wconf 82' lang='grc' dir='ltr'>δὲ</span> <span class='ocrx_word' id='word_1_388' title='bbox 1978 753 2204 821; x_wconf 79' lang='grc' dir='ltr'>γνώμης</span> <span class='ocrx_word' id='word_1_389' title='bbox 2234 754 2296 805; x_wconf 75' lang='grc' dir='ltr'><strong>ἐκ</strong></span> <span class='ocrx_word' id='word_1_390' title='bbox 2316 750 2469 807; x_wconf 76' lang='grc' dir='ltr'>τοῦδε</span> <span class='ocrx_word' id='word_1_391' title='bbox 2505 752 2584 812; x_wconf 77' lang='grc' dir='ltr'><strong>εἰς</strong></span> <span class='ocrx_word' id='word_1_392' title='bbox 2638 750 2755 803; x_wconf 82' lang='grc' dir='ltr'>τόδε</span> <span class='ocrx_word' id='word_1_393' title='bbox 2793 747 3125 815; x_wconf 79' lang='grc' dir='ltr'>μετάϐασις,</span> <span class='ocrx_word' id='word_1_394' title='bbox 3164 745 3345 816; x_wconf 83' lang='grc' dir='ltr'>ἀγαθὴ</span> <span class='ocrx_word' id='word_1_395' title='bbox 3374 745 3471 814; x_wconf 77' lang='grc' dir='ltr'>δη-</span> 
     </span>
    </p>
   </div>
   <div class='ocr_carea' id='block_1_65' title="bbox 1888 838 3472 915">
    <p class='ocr_par' dir='ltr' id='par_1_65' title="bbox 1888 838 3472 915">
     <span class='ocr_line' id='line_1_65' title="bbox 1888 838 3472 915; baseline -0.007 -17"><span class='ocrx_word' id='word_1_396' title='bbox 1888 844 2121 915; x_wconf 77' lang='grc' dir='ltr'>λονότιῆ</span> <span class='ocrx_word' id='word_1_397' title='bbox 2178 844 2411 914; x_wconf 82' lang='grc' dir='ltr'>πονηρά.</span> <span class='ocrx_word' id='word_1_398' title='bbox 2471 842 2729 908; x_wconf 88' lang='lat' dir='ltr'><strong>Pulchre;</strong></span> <span class='ocrx_word' id='word_1_399' title='bbox 2765 855 2984 911; x_wconf 82' lang='lat' dir='ltr'><strong>pergas.</strong></span> <span class='ocrx_word' id='word_1_400' title='bbox 3030 838 3318 891; x_wconf 74' lang='grc' dir='ltr'>Ἐντεῦθεν</span> <span class='ocrx_word' id='word_1_401' title='bbox 3364 839 3472 908; x_wconf 83' lang='grc' dir='ltr'>γὰρ</span> 
     </span>
    </p>
   </div>
   <div class='ocr_carea' id='block_1_66' title="bbox 1888 929 3476 1004">
    <p class='ocr_par' dir='ltr' id='par_1_66' title="bbox 1888 929 3476 1004">
     <span class='ocr_line' id='line_1_66' title="bbox 1888 929 3476 1004; baseline -0.005 -16"><span class='ocrx_word' id='word_1_402' title='bbox 1888 936 2014 998; x_wconf 78' lang='grc' dir='ltr'>τοὺς</span> <span class='ocrx_word' id='word_1_403' title='bbox 2047 934 2409 1004; x_wconf 74' lang='grc' dir='ltr'>παιδοτρίϐας</span> <span class='ocrx_word' id='word_1_404' title='bbox 2441 934 2730 1002; x_wconf 79' lang='grc' dir='ltr'>βαῖούλους</span> <span class='ocrx_word' id='word_1_405' title='bbox 2764 930 3226 1000; x_wconf 79' lang='grc' dir='ltr'>κατονομάζομεν</span> <span class='ocrx_word' id='word_1_406' title='bbox 3281 929 3357 990; x_wconf 74' lang='grc' dir='ltr'><strong>ὡς</strong></span> <span class='ocrx_word' id='word_1_407' title='bbox 3404 929 3476 981; x_wconf 82' lang='grc' dir='ltr'>τὰ</span> 
     </span>
    </p>
   </div>
   <div class='ocr_carea' id='block_1_67' title="bbox 1888 1019 3472 1097">
    <p class='ocr_par' dir='ltr' id='par_1_67' title="bbox 1888 1019 3472 1097">
     <span class='ocr_line' id='line_1_67' title="bbox 1888 1019 3472 1097; baseline -0.007 -16"><span class='ocrx_word' id='word_1_408' title='bbox 1888 1025 2135 1097; x_wconf 82' lang='grc' dir='ltr'>νηπιὼδη</span> <span class='ocrx_word' id='word_1_409' title='bbox 2162 1026 2271 1077; x_wconf 81' lang='grc' dir='ltr'>τῶν</span> <span class='ocrx_word' id='word_1_410' title='bbox 2305 1025 2512 1077; x_wconf 81' lang='grc' dir='ltr'>παίδων</span> <span class='ocrx_word' id='word_1_411' title='bbox 2540 1025 2873 1094; x_wconf 79' lang='grc' dir='ltr'>φρονήματα</span> <span class='ocrx_word' id='word_1_412' title='bbox 2944 1022 3287 1091; x_wconf 80' lang='grc' dir='ltr'>μετάγοντας</span> <span class='ocrx_word' id='word_1_413' title='bbox 3333 1019 3472 1088; x_wconf 80' lang='grc' dir='ltr'>πρὸς</span> 
     </span>
    </p>
   </div>
   <div class='ocr_carea' id='block_1_68' title="bbox 1890 1112 3470 1189">
    <p class='ocr_par' dir='ltr' id='par_1_68' title="bbox 1890 1112 3470 1189">
     <span class='ocr_line' id='line_1_68' title="bbox 1890 1112 3470 1189; baseline -0.003 -19"><span class='ocrx_word' id='word_1_414' title='bbox 1890 1119 2214 1189; x_wconf 77' lang='grc' dir='ltr'>ἀρῤἑνωσιν.</span> <span class='ocrx_word' id='word_1_415' title='bbox 2243 1116 2431 1183; x_wconf 76' lang='lat' dir='ltr'><strong>Docte,</strong></span> <span class='ocrx_word' id='word_1_416' title='bbox 2464 1117 2619 1185; x_wconf 86' lang='lat' dir='ltr'><strong>quasi</strong></span> <span class='ocrx_word' id='word_1_417' title='bbox 2676 1116 2897 1185; x_wconf 86' lang='lat' dir='ltr'><strong>bajulus</strong></span> <span class='ocrx_word' id='word_1_418' title='bbox 2956 1131 3064 1170; x_wconf 92' lang='lat' dir='ltr'><strong>non</strong></span> <span class='ocrx_word' id='word_1_419' title='bbox 3100 1114 3172 1166; x_wconf 87' lang='lat' dir='ltr'><strong>sit</strong></span> <span class='ocrx_word' id='word_1_420' title='bbox 3211 1129 3241 1166; x_wconf 88' lang='lat' dir='ltr'><strong>a</strong></span> <span class='ocrx_word' id='word_1_421' title='bbox 3278 1112 3470 1166; x_wconf 85' lang='lat' dir='ltr'><strong>Latina</strong></span> 
     </span>
    </p>
   </div>
   <div class='ocr_carea' id='block_1_69' title="bbox 1889 1206 3471 1278">
    <p class='ocr_par' dir='ltr' id='par_1_69' title="bbox 1889 1206 3471 1278">
     <span class='ocr_line' id='line_1_69' title="bbox 1889 1206 3471 1278; baseline -0.006 -14"><span class='ocrx_word' id='word_1_422' title='bbox 1889 1224 2020 1264; x_wconf 90' lang='lat' dir='ltr'><strong>voce</strong></span> <span class='ocrx_word' id='word_1_423' title='bbox 2042 1208 2242 1276; x_wconf 84' lang='lat' dir='ltr'><strong>bajulo,</strong></span> <span class='ocrx_word' id='word_1_424' title='bbox 2275 1209 2420 1262; x_wconf 84' lang='lat' dir='ltr'><strong>sicut</strong></span> <span class='ocrx_word' id='word_1_425' title='bbox 2448 1210 2672 1277; x_wconf 88' lang='lat' dir='ltr'><strong>gerulus</strong></span> <span class='ocrx_word' id='word_1_426' title='bbox 2700 1223 2727 1260; x_wconf 92' lang='lat' dir='ltr'><strong>a</strong></span> <span class='ocrx_word' id='word_1_427' title='bbox 2749 1224 2892 1278; x_wconf 88' lang='lat' dir='ltr'><strong>gero.</strong></span> <span class='ocrx_word' id='word_1_428' title='bbox 2924 1206 3107 1276; x_wconf 88' lang='lat' dir='ltr'><strong>Pergit</strong></span> <span class='ocrx_word' id='word_1_429' title='bbox 3135 1222 3148 1259; x_wconf 92' lang='lat'><strong>:</strong></span> <span class='ocrx_word' id='word_1_430' title='bbox 3178 1207 3286 1259; x_wconf 71' lang='grc' dir='ltr'><strong>Καὶ</strong></span> <span class='ocrx_word' id='word_1_431' title='bbox 3305 1222 3471 1273; x_wconf 87' lang='grc' dir='ltr'>πραι-</span> 
     </span>
    </p>
   </div>
   <div class='ocr_carea' id='block_1_70' title="bbox 1889 1296 3465 1368">
    <p class='ocr_par' dir='ltr' id='par_1_70' title="bbox 1889 1296 3465 1368">
     <span class='ocr_line' id='line_1_70' title="bbox 1889 1296 3465 1368; baseline -0.003 -17"><span class='ocrx_word' id='word_1_432' title='bbox 1889 1299 2230 1368; x_wconf 79' lang='grc' dir='ltr'>6αῖκὰτορας</span> <span class='ocrx_word' id='word_1_433' title='bbox 2263 1300 2498 1368; x_wconf 81' lang='grc' dir='ltr'>λέγομεν</span> <span class='ocrx_word' id='word_1_434' title='bbox 2527 1300 2657 1361; x_wconf 61' lang='grc' dir='ltr'>τοὺς</span> <span class='ocrx_word' id='word_1_435' title='bbox 2688 1297 3143 1366; x_wconf 74' lang='grc' dir='ltr'>ποικιλλομὲνους</span> <span class='ocrx_word' id='word_1_436' title='bbox 3186 1296 3327 1349; x_wconf 75' lang='grc' dir='ltr'>κατὰ</span> <span class='ocrx_word' id='word_1_437' title='bbox 3362 1298 3465 1364; x_wconf 80' lang='grc' dir='ltr'>τὴν</span> 
     </span>
    </p>
   </div>
   <div class='ocr_carea' id='block_1_71' title="bbox 1887 1383 3464 1459">
    <p class='ocr_par' dir='ltr' id='par_1_71' title="bbox 1887 1383 3464 1459">
     <span class='ocr_line' id='line_1_71' title="bbox 1887 1383 3464 1459; baseline -0.001 -18"><span class='ocrx_word' id='word_1_438' title='bbox 1887 1383 2002 1459; x_wconf 82' lang='grc' dir='ltr'>ἶριν</span> <span class='ocrx_word' id='word_1_439' title='bbox 2033 1390 2331 1457; x_wconf 78' lang='grc' dir='ltr'>συνεργοὺς</span> <span class='ocrx_word' id='word_1_440' title='bbox 2386 1390 2477 1441; x_wconf 66' lang='grc' dir='ltr'><strong>καὶ</strong></span> <span class='ocrx_word' id='word_1_441' title='bbox 2548 1388 2903 1457; x_wconf 78' lang='grc' dir='ltr'>προδιδόντας</span> <span class='ocrx_word' id='word_1_442' title='bbox 2938 1386 3065 1447; x_wconf 81' lang='grc' dir='ltr'>τοὺς</span> <span class='ocrx_word' id='word_1_443' title='bbox 3112 1387 3464 1455; x_wconf 72' lang='grc' dir='ltr'>πρόσφυγας.</span> 
     </span>
    </p>
   </div>
   <div class='ocr_carea' id='block_1_72' title="bbox 1888 1479 3478 1553">
    <p class='ocr_par' dir='ltr' id='par_1_72' title="bbox 1888 1479 3478 1553">
     <span class='ocr_line' id='line_1_72' title="bbox 1888 1479 3478 1553; baseline -0.004 -17"><span class='ocrx_word' id='word_1_444' title='bbox 1888 1482 2311 1537; x_wconf 75' lang='lat' dir='ltr'><strong>Pra’vaicatares</strong></span> <span class='ocrx_word' id='word_1_445' title='bbox 2374 1481 2854 1553; x_wconf 80' lang='lat' dir='ltr'><strong>(prwvuricatores)</strong></span> <span class='ocrx_word' id='word_1_446' title='bbox 2912 1479 3239 1549; x_wconf 83' lang='lat' dir='ltr'><strong>appellamus</strong></span> <span class='ocrx_word' id='word_1_447' title='bbox 3288 1494 3478 1545; x_wconf 68' lang='lat' dir='ltr'><strong>coope-</strong></span> 
     </span>
    </p>
   </div>
   <div class='ocr_carea' id='block_1_73' title="bbox 1888 1572 3476 1644">
    <p class='ocr_par' dir='ltr' id='par_1_73' title="bbox 1888 1572 3476 1644">
     <span class='ocr_line' id='line_1_73' title="bbox 1888 1572 3476 1644; baseline -0.001 -18"><span class='ocrx_word' id='word_1_448' title='bbox 1888 1575 2058 1627; x_wconf 88' lang='lat' dir='ltr'><strong>rarios</strong></span> <span class='ocrx_word' id='word_1_449' title='bbox 2086 1590 2176 1627; x_wconf 87' lang='lat' dir='ltr'><strong>seu</strong></span> <span class='ocrx_word' id='word_1_450' title='bbox 2220 1574 2510 1642; x_wconf 76' lang='lat' dir='ltr'><strong>adjutores,</strong></span> <span class='ocrx_word' id='word_1_451' title='bbox 2546 1576 2635 1644; x_wconf 89' lang='lat' dir='ltr'><strong>qui</strong></span> <span class='ocrx_word' id='word_1_452' title='bbox 2683 1575 2961 1627; x_wconf 83' lang='lat' dir='ltr'><strong>variantur</strong></span> <span class='ocrx_word' id='word_1_453' title='bbox 2991 1574 3164 1627; x_wconf 83' lang='lat' dir='ltr'><strong>instar</strong></span> <span class='ocrx_word' id='word_1_454' title='bbox 3214 1572 3390 1636; x_wconf 81' lang='lat' dir='ltr'><strong>iridis,</strong></span> <span class='ocrx_word' id='word_1_455' title='bbox 3427 1581 3476 1624; x_wconf 84' lang='lat' dir='ltr'><strong>et</strong></span> 
     </span>
    </p>
   </div>
   <div class='ocr_carea' id='block_1_74' title="bbox 1889 1663 3477 1734">
    <p class='ocr_par' dir='ltr' id='par_1_74' title="bbox 1889 1663 3477 1734">
     <span class='ocr_line' id='line_1_74' title="bbox 1889 1663 3477 1734; baseline 0 -18"><span class='ocrx_word' id='word_1_456' title='bbox 1889 1664 2103 1720; x_wconf 83' lang='lat' dir='ltr'><strong>clientes</strong></span> <span class='ocrx_word' id='word_1_457' title='bbox 2138 1666 2390 1734; x_wconf 78' lang='lat' dir='ltr'><strong>produnt.</strong></span> <span class='ocrx_word' id='word_1_458' title='bbox 2434 1665 2511 1719; x_wconf 88' lang='lat' dir='ltr'><strong>Ita</strong></span> <span class='ocrx_word' id='word_1_459' title='bbox 2568 1665 2789 1734; x_wconf 85' lang='lat' dir='ltr'><strong>quidem</strong></span> <span class='ocrx_word' id='word_1_460' title='bbox 2856 1664 3167 1733; x_wconf 86' lang='lat' dir='ltr'><strong>interpres:</strong></span> <span class='ocrx_word' id='word_1_461' title='bbox 3207 1663 3303 1718; x_wconf 90' lang='lat' dir='ltr'><strong>sed</strong></span> <span class='ocrx_word' id='word_1_462' title='bbox 3351 1663 3477 1731; x_wconf 89' lang='lat' dir='ltr'><strong>quis</strong></span> 
     </span>
    </p>
   </div>
   <div class='ocr_carea' id='block_1_75' title="bbox 1887 1741 3478 1828">
    <p class='ocr_par' dir='ltr' id='par_1_75' title="bbox 1887 1741 3478 1828">
     <span class='ocr_line' id='line_1_75' title="bbox 1887 1741 3478 1828; baseline -0.003 -17"><span class='ocrx_word' id='word_1_463' title='bbox 1887 1773 1997 1812; x_wconf 80' lang='lat' dir='ltr'><strong>non</strong></span> <span class='ocrx_word' id='word_1_464' title='bbox 2028 1759 2172 1813; x_wconf 87' lang='lat' dir='ltr'><strong>videt</strong></span> <span class='ocrx_word' id='word_1_465' title='bbox 2193 1759 2485 1827; x_wconf 85' lang='lat' dir='ltr'><strong>legendum</strong></span> <span class='ocrx_word' id='word_1_466' title='bbox 2515 1772 2640 1813; x_wconf 89' lang='lat' dir='ltr'><strong>esse</strong></span> <span class='ocrx_word' id='word_1_467' title='bbox 2674 1759 2816 1812; x_wconf 84' lang='grc' dir='ltr'>κατὰ</span> <span class='ocrx_word' id='word_1_468' title='bbox 2845 1741 2944 1828; x_wconf 81' lang='grc' dir='ltr'>τὴν</span> <span class='ocrx_word' id='word_1_469' title='bbox 2978 1757 3137 1826; x_wconf 74' lang='grc' dir='ltr'>ἐρινῖ</span> <span class='ocrx_word' id='word_1_470' title='bbox 3180 1765 3238 1809; x_wconf 82' lang='grc' dir='ltr'><strong>ιιι</strong></span> <span class='ocrx_word' id='word_1_471' title='bbox 3268 1769 3478 1824; x_wconf 67' lang='grc' dir='ltr'>ριέενιιν</span> 
     </span>
    </p>
   </div>
   <div class='ocr_carea' id='block_1_76' title="bbox 1887 1849 3477 1919">
    <p class='ocr_par' dir='ltr' id='par_1_76' title="bbox 1887 1849 3477 1919">
     <span class='ocr_line' id='line_1_76' title="bbox 1887 1849 3477 1919; baseline -0.002 -14"><span class='ocrx_word' id='word_1_472' title='bbox 1887 1851 2150 1906; x_wconf 87' lang='lat' dir='ltr'><strong>ricatores</strong></span> <span class='ocrx_word' id='word_1_473' title='bbox 2175 1852 2285 1905; x_wconf 89' lang='lat' dir='ltr'><strong>sint</strong></span> <span class='ocrx_word' id='word_1_474' title='bbox 2316 1850 2391 1903; x_wconf 90' lang='lat' dir='ltr'><strong>illi</strong></span> <span class='ocrx_word' id='word_1_475' title='bbox 2424 1850 2515 1919; x_wconf 89' lang='lat' dir='ltr'><strong>qui</strong></span> <span class='ocrx_word' id='word_1_476' title='bbox 2551 1850 2601 1903; x_wconf 90' lang='lat' dir='ltr'><strong>in</strong></span> <span class='ocrx_word' id='word_1_477' title='bbox 2634 1850 2749 1919; x_wconf 83' lang='lat' dir='ltr'><strong>ipsa</strong></span> <span class='ocrx_word' id='word_1_478' title='bbox 2788 1850 2882 1904; x_wconf 87' lang='lat' dir='ltr'><strong>lite</strong></span> <span class='ocrx_word' id='word_1_479' title='bbox 2914 1851 3141 1904; x_wconf 72' lang='lat' dir='ltr'><strong>clientes</strong></span> <span class='ocrx_word' id='word_1_480' title='bbox 3186 1864 3317 1903; x_wconf 91' lang='lat' dir='ltr'><strong>suos</strong></span> <span class='ocrx_word' id='word_1_481' title='bbox 3376 1849 3477 1902; x_wconf 83' lang='lat' dir='ltr'><strong>de-</strong></span> 
     </span>
    </p>
   </div>
   <div class='ocr_carea' id='block_1_77' title="bbox 589 1941 3523 2023">
    <p class='ocr_par' dir='ltr' id='par_1_77' title="bbox 589 1941 3523 2023">
     <span class='ocr_line' id='line_1_77' title="bbox 589 1941 3523 2023; baseline -0.004 -21"><span class='ocrx_word' id='word_1_482' title='bbox 589 1952 853 2023; x_wconf 79' lang='lat' dir='ltr'><strong>Typicum</strong></span> <span class='ocrx_word' id='word_1_483' title='bbox 909 1952 1066 2007; x_wconf 68' lang='lat' dir='ltr'><strong>Saba:</strong></span> <span class='ocrx_word' id='word_1_484' title='bbox 1127 1967 1179 2007; x_wconf 91' lang='lat' dir='ltr'><strong>c.</strong></span> <span class='ocrx_word' id='word_1_485' title='bbox 1235 1953 1268 2006; x_wconf 85' lang='lat'><strong>5</strong></span> <span class='ocrx_word' id='word_1_486' title='bbox 1305 1967 1318 2004; x_wconf 91' lang='lat'><strong>:</strong></span> <span class='ocrx_word' id='word_1_487' title='bbox 1355 1952 1433 2021; x_wconf 81' lang='grc' dir='ltr'>Τῇ</span> <span class='ocrx_word' id='word_1_488' title='bbox 1476 1951 1533 2004; x_wconf 85' lang='grc' dir='ltr'>δὲ</span> <span class='ocrx_word' id='word_1_489' title='bbox 1567 1950 1781 2020; x_wconf 74' lang='grc' dir='ltr'>μεγάλῃ</span> <span class='ocrx_word' id='word_1_490' title='bbox 1814 1948 1857 2004; x_wconf 88' lang='grc' dir='ltr'><strong>Β</strong></span> <span class='ocrx_word' id='word_1_491' title='bbox 1889 1941 2126 1996; x_wconf 86' lang='lat' dir='ltr'><strong>stituunt</strong></span> <span class='ocrx_word' id='word_1_492' title='bbox 2155 1950 2208 1995; x_wconf 90' lang='lat' dir='ltr'><strong>et</strong></span> <span class='ocrx_word' id='word_1_493' title='bbox 2236 1942 2500 2011; x_wconf 82' lang='lat' dir='ltr'><strong>produnt,</strong></span> <span class='ocrx_word' id='word_1_494' title='bbox 2537 1941 2845 2009; x_wconf 87' lang='lat' dir='ltr'><strong>variatique</strong></span> <span class='ocrx_word' id='word_1_495' title='bbox 2875 1942 2942 1994; x_wconf 89' lang='lat' dir='ltr'><strong>ad</strong></span> <span class='ocrx_word' id='word_1_496' title='bbox 2981 1941 3206 1992; x_wconf 86' lang='lat' dir='ltr'><strong>alteram</strong></span> <span class='ocrx_word' id='word_1_497' title='bbox 3239 1949 3474 2007; x_wconf 86' lang='lat' dir='ltr'><strong>partem,</strong></span> <span class='ocrx_word' id='word_1_498' title='bbox 3516 1976 3523 1981; x_wconf 73' lang='grc' dir='ltr'><strong>ι</strong></span> 
     </span>
    </p>
   </div>
   <div class='ocr_carea' id='block_1_78' title="bbox 1885 2031 3476 2100">
    <p class='ocr_par' dir='ltr' id='par_1_78' title="bbox 1885 2031 3476 2100">
     <span class='ocr_line' id='line_1_78' title="bbox 1885 2031 3476 2100; baseline -0.003 -13"><span class='ocrx_word' id='word_1_499' title='bbox 1885 2048 1984 2088; x_wconf 88' lang='lat' dir='ltr'><strong>sua</strong></span> <span class='ocrx_word' id='word_1_500' title='bbox 2044 2033 2288 2094; x_wconf 88' lang='lat' dir='ltr'><strong>deserta,</strong></span> <span class='ocrx_word' id='word_1_501' title='bbox 2345 2040 2652 2086; x_wconf 85' lang='lat' dir='ltr'><strong>transeunt.</strong></span> <span class='ocrx_word' id='word_1_502' title='bbox 2688 2031 2960 2085; x_wconf 85' lang='lat' dir='ltr'><strong>Nimirum</strong></span> <span class='ocrx_word' id='word_1_503' title='bbox 3011 2031 3139 2100; x_wconf 87' lang='lat' dir='ltr'><strong>quia</strong></span> <span class='ocrx_word' id='word_1_504' title='bbox 3192 2031 3476 2084; x_wconf 58' lang='lat' dir='ltr'><strong>Graeculus</strong></span> 
     </span>
    </p>
   </div>
   <div class='ocr_carea' id='block_1_79' title="bbox 1886 2123 3475 2193">
    <p class='ocr_par' dir='ltr' id='par_1_79' title="bbox 1886 2123 3475 2193">
     <span class='ocr_line' id='line_1_79' title="bbox 1886 2123 3475 2193; baseline -0.003 -13"><span class='ocrx_word' id='word_1_505' title='bbox 1886 2126 1989 2180; x_wconf 84' lang='lat' dir='ltr'><strong>iste</strong></span> <span class='ocrx_word' id='word_1_506' title='bbox 2022 2126 2074 2178; x_wconf 89' lang='lat' dir='ltr'><strong>in</strong></span> <span class='ocrx_word' id='word_1_507' title='bbox 2102 2125 2283 2193; x_wconf 85' lang='lat' dir='ltr'><strong>bajulo</strong></span> <span class='ocrx_word' id='word_1_508' title='bbox 2314 2134 2367 2180; x_wconf 91' lang='lat' dir='ltr'><strong>et</strong></span> <span class='ocrx_word' id='word_1_509' title='bbox 2400 2124 2720 2191; x_wconf 66' lang='lat' dir='ltr'><strong>pra&#39;varicor</strong></span> <span class='ocrx_word' id='word_1_510' title='bbox 2773 2124 3014 2192; x_wconf 87' lang='lat' dir='ltr'><strong>aliquam</strong></span> <span class='ocrx_word' id='word_1_511' title='bbox 3054 2123 3475 2179; x_wconf 82' lang='lat' dir='ltr'><strong>similitudinem</strong></span> 
     </span>
    </p>
   </div>
   <div class='ocr_carea' id='block_1_80' title="bbox 1884 2212 3477 2282">
    <p class='ocr_par' dir='ltr' id='par_1_80' title="bbox 1884 2212 3477 2282">
     <span class='ocr_line' id='line_1_80' title="bbox 1884 2212 3477 2282; baseline -0.003 -13"><span class='ocrx_word' id='word_1_512' title='bbox 1884 2215 2272 2269; x_wconf 88' lang='lat' dir='ltr'><strong>animadvertit</strong></span> <span class='ocrx_word' id='word_1_513' title='bbox 2313 2229 2438 2268; x_wconf 91' lang='lat' dir='ltr'><strong>cum</strong></span> <span class='ocrx_word' id='word_1_514' title='bbox 2497 2228 2632 2267; x_wconf 85' lang='lat' dir='ltr'><strong>voce</strong></span> <span class='ocrx_word' id='word_1_515' title='bbox 2687 2212 2861 2282; x_wconf 84' lang='grc' dir='ltr'>βάῖον,</span> <span class='ocrx_word' id='word_1_516' title='bbox 2900 2212 3021 2266; x_wconf 90' lang='lat' dir='ltr'><strong>ideo</strong></span> <span class='ocrx_word' id='word_1_517' title='bbox 3076 2213 3302 2279; x_wconf 88' lang='lat' dir='ltr'><strong>putabat</strong></span> <span class='ocrx_word' id='word_1_518' title='bbox 3350 2212 3477 2265; x_wconf 89' lang='lat' dir='ltr'><strong>inde</strong></span> 
     </span>
    </p>
   </div>
   <div class='ocr_carea' id='block_1_81' title="bbox 1886 2304 3475 2379">
    <p class='ocr_par' dir='ltr' id='par_1_81' title="bbox 1886 2304 3475 2379">
     <span class='ocr_line' id='line_1_81' title="bbox 1886 2304 3475 2379; baseline -0.005 -17"><span class='ocrx_word' id='word_1_519' title='bbox 1886 2309 2197 2374; x_wconf 83' lang='lat' dir='ltr'><strong>formatam,</strong></span> <span class='ocrx_word' id='word_1_520' title='bbox 2233 2308 2388 2379; x_wconf 90' lang='lat' dir='ltr'><strong>quasi</strong></span> <span class='ocrx_word' id='word_1_521' title='bbox 2424 2324 2455 2363; x_wconf 90' lang='lat' dir='ltr'><strong>a</strong></span> <span class='ocrx_word' id='word_1_522' title='bbox 2497 2308 2665 2370; x_wconf 78' lang='lat' dir='ltr'><strong>vario,</strong></span> <span class='ocrx_word' id='word_1_523' title='bbox 2722 2306 2841 2371; x_wconf 80' lang='lat' dir='ltr'><strong>seu,</strong></span> <span class='ocrx_word' id='word_1_524' title='bbox 2877 2318 2931 2361; x_wconf 88' lang='lat' dir='ltr'><strong>ut</strong></span> <span class='ocrx_word' id='word_1_525' title='bbox 2964 2306 3083 2373; x_wconf 90' lang='lat' dir='ltr'><strong>ipse</strong></span> <span class='ocrx_word' id='word_1_526' title='bbox 3108 2350 3109 2353; x_wconf 53' lang='grc' dir='ltr'><strong>η</strong></span> <span class='ocrx_word' id='word_1_527' title='bbox 3136 2304 3475 2372; x_wconf 86' lang='lat' dir='ltr'><strong>scripsisset.</strong></span> 
     </span>
    </p>
   </div>
   <div class='ocr_carea' id='block_1_82' title="bbox 1886 2396 3477 2471">
    <p class='ocr_par' dir='ltr' id='par_1_82' title="bbox 1886 2396 3477 2471">
     <span class='ocr_line' id='line_1_82' title="bbox 1886 2396 3477 2471; baseline -0.004 -16"><span class='ocrx_word' id='word_1_528' title='bbox 1886 2416 1914 2455; x_wconf 90' lang='lat' dir='ltr'><strong>a</strong></span> <span class='ocrx_word' id='word_1_529' title='bbox 1948 2402 2147 2471; x_wconf 84' lang='grc' dir='ltr'>βαρίω,</span> <span class='ocrx_word' id='word_1_530' title='bbox 2181 2410 2236 2456; x_wconf 91' lang='lat' dir='ltr'><strong>et</strong></span> <span class='ocrx_word' id='word_1_531' title='bbox 2268 2404 2476 2456; x_wconf 89' lang='lat' dir='ltr'><strong>omisso</strong></span> <span class='ocrx_word' id='word_1_532' title='bbox 2512 2418 2541 2469; x_wconf 92' lang='grc' dir='ltr'><strong>ρ</strong></span> <span class='ocrx_word' id='word_1_533' title='bbox 2572 2417 2602 2455; x_wconf 90' lang='lat' dir='ltr'><strong>a</strong></span> <span class='ocrx_word' id='word_1_534' title='bbox 2631 2400 2793 2469; x_wconf 75' lang='grc' dir='ltr'>βαῖω,</span> <span class='ocrx_word' id='word_1_535' title='bbox 2837 2398 2983 2467; x_wconf 89' lang='lat' dir='ltr'><strong>quod</strong></span> <span class='ocrx_word' id='word_1_536' title='bbox 3026 2406 3110 2452; x_wconf 92' lang='lat' dir='ltr'><strong>est</strong></span> <span class='ocrx_word' id='word_1_537' title='bbox 3133 2407 3298 2450; x_wconf 86' lang='lat' dir='ltr'><strong>muto.</strong></span> <span class='ocrx_word' id='word_1_538' title='bbox 3340 2396 3477 2449; x_wconf 91' lang='lat' dir='ltr'><strong>llinc</strong></span> 
     </span>
    </p>
   </div>
   <div class='ocr_carea' id='block_1_83' title="bbox 1883 2488 3495 2561">
    <p class='ocr_par' dir='ltr' id='par_1_83' title="bbox 1883 2488 3495 2561">
     <span class='ocr_line' id='line_1_83' title="bbox 1883 2488 3495 2561; baseline -0.003 -14"><span class='ocrx_word' id='word_1_539' title='bbox 1883 2494 2048 2547; x_wconf 85' lang='lat' dir='ltr'><strong>etiam</strong></span> <span class='ocrx_word' id='word_1_540' title='bbox 2079 2493 2212 2547; x_wconf 88' lang='lat' dir='ltr'><strong>dicit</strong></span> <span class='ocrx_word' id='word_1_541' title='bbox 2240 2492 2458 2548; x_wconf 65' lang='lat' dir='ltr'><strong>Judtnos</strong></span> <span class='ocrx_word' id='word_1_542' title='bbox 2494 2508 2602 2547; x_wconf 90' lang='lat' dir='ltr'><strong>non</strong></span> <span class='ocrx_word' id='word_1_543' title='bbox 2641 2492 3036 2561; x_wconf 81' lang='lat' dir='ltr'><strong>intelligeules,</strong></span> <span class='ocrx_word' id='word_1_544' title='bbox 3087 2488 3313 2542; x_wconf 86' lang='lat' dir='ltr'><strong>Christo</strong></span> <span class='ocrx_word' id='word_1_545' title='bbox 3345 2488 3495 2547; x_wconf 72' lang='lat' dir='ltr'><strong>llie-.</strong></span> 
     </span>
    </p>
   </div>
   <div class='ocr_carea' id='block_1_84' title="bbox 1883 2582 3480 2654">
    <p class='ocr_par' dir='ltr' id='par_1_84' title="bbox 1883 2582 3480 2654">
     <span class='ocr_line' id='line_1_84' title="bbox 1883 2582 3480 2654; baseline -0.003 -15"><span class='ocrx_word' id='word_1_546' title='bbox 1883 2584 2215 2653; x_wconf 86' lang='lat' dir='ltr'><strong>rosolymam</strong></span> <span class='ocrx_word' id='word_1_547' title='bbox 2243 2585 2611 2654; x_wconf 83' lang='lat' dir='ltr'><strong>ingrediente,</strong></span> <span class='ocrx_word' id='word_1_548' title='bbox 2643 2585 2774 2651; x_wconf 91' lang='lat' dir='ltr'><strong>quid</strong></span> <span class='ocrx_word' id='word_1_549' title='bbox 2825 2583 2931 2638; x_wconf 88' lang='lat' dir='ltr'><strong>sibi</strong></span> <span class='ocrx_word' id='word_1_550' title='bbox 2982 2582 3144 2638; x_wconf 77' lang='lat' dir='ltr'><strong>vellet</strong></span> <span class='ocrx_word' id='word_1_551' title='bbox 3165 2582 3253 2635; x_wconf 90' lang='lat' dir='ltr'><strong>illa</strong></span> <span class='ocrx_word' id='word_1_552' title='bbox 3295 2595 3480 2635; x_wconf 71' lang='lat' dir='ltr'><strong>fatilo-</strong></span> 
     </span>
    </p>
   </div>
   <div class='ocr_carea' id='block_1_85' title="bbox 1882 2675 3482 2747">
    <p class='ocr_par' dir='ltr' id='par_1_85' title="bbox 1882 2675 3482 2747">
     <span class='ocr_line' id='line_1_85' title="bbox 1882 2675 3482 2747; baseline -0.004 -15"><span class='ocrx_word' id='word_1_553' title='bbox 1882 2694 2005 2733; x_wconf 90' lang='lat' dir='ltr'><strong>rum</strong></span> <span class='ocrx_word' id='word_1_554' title='bbox 2069 2678 2327 2747; x_wconf 86' lang='lat' dir='ltr'><strong>gestatio,</strong></span> <span class='ocrx_word' id='word_1_555' title='bbox 2394 2677 2735 2732; x_wconf 80' lang='lat' dir='ltr'><strong>exclamasse</strong></span> <span class='ocrx_word' id='word_1_556' title='bbox 2813 2676 3002 2746; x_wconf 74' lang='grc' dir='ltr'>βαϐαὶ,</span> <span class='ocrx_word' id='word_1_557' title='bbox 3069 2678 3256 2745; x_wconf 64' lang='lat' dir='ltr'><strong>papae!</strong></span> <span class='ocrx_word' id='word_1_558' title='bbox 3313 2675 3482 2745; x_wconf 70' lang='grc' dir='ltr'>βαϐαὶ</span> 
     </span>
    </p>
   </div>
   <div class='ocr_carea' id='block_1_86' title="bbox 1880 2768 3481 2841">
    <p class='ocr_par' dir='ltr' id='par_1_86' title="bbox 1880 2768 3481 2841">
     <span class='ocr_line' id='line_1_86' title="bbox 1880 2768 3481 2841; baseline -0.002 -18"><span class='ocrx_word' id='word_1_559' title='bbox 1880 2768 1992 2823; x_wconf 79' lang='grc' dir='ltr'><strong>τῶν</strong></span> <span class='ocrx_word' id='word_1_560' title='bbox 2026 2770 2343 2823; x_wconf 84' lang='grc' dir='ltr'>Μωσαῖκὼν</span> <span class='ocrx_word' id='word_1_561' title='bbox 2378 2770 2791 2841; x_wconf 77' lang='grc' dir='ltr'>παραγγελιῶν,</span> <span class='ocrx_word' id='word_1_562' title='bbox 2847 2770 3004 2839; x_wconf 78' lang='grc' dir='ltr'><strong>βὰἶον</strong></span> <span class='ocrx_word' id='word_1_563' title='bbox 3063 2769 3481 2837; x_wconf 81' lang='grc' dir='ltr'>ἀπροσδόκητον</span> 
     </span>
    </p>
   </div>
   <div class='ocr_carea' id='block_1_87' title="bbox 1882 2860 3482 2932">
    <p class='ocr_par' dir='ltr' id='par_1_87' title="bbox 1882 2860 3482 2932">
     <span class='ocr_line' id='line_1_87' title="bbox 1882 2860 3482 2932; baseline 0.001 -19"><span class='ocrx_word' id='word_1_564' title='bbox 1882 2863 2102 2931; x_wconf 81' lang='grc' dir='ltr'>γέγονε,</span> <span class='ocrx_word' id='word_1_565' title='bbox 2160 2863 2410 2915; x_wconf 79' lang='grc' dir='ltr'>τουτέστι</span> <span class='ocrx_word' id='word_1_566' title='bbox 2472 2864 2764 2932; x_wconf 73' lang='grc' dir='ltr'>μεταφορὰ</span> <span class='ocrx_word' id='word_1_567' title='bbox 2820 2861 2956 2931; x_wconf 71' lang='grc' dir='ltr'>πρὸς</span> <span class='ocrx_word' id='word_1_568' title='bbox 3012 2862 3316 2916; x_wconf 76' lang='grc' dir='ltr'>ἀπώλειαν.</span> <span class='ocrx_word' id='word_1_569' title='bbox 3355 2860 3482 2915; x_wconf 61' lang='grc' dir='ltr'><strong>Πωο</strong></span> 
     </span>
    </p>
   </div>
   <div class='ocr_carea' id='block_1_88' title="bbox 1885 2953 3044 3025">
    <p class='ocr_par' dir='ltr' id='par_1_88' title="bbox 1885 2953 3044 3025">
     <span class='ocr_line' id='line_1_88' title="bbox 1885 2953 3044 3025; baseline -0.002 -16"><span class='ocrx_word' id='word_1_570' title='bbox 1885 2953 2164 3011; x_wconf 59' lang='lat' dir='ltr'><strong>Graculus</strong></span> <span class='ocrx_word' id='word_1_571' title='bbox 2195 2955 2285 3008; x_wconf 86' lang='lat' dir='ltr'><strong>ille</strong></span> <span class='ocrx_word' id='word_1_572' title='bbox 2317 2955 2383 3009; x_wconf 91' lang='lat' dir='ltr'><strong>de</strong></span> <span class='ocrx_word' id='word_1_573' title='bbox 2411 2965 2596 3025; x_wconf 89' lang='lat' dir='ltr'><strong>etymo</strong></span> <span class='ocrx_word' id='word_1_574' title='bbox 2627 2959 2804 3021; x_wconf 84' lang='lat' dir='ltr'><strong>vocis,</strong></span> <span class='ocrx_word' id='word_1_575' title='bbox 2838 2954 3044 3023; x_wconf 76' lang='grc' dir='ltr'>ληρῶν.</span> 
     </span>
    </p>
   </div>
   <div class='ocr_carea' id='block_1_89' title="bbox 1959 3046 3482 3119">
    <p class='ocr_par' dir='ltr' id='par_1_89' title="bbox 1959 3046 3482 3119">
     <span class='ocr_line' id='line_1_89' title="bbox 1959 3046 3482 3119; baseline 0.002 -20"><span class='ocrx_word' id='word_1_576' title='bbox 1959 3046 2130 3102; x_wconf 85' lang='lat' dir='ltr'><strong>Docet</strong></span> <span class='ocrx_word' id='word_1_577' title='bbox 2185 3057 2367 3102; x_wconf 89' lang='lat' dir='ltr'><strong>autem</strong></span> <span class='ocrx_word' id='word_1_578' title='bbox 2407 3046 2698 3103; x_wconf 86' lang='lat' dir='ltr'><strong>Balsamon</strong></span> <span class='ocrx_word' id='word_1_579' title='bbox 2729 3048 2832 3103; x_wconf 90' lang='lat' dir='ltr'><strong>hoc</strong></span> <span class='ocrx_word' id='word_1_580' title='bbox 2861 3048 2971 3100; x_wconf 80' lang='grc' dir='ltr'><strong>τῶν</strong></span> <span class='ocrx_word' id='word_1_581' title='bbox 3029 3047 3344 3119; x_wconf 82' lang='grc' dir='ltr'>βαῖοφόρων</span> <span class='ocrx_word' id='word_1_582' title='bbox 3392 3048 3482 3102; x_wconf 85' lang='lat' dir='ltr'><strong>die</strong></span> 
     </span>
    </p>
   </div>
   <div class='ocr_carea' id='block_1_90' title="bbox 1884 3139 3480 3210">
    <p class='ocr_par' dir='ltr' id='par_1_90' title="bbox 1884 3139 3480 3210">
     <span class='ocr_line' id='line_1_90' title="bbox 1884 3139 3480 3210; baseline -0.001 -15"><span class='ocrx_word' id='word_1_583' title='bbox 1884 3140 2251 3210; x_wconf 87' lang='lat' dir='ltr'><strong>imperatores</strong></span> <span class='ocrx_word' id='word_1_584' title='bbox 2278 3141 2407 3195; x_wconf 92' lang='lat' dir='ltr'><strong>olim</strong></span> <span class='ocrx_word' id='word_1_585' title='bbox 2429 3155 2493 3195; x_wconf 90' lang='lat' dir='ltr'><strong>ac</strong></span> <span class='ocrx_word' id='word_1_586' title='bbox 2516 3140 2861 3208; x_wconf 85' lang='lat' dir='ltr'><strong>patriarchas</strong></span> <span class='ocrx_word' id='word_1_587' title='bbox 2879 3139 3227 3195; x_wconf 85' lang='lat' dir='ltr'><strong>distribuisse</strong></span> <span class='ocrx_word' id='word_1_588' title='bbox 3247 3139 3480 3195; x_wconf 87' lang='lat' dir='ltr'><strong>subditis</strong></span> 
     </span>
    </p>
   </div>
   <div class='ocr_carea' id='block_1_91' title="bbox 1887 3232 3480 3303">
    <p class='ocr_par' dir='ltr' id='par_1_91' title="bbox 1887 3232 3480 3303">
     <span class='ocr_line' id='line_1_91' title="bbox 1887 3232 3480 3303; baseline 0 -17"><span class='ocrx_word' id='word_1_589' title='bbox 1887 3233 2080 3303; x_wconf 76' lang='grc' dir='ltr'>ῥόγας,</span> <span class='ocrx_word' id='word_1_590' title='bbox 2114 3234 2218 3287; x_wconf 90' lang='lat' dir='ltr'><strong>hoc</strong></span> <span class='ocrx_word' id='word_1_591' title='bbox 2245 3241 2329 3288; x_wconf 87' lang='lat' dir='ltr'><strong>est</strong></span> <span class='ocrx_word' id='word_1_592' title='bbox 2358 3248 2575 3285; x_wconf 89' lang='lat' dir='ltr'><strong>munera</strong></span> <span class='ocrx_word' id='word_1_593' title='bbox 2608 3242 2665 3287; x_wconf 91' lang='lat' dir='ltr'><strong>et</strong></span> <span class='ocrx_word' id='word_1_594' title='bbox 2702 3233 2847 3296; x_wconf 90' lang='lat' dir='ltr'><strong>baia,</strong></span> <span class='ocrx_word' id='word_1_595' title='bbox 2881 3232 3139 3300; x_wconf 85' lang='lat' dir='ltr'><strong>huncque</strong></span> <span class='ocrx_word' id='word_1_596' title='bbox 3183 3248 3341 3285; x_wconf 87' lang='lat' dir='ltr'><strong>usum</strong></span> <span class='ocrx_word' id='word_1_597' title='bbox 3385 3248 3480 3286; x_wconf 82' lang='lat' dir='ltr'><strong>us-</strong></span> 
     </span>
    </p>
   </div>
   <div class='ocr_carea' id='block_1_92' title="bbox 1885 3326 3482 3397">
    <p class='ocr_par' dir='ltr' id='par_1_92' title="bbox 1885 3326 3482 3397">
     <span class='ocr_line' id='line_1_92' title="bbox 1885 3326 3482 3397; baseline -0.001 -17"><span class='ocrx_word' id='word_1_598' title='bbox 1885 3342 1991 3397; x_wconf 92' lang='lat' dir='ltr'><strong>que</strong></span> <span class='ocrx_word' id='word_1_599' title='bbox 2013 3326 2079 3381; x_wconf 89' lang='lat' dir='ltr'><strong>ad</strong></span> <span class='ocrx_word' id='word_1_600' title='bbox 2110 3336 2354 3395; x_wconf 89' lang='lat' dir='ltr'><strong>tempora</strong></span> <span class='ocrx_word' id='word_1_601' title='bbox 2394 3326 3120 3394; x_wconf 76' lang='lat' dir='ltr'><strong>Constantiai;monomaclii</strong></span> <span class='ocrx_word' id='word_1_602' title='bbox 3162 3327 3392 3380; x_wconf 87' lang='lat' dir='ltr'><strong>durasse</strong></span> <span class='ocrx_word' id='word_1_603' title='bbox 3425 3336 3482 3379; x_wconf 92' lang='lat' dir='ltr'><strong>ct</strong></span> 
     </span>
    </p>
   </div>
   <div class='ocr_carea' id='block_1_93' title="bbox 1884 3418 3478 3490">
    <p class='ocr_par' dir='ltr' id='par_1_93' title="bbox 1884 3418 3478 3490">
     <span class='ocr_line' id='line_1_93' title="bbox 1884 3418 3478 3490; baseline -0.004 -14"><span class='ocrx_word' id='word_1_604' title='bbox 1884 3429 2076 3490; x_wconf 87' lang='lat' dir='ltr'><strong>postea</strong></span> <span class='ocrx_word' id='word_1_605' title='bbox 2104 3418 2363 3476; x_wconf 90' lang='lat' dir='ltr'><strong>desiisse.</strong></span> <span class='ocrx_word' id='word_1_606' title='bbox 2394 3418 2539 3474; x_wconf 88' lang='lat' dir='ltr'><strong>Sunt</strong></span> <span class='ocrx_word' id='word_1_607' title='bbox 2564 3429 2751 3473; x_wconf 90' lang='lat' dir='ltr'><strong>autem</strong></span> <span class='ocrx_word' id='word_1_608' title='bbox 2796 3434 2939 3489; x_wconf 71' lang='lat' dir='ltr'><strong>roga:</strong></span> <span class='ocrx_word' id='word_1_609' title='bbox 2994 3418 3273 3489; x_wconf 86' lang='lat' dir='ltr'><strong>stipendia</strong></span> <span class='ocrx_word' id='word_1_610' title='bbox 3313 3418 3478 3471; x_wconf 86' lang='lat' dir='ltr'><strong>etiam</strong></span> 
     </span>
    </p>
   </div>
   <div class='ocr_carea' id='block_1_94' title="bbox 1884 3510 3482 3581">
    <p class='ocr_par' dir='ltr' id='par_1_94' title="bbox 1884 3510 3482 3581">
     <span class='ocr_line' id='line_1_94' title="bbox 1884 3510 3482 3581; baseline 0 -17"><span class='ocrx_word' id='word_1_611' title='bbox 1884 3510 2180 3564; x_wconf 87' lang='lat' dir='ltr'><strong>militaria:</strong></span> <span class='ocrx_word' id='word_1_612' title='bbox 2213 3511 2346 3565; x_wconf 85' lang='lat' dir='ltr'><strong>hinc</strong></span> <span class='ocrx_word' id='word_1_613' title='bbox 2391 3510 2532 3580; x_wconf 89' lang='lat' dir='ltr'><strong>apud</strong></span> <span class='ocrx_word' id='word_1_614' title='bbox 2577 3510 2852 3565; x_wconf 86' lang='lat' dir='ltr'><strong>Codinum</strong></span> <span class='ocrx_word' id='word_1_615' title='bbox 2901 3526 3007 3564; x_wconf 79' lang='lat' dir='ltr'><strong>vox</strong></span> <span class='ocrx_word' id='word_1_616' title='bbox 3044 3511 3160 3579; x_wconf 87' lang='lat' dir='ltr'><strong>ipsa</strong></span> <span class='ocrx_word' id='word_1_617' title='bbox 3205 3511 3388 3581; x_wconf 74' lang='grc' dir='ltr'>ρὁαι,</span> <span class='ocrx_word' id='word_1_618' title='bbox 3425 3520 3482 3564; x_wconf 85' lang='lat' dir='ltr'><strong>et</strong></span> 
     </span>
    </p>
   </div>
   <div class='ocr_carea' id='block_1_95' title="bbox 1885 3601 3477 3672">
    <p class='ocr_par' dir='ltr' id='par_1_95' title="bbox 1885 3601 3477 3672">
     <span class='ocr_line' id='line_1_95' title="bbox 1885 3601 3477 3672; baseline 0.001 -18"><span class='ocrx_word' id='word_1_619' title='bbox 1885 3601 2009 3656; x_wconf 89' lang='lat' dir='ltr'><strong>inde</strong></span> <span class='ocrx_word' id='word_1_620' title='bbox 2027 3602 2248 3657; x_wconf 78' lang='lat' dir='ltr'><strong>formati</strong></span> <span class='ocrx_word' id='word_1_621' title='bbox 2276 3604 2595 3671; x_wconf 78' lang='grc' dir='ltr'>ῥογάτορες,</span> <span class='ocrx_word' id='word_1_622' title='bbox 2617 3603 2817 3657; x_wconf 87' lang='lat' dir='ltr'><strong>milites</strong></span> <span class='ocrx_word' id='word_1_623' title='bbox 2834 3604 2925 3672; x_wconf 89' lang='lat' dir='ltr'><strong>qui</strong></span> <span class='ocrx_word' id='word_1_624' title='bbox 2948 3601 3221 3672; x_wconf 88' lang='lat' dir='ltr'><strong>stipendia</strong></span> <span class='ocrx_word' id='word_1_625' title='bbox 3243 3615 3477 3666; x_wconf 82' lang='lat' dir='ltr'><strong>merent,</strong></span> 
     </span>
    </p>
   </div>
   <div class='ocr_carea' id='block_1_96' title="bbox 1882 3695 3471 3767">
    <p class='ocr_par' dir='ltr' id='par_1_96' title="bbox 1882 3695 3471 3767">
     <span class='ocr_line' id='line_1_96' title="bbox 1882 3695 3471 3767; baseline 0.002 -20"><span class='ocrx_word' id='word_1_626' title='bbox 1882 3695 2144 3750; x_wconf 84' lang='lat' dir='ltr'><strong>soldaten.</strong></span> <span class='ocrx_word' id='word_1_627' title='bbox 2183 3696 2319 3750; x_wconf 88' lang='lat' dir='ltr'><strong>Item</strong></span> <span class='ocrx_word' id='word_1_628' title='bbox 2370 3696 2709 3765; x_wconf 83' lang='lat' dir='ltr'><strong>largitiones,</strong></span> <span class='ocrx_word' id='word_1_629' title='bbox 2740 3698 3090 3767; x_wconf 83' lang='lat' dir='ltr'><strong>erogationes,</strong></span> <span class='ocrx_word' id='word_1_630' title='bbox 3130 3712 3381 3759; x_wconf 86' lang='lat' dir='ltr'><strong>munera,</strong></span> <span class='ocrx_word' id='word_1_631' title='bbox 3417 3706 3471 3750; x_wconf 87' lang='lat' dir='ltr'><strong>et</strong></span> 
     </span>
    </p>
   </div>
   <div class='ocr_carea' id='block_1_97' title="bbox 1884 3789 3475 3859">
    <p class='ocr_par' dir='ltr' id='par_1_97' title="bbox 1884 3789 3475 3859">
     <span class='ocr_line' id='line_1_97' title="bbox 1884 3789 3475 3859; baseline 0.001 -16"><span class='ocrx_word' id='word_1_632' title='bbox 1884 3791 2028 3844; x_wconf 90' lang='lat' dir='ltr'><strong>dona</strong></span> <span class='ocrx_word' id='word_1_633' title='bbox 2072 3807 2097 3843; x_wconf 89' lang='lat' dir='ltr'><strong>a</strong></span> <span class='ocrx_word' id='word_1_634' title='bbox 2133 3789 2479 3859; x_wconf 77' lang='lat' dir='ltr'><strong>principibus</strong></span> <span class='ocrx_word' id='word_1_635' title='bbox 2519 3789 2823 3845; x_wconf 84' lang='lat' dir='ltr'><strong>liberaliter</strong></span> <span class='ocrx_word' id='word_1_636' title='bbox 2873 3791 3129 3845; x_wconf 89' lang='lat' dir='ltr'><strong>distribui</strong></span> <span class='ocrx_word' id='word_1_637' title='bbox 3185 3800 3475 3845; x_wconf 61' lang='lat' dir='ltr'><strong>cmusucla.</strong></span> 
     </span>
    </p>
   </div>
   <div class='ocr_carea' id='block_1_98' title="bbox 1882 3882 3481 3947">
    <p class='ocr_par' dir='ltr' id='par_1_98' title="bbox 1882 3882 3481 3947">
     <span class='ocr_line' id='line_1_98' title="bbox 1882 3882 3481 3947; baseline 0.001 -12"><span class='ocrx_word' id='word_1_638' title='bbox 1882 3882 2000 3947; x_wconf 86' lang='lat' dir='ltr'><strong>Qua</strong></span> <span class='ocrx_word' id='word_1_639' title='bbox 2035 3898 2171 3937; x_wconf 88' lang='lat' dir='ltr'><strong>voce</strong></span> <span class='ocrx_word' id='word_1_640' title='bbox 2197 3883 2395 3937; x_wconf 88' lang='lat' dir='ltr'><strong>crebro</strong></span> <span class='ocrx_word' id='word_1_641' title='bbox 2418 3882 2588 3936; x_wconf 89' lang='lat' dir='ltr'><strong>utitur</strong></span> <span class='ocrx_word' id='word_1_642' title='bbox 2615 3884 2781 3936; x_wconf 83' lang='lat' dir='ltr'><strong>etiam</strong></span> <span class='ocrx_word' id='word_1_643' title='bbox 2825 3883 3158 3938; x_wconf 84' lang='lat' dir='ltr'><strong>Anastasius</strong></span> <span class='ocrx_word' id='word_1_644' title='bbox 3186 3883 3481 3937; x_wconf 82' lang='lat' dir='ltr'><strong>bibliothe-</strong></span> 
     </span>
    </p>
   </div>
   <div class='ocr_carea' id='block_1_99' title="bbox 1881 3975 3478 4044">
    <p class='ocr_par' dir='ltr' id='par_1_99' title="bbox 1881 3975 3478 4044">
     <span class='ocr_line' id='line_1_99' title="bbox 1881 3975 3478 4044; baseline 0.001 -14"><span class='ocrx_word' id='word_1_645' title='bbox 1881 3977 2065 4030; x_wconf 84' lang='lat' dir='ltr'><strong>carius</strong></span> <span class='ocrx_word' id='word_1_646' title='bbox 2102 3977 2154 4030; x_wconf 92' lang='lat' dir='ltr'><strong>in</strong></span> <span class='ocrx_word' id='word_1_647' title='bbox 2191 3976 2428 4029; x_wconf 86' lang='lat' dir='ltr'><strong>Historia</strong></span> <span class='ocrx_word' id='word_1_648' title='bbox 2476 3975 2823 4040; x_wconf 79' lang='lat' dir='ltr'><strong>Pontiﬁcum,</strong></span> <span class='ocrx_word' id='word_1_649' title='bbox 2854 3980 2990 4031; x_wconf 89' lang='lat' dir='ltr'><strong>utin</strong></span> <span class='ocrx_word' id='word_1_650' title='bbox 3030 3977 3276 4044; x_wconf 84' lang='lat' dir='ltr'><strong>Eugenio</strong></span> <span class='ocrx_word' id='word_1_651' title='bbox 3328 3976 3478 4033; x_wconf 82' lang='lat' dir='ltr'><strong>:Ro-</strong></span> 
     </span>
    </p>
   </div>
   <div class='ocr_carea' id='block_1_100' title="bbox 1879 4067 3477 4138">
    <p class='ocr_par' dir='ltr' id='par_1_100' title="bbox 1879 4067 3477 4138">
     <span class='ocr_line' id='line_1_100' title="bbox 1879 4067 3477 4138; baseline 0.003 -18"><span class='ocrx_word' id='word_1_652' title='bbox 1879 4084 2002 4138; x_wconf 87' lang='lat' dir='ltr'><strong>gam</strong></span> <span class='ocrx_word' id='word_1_653' title='bbox 2031 4070 2172 4122; x_wconf 80' lang='lat' dir='ltr'><strong>clero</strong></span> <span class='ocrx_word' id='word_1_654' title='bbox 2217 4070 2382 4122; x_wconf 81' lang='lat' dir='ltr'><strong>dedit.</strong></span> <span class='ocrx_word' id='word_1_655' title='bbox 2443 4067 2583 4123; x_wconf 88' lang='lat' dir='ltr'><strong>Ilinc</strong></span> <span class='ocrx_word' id='word_1_656' title='bbox 2612 4069 2779 4122; x_wconf 87' lang='lat' dir='ltr'><strong>etiam</strong></span> <span class='ocrx_word' id='word_1_657' title='bbox 2818 4080 2978 4123; x_wconf 87' lang='lat' dir='ltr'><strong>natus</strong></span> <span class='ocrx_word' id='word_1_658' title='bbox 3036 4069 3254 4123; x_wconf 74' lang='lat' dir='ltr'><strong>videtur</strong></span> <span class='ocrx_word' id='word_1_659' title='bbox 3282 4070 3477 4124; x_wconf 89' lang='lat' dir='ltr'><strong>modus</strong></span> 
     </span>
    </p>
   </div>
   <div class='ocr_carea' id='block_1_101' title="bbox 1879 4159 3476 4229">
    <p class='ocr_par' dir='ltr' id='par_1_101' title="bbox 1879 4159 3476 4229">
     <span class='ocr_line' id='line_1_101' title="bbox 1879 4159 3476 4229; baseline 0.001 -18"><span class='ocrx_word' id='word_1_660' title='bbox 1879 4159 2134 4227; x_wconf 88' lang='lat' dir='ltr'><strong>loquendi</strong></span> <span class='ocrx_word' id='word_1_661' title='bbox 2204 4160 2648 4214; x_wconf 74' lang='lat' dir='ltr'><strong>Germanorum:</strong></span> <span class='ocrx_word' id='word_1_662' title='bbox 2715 4159 2792 4212; x_wconf 88' lang='lat' dir='ltr'><strong>Er</strong></span> <span class='ocrx_word' id='word_1_663' title='bbox 2830 4161 2917 4213; x_wconf 83' lang='lat' dir='ltr'><strong>hat</strong></span> <span class='ocrx_word' id='word_1_664' title='bbox 2953 4162 3037 4214; x_wconf 87' lang='lat' dir='ltr'><strong>ein</strong></span> <span class='ocrx_word' id='word_1_665' title='bbox 3089 4172 3251 4229; x_wconf 87' lang='lat' dir='ltr'><strong>gutcn</strong></span> <span class='ocrx_word' id='word_1_666' title='bbox 3315 4177 3476 4229; x_wconf 85' lang='lat' dir='ltr'><strong>rogen</strong></span> 
     </span>
    </p>
   </div>
   <div class='ocr_carea' id='block_1_102' title="bbox 1879 4251 3475 4320">
    <p class='ocr_par' dir='ltr' id='par_1_102' title="bbox 1879 4251 3475 4320">
     <span class='ocr_line' id='line_1_102' title="bbox 1879 4251 3475 4320; baseline -0.001 -15"><span class='ocrx_word' id='word_1_667' title='bbox 1879 4268 2061 4320; x_wconf 73' lang='lat' dir='ltr'><strong>sagen,</strong></span> <span class='ocrx_word' id='word_1_668' title='bbox 2086 4252 2153 4306; x_wconf 91' lang='lat' dir='ltr'><strong>de</strong></span> <span class='ocrx_word' id='word_1_669' title='bbox 2178 4252 2272 4305; x_wconf 90' lang='lat' dir='ltr'><strong>illo</strong></span> <span class='ocrx_word' id='word_1_670' title='bbox 2295 4252 2386 4319; x_wconf 90' lang='lat' dir='ltr'><strong>qui</strong></span> <span class='ocrx_word' id='word_1_671' title='bbox 2420 4251 2755 4305; x_wconf 78' lang='lat' dir='ltr'><strong>luculentum</strong></span> <span class='ocrx_word' id='word_1_672' title='bbox 2786 4253 2915 4319; x_wconf 87' lang='lat' dir='ltr'><strong>quid</strong></span> <span class='ocrx_word' id='word_1_673' title='bbox 2937 4252 3163 4320; x_wconf 86' lang='lat' dir='ltr'><strong>adeptus</strong></span> <span class='ocrx_word' id='word_1_674' title='bbox 3198 4264 3303 4308; x_wconf 88' lang='lat' dir='ltr'><strong>est.</strong></span> <span class='ocrx_word' id='word_1_675' title='bbox 3334 4251 3475 4305; x_wconf 87' lang='lat' dir='ltr'><strong>Hinc</strong></span> 
     </span>
    </p>
   </div>
   <div class='ocr_carea' id='block_1_103' title="bbox 1878 4342 3474 4412">
    <p class='ocr_par' dir='ltr' id='par_1_103' title="bbox 1878 4342 3474 4412">
     <span class='ocr_line' id='line_1_103' title="bbox 1878 4342 3474 4412; baseline 0.001 -16"><span class='ocrx_word' id='word_1_676' title='bbox 1878 4345 2042 4397; x_wconf 90' lang='lat' dir='ltr'><strong>ctiam</strong></span> <span class='ocrx_word' id='word_1_677' title='bbox 2083 4342 2332 4412; x_wconf 71' lang='grc' dir='ltr'>ρογεύειν</span> <span class='ocrx_word' id='word_1_678' title='bbox 2388 4342 2642 4407; x_wconf 88' lang='lat' dir='ltr'><strong>militare,</strong></span> <span class='ocrx_word' id='word_1_679' title='bbox 2678 4361 2911 4399; x_wconf 87' lang='lat' dir='ltr'><strong>merere:</strong></span> <span class='ocrx_word' id='word_1_680' title='bbox 2942 4344 3081 4399; x_wconf 79' lang='lat' dir='ltr'><strong>forte</strong></span> <span class='ocrx_word' id='word_1_681' title='bbox 3106 4361 3238 4400; x_wconf 90' lang='lat' dir='ltr'><strong>cusa</strong></span> <span class='ocrx_word' id='word_1_682' title='bbox 3269 4354 3323 4399; x_wconf 91' lang='lat' dir='ltr'><strong>et</strong></span> <span class='ocrx_word' id='word_1_683' title='bbox 3359 4347 3474 4399; x_wconf 73' lang='lat' dir='ltr'><strong>iure</strong></span> 
     </span>
    </p>
   </div>
   <div class='ocr_carea' id='block_1_104' title="bbox 1878 4434 3473 4515">
    <p class='ocr_par' dir='ltr' id='par_1_104' title="bbox 1878 4434 3473 4515">
     <span class='ocr_line' id='line_1_104' title="bbox 1878 4434 3473 4515; baseline 0.004 -29"><span class='ocrx_word' id='word_1_684' title='bbox 1878 4450 1981 4487; x_wconf 81' lang='lat' dir='ltr'><strong>vox</strong></span> <span class='ocrx_word' id='word_1_685' title='bbox 2014 4452 2043 4487; x_wconf 78' lang='grc' dir='ltr'><strong>ιι</strong></span> <span class='ocrx_word' id='word_1_686' title='bbox 2082 4434 2275 4489; x_wconf 86' lang='lat' dir='ltr'><strong>Latino</strong></span> <span class='ocrx_word' id='word_1_687' title='bbox 2300 4452 2424 4505; x_wconf 90' lang='lat' dir='ltr'><strong>rogo</strong></span> <span class='ocrx_word' id='word_1_688' title='bbox 2456 4436 2536 4491; x_wconf 85' lang='lat' dir='ltr'><strong>vel</strong></span> <span class='ocrx_word' id='word_1_689' title='bbox 2568 4454 2744 4515; x_wconf 69' lang='lat' dir='ltr'><strong>erogo.</strong></span> <span class='ocrx_word' id='word_1_690' title='bbox 2774 4437 2953 4493; x_wconf 80' lang='lat' dir='ltr'><strong>Habet</strong></span> <span class='ocrx_word' id='word_1_691' title='bbox 2980 4437 3273 4494; x_wconf 84' lang='lat' dir='ltr'><strong>Balsamon</strong></span> <span class='ocrx_word' id='word_1_692' title='bbox 3304 4440 3473 4494; x_wconf 88' lang='lat' dir='ltr'><strong>etiam</strong></span> 
     </span>
    </p>
   </div>
   <div class='ocr_carea' id='block_1_105' title="bbox 1882 4529 3239 4603">
    <p class='ocr_par' dir='ltr' id='par_1_105' title="bbox 1882 4529 3239 4603">
     <span class='ocr_line' id='line_1_105' title="bbox 1882 4529 3239 4603; baseline 0.003 -24"><span class='ocrx_word' id='word_1_693' title='bbox 1882 4529 2140 4597; x_wconf 80' lang='grc' dir='ltr'>ρογαλία.</span> <span class='ocrx_word' id='word_1_694' title='bbox 2900 4596 2913 4603; x_wconf 38' lang='grc' dir='ltr'><strong><em>ν</em></strong></span> <span class='ocrx_word' id='word_1_695' title='bbox 3232 4594 3239 4603; x_wconf 30' lang='grc' dir='ltr'><strong>ρ</strong></span> 
     </span>
    </p>
   </div>
   <div class='ocr_carea' id='block_1_106' title="bbox 1952 4618 3471 4695">
    <p class='ocr_par' dir='ltr' id='par_1_106' title="bbox 1952 4618 3471 4695">
     <span class='ocr_line' id='line_1_106' title="bbox 1952 4618 3471 4695; baseline 0.006 -23"><span class='ocrx_word' id='word_1_696' title='bbox 1952 4618 2278 4689; x_wconf 72' lang='lat' dir='ltr'><strong>Huiusmodi</strong></span> <span class='ocrx_word' id='word_1_697' title='bbox 2309 4636 2497 4691; x_wconf 81' lang='lat' dir='ltr'><strong>rogam</strong></span> <span class='ocrx_word' id='word_1_698' title='bbox 2527 4638 2556 4677; x_wconf 90' lang='lat' dir='ltr'><strong>a</strong></span> <span class='ocrx_word' id='word_1_699' title='bbox 2590 4638 2651 4679; x_wconf 86' lang='lat' dir='ltr'><strong>se</strong></span> <span class='ocrx_word' id='word_1_700' title='bbox 2676 4625 2850 4679; x_wconf 87' lang='lat' dir='ltr'><strong>visam</strong></span> <span class='ocrx_word' id='word_1_701' title='bbox 2881 4626 3149 4681; x_wconf 77' lang='lat' dir='ltr'><strong>describit</strong></span> <span class='ocrx_word' id='word_1_702' title='bbox 3176 4626 3471 4695; x_wconf 88' lang='lat' dir='ltr'><strong>Luitpran-</strong></span> 
     </span>
    </p>
   </div>
   <div class='ocr_carea' id='block_1_107' title="bbox 1878 4711 3475 4788">
    <p class='ocr_par' dir='ltr' id='par_1_107' title="bbox 1878 4711 3475 4788">
     <span class='ocr_line' id='line_1_107' title="bbox 1878 4711 3475 4788; baseline 0.004 -23"><span class='ocrx_word' id='word_1_703' title='bbox 1878 4711 1981 4767; x_wconf 86' lang='lat' dir='ltr'><strong>dus</strong></span> <span class='ocrx_word' id='word_1_704' title='bbox 2010 4713 2319 4769; x_wconf 85' lang='lat' dir='ltr'><strong>Ticinensis</strong></span> <span class='ocrx_word' id='word_1_705' title='bbox 2347 4715 2510 4785; x_wconf 74' lang='lat'><strong>312</strong></span> <span class='ocrx_word' id='word_1_706' title='bbox 2538 4717 2573 4769; x_wconf 96' lang='grc' dir='ltr'>Ι.</span> <span class='ocrx_word' id='word_1_707' title='bbox 2596 4734 2667 4771; x_wconf 86' lang='lat' dir='ltr'><strong>vt.</strong></span> <span class='ocrx_word' id='word_1_708' title='bbox 2699 4717 2760 4771; x_wconf 86' lang='lat' dir='ltr'><strong>In</strong></span> <span class='ocrx_word' id='word_1_709' title='bbox 2786 4735 2866 4780; x_wconf 87' lang='lat' dir='ltr'><strong>ea,</strong></span> <span class='ocrx_word' id='word_1_710' title='bbox 2907 4718 3105 4788; x_wconf 87' lang='lat' dir='ltr'><strong>inquit,</strong></span> <span class='ocrx_word' id='word_1_711' title='bbox 3132 4735 3249 4788; x_wconf 67' lang='lat' dir='ltr'><strong>qua?</strong></span> <span class='ocrx_word' id='word_1_712' title='bbox 3271 4729 3349 4773; x_wconf 87' lang='lat' dir='ltr'><strong>est</strong></span> <span class='ocrx_word' id='word_1_713' title='bbox 3379 4736 3475 4772; x_wconf 82' lang='lat' dir='ltr'><strong>an-</strong></span> 
     </span>
    </p>
   </div>
   <div class='ocr_carea' id='block_1_108' title="bbox 1878 4806 3473 4880">
    <p class='ocr_par' dir='ltr' id='par_1_108' title="bbox 1878 4806 3473 4880">
     <span class='ocr_line' id='line_1_108' title="bbox 1878 4806 3473 4880; baseline 0.004 -23"><span class='ocrx_word' id='word_1_714' title='bbox 1878 4817 1924 4859; x_wconf 86' lang='lat' dir='ltr'><strong>te</strong></span> <span class='ocrx_word' id='word_1_715' title='bbox 1960 4806 2412 4878; x_wconf 76' lang='grc' dir='ltr'>βαῖοφόρον,φιοά</span> <span class='ocrx_word' id='word_1_716' title='bbox 2430 4827 2524 4863; x_wconf 87' lang='lat' dir='ltr'><strong>nos</strong></span> <span class='ocrx_word' id='word_1_717' title='bbox 2545 4811 2847 4880; x_wconf 86' lang='lat' dir='ltr'><strong>palmarum</strong></span> <span class='ocrx_word' id='word_1_718' title='bbox 2869 4828 3045 4867; x_wconf 82' lang='lat' dir='ltr'><strong>ramos</strong></span> <span class='ocrx_word' id='word_1_719' title='bbox 3068 4813 3317 4873; x_wconf 81' lang='lat' dir='ltr'><strong>dicimus,</strong></span> <span class='ocrx_word' id='word_1_720' title='bbox 3349 4812 3473 4865; x_wconf 80' lang='lat' dir='ltr'><strong>lteb-</strong></span> 
     </span>
    </p>
   </div>
   <div class='ocr_carea' id='block_1_109' title="bbox 1876 4900 3471 4973">
    <p class='ocr_par' dir='ltr' id='par_1_109' title="bbox 1876 4900 3471 4973">
     <span class='ocr_line' id='line_1_109' title="bbox 1876 4900 3471 4973; baseline 0.003 -23"><span class='ocrx_word' id='word_1_721' title='bbox 1876 4900 2102 4953; x_wconf 88' lang='lat' dir='ltr'><strong>domade</strong></span> <span class='ocrx_word' id='word_1_722' title='bbox 2128 4910 2239 4955; x_wconf 87' lang='lat' dir='ltr'><strong>tam</strong></span> <span class='ocrx_word' id='word_1_723' title='bbox 2267 4903 2323 4954; x_wconf 83' lang='lat' dir='ltr'><strong>in</strong></span> <span class='ocrx_word' id='word_1_724' title='bbox 2355 4902 2609 4956; x_wconf 85' lang='lat' dir='ltr'><strong>militibus</strong></span> <span class='ocrx_word' id='word_1_725' title='bbox 2638 4920 2797 4973; x_wconf 86' lang='lat' dir='ltr'><strong>quam</strong></span> <span class='ocrx_word' id='word_1_726' title='bbox 2824 4906 2876 4956; x_wconf 89' lang='lat' dir='ltr'><strong>in</strong></span> <span class='ocrx_word' id='word_1_727' title='bbox 2916 4904 3136 4956; x_wconf 81' lang='lat' dir='ltr'><strong>diversis</strong></span> <span class='ocrx_word' id='word_1_728' title='bbox 3167 4903 3471 4955; x_wconf 85' lang='lat' dir='ltr'><strong>constitutis</strong></span> 
     </span>
    </p>
   </div>
   <div class='ocr_carea' id='block_1_110' title="bbox 1877 4993 3469 5063">
    <p class='ocr_par' dir='ltr' id='par_1_110' title="bbox 1877 4993 3469 5063">
     <span class='ocr_line' id='line_1_110' title="bbox 1877 4993 3469 5063; baseline 0 -16"><span class='ocrx_word' id='word_1_729' title='bbox 1877 4993 2067 5061; x_wconf 77' lang='lat' dir='ltr'><strong>ofﬁciis</strong></span> <span class='ocrx_word' id='word_1_730' title='bbox 2112 4996 2493 5047; x_wconf 84' lang='lat' dir='ltr'><strong>numisnuttum</strong></span> <span class='ocrx_word' id='word_1_731' title='bbox 2564 5011 2846 5048; x_wconf 86' lang='lat' dir='ltr'><strong>aureorum</strong></span> <span class='ocrx_word' id='word_1_732' title='bbox 2879 4995 3257 5063; x_wconf 85' lang='lat' dir='ltr'><strong>eragatianem,</strong></span> <span class='ocrx_word' id='word_1_733' title='bbox 3310 5003 3469 5059; x_wconf 84' lang='lat' dir='ltr'><strong>prout</strong></span> 
     </span>
    </p>
   </div>
   <div class='ocr_carea' id='block_1_111' title="bbox 1878 5085 3471 5154">
    <p class='ocr_par' dir='ltr' id='par_1_111' title="bbox 1878 5085 3471 5154">
     <span class='ocr_line' id='line_1_111' title="bbox 1878 5085 3471 5154; baseline 0.003 -19"><span class='ocrx_word' id='word_1_734' title='bbox 1878 5086 2127 5154; x_wconf 86' lang='lat' dir='ltr'><strong>cujusque</strong></span> <span class='ocrx_word' id='word_1_735' title='bbox 2148 5096 2436 5141; x_wconf 83' lang='lat' dir='ltr'><strong>mereretur</strong></span> <span class='ocrx_word' id='word_1_736' title='bbox 2466 5088 2726 5153; x_wconf 75' lang='lat' dir='ltr'><strong>ofﬁcium,</strong></span> <span class='ocrx_word' id='word_1_737' title='bbox 2748 5089 3039 5152; x_wconf 88' lang='lat' dir='ltr'><strong>imperator</strong></span> <span class='ocrx_word' id='word_1_738' title='bbox 3063 5085 3229 5153; x_wconf 57' lang='lat' dir='ltr'><strong>facit”;</strong></span> <span class='ocrx_word' id='word_1_739' title='bbox 3254 5087 3471 5139; x_wconf 84' lang='lat' dir='ltr'><strong>cuiero-</strong></span> 
     </span>
    </p>
   </div>
   <div class='ocr_carea' id='block_1_112' title="bbox 1876 5177 3464 5248">
    <p class='ocr_par' dir='ltr' id='par_1_112' title="bbox 1876 5177 3464 5248">
     <span class='ocr_line' id='line_1_112' title="bbox 1876 5177 3464 5248; baseline 0.003 -19"><span class='ocrx_word' id='word_1_740' title='bbox 1876 5178 2079 5244; x_wconf 81' lang='lat' dir='ltr'><strong>gationi</strong></span> <span class='ocrx_word' id='word_1_741' title='bbox 2102 5180 2229 5248; x_wconf 86' lang='lat' dir='ltr'><strong>quia</strong></span> <span class='ocrx_word' id='word_1_742' title='bbox 2264 5194 2343 5231; x_wconf 88' lang='lat' dir='ltr'><strong>me</strong></span> <span class='ocrx_word' id='word_1_743' title='bbox 2379 5180 2627 5231; x_wconf 84' lang='lat' dir='ltr'><strong>interesse</strong></span> <span class='ocrx_word' id='word_1_744' title='bbox 2650 5177 2834 5241; x_wconf 72' lang='lat' dir='ltr'><strong>valuit,</strong></span> <span class='ocrx_word' id='word_1_745' title='bbox 2863 5193 2941 5231; x_wconf 89' lang='lat' dir='ltr'><strong>me</strong></span> <span class='ocrx_word' id='word_1_746' title='bbox 2986 5178 3157 5231; x_wconf 76' lang='lat' dir='ltr'><strong>venire</strong></span> <span class='ocrx_word' id='word_1_747' title='bbox 3195 5181 3464 5248; x_wconf 74' lang='lat' dir='ltr'><strong>prwcepit.</strong></span> 
     </span>
    </p>
   </div>
   <div class='ocr_carea' id='block_1_113' title="bbox 1878 5267 3469 5340">
    <p class='ocr_par' dir='ltr' id='par_1_113' title="bbox 1878 5267 3469 5340">
     <span class='ocr_line' id='line_1_113' title="bbox 1878 5267 3469 5340; baseline 0.003 -20"><span class='ocrx_word' id='word_1_748' title='bbox 1878 5267 2008 5323; x_wconf 83' lang='lat' dir='ltr'><strong>Fuit</strong></span> <span class='ocrx_word' id='word_1_749' title='bbox 2043 5283 2215 5323; x_wconf 85' lang='lat' dir='ltr'><strong>autem</strong></span> <span class='ocrx_word' id='word_1_750' title='bbox 2250 5272 2575 5338; x_wconf 85' lang='lat' dir='ltr'><strong>hujusmodi.</strong></span> <span class='ocrx_word' id='word_1_751' title='bbox 2616 5274 2748 5323; x_wconf 82' lang='lat' dir='ltr'><strong>Erat</strong></span> <span class='ocrx_word' id='word_1_752' title='bbox 2780 5271 3023 5340; x_wconf 85' lang='lat' dir='ltr'><strong>apposita</strong></span> <span class='ocrx_word' id='word_1_753' title='bbox 3054 5272 3229 5325; x_wconf 81' lang='lat' dir='ltr'><strong>decem</strong></span> <span class='ocrx_word' id='word_1_754' title='bbox 3263 5276 3469 5327; x_wconf 82' lang='lat' dir='ltr'><strong>cubito-</strong></span> 
     </span>
    </p>
   </div>
   <div class='ocr_carea' id='block_1_114' title="bbox 1879 5364 3466 5437">
    <p class='ocr_par' dir='ltr' id='par_1_114' title="bbox 1879 5364 3466 5437">
     <span class='ocr_line' id='line_1_114' title="bbox 1879 5364 3466 5437; baseline 0.004 -23"><span class='ocrx_word' id='word_1_755' title='bbox 1879 5378 2000 5417; x_wconf 86' lang='lat' dir='ltr'><strong>rum</strong></span> <span class='ocrx_word' id='word_1_756' title='bbox 2047 5364 2399 5433; x_wconf 87' lang='lat' dir='ltr'><strong>longitudinis</strong></span> <span class='ocrx_word' id='word_1_757' title='bbox 2430 5380 2492 5417; x_wconf 82' lang='lat' dir='ltr'><strong>ac</strong></span> <span class='ocrx_word' id='word_1_758' title='bbox 2530 5374 2761 5431; x_wconf 68' lang='lat' dir='ltr'><strong>quatuor</strong></span> <span class='ocrx_word' id='word_1_759' title='bbox 2789 5364 3094 5420; x_wconf 82' lang='lat' dir='ltr'><strong>latitudinis</strong></span> <span class='ocrx_word' id='word_1_760' title='bbox 3120 5382 3300 5420; x_wconf 85' lang='lat' dir='ltr'><strong>mensa</strong></span> <span class='ocrx_word' id='word_1_761' title='bbox 3348 5384 3466 5437; x_wconf 70' lang='lat' dir='ltr'><strong>quae</strong></span> 
     </span>
    </p>
   </div>
   <div class='ocr_carea' id='block_1_115' title="bbox 1876 5454 3462 5529">
    <p class='ocr_par' dir='ltr' id='par_1_115' title="bbox 1876 5454 3462 5529">
     <span class='ocr_line' id='line_1_115' title="bbox 1876 5454 3462 5529; baseline 0.003 -23"><span class='ocrx_word' id='word_1_762' title='bbox 1876 5457 2201 5508; x_wconf 82' lang='lat' dir='ltr'><strong>numismata</strong></span> <span class='ocrx_word' id='word_1_763' title='bbox 2231 5454 2417 5508; x_wconf 83' lang='lat' dir='ltr'><strong>loculis</strong></span> <span class='ocrx_word' id='word_1_764' title='bbox 2443 5466 2780 5526; x_wconf 69' lang='lat' dir='ltr'><strong>congregata.</strong></span> <span class='ocrx_word' id='word_1_765' title='bbox 2804 5467 2959 5526; x_wconf 87' lang='lat' dir='ltr'><strong>prout</strong></span> <span class='ocrx_word' id='word_1_766' title='bbox 3000 5460 3187 5529; x_wconf 87' lang='lat' dir='ltr'><strong>cuique</strong></span> <span class='ocrx_word' id='word_1_767' title='bbox 3209 5458 3462 5523; x_wconf 85' lang='lat' dir='ltr'><strong>dabatur,</strong></span> 
     </span>
    </p>
   </div>
   <div class='ocr_carea' id='block_1_116' title="bbox 1874 5547 3463 5620">
    <p class='ocr_par' dir='ltr' id='par_1_116' title="bbox 1874 5547 3463 5620">
     <span class='ocr_line' id='line_1_116' title="bbox 1874 5547 3463 5620; baseline 0.003 -22"><span class='ocrx_word' id='word_1_768' title='bbox 1874 5547 2106 5598; x_wconf 84' lang='lat' dir='ltr'><strong>numeris</strong></span> <span class='ocrx_word' id='word_1_769' title='bbox 2134 5549 2458 5602; x_wconf 71' lang='lat' dir='ltr'><strong>extrinsecus</strong></span> <span class='ocrx_word' id='word_1_770' title='bbox 2496 5550 2547 5602; x_wconf 86' lang='lat' dir='ltr'><strong>in</strong></span> <span class='ocrx_word' id='word_1_771' title='bbox 2579 5549 2767 5603; x_wconf 86' lang='lat' dir='ltr'><strong>loculis</strong></span> <span class='ocrx_word' id='word_1_772' title='bbox 2797 5552 3008 5620; x_wconf 86' lang='lat' dir='ltr'><strong>scriptis</strong></span> <span class='ocrx_word' id='word_1_773' title='bbox 3040 5552 3317 5604; x_wconf 83' lang='lat' dir='ltr'><strong>retinebat.</strong></span> <span class='ocrx_word' id='word_1_774' title='bbox 3367 5550 3463 5603; x_wconf 75' lang='lat' dir='ltr'><strong>In-</strong></span> 
     </span>
    </p>
   </div>
   <div class='ocr_carea' id='block_1_117' title="bbox 1873 5637 3473 5712">
    <p class='ocr_par' dir='ltr' id='par_1_117' title="bbox 1873 5637 3473 5712">
     <span class='ocr_line' id='line_1_117' title="bbox 1873 5637 3473 5712; baseline 0.003 -24"><span class='ocrx_word' id='word_1_775' title='bbox 1873 5637 2248 5705; x_wconf 84' lang='lat' dir='ltr'><strong>grediebantur</strong></span> <span class='ocrx_word' id='word_1_776' title='bbox 2263 5640 2485 5708; x_wconf 86' lang='lat' dir='ltr'><strong>denique</strong></span> <span class='ocrx_word' id='word_1_777' title='bbox 2505 5641 2575 5692; x_wconf 87' lang='lat' dir='ltr'><strong>ad</strong></span> <span class='ocrx_word' id='word_1_778' title='bbox 2602 5642 2970 5712; x_wconf 87' lang='lat' dir='ltr'><strong>imperatorem</strong></span> <span class='ocrx_word' id='word_1_779' title='bbox 2992 5659 3093 5695; x_wconf 87' lang='lat' dir='ltr'><strong>non</strong></span> <span class='ocrx_word' id='word_1_780' title='bbox 3110 5642 3348 5709; x_wconf 79' lang='lat' dir='ltr'><strong>confuse,</strong></span> <span class='ocrx_word' id='word_1_781' title='bbox 3371 5640 3464 5694; x_wconf 83' lang='lat' dir='ltr'><strong>sed</strong></span> <span class='ocrx_word' id='word_1_782' title='bbox 3472 5660 3473 5663; x_wconf 44' lang='grc' dir='ltr'><strong>η</strong></span> 
     </span>
    </p>
   </div>
   <div class='ocr_carea' id='block_1_118' title="bbox 1874 5729 3471 5804">
    <p class='ocr_par' dir='ltr' id='par_1_118' title="bbox 1874 5729 3471 5804">
     <span class='ocr_line' id='line_1_118' title="bbox 1874 5729 3471 5804; baseline 0.004 -21"><span class='ocrx_word' id='word_1_783' title='bbox 1874 5729 2161 5784; x_wconf 86' lang='lat' dir='ltr'><strong>ordinatim</strong></span> <span class='ocrx_word' id='word_1_784' title='bbox 2186 5732 2475 5786; x_wconf 87' lang='lat' dir='ltr'><strong>secundum</strong></span> <span class='ocrx_word' id='word_1_785' title='bbox 2504 5736 2741 5787; x_wconf 81' lang='lat' dir='ltr'><strong>vocantis</strong></span> <span class='ocrx_word' id='word_1_786' title='bbox 2766 5752 2959 5801; x_wconf 83' lang='lat' dir='ltr'><strong>vocem,</strong></span> <span class='ocrx_word' id='word_1_787' title='bbox 2991 5752 3108 5804; x_wconf 80' lang='lat' dir='ltr'><strong>qure</strong></span> <span class='ocrx_word' id='word_1_788' title='bbox 3140 5736 3339 5793; x_wconf 73' lang='lat' dir='ltr'><strong>scripta</strong></span> <span class='ocrx_word' id='word_1_789' title='bbox 3387 5736 3471 5789; x_wconf 64' lang='lat' dir='ltr'><strong>vi»</strong></span> 
     </span>
    </p>
   </div>
   <div class='ocr_carea' id='block_1_119' title="bbox 1873 5826 3475 5899">
    <p class='ocr_par' dir='ltr' id='par_1_119' title="bbox 1873 5826 3475 5899">
     <span class='ocr_line' id='line_1_119' title="bbox 1873 5826 3475 5899; baseline 0.007 -26"><span class='ocrx_word' id='word_1_790' title='bbox 1873 5838 2054 5876; x_wconf 79' lang='lat' dir='ltr'><strong>rerum</strong></span> <span class='ocrx_word' id='word_1_791' title='bbox 2089 5826 2302 5877; x_wconf 88' lang='lat' dir='ltr'><strong>nomina</strong></span> <span class='ocrx_word' id='word_1_792' title='bbox 2329 5827 2612 5878; x_wconf 77' lang='lat' dir='ltr'><strong>secundum</strong></span> <span class='ocrx_word' id='word_1_793' title='bbox 2644 5828 2795 5898; x_wconf 70' lang='lat' dir='ltr'><strong>ofﬁcii</strong></span> <span class='ocrx_word' id='word_1_794' title='bbox 2825 5829 3135 5899; x_wconf 85' lang='lat' dir='ltr'><strong>dignitatem</strong></span> <span class='ocrx_word' id='word_1_795' title='bbox 3176 5829 3475 5884; x_wconf 60' lang='lat' dir='ltr'><strong>recitabat-</strong></span> 
     </span>
    </p>
   </div>
   <div class='ocr_carea' id='block_1_120' title="bbox 1878 5910 3475 5987">
    <p class='ocr_par' dir='ltr' id='par_1_120' title="bbox 1878 5910 3475 5987">
     <span class='ocr_line' id='line_1_120' title="bbox 1878 5910 3475 5987; baseline 0.002 -19"><span class='ocrx_word' id='word_1_796' title='bbox 1878 5917 2110 5981; x_wconf 85' lang='lat' dir='ltr'><strong>Quorum</strong></span> <span class='ocrx_word' id='word_1_797' title='bbox 2146 5910 2344 5987; x_wconf 64' lang='lat' dir='ltr'><strong>primus</strong></span> <span class='ocrx_word' id='word_1_798' title='bbox 2371 5931 2582 5975; x_wconf 80' lang='lat' dir='ltr'><strong>vocatus</strong></span> <span class='ocrx_word' id='word_1_799' title='bbox 2609 5932 2685 5976; x_wconf 85' lang='lat' dir='ltr'><strong>est</strong></span> <span class='ocrx_word' id='word_1_800' title='bbox 2726 5934 2895 5976; x_wconf 84' lang='lat' dir='ltr'><strong>rector</strong></span> <span class='ocrx_word' id='word_1_801' title='bbox 2918 5921 3143 5985; x_wconf 84' lang='lat' dir='ltr'><strong>domus;</strong></span> <span class='ocrx_word' id='word_1_802' title='bbox 3177 5922 3260 5975; x_wconf 82' lang='lat' dir='ltr'><strong>cui</strong></span> <span class='ocrx_word' id='word_1_803' title='bbox 3282 5938 3380 5976; x_wconf 86' lang='lat' dir='ltr'><strong>non</strong></span> <span class='ocrx_word' id='word_1_804' title='bbox 3401 5935 3475 5979; x_wconf 61' lang='lat' dir='ltr'><strong>tn.</strong></span> 
     </span>
    </p>
   </div>
  </div>
