4064 6444
593 455 701 517 347

1729 466 1808 525 IN
1841 469 2147 532 LIBRUM
2171 474 2284 532 -ΟΕ
2313 476 2646 537 OFFlCllS
2679 479 2792 538 CP.

3735 491 3838 552 348

591 571 854 633 manibus,
885 571 974 623 sed
1003 571 1055 624 in
1079 572 1312 627 [muneris
1344 577 1517 643 posita
1542 588 1662 630 sunt
1697 582 2020 636 numismata
2057 601 2174 638 cum
2209 595 2247 648 Α
2281 589 2441 657 patilo
2493 599 2615 658 post
2665 591 2733 646 de
2791 591 3130 661 principibus
3178 597 3448 666 sequitur.
3511 600 3740 659 Adducit
3786 619 3838 663 et

587 662 952 729 scaramangis
970 674 1200 732 quatuor
1218 665 1407 735 (vestis
1425 682 1594 735 genus
1612 683 1692 724 eet
1710 677 2170 746 scaramangiunt,

589 755 810 822 pluviae,
847 756 1177 826 cmtcrisque
1211 760 1335 812 οωΙὶ
1373 760 1589 828 injuriis
1626 767 1876 820 arcendis
1903 769 2172 835 apposita.

588 842 725 898 Vide
776 843 1085 900 Panalecten
1134 848 1455 916 Turcicum,
1501 868 1551 907 c.
1595 855 1696 907 17⁵1
1735 858 1942 927 et199)
1978 875 1993 915 :
2057 869 2173 928 post

584 953 735 1004 quem
774 939 801 989 ὁ
832 938 1152 993 domesticus
1182 943 1484 998 scholarum
1507 955 1555 999 et
1590 947 1616 998 ὁ
1650 947 2018 1021 λογαριαστὴς
2073 954 2173 1022 τῆς

586 1031 778 1092 πλοίας
811 1041 936 1084 sunt
963 1035 1152 1100 vocati,
1195 1051 1416 1102 quorum
1445 1039 1580 1091 alter
1610 1041 1886 1107 militibus,
1920 1043 2057 1097 alter
2083 1063 2176 1099 na-

587 1122 890 1191 vigantibus
922 1138 1170 1192 prmeral.
1205 1126 1276 1180 Ili
1303 1130 1480 1198 itaque
1501 1132 1647 1198 paris
1672 1135 1898 1197 numesi,
1943 1138 2068 1204 quia
2093 1137 2174 1191 di—

587 1217 760 1284 gnitas
786 1234 886 1286 par
917 1228 1055 1284 erat,
1092 1222 1415 1275 numismata
1441 1232 1491 1276 et
1513 1241 1862 1296 scaramanga
1882 1231 2172 1298 suscipien-

589 1315 663 1360 tes
699 1323 808 1375 pra:
838 1309 1180 1363 multitudine
1216 1329 1317 1364 non
1336 1313 1446 1378 iam
1478 1322 1532 1368 in
1553 1316 1784 1371 humeris
1809 1329 2169 1386 portaveruut,

591 1400 688 1450 sed
715 1400 1087 1465 adjuvantibus
1118 1403 1237 1456 aliis
1271 1414 1389 1473 post
1409 1421 1464 1459 se
1487 1423 1603 1460 cum
1641 1408 1820 1463 labore
1876 1421 2171 1466 traxerunt.

589 1489 723 1543 Post
758 1492 850 1543 Iros
881 1493 1102 1546 admissi
1138 1504 1257 1547 sunt
1307 1499 1543 1568 magistri
1573 1515 1787 1553 numero
1843 1501 1935 1564 24,
1985 1503 2172 1571 quibus

587 1591 817 1650 erogata’
843 1579 964 1636 sunt
989 1587 1366 1639 numismatum
1396 1605 1675 1642 aureorum
1699 1590 1870 1653 libras,
1892 1592 2173 1662 unicuique

587 1675 871 1726 secundum
905 1673 1123 1728 eundem
1164 1694 1439 1731 numerum
1495 1681 1588 1746 24,
1649 1698 1767 1735 cum
1806 1686 2172 1753 scaramangis

586 1764 813 1818 duobus.
850 1765 1202 1820 Patriciorum
1236 1769 1422 1822 deinde
1454 1771 1583 1824 or'lo
1624 1773 1714 1825 Iros
1771 1790 1902 1838 pone
1958 1784 2036 1828 est
2083 1792 2169 1829 se-

588 1866 763 1921 cutus,
791 1868 837 1910 et
886 1858 948 1910 l2
967 1860 1349 1913 numismatum
1374 1862 1522 1916 libris
1543 1880 1660 1917 cum
1683 1881 2033 1936 scaramanga
2065 1885 2168 1921 una

535 1957 548 1967 '
587 1945 836 2001 donatus.
874 1949 1049 2002 Turba
1077 1961 1190 2018 post
1221 1951 1312 2005 Itos
1344 1954 1600 2009 immensa
1643 1969 1867 2012 vocatur
1891 1970 2167 2028 protospa-

591 2037 907 2101 tltariorum.
938 2044 1357 2110 spat/rariorum,
1383 2047 1795 2101 candidatorum
1833 2057 1882 2102 et
1918 2052 1970 2103 id
2005 2068 2165 2120 genus

581 2133 854 2188 clientum.
892 2132 1012 2189 llzrc
1045 2135 1112 2189 de
1159 2151 1288 2202 roga
1317 2138 1380 2190 ad
1424 2137 1622 2193 festum
1674 2140 1983 2196 Palmarum
2051 2143 2164 2197 ﬁeri

585 2227 748 2280 solita
785 2229 836 2280 in
869 2229 1074 2297 palatio
1102 2230 1392 2300 Cpolitano
1426 2233 1822 2304 Luitprandus.

655 2314 758 2367 Sed
805 2314 928 2368 fons
960 2317 1060 2372 istc
1090 2319 1436 2376 liberalitatis
1467 2336 1760 2378 exaruerat
1789 2329 1840 2378 in
1867 2328 2090 2393 palatio,
2116 2338 2170 2382 et

588 2400 764 2455 l‘vrme
799 2405 965 2458 etiam
998 2407 1051 2460 in
1095 2410 1456 2476 patriarcliio,
1518 2421 1764 2482 tempore
1800 2414 2166 2478 Bais-annonis,

587 2501 648 2544 nt
681 2495 796 2560 ipse
828 2499 1208 2566 conqueritur.
1235 2501 1297 2552 Et
1324 2503 1634 2569 patriarcha
1665 2505 1882 2572 quidem
1911 2523 1975 2559 ne
2008 2523 2169 2576 pron-

585 2600 680 2637 sus
709 2586 1082 2642 itmnunilicus
1118 2589 1416 2653 videretur.
1484 2593 1622 2646 κατὰ
1676 2594 1774 2660 τὴν
1830 2595 2044 2663 ἡμέραν
2070 2597 2172 2664 τῆς

585 2676 944 2744 κατηχήσεως
985 2677 1309 2747 θυμιάματα
1357 2681 1659 2746 dividebat,
1721 2683 1861 2738 festo
1921 2685 2167 2738 baiornm

585 2780 681 2819 seu
717 2765 1019 2834 palmarum
1057 2783 1249 2822 cereos
1274 2778 1328 2823 et
1369 2786 1585 2836 eruces,
1636 2787 1830 2842 magna
1858 2783 2049 2843 quarta
2089 2774 2167 2829 fe-

585 2859 686 2918 ria,
727 2859 828 2912 hoc
858 2868 943 2912 est
967 2860 1055 2914 die
1087 2859 1339 2916 Mercurii
1363 2863 1587 2932 majoris
1620 2867 1956 2933 septimanae,
1985 2879 2171 2920 cereos

581 2957 636 3003 et
664 2951 1039 3021 thymiamata,
1073 2953 1163 3008 die
1192 2938 1478 3012 Paschalis
1533 2957 1862 3026 ἀσπασμοὺς
1913 2960 2009 3010 καὶ
2055 2975 2174 3028 τρι-

581 3041 816 3108 κέφαλα,
847 3043 1122 3111 interpres
1149 3060 1162 3098 :
1194 3045 1544 3100 salutationes
1577 3048 1929 3117 et,tricipitia.
1969 3047 2171 3103 Osculo

507 3190 518 3198 ε
582 3131 728 3184 enim
759 3141 814 3185 et
845 3134 1099 3202 amplexu
1125 3134 1438 3202 excipiebat
1463 3136 1723 3204 populum
1759 3136 1900 3194 festo
1927 3137 2168 3193 Pascha-

2276 682 2440 735 alium
2473 698 2536 736 ex
2563 681 2918 751 Euchologio,
2952 686 3114 739 alium
3149 689 3384 758 denique
3415 705 3478 744 ex
3507 691 3682 748 Marco
3715 696 3840 749 Ilie-

2276 774 2629 828 romonacho.
2675 774 2811 830 llinc
2841 777 3169 846 ἀλλάγματα
3215 789 3269 834 οι
3307 781 3544 848 ἀλλαγαί
3594 785 3839 842 abso'ute

2273 862 2604 919 indumenta.
2658 864 2921 929 Quamvis
2971 875 3152 921 autem
3225 870 3404 926 nullus
3467 889 3532 927 ex
3588 875 3671 930 his
3712 878 3843 931 iOI'iS

2273 954 2592 1022 simpliciter
2621 957 2834 1010 evincat
2861 956 2912 1009 id
2942 958 3086 1025 quod
3140 959 3258 1014 vult
3305 961 3595 1030 Meursius,
3647 966 3837 1022 demus

2275 1051 2456 1096 tamen
2485 1043 2536 1096 id
2571 1045 2644 1098 ita
2677 1060 2834 1100 esse:
2865 1045 3098 1100 libenter
3124 1047 3365 1101 vicissim
3426 1050 3687 1104 fatebitur
3743 1067 3842 1106 no-

2276 1129 2480 1185 tionem
2514 1131 2581 1186 de
2625 1133 2942 1187 mutatione
2988 1133 3223 1187 vestium
3271 1135 3372 1202 ipsi
3412 1138 3682 1193 vocabulo
3716 1153 3844 1194 con-

2272 1223 2640 1294 gruentiorem
2667 1237 2809 1289 esse,
2837 1235 2891 1278 et
2921 1226 3063 1279 hanc
3089 1225 3381 1280 secundam
3427 1229 3583 1297 quasi
3642 1231 3842 1285 adven-

2269 1312 2451 1367 ticiam
2479 1315 2601 1383 jure
2633 1315 2863 1369 censeri.
2889 1314 3092 1371 Gaz-rs.

2347 1402 2490 1459 Ibid.
2525 1402 2702 1475 [llaud
2743 1416 2931 1471 mutat,
2983 1416 3042 1460 ut
3071 1409 3441 1476 praemissum,
3499 1413 3628 1479 quin
3664 1412 3843 1482 potius

2273 1509 2435 1548 unam
2473 1495 2835 1562 imperatoriis
2865 1513 2929 1551 ex
2963 1499 3201 1553 vestibus
3232 1499 3300 1553 ab
3327 1501 3570 1568 antiquis
3615 1503 3848 1570 impera-

2274 1585 2485 1639 toribus
2516 1595 2798 1653 acceptam
2830 1586 2946 1654 ipse
2977 1590 3208 1643 assumit
3252 1597 3307 1644 et
3360 1589 3558 1643 induit.
3598 1591 3846 1647 Observo

2272 1689 2440 1743 porro
2474 1675 2723 1743 pluribus
2777 1677 3200 1746 imperatoribus
3258 1680 3448 1734 eadem
3497 1682 3842 1748 vestimenta,

2271 1779 2367 1819 ceu
2421 1766 2702 1836 dignitatis
2735 1783 2899 1836 quam
2960 1783 3208 1838 personae
3261 1771 3436 1840 magis
3473 1773 3719 1841 propria.
3758 1774 3847 1827 de-

2275 1858 2551 1914 serviisse.
2576 1857 2714 1914 Hinc
2738 1859 3105 1928 Luitprandus
3137 1861 3395 1916 vilitatem
3430 1873 3479 1918 et
3509 1871 3841 1918 vetustatem

2274 1963 2461 2003 eorum
2491 1949 2792 2004 subsannat
2835 1949 2887 2004 in
2945 1951 3259 2019 Legatione.
3291 1951 3423 2017 Qtue
3483 1954 3845 2009 nihilominus

2275 2041 2413 2095 adeo
2469 2050 2711 2096 vetustas
2762 2050 3197 2108 consumpserat,
3255 2041 3582 2111 Theophilus
3636 2046 3847 2112 aliquot

2277 2133 2580 2202 interiectis
2613 2133 2772 2188 annis
2805 2133 3105 2187 renovavit.
3157 2132 3268 2187 Leo
3322 2133 3740 2189 Grammaticus
3795 2137 3846 2188 in

2274 2224 2395 2292 ejus
2475 2223 2641 2277 Vita:
2689 2220 3156 2292 Ἐκαινούργησεν
3207 2222 3264 2274 δὲ
3331 2224 3426 2274 καὶ
3483 2223 3582 2283 τὰς
3630 2224 3847 2292 βασιλι-

2276 2316 2375 2376 κὰς
2420 2314 2614 2377 στολὰς
2645 2313 2961 2375 ἀνανεώσας
2992 2314 3087 2365 καὶ
3137 2314 3578 2384 χρυσοῦφάντους
3609 2331 3847 2368 κατακο-

2278 2407 2520 2474 σμήσας.

2350 2492 2434 2547 Ib.
2467 2494 2724 2563 Στέμμα.
2763 2492 2899 2548 Tum
2932 2503 3128 2549 auctor
3157 2503 3271 2549 tum
3299 2494 3496 2564 reliqui
3547 2495 3847 2564 scriptores

2277 2587 2367 2640 alii
2401 2601 2617 2656 semper
2645 2587 2958 2655 intelligunt
3007 2587 3354 2656 imperatoris
3384 2587 3632 2642 diadema
3673 2587 3849 2656 majus

2275 2689 2326 2732 et
2357 2678 2624 2732 ornatius.
2655 2677 2857 2749 ϐοΑιι.]

2351 2767 2493 2822 Ibid.
2524 2769 2770 2824 Saccum.
2803 2768 3000 2824 Junius
3027 2787 3232 2840 sagum,
3273 2775 3382 2823 tam
3427 2767 3514 2822 hic
3564 2783 3733 2838 quam
3761 2783 3851 2822 su-

2279 2876 2371 2931 pra
2397 2878 2412 2923 ;
2440 2870 2492 2915 et
2519 2861 2570 2914 in
2605 2871 2794 2915 annot.
2837 2861 3044 2915 Gallica
3096 2877 3194 2914 vox
3227 2869 3476 2926 corrupta
3530 2875 3595 2912 ea:
3637 2875 3846 2927 sagum.

2278 2951 2473 3006 Mirum
2517 2967 2583 3006 ex
2615 2953 2836 3006 Oriente
2864 2968 2969 3006 non
3023 2953 3344 3006 accersitam
3405 2949 3847 3019 originationem.

2278 3045 2390 3100 Cur
2423 3061 2640 3098 saccum
2692 3045 2874 3112 potius
2931 3060 2957 3096 a
3013 3060 3140 3113 sago
3175 3059 3337 3112 quam
3372 3058 3400 3094 a
3457 3057 3608 3095 sacco
3645 3040 3851 3094 Graecis

2278 3134 2596 3204 Latinisque
2620 3135 2892 3189 communi
2925 3134 3260 3188 deducamus
3287 3133 3310 3185 ’ἔ
3344 3131 3452 3186 Cur
3479 3147 3664 3199 sagum
3727 3131 3845 3183 red-

580 3223 672 3285 tis,
701 3221 837 3276 dans
867 3224 1157 3293 unicuique
1189 3224 1568 3292 tricephalum:
1595 3228 1804 3293 exigua)
1825 3239 2056 3284 monetae
2082 3246 2174 3300 ge-
2198 3254 2243 3310 ο
2277 3228 2490 3292 damus,
2531 3242 2655 3280 cum
2690 3240 2797 3280 non
2853 3225 2923 3280 sit
2969 3235 3179 3281 tantum
3218 3225 3382 3279 vestis
3438 3223 3718 3287 militaris,
3757 3221 3846 3276 sed

582 3328 687 3366 nus
718 3322 823 3374 est,
851 3329 878 3366 a
913 3313 1087 3368 tribus
1120 3314 1393 3382 capitibus
1426 3331 1624 3370 nomen
1657 3318 1882 3372 ducens.
1913 3318 2172 3373 Celebra-

582 3402 744 3454 liatur
773 3403 890 3456 dies
925 3404 1274 3458 catecheseos
1323 3403 1456 3457 feria
1490 3406 1648 3460 tertia
1684 3418 1804 3475 post
1833 3407 2170 3463 Dominicam

582 3495 681 3560 τῆς
708 3493 1010 3563 ἀποκρέου,
1046 3495 1150 3548 hoc
1177 3504 1260 3548 est
1289 3496 1650 3565 carnisprivii.
1697 3495 1906 3552 Nomen
1933 3499 2036 3553 hoc
2089 3502 2173 3555 ἰη-

582 3585 653 3638 de
691 3584 946 3646 habebat,
979 3585 1104 3654 quia
1140 3587 1450 3652 patriarcha
1487 3587 1746 3658 populum
1776 3604 1842 3644 eo
1884 3591 1972 3646 die
1994 3593 2060 3645 ad
2086 3592 2173 3660 je-

583 3679 799 3746 junium
844 3678 1287 3746 Quadragesimm
1341 3679 1442 3733 rite
1512 3688 1817 3751 sancteque
1857 3683 2172 3739 obeundum

589 3767 1137 3831 (:tllnlllﬂﬂt‘ratiiebal,
1166 3771 1308 3822 datis
1349 3770 1726 3841 thymiamatis
1751 3788 1848 3827 seu
1881 3775 2124 3830 incensis
2151 3792 2168 3842 ;

586 3876 819 3928 quorum
877 3862 1122 3914 omnium
1183 3861 1429 3916 rationes
1489 3865 1716 3932 exponit
1767 3863 2056 3921 Balsamon
2118 3867 2173 3922 in

585 3953 824 4021 tittadam
860 3954 926 4008 de
961 3955 1064 4008 hoc
1099 3966 1422 4023 argumento
1453 3957 1706 4024 epistola,
1759 3974 1881 4028 quae
1918 3968 2097 4015 exstat
2132 3960 2172 4014 Ι.

586 4056 659 4094 vn
695 4039 844 4096 Jttris
879 4043 1096 4097 Cl‘tCCO-
1132 4043 1286 4098 liont.
1316 4044 1406 4099 fol.
1449 4046 1574 4100 471.

661 4133 717 4184 l’.
751 4131 840 4186 67.
886 4133 988 4186 Pro
1014 4132 1108 4186 τοῦ
1151 4126 1484 4204 περιπάτου,
1522 4137 1668 4206 quod
1727 4137 1924 4192 vitiose
1979 4137 2176 4193 Junius

585 4224 766 4293 allert,
806 4227 1137 4294 seripsimns
1172 4243 1235 4280 ex
1272 4230 1663 4298 manuscriptis
1687 4231 1714 4280 ὁ
1734 4231 2032 4298 περίπατος
2055 4247 2071 4289 :
2098 4231 2177 4286 sic

585 4319 732 4370 cnim
765 4326 819 4371 et
841 4319 1016 4370 oratio
1043 4326 1098 4370 et
1132 4319 1396 4374 orationis
1427 4335 1624 4374 sensus
1657 4330 1892 4378 constat.

659 4407 744 4463 Ib.
779 4409 1020 4463 Sabbato
1044 4407 1256 4472 Lazari,
1292 4411 1464 4478 pridie
1524 4411 1831 4465 Paltnarutn
1888 4412 2176 4466 celebrant

586 4501 760 4554 (ἶνεοοί
794 4501 1087 4554 admodum
1125 4503 1354 4555 solemni
1381 4505 1701 4558 ca‘remonia
1730 4504 1926 4559 festum
1951 4506 2172 4560 excitati

2275 3327 2326 3372 et
2352 3318 2602 3383 forensis,
2628 3335 2729 3375 nec
2754 3319 2984 3374 forensis
3009 3326 3220 3372 tantum
3246 3317 3414 3373 vestis
3449 3314 3729 3382 militaris,
3761 3313 3858 3368 setl'

2276 3421 2329 3463 et
2361 3410 2737 3466 ecclesiastica
2768 3411 2791 3463 ?
2823 3420 2882 3464 ut
2917 3410 3140 3480 planum
3179 3410 3238 3463 iit
3289 3426 3351 3460 ex
3394 3408 3744 3477 Turcogrrec.
3794 3422 3846 3474 p.

2274 3499 2364 3565 20,
2404 3499 2494 3554 “ili
2523 3499 2690 3554 vestis
2713 3499 2955 3569 quaedam
2989 3499 3351 3568 patriarcliica
3386 3513 3568 3551 saccus
3599 3497 3850 3566 nomina-

2279 3599 2388 3642 tur.
2421 3588 2582 3642 Filia:
2610 3589 2726 3651 eius
2750 3597 3064 3642 ornamenta
3107 3588 3362 3641 dederunt
3391 3587 3744 3652 patriarchio,
3794 3583 3850 3647 ἐξ

2236 3662 2245 3675 ’
2275 3674 2349 3732 ὧν
2378 3679 2526 3732 ἐστίν
2555 3681 2583 3732 ὁ
2613 3678 2816 3742 σάκκος
2855 3680 2883 3732 ὁ
2925 3679 3151 3748 ἀρχαῖος
3205 3679 3309 3740 ἕως
3350 3677 3444 3730 τοῦ
3499 3677 3613 3736 νῦν,
3647 3693 3713 3730 ea:
3739 3678 3852 3745 quia

2277 3771 2370 3824 bus
2405 3780 2670 3840 contectus
2699 3780 2774 3825 est
2800 3779 2944 3824 uetus
2971 3770 3058 3823 ille
3088 3786 3276 3822 saccus
3313 3807 3329 3828 .
3353 3771 3441 3838 qui
3473 3768 3628 3820 hodie
3649 3781 3852 3836 quoque

2276 3865 2456 3916 durat.
2492 3863 2596 3918 Ubi
2647 3871 2792 3916 recte
2821 3862 3088 3929 interpres
3128 3860 3466 3929 pontificiam
3524 3869 3730 3912 vestem
3767 3859 3852 3908 in-

2277 3962 2632 4023 terpretatur.
2666 3952 3029 4023 Distinguitur
3059 3967 3257 4006 saccus
3297 3968 3324 4004 a
3363 3952 3615 4019 mandya.
3662 3947 3716 4000 Id
3748 3948 3857 4002 cla-

2278 4062 2399 4100 rum
2430 4062 2496 4101 ex
2525 4046 2633 4100 his.
2665 4044 2947 4101 Codinus:
2981 4045 3271 4098 ’Ἐνδύεται
3308 4043 3496 4097 ἐπάνω
3517 4042 3611 4095 τοῦ
3645 4041 3852 4094 σάκκου

2277 4141 2372 4191 καὶ
2405 4138 2743 4209 διαδήματος
2785 4136 3026 4207 μανδύαν
3057 4135 3320 4206 χρυσοῦν.
3361 4135 3568 4189 Gusrs.

2351 4229 2433 4283 Ib.
2469 4228 2553 4300 [Ἀ
2573 4229 2970 4283 λλάσσουσιν
3013 4229 3319 4293 ὡσαύτως.
3341 4228 3607 4294 Antiquas
3642 4241 3705 4280 ac
3735 4225 3852 4280 olli-

2277 4321 2380 4375 ciis
2414 4319 2846 4388 ministeriisque
2891 4319 3276 4373 accounnodas
3315 4327 3496 4373 vestes
3546 4316 3714 4371 etiam
3751 4331 3852 4370 au-

2277 4413 2412 4467 licos
2442 4411 2739 4481 Nicephori
2772 4411 2824 4464 in
2867 4411 3222 4481 processione
3276 4418 3521 4479 gestasse
3575 4414 3850 4462 memorat

2278 4503 2640 4571 Luitprandus
2675 4503 2728 4556 in
2763 4503 2924 4572 legat.
2957 4501 3060 4556 Sed
3087 4512 3159 4566 et,
3207 4502 3404 4569 inquit,
3438 4499 3714 4568 optimates
3745 4497 3850 4562 sui,

591 4591 779 4644 Lazari
808 4609 822 4658 ;
855 4591 921 4646 de
949 4607 1057 4661 quo
1088 4593 1312 4646 consule
1339 4593 1564 4650 rituales
1615 4595 1782 4650 libros
1831 4595 2167 4651 Grascorutn.
2200 4577 2248 4636 θ
2275 4595 2364 4664 qui
2389 4610 2506 4646 cum
2534 4594 2647 4663 ipso
2676 4609 2767 4655 per
2792 4593 3048 4661 plebeiam
3099 4601 3149 4644 et
3194 4591 3575 4645 discalceatam
3607 4589 3853 4642 multitu-

587 4681 796 4737 (iners.

656 4773 818 4844 313
870 4773 928 4828 P.
964 4774 1052 4828 67.
1086 4773 1391 4847 [Triodiutn
1429 4793 1442 4831 :
1489 4775 1874 4846 Ἐορτάζεσοαι
1906 4777 2047 4830 κατὰ
2074 4777 2172 4848 τὴν

587 4865 874 4934 παροῦσαν
906 4867 1119 4936 ἡμέραν
1147 4867 1475 4936 (palmarum
1513 4868 1820 4938 pervigilio)
1878 4869 2083 4939 ὲτάχοη
2139 4872 2172 4940 ἡ

591 4959 855 5028 Λαζάρου
887 4959 1128 5029 ἔγερσις,
1151 4961 1232 5012 ὅτι
1253 4961 1303 5012 οἱ
1330 4961 1481 5028 ἅγιοι
1514 4961 1608 5012 καὶ
1636 4961 1892 5031 Θεοφόροι
1929 4963 2176 5031 Πατέρες

595 5050 779 5118 ἡμῶν,
837 5051 1042 5120 μᾶλλον
1081 5051 1138 5103 δὲ
1180 5052 1228 5103 οἱ
1295 5049 1446 5114 ἆγιοι
1514 5051 1831 5117 ἀπόστολοι,
1887 5054 2026 5121 μετὰ
2073 5055 2175 5122 τὴν

592 5145 1192 5214 τεσσαρακονθήμερον
1235 5145 1498 5214 νηστείαν
1525 5146 1618 5200 διὰ
1647 5146 1749 5216 τὴν
1799 5147 2072 5218 κάθαρσιν
2105 5148 2176 5202 τὰ

595 5235 727 5302 arta
749 5235 896 5307 πάθη
936 5235 1032 5290 τοῦ
1072 5237 1282 5307 Κυρίου
1322 5238 1482 5307 ήμῶν
1526 5238 1710 5307 Ἰησοῦ
1765 5241 2006 5309 Χριστοῦ
2056 5239 2178 5308 μὲλ-

590 5329 779 5390 λοντες
808 5329 1238 5398 πανηγυρίζειν,
1269 5330 1461 5397 ἐπειδὴ
1489 5329 1654 5383 τοῦτο
1682 5330 1742 5383 τὸ
1781 5329 1968 5398 θαῦμα
1999 5331 2176 5400 ἀρχὴν

598 5421 693 5472 καὶ
738 5420 922 5474 αἰτίαν
961 5420 1200 5489 μάλιστα
1231 5413 1392 5490 εὖρον
1449 5422 1552 5490 τῆς
1585 5423 1728 5476 κατὰ
1778 5422 1874 5475 τοῦ
1933 5421 2176 5492 Χριστοῦ

601 5512 810 5582 μανίας
866 5513 977 5566 τῶν
1023 5512 1323 5576 Ἰουδαίων,
1386 5513 1538 5566 κατὰ
1592 5513 1753 5567 τοῦτο
1835 5513 2074 5569 ἐνταῦθα
2118 5514 2180 5567 τὸ

599 5605 877 5672 ὑπερφυὲς
907 5602 1065 5656 τοῦτο
1089 5602 1378 5671 τεράστιον
1411 5602 1622 5658 ἔθεντο.
1657 5601 1857 5674 Ceam]

675 5695 758 5747 lb.
800 5692 1152 5748 ’AJJdO'ast.
1195 5691 1461 5748 Meursius
1501 5708 1554 5748 v.
1595 5693 2023 5763 Ἀλλαξιμάριον
2048 5694 2182 5750 dicit

606 5782 943 5836 recentiores
965 5782 1185 5836 Grtncos
1211 5781 1502 5835 ἀλλάσσειν
1529 5782 1848 5851 simpliciter
1872 5783 2055 5838 dicere
2084 5799 2182 5852 pro

609 5877 826 5929 induere
863 5886 1086 5940 restem;
1123 5876 1362 5945 citutque
1401 5875 1544 5930 hunc
1607 5876 1784 5931 locum
1821 5885 1874 5932 et
1926 5891 2046 5932 eum
2082 5875 2175 5944 qui

2273 4687 2448 4739 dinem
2485 4687 2637 4739 istam
2672 4687 3024 4746 transierunt,
3059 4683 3266 4749 magnis
3299 4691 3348 4736 et
3376 4697 3566 4752 magna
3595 4689 3853 4736 vetustate

2275 4779 2486 4832 rimatis
2529 4778 2726 4830 tunicis
2763 4785 2914 4829 erant
2951 4775 3148 4829 induti.

2346 4870 2406 4922 P.
2453 4871 2542 4924 68.
2603 4868 2950 4940 [Ἐξέλθετε
2995 4868 3162 4934 ἔθνη.
3223 4863 3496 4936 Theophili
3547 4879 3686 4934 opus
3729 4878 3853 4918 esse

2277 4963 2380 5017 hoc
2438 4963 2711 5017 canticum
2772 4969 3001 5016 testatur
3055 4959 3352 5014 Cedrenus.
3419 4959 3849 5027 Ἐφιλοτιμεῖτο,

2278 5053 2474 5122 inquit,
2503 5056 2592 5105 καὶ
2633 5051 2869 5121 μελῳδδς
2889 5045 3052 5112 εἶναι,
3072 5049 3151 5101 διὸ
3166 5048 3261 5101 καὶ
3279 5047 3491 5117 ὕμνους
3505 5046 3678 5099 ποιῶν
3697 5061 3856 5107 τινας

2277 5144 2374 5195 καὶ
2407 5143 2644 5213 στιχηρὰ
2674 5141 2908 5214 μελίζων
2927 5141 3151 5213 ᾄδεσθαι
3169 5139 3524 5210 προέτρεπεν.
3547 5140 3776 5209 Φέρεται
3799 5138 3857 5189 δὲ

2279 5235 2371 5289 καί
2397 5253 2481 5296 τις
2510 5234 2692 5302 λόγος,
2722 5233 2797 5294 ὡς
2828 5233 3102 5304 ἔρωτιτοῦ
3139 5233 3339 5301 μέλους
3359 5231 3692 5301 βαλλόμενος
3710 5226 3856 5282 κατὰ

2277 5327 2377 5396 τὴν
2411 5327 2673 5394 Μεγάλην
2711 5324 3012 5395 ἐκκλησίαν
3069 5326 3128 5376 ὲν
3179 5323 3432 5412 φαιδραδῖς
3469 5321 3855 5412 ττανηγυρτσιν

2279 5417 2340 5468 οὐ
2371 5419 2726 5486 παρῃτήσατο
2756 5415 2811 5466 τὸ
2870 5415 3238 5482 χειρονομεῖν.
3275 5412 3341 5466 ΕΙ.
3372 5408 3578 5465 ’ἰιιΐηιτ
3637 5408 3749 5462 Καὶ
3788 5408 3854 5460 τὸ

2281 5507 2536 5576 στικηρὸν
2560 5507 2616 5559 δὲ
2647 5505 2791 5559 κατὰ
2817 5505 2916 5574 τὴν
2950 5503 3236 5573 βαῖοφόρον
3267 5503 3326 5555 τὸ
3370 5501 3652 5566 Ἐξέλοετε
3683 5498 3818 5564 ἔθνη
3841 5539 3856 5562 ,

2258 5600 2530 5664 ·ὲξέλοετε
2562 5600 2654 5653 καὶ
2697 5598 2839 5662 λαοὶ,
2867 5597 2958 5648 τῦν
3000 5597 3212 5649 ἐκείνου
3263 5597 3431 5663 φασὶν
3502 5592 3646 5647 εἶναι
3696 5591 3862 5682 τόκον

2279 5691 2477 5761 ψυχῆς.
2513 5689 2711 5762 Gustu]

2353 5782 2516 5852 314
2545 5783 2601 5836 Ρ.
2632 5782 2904 5838 68.Verba
2942 5781 3032 5836 illa
3060 5781 3140 5844 εἰς
3177 5780 3350 5834 τύπον
3383 5780 3489 5848 γὰρ
3524 5775 3758 5847 Χριστοῦ
3793 5773 3858 5824 τὸ

2289 5878 2607 5943 εὐαγγέλιον
2639 5877 2878 5940 Emerui,
2907 5876 2975 5930 ad
3005 5886 3182 5939 timum
3218 5875 3418 5930 Christi
3452 5875 3583 5928 bona
3622 5872 3730 5925 lucc
3753 5883 3859 5918 au-
