4064 6458
405 486 512 552 340

1507 499 1892 562 GRETSERI
1920 500 2016 560 ET
2061 500 2299 561 GOARI
2328 503 2566 564 NOTAE.

3573 499 3678 560 350

407 601 670 654 nuntiatio
720 600 950 670 advenit,
978 601 1173 660 Junius
1227 614 1462 663 verterat
1504 624 1733 680 prorsus
1785 609 1989 677 inepte,
2025 610 2064 666 A
2096 625 2222 662 nam
2259 615 2400 680 apud
2431 626 2534 666 nos
2562 619 2742 667 vestes
2772 611 3022 668 candida:
3075 607 3260 680 gaudii
3297 606 3483 678 potius
3510 622 3676 676 quam

404 695 533 762 quia
560 695 886 760 idiomelum,
911 697 996 751 vel
1033 698 1404 768 lampadarius
1435 710 1666 757 cantans
1693 703 1822 757 illud
1853 702 1992 756 idio-

406 785 626 850 melum,
680 785 926 855 loquitur
957 790 1021 842 de
1056 788 1345 860 Evangelia
1382 794 1526 862 quod
1563 794 1986 848 archidiaconus

408 875 642 941 ferebat,
674 885 730 931 et
764 878 868 933 hoc
895 877 1271 949 Evangelium,
1300 883 1436 949 sive,
1464 892 1523 939 ut
1557 884 1874 938 distinctius
1899 883 1986 937 di-

407 983 547 1030 cam,
573 967 724 1022 hunc
767 970 1014 1025 codicem
1054 972 1498 1043 Evangeli‘orum,
1542 975 1620 1031 ait
1657 975 1861 1032 Christi
1909 983 1989 1046 ty-

406 1074 532 1127 pum
565 1076 627 1115 ac
655 1060 883 1128 figuram
921 1079 1129 1132 gerere.
1172 1063 1384 1122 Gne'rs.

480 1151 562 1207 Ib.
624 1151 926 1223 [Στέφανος
951 1156 1182 1211 circulus
1220 1167 1386 1227 caput
1417 1159 1686 1224 ambiens,
1711 1174 1774 1215 ac
1807 1159 1989 1213 minor

409 1254 691 1300 stemmate
734 1262 952 1313 corona,
1004 1249 1201 1316 φυάλιν
1232 1249 1380 1304 aliud
1427 1251 1561 1321 regii
1612 1252 1810 1320 capitis
1859 1267 1989 1322 ope-

409 1337 721 1402 rimentum,
756 1339 824 1392 de
872 1353 980 1405 quo
1034 1353 1084 1393 c.
1137 1340 1171 1394 6
1202 1357 1255 1410 p.
1296 1342 1385 1407 52,
1413 1344 1757 1412 suppositum
1789 1358 1889 1398 nec
1918 1343 1988 1398 ab

411 1429 559 1483 omni
594 1438 744 1499 parte
772 1431 1028 1502 στεφάνῳ
1084 1433 1317 1488 velatum
1349 1435 1849 1503 adbucﬁstentans.
1877 1438 1989 1492 Ad—

411 1530 564 1575 verte
589 1521 852 1592 collegam
883 1523 1098 1593 imperii
1127 1527 1292 1581 etiam
1345 1538 1636 1584 stemmate
1690 1530 1864 1584 fuisse.
1898 1545 1988 1586 co-

413 1624 687 1679 ronatum,
748 1614 1063 1685 quicunque
1095 1617 1234 1672 alius
1263 1619 1517 1688 despota,
1552 1621 1984 1686 sebastocrator,

411 1702 627 1769 Caesar,
687 1719 903 1761 coronae
953 1708 1172 1775 quidem
1231 1713 1544 1781 gestandae,
1595 1711 1742 1766 haud
1804 1721 1985 1768 tamen

413 1797 708 1853 stemmatis
734 1799 1128 1868 jusacecptum
1152 1818 1166 1868 ;
1200 1816 1263 1856 ac
1285 1802 1491 1859 idcirco
1518 1804 1782 1874 στέφανον
1805 1816 1988 1874 gesta-

415 1903 492 1953 re,
530 1903 637 1943 non
668 1891 914 1960 στέμμα,
946 1893 1032 1946 vel
1084 1895 1428 1964 ἐστεμμένον
1479 1897 1753 1968 progredi.
1791 1899 1838 1950 A-
1869 1913 1985 1953 ser-

413 1980 482 2034 tis
514 1980 678 2049 igitur
703 1991 757 2036 et
807 1982 943 2038 velis
998 1982 1241 2041 ferendis
1292 1984 1453 2058 longe
1508 1987 1722 2044 alienus
1759 1988 1983 2058 conspi-

412 2074 570 2128 citur.
1742 2131 1744 2134 ,

455 2167 565 2224 .Ib.
601 2169 906 2242 [Ἂρπὰζει
948 2174 1198 2230 κλάδον.
1229 2174 1431 2232 Ramos
1487 2176 1590 2232 hac
1642 2178 1982 2234 solemnitate

411 2270 646 2329 gestatas
680 2263 732 2317 in
766 2266 1051 2321 matutinis
1083 2269 1252 2323 tacuit
1281 2269 1546 2324 Codinus.
1582 2270 1847 2341 Typicum
1879 2271 1982 2324 do-

408 2363 493 2408 cet
515 2393 528 2416 ,
571 2355 658 2406 ὅτε
687 2356 1023 2420 ἀσπάζονται
1050 2360 1097 2412 oi
1133 2360 1352 2430 ἀδελφώ
1387 2363 1446 2414 τὸ
1478 2363 1837 2430 Εὐαγγέλιον,
1869 2363 1984 2415 δια-

410 2446 598 2515 νέμειν
624 2447 716 2500 τὸν
742 2447 1051 2518 ἡγούμενον
1082 2451 1152 2504 τὰ
1193 2451 1345 2521 βαΐα,
1364 2452 1419 2507 in
1445 2455 1550 2508 fine
1583 2455 1980 2507 matulinarum

407 2552 647 2605 precum.
665 2537 927 2594 fratribus
959 2543 1024 2596 ad
1066 2543 1346 2613 Evangelii
1392 2544 1640 2600 osculum
1675 2545 1985 2601 accedenti-

411 2631 511 2685 bus
536 2631 774 2686 ecclesiae
804 2636 1144 2702 superiorem
1205 2638 1513 2705 palmarum
1571 2653 1757 2692 ramos
1791 2639 1984 2694 distri-

410 2726 595 2790 buere,
633 2727 698 2782 ad
729 2729 890 2783 linem
927 2744 1104 2800 usque
1142 2729 1304 2787 ofﬁcii
1338 2733 1654 2801 gestandus.
1682 2733 1863 2802 Εὐχὴν
1903 2734 1982 2796 εἰς

408 2819 468 2870 τὸ
492 2818 674 2873 δοῦναι
699 2821 765 2872 τὰ
793 2821 923 2892 βαΐα
947 2823 1306 2895 τῇβαϊοφόρῳ
1339 2825 1541 2894 promit
1561 2825 1979 2894 Euehologinm.

413 2909 591 2963 [iitum
625 2911 845 2982 insuper
883 2914 1089 2969 ultimis
1118 2915 1336 2984 imperii
1383 2917 1542 2970 annis
1585 2917 1763 2970 adhuc
1796 2917 1985 2971 obser-

408 3012 590 3058 vatum
671 3012 904 3060 testatur
956 3005 1220 3060 Phranzaa
1277 3009 1549 3077 interpres
1614 3008 1700 3063 his
1760 3009 1980 3063 verbis:

407 3097 672 3152 Postridie
701 3100 954 3168 quoniam
981 3099 1295 3177 Palmarum
1350 3099 1660 3156 solemnitas
1695 3103 1980 3168 incidebat,

408 3191 567 3260 myrti
592 3207 762 3244 ramos
790 3202 1151 3262 amputamus,
1184 3211 1310 3264 quos
1347 3195 1591 3270 manibus
1624 3204 1795 3266 gestat
1842 3205 1982 3248 totus

406 3281 686 3336 exercitus.
714 3283 754 3333 A
787 3282 1018 3338 retentis
1056 3293 1110 3337 et
1146 3300 1308 3338 manu
1341 3286 1569 3352 gestatis
1610 3285 1776 3356 myrti
1809 3287 1979 3340 ramis
2014 3291 2057 3347 ο

408 3374 753 3428 stationarios
783 3379 1091 3444 μυρταῖτας
1117 3377 1293 3430 dictos
1325 3378 1548 3446 scriptis
1579 3379 1781 3433 asserit
1810 3379 1987 3434 Geor-

406 3465 530 3533 gius
559 3466 833 3543 Goresius.
862 3465 1150 3522 Balsamon
1178 3468 1432 3525 Meditato
1463 3471 1538 3525 De
1572 3471 1817 3526 incensis
1851 3472 1887 3524 l.
1914 3488 1988 3526 vn

403 3555 558 3612 Juris
595 3555 738 3613 CIL:
772 3559 1016 3624 Κλάδους
1052 3561 1316 3628 φοινίκων
1353 3563 1448 3616 καὶ
1494 3562 1773 3632 μυρσίνων
1803 3563 1989 3633 βλέπω

402 3651 530 3714 τοὺς
565 3649 888 3720 ἀνθρώπους
933 3654 1266 3725 κατέχοντας
1297 3656 1390 3708 καὶ
1437 3655 1538 3726 τὴν
1572 3654 1866 3727 βαῖοφόρον
1900 3655 1984 3709 δο-

406 3743 682 3808 ξάζοντας.
718 3743 912 3822 βολῇ]

1013 3837 1244 3894 CAPUT
1285 3839 1374 3895 VI.

438 3949 836 4008 Observationes
865 3967 911 4027 et
943 3955 1323 4027 explicationes
1357 3930 1415 4009 iit
1453 3971 1500 4009 c.
1532 3957 1620 4018 il.
1677 3957 1822 4027 quod
1873 3967 1952 4014 est

861 4025 923 4078 de
957 4024 1103 4078 luctu
1135 4027 1495 4094 imperatoris.

469 4111 532 4167 P.
559 4113 646 4169 69.
679 4112 866 4185 [Μετὰ
889 4116 1220 4185 φορέματος
1237 4117 1490 4172 λευκοῦ.
1518 4117 1695 4188 Ὅπερ
1726 4119 1842 4172 ἐστὶ
1868 4136 1991 4172 τεκ-

404 4207 608 4275 μήριον
664 4206 1015 4262 πενθούντων
1070 4209 1360 4279 βασιλέων,
1417 4211 1682 4277 scripsit,
1718 4212 1810 4280 qui
1870 4211 1987 4279 ipse

400 4294 598 4361 induit,
633 4294 1048 4353 Cantaeuzenus
1078 4299 1111 4352 ι.
1146 4317 1204 4353 ιιι
1237 4317 1252 4365 ;
1292 4302 1363 4354 ob
1397 4302 1566 4354 lilium
1625 4302 1728 4356 sibi
1795 4311 1984 4355 natum

399 4385 456 4437 in
485 4385 569 4438 avi
617 4395 790 4439 morte
834 4401 1145 4458 assumptus
1181 4399 1357 4445 vestes
1425 4391 1683 4462 lugubres
1731 4393 1988 4462 deposuit

397 4477 744 4533 Andronicus
804 4488 939 4533 teste
969 4480 1235 4550 Gregora,
1271 4500 1324 4548 x,
1377 4483 1440 4548 ὃς
1476 4485 1802 4556 Περιχαρὴςι
1828 4485 1988 4554 γενό-

401 4571 616 4637 μενοςὸ
646 4569 903 4636 βασιλεὺς
951 4572 1190 4642 misul/ev
1238 4575 1319 4636 εἰς
1368 4575 1430 4627 τὸ
1480 4575 1870 4648 λαμπρότερον
1916 4578 1987 4630 τὰ

398 4658 698 4729 ἐνδύματα,
750 4661 787 4716 ἃ.
822 4663 910 4718 διὰ
957 4664 1057 4735 τὴν
1106 4665 1200 4718 τοῦ
1259 4667 1801 4740 πάππουὶτελευτὴν
1844 4673 1984 4732 τέως

398 4749 698 4806 ἐνεδέδυτο.
719 4750 1061 4822 Purpuream
1096 4764 1276 4811 tamen
1304 4757 1649 4830 chlamydem
1683 4760 1798 4815 sive
1829 4776 1983 4813 man—

397 4843 580 4911 dyam,
620 4844 946 4915 μανδίονϋιίι
977 4847 1242 4917 scriptum
1277 4851 1514 4921 reperio)
1549 4851 1891 4923 πορφυροῦν,
1926 4853 1979 4906 in

401 4933 712 4989 calamitate
769 4937 987 5006 publica
1033 4939 1224 4995 tulisse
1278 4941 1559 4997 Justinum
1617 4944 1789 4998 miror
1839 4945 1982 5013 apud

401 5023 812 5095 Theophanem.
868 5029 1007 5084 Ante
1059 5032 1255 5086 bellum
1298 5031 1580 5088 Persicum
1651 5036 1838 5105 nigros
1869 5037 1987 5091 cal-

399 5131 528 5170 ceos
584 5117 892 5172 lleraclium
932 5131 1183 5189 gestasse
1240 5122 1521 5179 Cedrenus
1569 5127 1832 5180 ostendit.
1884 5127 1978 5182 Sin

401 5208 582 5262 minus
605 5210 926 5265 muliebrem
953 5213 1334 5282 imperatores,
1365 5217 1577 5285 regium
1607 5227 1786 5273 tamen
1815 5219 1980 5275 hodie

399 5297 604 5352 luctum
636 5300 688 5353 in
722 5301 944 5357 Oriente
974 5305 1180 5358 ducunt
1227 5306 1476 5364 fetutinas:
1535 5311 1681 5364 nulla
1713 5319 1799 5366 est
1830 5313 1975 5366 enim

399 5402 521 5456 qua:
545 5388 685 5443 lineo
711 5398 884 5445 totum
914 5407 1114 5463 corpus
1133 5395 1562 5468 circumtcgente
1587 5401 1707 5456 velo
1733 5402 1974 5457 colorem

398 5479 580 5534 album
612 5497 716 5534 non
749 5495 1015 5539 assumat.
1065 5483 1344 5543 Uxoribus
1373 5491 1593 5560 quidem
1655 5493 1836 5547 fuscas
1885 5509 1978 5548 so-

396 5571 675 5625 lummodo
707 5583 883 5628 vestes
911 5576 967 5628 in
1002 5578 1295 5648 coojugum
1322 5581 1630 5646 funeribus,
1665 5584 1974 5654 virginibus

392 5664 560 5717 etiam
583 5665 842 5720 candidas
873 5667 924 5720 in
956 5680 1237 5734 parentum
1259 5670 1759 5743 fratrumqueluctu
1786 5693 1975 5746 gerere

391 5753 652 5808 solitum:
687 5756 818 5811 viris
878 5759 1098 5813 nonnisi
1127 5760 1342 5830 nigrum
1400 5762 1454 5816 in
1508 5758 1972 5838 quorumcunque

392 5843 546 5898 obitu
579 5843 719 5902 ferre
747 5848 984 5903 colorem
1017 5866 1078 5905 ex
1113 5867 1264 5908 more
1290 5853 1500 5910 licitum
1528 5868 1630 5913 cst.
1665 5857 1862 5931 Gonn.]

465 5933 550 5991 Ib.
584 5933 719 5993 Nota
777 5955 983 5998 morem
1041 5942 1262 6014 lugendi
1329 5958 1519 6004 nostro
1583 5954 1964 6011 contrarium:

2055 710 2059 715 '
2091 701 2276 756 luctus
2308 712 2696 772 argumentum
2730 714 2878 759 sunt.
2909 704 3350 767 Cantacuzenus,
3400 701 3436 754 l.
3482 716 3543 754 ιιι
3584 699 3678 753 1·Ιί-

2092 791 2298 856 ειοινίιιθ,
2325 808 2376 846 c.
2407 793 2499 859 2'7,
2530 795 2598 848 de
2642 795 2731 850 die
2780 794 3157 850 coronationis
3194 807 3308 848 sua?
3356 806 3550 861 agens,
3600 790 3676 844 ita

2090 881 2322 936 scribit:
2357 880 2623 938 Postridie
2673 884 3090 955 (coronationis)
3127 893 3291 937 vestes
3340 879 3462 934 auri
3493 878 3672 931 subte-

2091 972 2235 1024 mine
2255 973 2548 1041 picturatas
2563 976 2724 1046 315
2753 976 3068 1044 deponentes
3091 974 3346 1028 candidas
3369 970 3672 1031 induerunt,

2091 1061 2382 1131 lugentium
2445 1066 2827 1132 imperatorum
2896 1076 3295 1138 argumentum.
3353 1061 3672 1126 Mutationis

2091 1170 2305 1206 causam
2333 1158 2674 1223 prtesentibus
2705 1159 2996 1228 imperator
3027 1159 3250 1212 asseruit
3277 1195 3292 1220 ,
3328 1155 3503 1224 pridie
3548 1168 3669 1220 pro-

2090 1253 2206 1314 pter
2229 1246 2422 1314 festum
2450 1249 2587 1302 diem
2618 1249 2742 1303 illas
2771 1251 2910 1304 alias
2947 1252 3203 1315 induisse,
3254 1263 3394 1301 nunc
3417 1244 3508 1298 illo
3538 1259 3674 1312 prte-

2092 1339 2244 1391 terito
2263 1356 2444 1394 rursus
2463 1343 2650 1410 fratris
2683 1353 2732 1396 et
2767 1345 3096 1411 imperatoris
3136 1340 3443 1412 (Andronici
3481 1335 3671 1391 Junio-

2090 1431 2184 1484 risi
2213 1443 2431 1488 mortem
2465 1436 2564 1489 sibi
2599 1437 2903 1506 lugendam.

2161 1523 2302 1580 Ibid.
2377 1527 2597 1584 Intuere
2641 1540 2695 1585 et
2744 1532 2932 1584 animo
2991 1543 3253 1584 venerare
3307 1523 3673 1581 sanctissima:

2092 1612 2332 1686 Virginis
2360 1621 2594 1675 victoriae
2619 1623 2900 1691 e/fectricis
2947 1623 3244 1693 imaginem
3273 1635 3398 1675 cum
3435 1617 3676 1685 imagine

2095 1707 2151 1763 S.
2197 1710 2443 1781 Georgii.
2487 1713 2612 1768 Fuit
2676 1716 2788 1770 haec
2847 1714 3124 1785 Nicopteae
3183 1713 3430 1781 Virginis
3487 1710 3668 1775 imago

2092 1800 2212 1857 sine
2239 1804 2409 1860 dubio
2437 1806 2533 1860 illa
2570 1823 2734 1877 quam
2794 1807 3036 1863 Joannes
3072 1807 3393 1862 Comnenus
3430 1805 3674 1872 impera-

2097 1900 2182 1948 tor
2249 1911 2350 1950 suo
2404 1898 2528 1952 loco
2578 1901 2767 1953 currui
2823 1898 3140 1969 triumphali
3204 1895 3466 1965 imposuit
3524 1892 3674 1945 velut

2087 1985 2353 2053 victoriae,
2405 2006 2568 2060 quam
2601 1993 2938 2054 obtinuerat,
2975 1991 3189 2044 unicam
3229 1987 3570 2058 effectricem.
3600 1984 3670 2038 V.

2085 2079 2262 2134 Nicet.
2311 2081 2488 2136 Giton.
2541 2099 2597 2153 p.
2649 2083 2739 2139 ed.
2799 2085 2974 2138 Bonn.
3028 2084 3121 2138 26.
3181 2082 3452 2138 Videntur
3489 2081 3668 2134 autem

2086 2169 2231 2226 hanc
2261 2172 2354 2226 Dei
2394 2173 2696 2231 Genitricis
2750 2176 3045 2246 imaginem
3082 2190 3269 2229 secum
3325 2173 3590 2228 extulisse
3617 2173 3671 2226 in

2085 2261 2487 2328 expeditiones.
2518 2262 2657 2337 Hinc
2713 2265 2934 2319 Nicetas
2991 2265 3296 2320 Cboniates
3349 2263 3403 2317 in
3441 2261 3673 2331 imperio

2087 2351 2392 2422 Murzuphli
2422 2371 2438 2410 :
2492 2356 2557 2408 'H
2586 2356 2689 2426 τῆς
2729 2356 3068 2428 θεομήτορος
3103 2356 3292 2419 εἰκὼν,
3337 2356 3405 2422 ἣν
3441 2354 3489 2406 oi
3518 2354 3672 2422 βασι-

2088 2443 2204 2508 λεῖς
2248 2445 2546 2514 Ῥωμαίων
2574 2445 2856 2500 ποιοῦνται
2910 2445 3314 2515 συστρατήγδν,
3369 2448 3479 2506 τοῖς
3513 2445 3673 2495 ἐναν-

2084 2537 2222 2600 τίοις
2248 2537 2512 2593 ἑάλωκεν.
2540 2539 2713 2593 Etiam
2743 2539 3027 2594 ileraclins
3055 2540 3354 2608 imperator
3375 2536 3672 2606 imaginem

2089 2630 2454 2685 sanctissima:
2504 2631 2743 2700 Virginis
2795 2631 2850 2684 in
2888 2631 3138 2684 militiam
3197 2628 3438 2699 praesidii
3504 2639 3671 2680 causa

2087 2723 2416 2776 abducebat.
2476 2724 2751 2778 Arthurus
2790 2722 2964 2778 Britto
2998 2725 3051 2777 in
3088 2723 3362 2782 obsidione
3410 2718 3672 2773 Badonici

2089 2814 2312 2872 Montis.
2352 2816 2517 2882 fretus
2551 2815 2782 2882 imagine
2817 2814 3106 2870 Dominicce
3146 2814 3339 2868 Matris
3372 2829 3532 2880 quam
3589 2827 3677 2863 ar-

2087 2905 2186 2956 mis
2223 2905 2331 2957 suis
2367 2905 2628 2968 insuerat,
2664 2914 2951 2973 nongentos
3011 2905 3242 2957 hostium
3272 2903 3418 2956 solus
3450 2901 3674 2954 adorsus

2088 2997 2388 3050 incredibili
2449 2997 2589 3051 ccede
2645 2998 2971 3068 proﬂigavit,
3002 3007 3061 3052 ut
3096 2996 3290 3051 scribit
3340 2994 3676 3072 Wilhelmus

2095 3089 2628 3155 Malmesbnriensis,
2657 3089 2729 3144 1.ι
2762 3090 2835 3144 De
2863 3091 3034 3162 gestis
3066 3105 3254 3159 regum
3285 3087 3515 3156 Anglite,
3540 3101 3590 3141 c.
3620 3087 3673 3140 l.

2097 3183 2301 3236 Gnsrs.
3701 3183 3704 3186 ’

2163 3273 2306 3331 Ibid.
2359 3273 2498 3347 [Τῆς
2552 3275 2890 3331 νικοποιοῦ.
2929 3274 3082 3341 Quod
3145 3273 3312 3329 dubie
3360 3271 3675 3334 Grelscrus,

2094 3378 2278 3424 certus
2324 3383 2515 3424 assero
2550 3369 2689 3424 divae
2747 3367 2992 3438 Virginis
3040 3367 3337 3437 imaginem
3397 3360 3677 3418 νικοποιοῦ

2094 3463 2316 3517 nomine
2357 3472 2742 3530 consecratam
2778 3464 2915 3518 etin
2948 3463 3154 3534 palatio
3179 3477 3207 3513 a
3265 3459 3478 3514 Joanne
3515 3457 3682 3512 Gom-

2096 3570 2237 3608 neno
2272 3556 2596 3623 repositam.
2629 3557 2972 3626 Argumento
3025 3553 3161 3608 mihi
3199 3563 3331 3608 sunt
3371 3550 3574 3624 Nicetaa
3609 3549 3679 3603 de

2093 3647 2182 3700 illa
2217 3647 2453 3716 imagine
2482 3648 2535 3700 in
2589 3647 2927 3717 triumphum
2963 3656 3087 3701 aeta
3152 3644 3431 3714 loquentis
3462 3642 3630 3697 verba
3660 3659 3676 3696 :

2090 3737 2202 3797 Τὰς
2248 3737 2402 3800 νικας
2438 3743 2500 3808 τῇ
2555 3739 2854 3810 θεομὴτορι
2877 3740 2953 3803 ὡς
2988 3737 3445 3809 συστρατηγέτιδι
3477 3737 3680 3806 ἀμάχῳ

2093 3831 2559 3902 ἐπιγραφόμενος.
2604 3832 2710 3899 Qui
2765 3834 2932 3890 etiam
2994 3834 3259 3903 triumphi
3307 3847 3561 3902 pompam
3614 3832 3678 3882 ἐκ

2091 3921 2202 3975 τῶν
2239 3915 2388 3991 ἑῴων
2425 3923 2612 3976 πυλῶν
2669 3924 2770 3993 τῆς
2796 3925 3004 3987 πόλεως
3040 3927 3096 3987 ἐς
3119 3925 3256 3977 αὐτὸ
3284 3924 3343 3976 τὸ
3375 3924 3519 3991 μέγα
3568 3938 3679 3974 πα·

2090 4013 2274 4067 λάτιον
2297 4012 2472 4066 duxit.
2509 4014 2723 4068 Manuel
2753 4015 2897 4070 filius
2927 4017 3126 4080 eidem,
3165 4016 3239 4068 ait
3276 4016 3420 4069 illius
3466 4012 3614 4068 Vita!
3638 4013 3676 4067 l.

2093 4121 2144 4168 ν,
2184 4103 2523 4173 triumphum
2562 4121 2660 4159 ceu
2719 4107 3068 4176 ἀπροσμάχῳ
3101 4109 3197 4161 καὶ
3245 4105 3680 4174 ὰκαταγωνίστῳ

2095 4195 2456 4266 συστρατηγῷ
2494 4197 2690 4251 erexit.
2729 4196 2930 4270 Contr]

2162 4287 2240 4341 Ib.
2286 4286 2342 4342 S.
2391 4287 2601 4358 Georgii
2635 4291 2831 4359 imago.
2868 4288 3127 4344 Forsitan
3168 4290 3280 4343 haec
3343 4288 3434 4342 illa
3493 4295 3678 4342 estex

2091 4395 2198 4449 qua
2257 4383 2581 4452 sanguinem
2629 4400 2883 4439 manasse
2935 4385 3128 4440 scribit
3186 4384 3576 4456 Pachymcres.
3638 4383 3677 4437 1.

2091 4488 2164 4525 vn
2229 4471 2439 4528 Ilistor.
2494 4474 2656 4529 Certe
2713 4476 2800 4529 illa
2841 4486 2924 4531 est
2981 4476 3140 4546 cujus
3203 4492 3379 4545 equus
3416 4475 3680 4546 (equitem

2091 4566 2238 4619 enim
2269 4567 2384 4622 haec
2414 4569 2594 4638 imago
2623 4568 2680 4624 S.
2718 4569 3013 4640 Georgium
3048 4569 3361 4640 exhibebat)
3403 4570 3678 4623 horrendo
3772 4601 3775 4604 -

2093 4660 2342 4730 prodigio
2375 4660 2698 4717 horrificum
2750 4663 3024 4718 hinnitum
3090 4664 3264 4718 edidit
3314 4664 3415 4718 sub
3451 4665 3672 4717 Andro-

2091 4754 2216 4808 nico
2248 4754 2467 4808 seniore
2523 4756 2872 4825 imperatore,
2909 4758 3072 4826 paulo
3102 4767 3232 4809 ante
3275 4772 3440 4823 quam
3484 4755 3679 4824 junior

2091 4847 2443 4901 Andronicus
2475 4847 2689 4916 Cpolitu
2717 4858 3036 4917 occuparet.
3070 4847 3386 4914 Prodigium
3445 4847 3548 4900 hoc
3576 4846 3677 4898 dc-

2089 4939 2279 4993 scribit
2321 4939 2615 5008 Gregoras,
2653 4940 2688 4993 l.
2745 4955 2862 5002 vm,
2902 4955 2956 5007 p.
3019 4939 3144 4991 505.
3203 4936 3280 4990 Ex
3334 4935 3491 5005 cujus
3551 4951 3676 4990 nar-

2086 5034 2304 5086 ratione
2368 5034 2536 5088 ltabes
2590 5033 2732 5086 hanc
2797 5032 2857 5083 D.
2912 5029 3130 5095 Georgii
3164 5038 3478 5098 equestrem
3537 5029 3674 5082 ima-

2085 5125 2290 5194 ginem,
2325 5137 2477 5179 tanto
2504 5125 2775 5179 miraculo
2806 5122 3180 5187 nobilitatum,
3241 5137 3368 5176 esse
3424 5123 3574 5176 illam
3607 5125 3675 5178 de

2085 5232 2192 5284 qua
2230 5217 2317 5272 hic
2343 5217 2695 5286 Guropalata.
2729 5213 2864 5269 Vide
2892 5231 3014 5284 qu:e
3039 5215 3107 5269 de
3139 5212 3195 5272 S.
3238 5215 3476 5285 Georgio
3498 5217 3674 5286 scrip-

2085 5308 2324 5371 simus,l.
2358 5325 2394 5362 ιι
2427 5308 2499 5361 De
2530 5307 2705 5373 festis,
2741 5321 2790 5360 c.
2820 5306 2873 5361 6.
2903 5307 3145 5362 Consule
3175 5307 3344 5362 etiam
3398 5311 3676 5364 Adaman-

2084 5415 2213 5452 num
2249 5400 2476 5454 Scotum
2511 5399 2786 5466 abbatem,
2827 5401 2892 5453 de
2921 5400 3027 5454 situ
3074 5401 3269 5455 Terrae
3302 5410 3529 5467 sanctae,
3565 5416 3668 5455 nu-

2083 5506 2178 5561 per
2205 5507 2232 5544 a
2261 5491 2418 5545 nobis
2452 5491 2684 5553 editum,
2723 5491 2758 5544 Ι.
2792 5506 2875 5557 ιιι,
2913 5493 3005 5548 ubi
3047 5493 3185 5548 mira
3215 5494 3282 5549 de
3328 5493 3566 5557 quadam
3603 5492 3664 5548 S.

2083 5586 2298 5656 Georgii
2328 5586 2563 5656 imagine
2588 5588 2846 5654 reperies.
3209 5604 3211 5606 ·

2148 5681 2232 5738 Ib.
2276 5679 2566 5748 Peripaton
2623 5681 2968 5736 commodius
3016 5697 3121 5736 non
3181 5690 3362 5734 tertcs
3413 5694 3578 5748 quam
3609 5678 3658 5734 si

2081 5770 2492 5840 proecssionem
2532 5779 2713 5825 vertas
2749 5789 2762 5825 :
2814 5772 3067 5826 rstenim
3112 5771 3164 5826 id
3208 5771 3353 5840 quod
3403 5769 3664 5825 Germani

2032 5878 2052 5891 '
2078 5846 2275 5917 vol-ant
2303 5863 2403 5915 den
2437 5861 2719 5932 umbgang.
2756 5860 2888 5916 Vide
2921 5879 3042 5931 quae
3081 5863 3183 5915 hac
3237 5863 3304 5915 de
3332 5877 3391 5916 re
3421 5862 3665 5919 diximus

2079 5960 2115 6015 l.
2145 5956 2261 6015 sDc
2287 5959 2457 6013 sacris
2490 5955 2958 6027 processionibus,
2994 5971 3043 6010 c.
3075 5955 3124 6008 ι.
3154 5952 3349 6009 Junius
3381 5964 3434 6009 et
3457 5955 3668 6022 ubique
