4064 6438
480 464 576 526 351

1565 466 1645 526 [Ν
1685 467 1983 528 LIBRUM
2017 467 2471 552 DE‘OFFICHS
2509 474 2620 535 (ΣΡ.

3597 483 3695 546 352

481 577 715 632 ambulat
743 585 796 632 et
822 580 1212 633 ambulationes
1243 582 1502 645 somniat,
1535 595 1592 636 ut
1622 599 1826 636 morem
1857 597 2039 637 sacra-
2074 589 2111 642 Α
2143 584 2257 650 γῶν
2291 586 2428 648 loco,
2461 587 2678 642 duobus
2711 587 2870 644 caecis
2921 588 3048 642 illuc
3093 598 3349 644 monente
3385 591 3443 645 Β.
3503 595 3697 664 virgine

484 686 600 722 rum
657 675 1092 738 processionnm,
1129 675 1590 744 supplicationum
1643 687 1696 730 et
1735 676 2046 729 litaniarum

484 761 754 814 obfuscet.
787 763 994 818 Csars.

553 847 635 901 Ῑθ·
661 849 890 918 [Αιτνιν.
923 853 1036 907 Hac
1057 869 1190 909 voce
1216 871 1324 908 non
1362 857 1560 909 nolam
1594 855 2048 923 supplicationem,

482 940 579 992 5rd
611 940 751 995 inter
801 945 1186 998 ambulandum
1247 946 1439 1000 factam
1487 948 1602 1001 sive
1648 947 2048 1014 processionem,

423 1105 430 1110 _
483 1033 780 1100 signiﬁcari
811 1034 1013 1090 diserte
1045 1047 1414 1092 monstratum
1449 1048 1534 1094 est
1556 1041 1612 1091 in
1645 1037 2048 1107 Euebologicis.

481 1125 678 1195 GUAB.]

559 1216 617 1271 P.
647 1219 735 1272 70.
781 1219 856 1274 De
910 1221 1144 1290 imagine
1192 1221 1424 1290 Virginis
1464 1219 1798 1288 llodegetrize
1827 1235 1878 1278 c.
1931 1235 2048 1290 seq.

484 1309 643 1376 plura
677 1311 912 1378 ipsemet
937 1310 1202 1365 Codiuus.
1237 1312 1348 1365 Non
1381 1321 1498 1365 erat
1523 1311 1801 1366 ordinario
1825 1312 1876 1364 in
1903 1313 2049 1376 aula,

485 1400 581 1453 sed
637 1402 692 1454 in
740 1406 1077 1457 monasterio
1111 1403 1217 1456 τῶν
1247 1404 1412 1474 316
1465 1405 1714 1473 ὁδηγῶν;
1779 1405 2053 1458 ferebatur

485 1498 668 1542 autem
702 1489 918 1556 pietatis
949 1507 1111 1545 causa
1154 1493 1216 1544 ad
1257 1494 1436 1546 aulam
1477 1494 1686 1548 ultimis
1739 1493 2054 1563 Quadrage-

487 1579 640 1632 sima:
664 1579 878 1644 diebus,
905 1597 1101 1650 nempe
1132 1582 1261 1636 feria
1297 1585 1384 1637 illa
1410 1584 1598 1652 quinta
1629 1600 1772 1652 quze-
1800 1593 2048 1638 nostram

489 1667 824 1724 Dominicam
841 1671 1032 1725 Judica
1062 1674 1364 1728 antecedit:
1393 1674 1760 1742 manebatque
1779 1675 1828 1748 in
1854 1674 2051 1742 palatio

491 1774 666 1827 usque
697 1761 764 1814 ad
791 1765 1085 1817 secundam
1123 1765 1315 1818 feriam
1346 1765 1634 1821 Paschalis
1660 1782 1674 1832 ;
1708 1783 1816 1836 quo
1848 1767 1936 1822 die
1966 1782 2054 1821 re-

488 1851 767 1906 ferebatur
796 1853 848 1907 in
884 1858 1276 1910 monasterium
1304 1866 1359 1911 et
1391 1858 1648 1926 templum
1681 1858 1789 1910 τῶν
1819 1858 2047 1927 ὁδηγῶν.

489 1942 582 1995 Est
613 1944 724 1998 tunc
755 1945 958 2013 imago,
999 1948 1062 2001 ad
1097 1955 1282 2016 quam,
1317 1957 1468 2016 capta
1525 1948 1594 2002 ab
1625 1949 1938 2002 Andronico
1963 1948 2051 2017 ju-

488 2036 641 2087 niere
669 2033 843 2104 Cpoli,
885 2037 1234 2092 Andronicus
1280 2035 1468 2092 'senior
1517 2038 1743 2107 supplex
1783 2038 2050 2106 confugit.

490 2124 620 2176 llem
669 2137 856 2179 narrat
912 2126 1251 2196 Nicephorus
1299 2127 1591 2196 Gregoras,
1638 2127 1676 2180 Ι.
1718 2144 1794 2192 tx,
1839 2143 1893 2195 p.
1948 2127 2054 2181 422

489 2216 662 2270 Bonn.
708 2219 844 2272 Cum
873 2231 1085 2286 autem,
1117 2229 1258 2274 teste
1293 2220 1483 2273 eodem
1519 2219 1784 2286 Grcgora,
1832 2217 1901 2270 24
1936 2217 2053 2272 dies

487 2307 609 2362 1Maii
641 2319 892 2378 ageretur
915 2311 1135 2379 quando
1184 2325 1213 2363 a
1256 2311 1472 2379 juniore
1501 2298 1816 2363 A'ndronico
1870 2308 2055 2377 Cpolis

487 2410 644 2468 capta
677 2409 780 2466 est,
805 2417 1026 2458 necesse
1049 2412 1132 2456 est
1156 2403 1446 2471 imaginem
1467 2400 1697 2470 Virginis
1721 2399 2056 2466 Hodegetria:

488 2500 642 2544 extra
678 2491 928 2544 ordinem
981 2477 1359 2560 praescriptum
1389 2491 1442 2544 in
1476 2491 1680 2560 palatio
1730 2490 1940 2553 fuisse;
2001 2495 2057 2542 et

489 2582 630 2636 forte
660 2583 1000 2637 Andronicus
1057 2583 1239 2636 senior
1278 2581 1584 2638 defectione
1629 2583 1718 2636 illa
1752 2581 1963 2650 nepotis
1999 2590 2054 2636 et

487 2674 822 2728 asseclarum
881 2685 1187 2729 commotus
1241 2690 1355 2728 eam
1389 2674 1441 2728 in
1484 2673 1742 2744 palatium
1776 2673 1954 2729 solatii
2003 2684 2056 2728 et

489 2767 717 2820 sabsidii
747 2781 909 2820 causa
945 2767 1339 2835 apportandam
1389 2775 1699 2821 curaverat.

559 2858 699 2924 Quid
726 2859 1092 2913 venerationis
1129 2859 1354 2912 Michael
1388 2858 1728 2930 Palmologus
1758 2859 2053 2927 imperator

487 2952 709 3021 imagini
753 2951 1113 3022 lludcgctriag,
1161 2953 1405 3022 expulsis
1434 2952 1646 3008 Latinis
1695 2952 1868 3022 Cpoli,
1903 2953 2054 3007 dctu-

486 3043 628 3109 lerit,
651 3044 876 3113 exponit
901 3043 1174 3116 Gregoras
1206 3044 1243 3098 l.
1269 3059 1347 3110 tv,
1378 3060 1431 3111 p.
1467 3044 1556 3098 87.

556 3135 728 3189 Porro
768 3136 1029 3204 templum
1067 3136 1178 3189 τῶν
1208 3136 1420 3206 ὁδηγῶν
1447 3137 1737 3191 aediﬁcavit
1767 3135 2056 3190 Pulcher-ia

2151 675 2218 728 ad
2260 675 2434 730 visum
2465 678 2831 746 recipiendum
2868 680 3136 742 deductis,
3172 682 3422 750 religiose
3453 684 3694 750 positam.

2151 766 2421 821 Audacior
2453 769 2744 839 adjungam
2781 771 3026 824 eamdem
3058 785 3178 840 quae
3205 770 3438 825 lleraelii
3470 784 3699 839 tempore

2151 871 2182 909 a
2213 856 2401 926 Sergio
2433 860 2684 927 pontifice
2714 859 2822 914 ΟΡ.
2869 876 2968 929 per
2996 875 3185 916 muros
3212 861 3526 915 circumlata
3570 861 3697 932 Scy-

2154 949 2275 1000 thas
2310 947 2378 1000 ab
2402 947 2480 1001 eis
2506 947 2833 1004 miraculose
2865 949 3073 1017 depulit
3105 964 3118 1000 :
3161 949 3373 1017 qualem
3413 951 3556 1002 enim
3583 952 3702 1019 ὁδη-

2153 1035 2388 1106 γήτριαν
2429 1037 2767 1104 Vincentius,
2806 1039 2948 1095 hanc
3009 1055 3229 1108 quoque
3261 1036 3525 1094 describit
3573 1055 3700 1092 ano-

2153 1139 2351 1196 nymus
2385 1127 2536 1181 brevi
2561 1128 2758 1194 publici
2783 1129 2923 1198 juris
2949 1146 2976 1182 a
3009 1139 3163 1198 patre
3185 1127 3474 1182 Cotnbelis.
3509 1129 3700 1182 facien—

2153 1216 2276 1273 dus.
2333 1217 2560 1287 Σέργιος
2589 1217 2646 1270 δὲ
2681 1221 2707 1272 ὁ
2743 1221 3006 1289 ἱεράρχης
3031 1220 3130 1282 τὰς
3173 1220 3321 1288 ἱερὰς
3360 1219 3577 1280 εἰκόνας
3610 1218 3700 1282 τῆς

2155 1305 2504 1376 θεομήτορος,
2533 1303 2619 1369 αἷς
2652 1310 2885 1377 μάλιστα
2915 1311 3004 1362 καὶ
3049 1309 3252 1380 βρέφος
3284 1311 3311 1360 ὁ
3345 1307 3535 1376 Σωτὴρ
3571 1307 3674 1372 ὲξει

2153 1397 2422 1457 κονισθεὶ;
2451 1400 2508 1450 ὲν
2527 1400 2794 1467 ἀγκάλαις
2824 1402 2923 1470 τῆς
2944 1401 3148 1470 μητρὸς
3176 1401 3487 1468 ἐξεφέρετο,
3511 1397 3703 1458 ταύτας

2153 1485 2335 1540 λαϐὼν
2401 1491 2618 1560 περιῄει
2669 1493 2737 1543 τὰ
2787 1492 2963 1561 τείχη.
3013 1490 3377 1560 Ὀδηγητρίας
3432 1497 3595 1551 certe,
3652 1499 3705 1540 ιιι

2155 1577 2552 1646 antiquissima,
2591 1580 2635 1634 si
2671 1596 2700 1633 a
2725 1581 2870 1634 Luca
2911 1580 3206 1643 delilteata,
3263 1579 3426 1632 etiam
3479 1591 3696 1646 puerum

2153 1665 2338 1722 Jesum
2367 1669 2507 1724 ulnis
2537 1671 3023 1740 complectebatur.
3062 1671 3138 1726 De
3183 1670 3350 1725 simili
3377 1670 3430 1722 in
3462 1669 3706 1722 Blacher-

2155 1759 2310 1814 nensi
2342 1763 2539 1828 templo
2570 1777 2600 1815 a
2633 1762 2876 1818 Romano
2898 1765 3108 1832 Argyro
3167 1769 3383 1828 reperta
3412 1757 3704 1813 Cedrenum

2155 1850 2506 1905 disserentem
2543 1854 2776 1924 perlege.
2811 1852 3007 1924 Genu]

2647 1969 2805 2037 317
2842 1967 3068 2022 CAPUT
3102 1967 3218 2022 vn.

2161 2056 2561 2112 Observationes
2589 2070 2632 2111 et
2656 2060 3027 2124 explicationes
3075 2061 3128 2111 in
3164 2076 3210 2112 ε.
3241 2059 3330 2120 12.

2517 2129 2690 2196 ofﬁcio
2740 2145 2940 2196 magna:
2967 2129 3323 2182 hebdomadw.

2230 2217 2292 2273 P.
2328 2218 2414 2272 70.
2444 2217 2654 2288 Magna:
2675 2220 3005 2272 ltedomadaz.
3045 2218 3391 2283 Quibusdam
3427 2223 3613 2292 religio
3633 2231 3709 2278 est

2159 2309 2344 2364 dicere
2398 2309 2722 2362 hebdomada
2779 2309 3137 2364 Itebdomadte.
3188 2310 3294 2363 Sed
3329 2312 3443 2366 [nec
3467 2315 3648 2381 religio
3680 2328 3708 2366 a

2161 2399 2548 2468 superstitione
2574 2415 2763 2467 parum
2787 2400 2918 2453 abit.
2939 2399 3224 2453 Ascribam
3274 2403 3365 2455 hic
3391 2403 3552 2455 verba
3566 2403 3712 2456 scho-

2162 2490 2335 2544 liasta:
2389 2491 2655 2544 librorum
2690 2490 2764 2543 De
2795 2491 3026 2544 avaritia
3059 2492 3302 2547 Salviani
3343 2494 3708 2556 Massiliensis,

2163 2582 2226 2634 ad
2257 2583 2385 2636 illud
2416 2583 2722 2651 lampadem
2743 2593 2908 2638 tuam.
2947 2583 3029 2639 Ne
3058 2587 3171 2655 quis
3198 2586 3338 2656 forte
3359 2599 3501 2655 putet
3535 2589 3704 2641 vitium

2161 2690 2267 2727 esse
2296 2675 2350 2726 in
2384 2675 2484 2726 hac
2515 2674 2754 2739 lectione,
2781 2684 2828 2727 et
2865 2676 3212 2742 reponendum
3240 2677 3566 2748 lampadem,
3600 2695 3706 2730 mo-

2163 2777 2254 2812 neo
2289 2761 2589 2825 lampadem
2639 2779 2841 2832 quoque
2895 2763 3404 2821 diciattominativo
3455 2768 3709 2836 lampada.

2162 2848 2253 2903 Sic
2303 2850 2641 2904 hebdomada
2689 2844 2886 2904 Latina
2928 2854 3325 2921 terminatione,
3386 2871 3498 2927 qua:
3525 2854 3709 2912 Gracia

2162 2940 2476 2995 hebdomas.
2505 2941 2706 2998 Gns'rs.

2181 3082 2184 3084 _
2232 3033 2318 3086 Ib.
2370 3033 2639 3090 Meursius
2684 3035 2980 3090 admodum
3032 3035 3196 3091 anxie
3227 3047 3421 3095 monet
3471 3054 3536 3095 ne
3577 3040 3712 3109 quis,

2162 3140 2286 3180 cum
2310 3125 2461 3180 audit
2484 3134 2718 3195 quatuor
2751 3125 3042 3198 Evangelia
3074 3127 3212 3183 lecta
3239 3145 3391 3198 esse,
3423 3132 3716 3202 suspicetur

3368 2054 3504 2127 quod
3545 2062 3616 2105 est
3647 2051 3705 2105 de

485 3229 824 3298 imperatrix,
862 3232 916 3284 in
959 3247 1068 3300 quo
1106 3232 1346 3286 divinam
1380 3232 1940 3300 Deiparm‘imaginem
1975 3247 2054 3286 re-

2165 3215 2478 3270 tetrabiblon
2525 3217 2954 3288 Evangeliorum,
3025 3219 3125 3276 hoc
3156 3232 3242 3276 est
3296 3225 3450 3294 ipsos
3491 3225 3714 3292 integros

486 3323 689 3389 posuit,
733 3337 897 3390 quam
929 3323 1114 3377 Lucas
1147 3323 1487 3391 evangelista
1525 3323 1578 3377 in
1638 3324 1823 3377 tabula
1871 3324 2061 3393 depico

486 3421 594 3465 tam
627 3413 868 3480 reliquit,
903 3421 960 3465 ut
995 3414 1068 3467 ait
1116 3411 1479 3483 Nicephorus,
1509 3430 1617 3475 xiv,
1647 3415 1701 3470 2.

558 3504 694 3558 Cum
735 3503 981 3558 lsaacum
1015 3506 1280 3575 Angelum
1313 3507 1443 3574 imp.
1471 3506 1817 3574 Cpolilanum
1854 3506 2059 3561 Branas

487 3608 638 3650 arcte
659 3589 959 3660 obsideret,
987 3598 1285 3666 imperator
1312 3597 1406 3650 Dei
1438 3595 1719 3652 Genitricis
1748 3600 2056 3668 imaginem,

484 3704 600 3756 qua:
627 3687 690 3740 alt
732 3685 966 3758 Hodegio
998 3689 1318 3741 monasterio
1340 3687 1660 3758 Ilodegetria
1697 3701 2052 3758 nuncupatur,

485 3781 542 3832 in
591 3781 782 3832 mania
840 3797 935 3848 pro
989 3779 1128 3834 vallo
1188 3780 1584 3850 inexpugnabili
1640 3781 1935 3846 transtulit,
2002 3791 2059 3836 nt

487 3871 680 3925 scribit
741 3871 954 3928 Nicetas
1019 3871 1315 3926 Choniates
1389 3871 1425 3924 Ι.
1477 3888 1491 3926 ι
1552 3870 1624 3924 De
1680 3873 1838 3924 rebus
1892 3873 2058 3940 gestis

487 3963 658 4017 lsaaci
715 3965 926 4034 Angeli.
1008 3964 1117 4018 Nec
1151 3965 1373 4029 frustra,
1426 3972 1486 4018 ut
1531 3963 1662 4018 felix
1717 3965 1900 4020 exitus
1962 3963 2057 4017 de-

483 4056 742 4118 claravit.

559 4148 626 4203 Ut
660 4149 1049 4220 jusjurandum
1083 4166 1150 4205 eo
1192 4150 1401 4204 firmius
1439 4155 1610 4211 esset,
1645 4147 1813 4202 voluit
1844 4148 2059 4202 Andro-

482 4243 641 4296 nicus
676 4245 861 4298 senior
889 4245 1191 4314 imperator
1224 4244 1327 4300 sibi
1365 4243 1498 4298 illud
1537 4243 1656 4297 dari
1709 4258 1740 4296 a
1791 4241 2056 4296 Michaele

476 4334 744 4399 Catharo,
778 4345 972 4404 nepote
1001 4351 1124 4400 suo,
1169 4351 1354 4390 coram
1406 4339 1766 4390 sacrosancta
1820 4335 2056 4402 imagine

483 4425 807 4479 castissima:
862 4426 954 4479 Dei
1010 4426 1304 4480 Genitricis
1362 4425 1722 4494 llodegetriae,
1783 4427 2058 4481 utscribit

477 4517 778 4586 (is-egeras,
807 4519 841 4571 l.
878 4534 994 4572 vut.
1040 4517 1420 4588 llodegetriam
1455 4533 1620 4587 porro
1659 4519 2052 4589 interpretatur

483 4609 716 4663 Wolfius
728 4611 823 4663 via:
838 4612 1264 4663 monstratricem
1287 4625 1383 4664 seu
1400 4611 1710 4664 ductricem.
1731 4611 1940 4664 Gas'rs.

554 4703 693 4756 Ibid.
729 4701 894 4774 [Vere
913 4705 1131 4772 quidem
1154 4684 1444 4758 Gretserus'
1467 4704 1567 4773 τὴν
1596 4705 1776 4758 εἰκόνα
1798 4705 1896 4774 τῆς
1933 4704 2056 4756 θεο-

485 4797 746 4866 μὴτορος,
782 4798 908 4867 ἥτις
937 4797 1000 4849 ἐκ
1054 4797 1152 4862 τῆς
1202 4796 1308 4848 τῶν
1343 4796 1588 4864 Ὀδηγῶν
1622 4801 1789 4866 μονῆς
1820 4796 1958 4850 καθ’
1988 4796 2053 4866 ἣν

483 4890 979 4961 προσκεκλήρωται
1047 4889 1409 4958 Ὀδηγήτριαν
1471 4889 1919 4959 προσκεκλῆσθαι
1971 4904 2056 4942 rc-

480 4984 586 5036 t’ert
613 4999 678 5037 ex
706 4983 890 5037 Niceta
921 4983 974 5036 in
1007 4982 1213 5037 Isaacio
1235 4981 1440 5052 Angelo
1470 4982 1507 5036 l.
1536 4997 1549 5035 ι
1577 4998 1593 5046 ;
1647 4982 1893 5036 eamdem
1924 4997 2057 5036 vero

483 5085 823 5140 asserturus,
881 5075 946 5128 ad
1001 5091 1166 5145 quam
1223 5075 1366 5129 bello
1422 5089 1648 5144 pressus
1699 5083 1751 5127 et
1808 5083 2059 5141 anepote

471 5177 676 5235 captus
704 5169 890 5222 senior
935 5167 1282 5222 Andronicus
1313 5165 1642 5236 confugerit,
1677 5175 1735 5218 ut
1786 5179 1906 5218 eam
1941 5179 2060 5217 am-

475 5261 677 5325 plexus
717 5259 840 5311 vita:
878 5257 1255 5327 libertatisque
1296 5256 1694 5310 immunitatem
1731 5269 2056 5320 assequere-

482 5357 596 5408 ιιιΓ,
624 5361 682 5401 SC
716 5355 926 5401 tantum
955 5357 1176 5402 auctore
1203 5357 1256 5400 ει
1291 5355 1426 5400 teste
1473 5346 1650 5398 ﬁrmat
1681 5343 1970 5398 Οιοιδριιιε
1997 5356 2060 5394 ac

479 5439 703 5493 nonnisi
735 5440 936 5494 dubius
969 5439 1324 5494 vaticinatur.
1380 5437 1567 5490 Satius
1621 5451 1740 5490 eam
1800 5434 2054 5496 dixisset,

482 5547 623 5599 quae,
661 5531 929 5585 referente
963 5530 1250 5585 Vincentio
1281 5529 1334 5582 in
1366 5529 1526 5596 Spec.
1583 5526 1723 5580 Htst.
1780 5526 1870 5587 9.3,
1930 5523 2055 5587 H7,

481 5624 584 5678 Sub
613 5622 794 5678 Leone
818 5623 1006 5679 Isauro
1041 5637 1136 5692 per
1164 5635 1350 5675 muros
1395 5619 1546 5674 urbis
1595 5617 1699 5672 CP.
1729 5617 1892 5674 ducta
1956 5619 2062 5669 lue-

474 5715 610 5767 -dum
668 5715 957 5768 Saracenis
1007 5727 1128 5768 eam
1196 5713 1385 5765 urbem
1446 5709 1826 5763 obsidentibus
1877 5707 2062 5761 intulit

479 5805 856 5875 naufragium,
902 5804 1239 5874 ὁδηγήτριαν
1290 5801 1559 5870 siquidem
1619 5799 1784 5853 refert
1833 5815 1858 5852 a
1916 5799 2062 5853 Luca

478 5915 610 5953 cum
635 5914 806 5967 puero
834 5898 966 5954 Jesu
1000 5898 1143 5952 ulnis
1175 5905 1381 5967 gustato
1405 5893 1702 5962 depictam,
1731 5908 1792 5948 ac
1819 5894 1870 5946 in
1908 5894 2060 5962 Ὀδη-

2163 3316 2395 3373 quatuor
2438 3305 2854 3377 Evangeliorum
2893 3312 3321 3367 commentarios
3376 3315 3540 3368 lectos
3563 3326 3712 3375 esse;

2162 3401 2302 3467 quod
2357 3401 2518 3454 nimis
2575 3401 2798 3470 longum
2841 3402 3055 3468 fuisset.
3101 3404 3283 3473 Itaque
3303 3408 3595 3461 articulum
3625 3405 3709 3466 τά.

2163 3491 2507 3558 przrpositum
2552 3493 2816 3548 vocabulo
2852 3494 3118 3565 τέσσαρα,
3143 3499 3404 3553 exsulare
3427 3498 3595 3568 jubet.
3621 3494 3714 3549 Sed

2162 3581 2205 3633 si
2234 3580 2544 3636 Graecorum
2571 3583 2800 3638 rituales
2831 3585 2998 3640 libros
3029 3587 3362 3656 diligentius
3390 3589 3713 3659 inspexisset,

2163 3674 2319 3728 aliter
2367 3687 2499 3743 puto
2546 3691 2714 3746 super
2772 3677 2876 3733 hac
2898 3694 2956 3732 re
3007 3681 3449 3748 pronuntiasset.
3489 3682 3561 3735 Ita
3583 3680 3714 3734 enim

2161 3762 2424 3834 Typicum
2456 3767 2611 3821 Saba;
2645 3782 2695 3821 c.
2723 3768 2792 3823 58
2814 3807 2830 3832 ,
2863 3783 3029 3839 agens
3061 3770 3128 3823 de
3154 3771 3255 3824 hac
3286 3787 3503 3842 magna:
3535 3768 3718 3823 hebdo-

2161 3854 2335 3910 madis
2408 3855 2544 3924 feria
2621 3859 2900 3926 secunda:
2989 3860 3464 3929 ’Δναγινὼσκεται
3534 3861 3588 3914 δὲ
3658 3856 3713 3910 τὸ

2157 3945 2643 4014 τετραευαγγέλιον
2689 3951 2754 4019 τῇ
2787 3947 2853 4020 β’,
2879 3952 2945 4021 τῇ
2969 3957 3018 4019 γ’
3041 3952 3138 4004 καὶ
3163 3955 3228 4022 τῇ
3250 3952 3314 4018 δ’,
3369 3955 3462 4007 καὶ
3493 3947 3715 4022 πληροῦσι

2158 4053 2269 4089 ται.
2297 4035 2377 4090 Ne
2406 4047 2590 4092 autem
2647 4041 2950 4108 suspiceris
3001 4051 3210 4096 tantum
3246 4054 3461 4113 partem
3489 4043 3708 4110 aliquam

2158 4144 2223 4182 ex
2280 4139 2517 4198 quatuor
2554 4131 2866 4202 Evangeliis
2899 4133 3095 4187 lectam
3132 4149 3278 4202 esse,
3323 4136 3449 4192 audi
3485 4133 3711 4204 ejusdem

2160 4218 2344 4290 Typiei
2376 4224 2856 4278 auctoremeodem
2883 4224 3038 4278 loco:
3072 4225 3285 4278 Εἰδέναι
3316 4228 3372 4280 δὲ
3406 4226 3510 4297 χρὴ
3552 4225 3629 4277 ὅτι
3661 4219 3713 4275 τὸ

2159 4311 2300 4363 κατὰ
2320 4311 2596 4364 Ματθαῖον
2611 4312 2767 4380 ἆγιον
2783 4313 3107 4381 εὐαγγέλιον
3124 4314 3246 4368 ὅλον
3270 4315 3710 4383 ἀναγινώσκεταιο

2156 4402 2353 4470 ὁμοίως
2369 4402 2460 4454 καὶ
2489 4403 2550 4455 τὸ
2572 4403 2712 4456 κατὰ
2731 4402 2950 4476 Μάρκον
2965 4406 3058 4457 καὶ
3082 4406 3142 4458 τὸ
3164 4406 3305 4459 κατά
3331 4407 3560 4460 Λουκᾶν.
3583 4401 3650 4455 Τὸ
3663 4399 3713 4451 δὲ

2158 4493 2298 4546 κατὰ
2339 4493 2592 4564 Ἰωάννην
2632 4495 3065 4563 ἀναγινώσκεται
3111 4498 3238 4568 ἄχρι
3272 4501 3375 4569 τῆς
3414 4499 3583 4570 ἀρχῆς
3615 4492 3715 4545 τῶν

2081 4582 2127 4642 D
2154 4587 2326 4654 ἁγίων
2357 4586 2564 4641 παθῶν.
2601 4587 3057 4656 Ἀναγινώσκεται
3082 4589 3138 4642 δὲ
3155 4589 3309 4654 οὗτος
3328 4595 3384 4645 ὲν
3401 4594 3517 4653 ταῖς
3551 4583 3716 4657 τρισὶν

2160 4677 2396 4746 ἡμέραις
2446 4679 2610 4748 ἤγουν
2663 4679 2729 4750 β’,
2764 4678 2812 4748 γ’
2848 4679 3132 4734 κα”ιδ’·καὶ
3181 4680 3582 4754 πληροῦνταιὲν
3609 4676 3717 4734 ταῖς

2159 4768 2351 4836 ὥραις·
2380 4770 2586 4837 γίνεται
2615 4771 2672 4824 δὲ
2705 4771 2764 4823 τὸ
2789 4773 2932 4824 κατὰ
2983 4773 3201 4826 Λουκᾶν
3219 4773 3550 4842 ἀναγνώσεις
3575 4774 3637 4836 γ’,
3657 4763 3718 4817 τὰ

2157 4862 2201 4915 δ’
2220 4863 2354 4916 ἄλλα
2381 4865 2488 4916 ἀπὸ
2528 4865 2800 4934 δευτέρου.
2833 4865 3000 4935 Ὁμοῦ
3037 4865 3370 4934 ἀναγνώσεις
3387 4865 3449 4931 0',
3470 4863 3558 4917 καὶ
3579 4858 3718 4930 ὥρας

2159 4954 2224 5020 θ’,
2267 4955 2358 5007 καὶ
2398 4955 2562 5008 πλέον
2592 4957 2765 5009 οὐδέν.
2828 4957 2904 5011 Ex
2935 4958 3019 5012 his
3044 4959 3154 5028 jam
3198 4956 3466 5012 Meursius
3497 4969 3597 5008 non
3622 4949 3720 5003 Co-

2159 5047 2371 5113 dinum,
2393 5049 2483 5102 sed
2522 5065 2620 5102 sua
2645 5049 2937 5103 euiendare
2977 5050 3196 5118 poterit.
3217 5048 3280 5102 Et
3311 5049 3356 5103 si
3405 5047 3529 5117 quid
3551 5055 3721 5096 emen-

2159 5139 2396 5194 dandum
2461 5142 2552 5205 sit,
2625 5141 2808 5211 potius
2869 5156 3180 5211 expungam
3233 5140 3365 5194 illud
3409 5140 3474 5207 τῇ
3518 5129 3714 5204 μεγάλῃ

2161 5234 2406 5304 πέμπτῃ.
2448 5233 2574 5303 quia
2601 5250 2791 5304 magna
2819 5233 2950 5288 feria
3009 5232 3197 5301 quinta
3217 5247 3318 5284 non
3347 5229 3614 5299 legebatur
3661 5219 3718 5270 τὸ

2159 5326 2689 5408 τετραευαγγέλιον,
2745 5325 2947 5396 quippe
3008 5325 3150 5394 quod
3221 5322 3550 5393 praecedente
3609 5314 3711 5374 die:

2162 5432 2412 5485 videlicet
2451 5447 2641 5500 magna
2677 5429 2813 5484 feria
2845 5439 3068 5498 quarta,
3101 5428 3213 5498 jam
3249 5427 3552 5482 absolutum
3585 5427 3711 5477 erat,

2166 5529 2224 5574 ut
2251 5536 2315 5574 ex
2342 5519 2546 5591 Typico
2577 5519 2733 5576 Saba:
2755 5519 3097 5585 audivimus;
3131 5520 3232 5574 nisi
3259 5519 3396 5571 forte
3429 5516 3482 5568 in
3527 5504 3712 5580 palatio

2163 5613 2452 5681 Cpolitano
2472 5613 2747 5666 tetrabibli
2773 5611 2934 5668 lectio
2960 5615 3027 5666 ad
3061 5612 3306 5680 quintam
3335 5609 3503 5677 ipsam
3539 5598 3717 5655 feriam

2169 5720 2420 5780 magnam
2475 5705 2885 5760 extettderetur.
2951 5704 3216 5774 Quamvis
3267 5703 3448 5773 ipsum
3511 5697 3716 5762 quoque

2167 5796 2450 5850 Triodium
2487 5794 2803 5850 Graecorum
2842 5811 2966 5850 cum
3020 5794 3224 5865 Typico
3259 5790 3419 5848 Saba:
3444 5781 3720 5840 concinat;
3771 5853 3776 5857 .

2166 5887 2455 5959 cujushtcc
2482 5897 2608 5942 sunt
2627 5887 2785 5942 verba
2811 5904 2825 5941 :
2851 5885 3065 5958 Legitur
3091 5887 3248 5938 etiam
3283 5867 3723 5940 ισιταευαηθείίίίνι
