4064 6432
363 361 466 414 3ὸό

1431 300 1813 417 GRETSEIU
1848 352 1944 409 ET
2000 350 2241 412 GOARI
2295 353 2538 413 NOTIE.

3518 355 3625 420 354

362 471 612 535 serunda,
666 471 824 525 tertia
863 480 911 524 et
959 478 1150 539 quarta
1204 469 1359 536 feria.
1400 465 1528 522 Ka‘v.‘
1559 468 1863 539 πληροῦται
1894 485 1917 521 e

2015 530 2017 536 ι
2051 466 2220 543 solea,
2279 467 2505 519 calceus.
2544 463 2819 519 Set-ibitur
2858 464 3024 520 etiam
3070 464 3386 537 παπούτζη.
3424 466 3625 528 Melior

362 565 651 632 completur
672 579 761 615 seu
790 563 1120 614 terminatur.
1153 560 1359 614 (Iners.

435 655 579 710 Ibid.
614 653 760 725 [Non
789 654 872 707 his
911 654 1076 707 modo
1106 653 1403 707 Dominicte
1448 654 1690 721 passioni
1722 669 1931 707 mento-

362 749 548 801 randa
590 746 822 799 sacratis
887 744 1060 807 feriis,
1122 755 1281 814 prout
1331 746 1541 798 erudite
1590 746 1933 799 demonstrat

361 842 670 905 Gretserus,
706 840 800 893 sed
828 847 880 892 et
912 840 1177 891 continuo
1224 838 1389 892 totius
1417 838 1543 891 anni
1567 838 1747 900 spatio
1782 850 1931 891 tetus

361 940 594 999 quatuor
628 930 1085 997 evangelistarum
1130 936 1312 981 textus
1362 928 1417 980 in
1452 928 1689 982 ecclesia
1735 929 1924 996 palam

362 1023 577 1090 legitur,
600 1021 743 1089 quod
783 1021 985 1074 diserte
1040 1019 1126 1073 his
1160 1020 1338 1073 verbis
1385 1019 1641 1075 edisserit
1677 1020 1930 1075 doctissi-

363 1129 483 1167 mus
514 1114 765 1166 Allatins.
794 1112 1048 1180 Exceptis
1075 1112 1289 1179 magnis
1316 1112 1777 1176 solemnitatibus,
1807 1128 1930 1180 qua:

361 1205 633 1273 peculiare
651 1205 755 1258 sibi
781 1214 1034 1271 poscunt,
1071 1205 1425 1273 Evangelium
1450 1206 1501 1257 in
1544 1205 1770 1273 reliquis
1799 1206 1927 1260 anni

358 1296 551 1350 diebus
619 1297 694 1348 ita
756 1295 1160 1362 dispertiuntur
1210 1294 1405 1358 Graaci,
1458 1307 1516 1349 ut
1565 1298 1730 1351 unius
1776 1297 1928 1365 prius

357 1387 701 1453 evangelistte
747 1396 954 1440 textum
986 1387 1039 1439 in
1089 1397 1343 1440 tmomata
1373 1387 1621 1441 dividant
1648 1397 1701 1442 et
1732 1390 1927 1444 diebus

355 1480 646 1547 applicent,
684 1479 863 1532 donec
885 1478 1057 1544 llniat,
1102 1480 1453 1555 postmodum
1483 1480 1713 1535 alterius
1747 1483 1926 1535 conti-

354 1581 536 1635 nuent,
580 1575 753 1625 donec
821 1571 1004 1624 omnia
1046 1571 1112 1624 ad
1160 1575 1367 1626 exitum
1436 1573 1816 1641 perduxerint,
1870 1584 1927 1630 et

354 1663 543 1717 diebus
570 1662 869 1718 Dominicis
903 1679 934 1718 a
958 1664 1228 1730 scriptore
1268 1664 1549 1733 Evangelii
1584 1681 1785 1719 nomen
1820 1669 1925 1720 im.

352 1764 593 1821 ponant:
651 1755 844 1809 dicunt
871 1756 1016 1809 enim
1062 1756 1093 1824 ἡ
1133 1755 1325 1825 πρώτη
1361 1757 1603 1827 κυριακὴ
1635 1758 1729 1811 τοῦ
1762 1760 1919 1812 Matt-

351 1844 526 1909 θαίου,
554 1846 585 1912 ἡ
636 1846 871 1916 δευτέρα
919 1845 1014 1899 τοῦ
1046 1848 1355 1909 Ματθαὶου,
1388 1861 1442 1901 et
1476 1849 1555 1902 sic
1588 1849 1655 1903 de
1687 1850 1831 1905 aliis.
1862 1850 1921 1904 Id

350 1944 408 1986 nt
438 1935 629 1989 melius
656 1937 1113 2006 comprehendas,
1141 1937 1297 1991 velim
1321 1939 1488 2008 318
1513 1941 1923 1996 animadvertas

351 2023 573 2079 Joannis
658 2027 935 2097 Evangelii
1000 2038 1246 2084 .textum
1312 2030 1632 2084 universum
1714 2041 1922 2100 septem

348 2115 575 2186 integris
618 2116 1053 2174 hebdomadibus
1102 2120 1228 2188 legi,
1261 2134 1385 2188 quae
1416 2135 1444 2173 a
1481 2135 1674 2189 magna
1706 2123 1924 2191 pascha:

346 2209 624 2264 Dominica
659 2210 834 2265 tribus
868 2212 1062 2265 diebus
1086 2213 1331 2281 exceptis
1361 2223 1746 2281 numerantur,
1785 2216 1922 2270 Mat-

346 2301 473 2355 tlnei
504 2300 635 2356 feria
667 2303 905 2357 secunda
936 2316 1057 2372 post
1088 2303 1431 2359 Dominicam
1460 2305 1812 2362 Pentecostes
1854 2309 1921 2364 ad

345 2393 764 2461 subsequentem
796 2394 1131 2450 Paraseeven
1157 2397 1523 2451 Exaltationis
1555 2398 1697 2452 diem
1720 2399 1918 2455 festum

345 2486 752 2554 absolviturque
805 2487 1241 2542 hebdomadibus
1295 2498 1504 2557 septem
1584 2499 1638 2544 et
1694 2492 1907 2546 decem.

346 2576 551 2629 Harum
590 2576 1108 2646 undecimsingu'is
1128 2578 1323 2633 diebus
1354 2579 1589 2632 Matthmi
1628 2581 1919 2636 lectionem

343 2668 683 2731 continuant,
733 2683 762 2722 a
797 2668 1125 2723 duodecima
1149 2670 1401 2738 quinque
1458 2680 1668 2724 tantum
1724 2671 1923 2727 diebus

342 2758 509 2813 Marci
560 2759 723 2813 lectio
802 2759 1126 2822 assumitur,
1179 2759 1436 2815 Sabbatis
1494 2772 1549 2814 et
1613 2760 1919 2818 Dominicis

340 2850 578 2906 Matthael
618 2852 781 2907 lectio
835 2852 1163 2919 restituitur,
1214 2868 1391 2922 usque
1418 2856 1484 2908 ad
1523 2854 1917 2909 hebdomadem

340 2942 603 2997 decimam
640 2955 693 2998 et
740 2943 1052 3012 septimam,
1110 2944 1413 2998 dummodo
1465 2945 1583 2999 haec
1640 2954 1917 3014 postrema

340 3037 486 3088 inter
539 3045 752 3104 tempus
800 3036 1057 3104 paschale
1098 3045 1401 3101 occurrat;
1441 3037 1525 3091 sin
1574 3039 1777 3104 minus,
1806 3054 1917 3093 non

2040 556 2228 610 forsan
2259 558 2528 626 scriptura
2561 566 2643 611 est
2666 557 3055 611 curtabraccia.
3090 557 3299 617 GBBTS.

2080 643 2255 697 vIbid.
2290 644 2852 716 [Ποιεῐεῠλογητόν.
2885 647 2928 699 Λ
2958 647 3340 706 benedictione
3372 655 3626 722 auspica-

2040 743 2147 799 lur,
2184 736 2371 789 dicens
2410 754 2424 790 :
2464 737 2773 806 Εὐλογητὸς
2807 738 2997 801 ὁΘεὸς
3032 739 3193 809 ἡμῶν
3243 744 3497 809 πάντοτε,
3528 748 3622 799 νῦν

2035 824 2131 876 καὶ
2164 825 2251 876 ἀεὶ
2285 825 2379 877 καὶ
2411 827 2489 889 εἰς
2521 827 2647 887 τοὺς
2681 825 2885 889 αἰῶνας
2912 828 3026 881 τῶν
3062 831 3299 886 αιώνων.

2108 913 2252 970 Ibid.
2286 917 2357 969 Τὸ
2389 917 2720 988 τρισάγιον.
2746 919 2785 971 Α
2830 928 2911 975 ter
2944 926 3173 990 repetita
3243 940 3380 984 voce
3420 928 3618 994 ἆγιοςε

2038 1006 2226 1074 ’Ἄγιος
2247 1009 2274 1059 ὁ
2301 1009 2457 1075 Θεὸς,
2498 1012 2654 1077 ἆγιος
2695 1012 2935 1082 ἰσχυρὸς,
2964 1015 3121 1083 ἅγιος
3144 1018 3436 1087 ἀθάνατος,
3463 1021 3615 1090 ἐλέη-

2036 1114 2126 1151 σον
2161 1101 2331 1168 ἡμᾶς.

2104 1185 2248 1245 Ibid.
2297 1191 2408 1245 Τοῦ
2439 1194 2818 1262 εὐαγγελίου.
2850 1196 3023 1266 Cujus
3055 1200 3392 1269 ἁρχιτέλεια,
3414 1204 3619 1271 princi-

2035 1283 2187 1350 pium
2222 1292 2277 1335 et
2302 1283 2426 1337 linis
2453 1294 2581 1338 sunt
2616 1302 2631 1338 :
2666 1284 2846 1341 Sciens
2890 1288 3046 1343 Iesus
3083 1292 3208 1360 quia
3240 1294 3420 1347 omnia
3466 1295 3613 1349 dedit

2028 1374 2075 1426 ei
2109 1372 2288 1441 Pater,
2314 1387 2417 1429 etc.
2452 1386 2632 1430 etnon
2660 1382 2788 1432 estis
2824 1381 3007 1434 mundi
3038 1396 3239 1437 omnes.

2101 1465 2162 1520 Ρ.
2196 1469 2284 1522 71.
2344 1468 2484 1539 [Τοῦ
2544 1470 2838 1540 νιπτῆρος
2893 1472 3246 1530 ἀκολουθία.
3295 1477 3469 1543 Quam
3519 1480 3612 1548 qui

2029 1560 2366 1614 desiderabit
2428 1563 2723 1632 integram,
2778 1574 2967 1620 nostra
3019 1567 3376 1637 Eucliologia,
3403 1571 3450 1624 si
3496 1586 3610 1623 me-

2030 1661 2243 1715 rentur,
2269 1651 2464 1707 adibit.
2523 1655 2843 1708 Ἀκολουθία
2902 1666 3085 1712 autem
3120 1660 3350 1728 afﬁciam
3372 1672 3450 1714 est
3472 1662 3612 1714 divi-

2027 1758 2175 1805 num,
2207 1744 2368 1812 cujus
2411 1755 2596 1815 partes
2650 1751 2717 1801 ad
2747 1749 2980 1805 invicem
3025 1766 3289 1809 connexa:
3320 1753 3519 1810 ordine
3552 1771 3611 1809 se

1954 1815 1996 1872 υ
2025 1835 2458 1903 consequuntur,
2494 1840 2653 1907 quasi
2684 1843 2979 1911 sequentia.
3012 1842 3204 1916 Gustu]

2100 1926 2243 1980 Ibid.
2278 1929 2437 1984 Alter
2464 1933 2633 1986 codex
2662 1932 2862 1989 Boicus
2895 1936 2999 1989 ἀνὰ
3026 1940 3269 2007 χρυσοῦν
3290 1942 3607 2013 νομίσματα

2024 2015 2173 2084 τρία.
2205 2016 2413 2073 Forsan
2446 2029 2592 2075 recta
2612 2023 2777 2076 lectio
2800 2025 2906 2078 erit
2933 2026 3035 2078 ἀνὰ
3061 2030 3241 2096 χρυσᾶ
3268 2032 3605 2102 νομίσματα,

2024 2114 2084 2157 ut
2118 2106 2221 2159 ἀνὰ
2249 2109 2495 2177 capiatur
2545 2125 2612 2165 eo
2641 2128 2807 2167 sensu
2840 2129 2951 2183 quo
2985 2117 3174 2171 Matth.
3209 2134 3281 2173 xx
3312 2137 3326 2174 :
3363 2122 3600 2177 Ἔλαϐον

2024 2198 2127 2251 ἀνὰ
2157 2200 2437 2271 δηνάριον,
2492 2217 2802 2273 acceperunt
2851 2209 3050 2277 singuli
3096 2210 3398 2269 denarium.
3436 2217 3600 2269 Ἔλα-

2024 2289 2122 2343 6ον
2152 2292 2248 2343 καὶ
2278 2293 2433 2347 αὐτοὶ
2470 2296 2575 2349 ἀνὰ
2610 2296 2893 2368 δηνάριον,
2926 2313 3239 2369 acceperunt
3269 2305 3375 2373 ipsi
3395 2297 3602 2377 quoque

2022 2378 2221 2449 singuli
2251 2382 2550 2439 denarium.
2584 2383 2789 2442 (ἴητε.

2095 2471 2238 2528 Ibid.
2307 2474 2597 2547 [Τράπεζα
2637 2478 2709 2532 δὲ
2769 2481 3060 2551 οὐδαμοῦ.
3112 2484 3195 2542 01)
3248 2488 3607 2560 religiosioris

2018 2564 2214 2634 ieiunii
2277 2580 2638 2640 praeceptum,
2686 2575 2832 2642 quod
2895 2585 3076 2632 tamen
3125 2581 3289 2635 etiam
3322 2586 3607 2639 monachis

2024 2657 2131 2714 hoc
2147 2660 2234 2715 die
2270 2662 2400 2716 vino
2436 2678 2544 2719 non
2576 2664 2883 2721 interdicit.
2921 2670 3319 2743 Euchologium
3345 2692 3360 2729 :
3390 2677 3605 2730 Δὲδοται

2021 2750 2082 2803 τὸ
2136 2754 2538 2820 κατακλαστὺν,
2598 2756 2693 2811 καὶ
2743 2760 3253 2834 μεταλαμϐάνομεν
3304 2766 3453 2820 οἴνου
3507 2769 3605 2838 μό-

2020 2859 2136 2897 νου.

2091 2932 2257 3002 319
2286 2934 2428 2989 Ῐὺίαο
2482 2936 2630 3008 [Τῆς
2657 2940 2998 3009 ἀγρυπνίας
3050 2946 3406 3005 ἀκολουθία.
3438 2951 3606 3007 Volu-

2021 3031 2146 3090 ptas
2178 3025 2380 3092 quietis
2410 3031 2819 3094 quantumlibet
2848 3034 3099 3091 studiosa
3124 3037 3178 3091 in
3204 3040 3428 3109 vigiliis,
3460 3061 3600 3114 quas

339 3126 556 3193 legitur.
587 3126 748 3182 Lucae
775 3127 1135 3197 Evangelium
1165 3142 1193 3181 a
1223 3127 1356 3182 l‘eria
1378 3130 1618 3184 secunda
1654 3145 1773 3199 qua:
1804 3130 1915 3185 Do-

2025 3115 2355 3183 παννυχίδας
2405 3126 2629 3184 vocant,
2660 3119 2848 3176 luxum
2907 3126 3125 3193 quaerit,
3172 3129 3240 3183 de
3278 3130 3481 3199 quibus
3512 3135 3602 3189 Si-

339 3217 595 3271 minicam
651 3229 771 3285 post
833 3217 1232 3273 Exaltationem
1296 3219 1520 3287 excipit,
1584 3227 1639 3271 et
1685 3220 1915 3287 integris

344 3309 776 3364 hebdomadibus
818 3298 1136 3364 duodecim
1189 3309 1565 3365 continuatur.
1622 3311 1703 3364 Ab
1758 3311 1916 3366 initio

338 3403 513 3456 tertiae
535 3403 756 3456 decima:
784 3401 951 3455 Marci
978 3400 1319 3470 percurritur
1347 3400 1401 3453 in
1435 3401 1669 3468 reliquis
1695 3401 1911 3468 diebus,
1944 3386 1949 3391 ’

337 3493 431 3546 sed
472 3492 727 3547 Sabbatis
752 3505 807 3547 et
842 3493 1148 3547 llotninicis
1194 3492 1357 3546 Lucae
1384 3493 1711 3547 assumitur.
1744 3494 1911 3549 Marci

338 3582 554 3638 tandem
609 3584 753 3638 inter
794 3584 1031 3638 Matthasi
1092 3592 1147 3637 et
1174 3583 1338 3638 Lucae
1387 3584 1732 3648 absumitur;
1765 3584 1913 3654 quod

334 3690 465 3729 vero
486 3677 772 3746 supererit,
801 3677 1054 3731 Sabbatis
1082 3685 1137 3730 et
1166 3675 1463 3731 Dominicis
1485 3678 1914 3747 quadragesimae

335 3768 655 3822 absolvitur.
688 3767 812 3821 Htec
848 3768 956 3821 ille.
979 3764 1183 3837 Gesn]

404 3861 468 3913 P.
507 3861 588 3915 70.
616 3860 689 3913 De
716 3874 864 3913 more
894 3859 1110 3913 lavandi
1138 3858 1325 3928 pedes,
1361 3867 1469 3912 tam
1497 3858 1600 3913 hoc
1625 3860 1712 3913 die
1744 3873 1910 3927 quam

333 3950 475 4017 aliis,
507 3953 786 4022 proprium
818 3951 1142 4020 opusculum
1176 3950 1345 4015 edidi,
1385 3950 1531 4019 quod
1564 3948 1905 4011 Pedilavium

331 4045 622 4114 inscripsi;
649 4045 737 4098 cui
766 4045 931 4097 etiam
954 4058 1023 4097 ex
1058 4042 1393 4112 Euchologio
1435 4041 1752 4097 Graecorum
1794 4042 1912 4096 olli-

331 4136 476 4190 cinm
514 4135 762 4200 pedilavii
805 4134 1041 4190 inserui.
1073 4133 1186 4188 Nec
1232 4132 1476 4189 Orientis
1508 4142 1717 4187 tantum
1748 4150 1907 4204 reges

329 4240 383 4283 et
420 4230 777 4298 imperatores
810 4228 915 4282 hoc
962 4228 1049 4281 die
1090 4242 1399 4296 pauperum
1427 4224 1594 4294 pedes
1624 4226 1902 4291 levabant,

331 4319 427 4374 sed
466 4329 517 4374 et
541 4318 876 4381 Occidentis,
912 4328 970 4372 ut
1002 4318 1254 4387 pluribus
1289 4316 1556 4386 exemplis
1602 4317 1822 4372 ostendi
1850 4319 1906 4371 in

324 4411 435 4480 jam
471 4412 620 4467 dicto
651 4413 942 4481 epusculo.

396 4524 527 4580 Post
586 4525 891 4579 absolutam
926 4522 1298 4577 narrationem
1361 4522 1429 4575 de
1465 4518 1670 4575 lotione
1696 4519 1897 4588 pedum

326 4619 576 4688 seq‘uitur
639 4619 693 4672 in
744 4618 984 4671 editione
1027 4614 1265 4670 Juniana
1333 4615 1524 4669 titulus
1560 4615 1687 4675 iste,
1744 4615 1771 4664 ὁ
1818 4627 1901 4664 νι-

325 4712 487 4782 πτὴς.
507 4710 613 4765 Sed
644 4709 777 4763 vidit
805 4711 1036 4777 ipsemet
1061 4704 1262 4760 Junius
1283 4705 1500 4759 titulum
1533 4721 1637 4758 non
1662 4720 1761 4757 suo
1783 4703 1905 4756 loco

326 4804 567 4870 positum
608 4817 752 4866 esse,
787 4800 907 4854 etsi
946 4798 1294 4867 recipiendus
1318 4798 1411 4863 sit,
1435 4796 1746 4864 ponendum
1780 4804 1905 4849 ante

325 4896 415 4949 illa
441 4897 622 4960 verba,
643 4895 747 4964 πρὸ
769 4894 824 4946 δι
852 4896 950 4962 τῆς
984 4890 1356 4959 λειτουργίας,
1380 4897 1489 4944 etc.
1514 4886 1626 4942 Nec
1652 4888 1705 4941 in
1736 4888 1905 4941 altero

324 4989 514 5042 codice
539 4987 700 5041 Boico
732 4993 1041 5053 comparet.
1071 4980 1281 5037 Gners.

397 5100 543 5154 Ibid.
582 5100 865 5174 [Absoluta
919 5099 1085 5153 missa
1121 5095 1451 5166 lavipedium
1492 5094 1606 5147 ﬁeri
1658 5093 1903 5162 praecipit

322 5196 744 5263 Eucliologium.
824 5191 973 5262 quod
1048 5190 1237 5260 populi
1299 5186 1677 5243 commoditati
1735 5202 1898 5254 quam

320 5285 606 5356 mysterio,
640 5271 784 5352 quod
807 5284 1067 5337 observat
1103 5280 1422 5350 imperator,
1460 5277 1790 5331 statsatius.

388 5398 527 5454 Ibid.
570 5396 918 5464 ’Υποκάμισα
943 5403 1134 5447 auctor
1155 5392 1393 5460 explicat
1411 5391 1670 5459 χιτῶνας,
1700 5388 1898 5444 SuiJas

320 5490 641 5553 ὲπενδύτας,
697 5487 949 5541 ὲσώτατα
1007 5485 1220 5553 ἱμάτια,
1256 5484 1499 5548 tunicas;
1535 5481 1725 5536 Simon
1759 5481 1897 5535 Por-

316 5586 429 5636 tius
458 5597 581 5636 eum
621 5581 781 5648 vulgo
835 5576 1209 5646 ὑποχιτῶνας,
1258 5574 1899 5646 ἑχέσαρκα,ὲνδοτάτους

318 5673 701 5745 χιτωνίσκους,
734 5688 840 5726 uno
863 5673 1032 5725 verbo
1063 5669 1343 5724 interuias.
1370 5666 1570 5737 Genu]

385 5786 528 5840 Ibid.
567 5783 983 5840 Curlzebraccia
1016 5782 1173 5836 ἔται-ιε
1220 5783 1399 5845 Itosen,
1436 5791 1493 5833 ut
1530 5778 1891 5847 παπούτξιον,

2023 3213 2284 3271 mocatta,
2312 3222 2427 3275 vm,
2466 3208 2530 3263 15
2561 3229 2574 3263 :
2610 3210 2854 3280 Σύνηθες
2884 3215 3018 3282 γοῦν
3040 3221 3155 3280 τοϊς
3182 3221 3481 3293 ἐγχωρίοις
3506 3227 3601 3277 ἐπὶ

2018 3299 2131 3357 τοῖς
2165 3297 2583 3369 λελοχευμένοις
2630 3303 2870 3367 παιδίοις
2917 3308 3220 3378 ἐδδομαίαν
3266 3314 3459 3381 ἄγουσι
3496 3316 3600 3387 τὴν

2017 3387 2237 3458 ἡμέραν
2266 3392 2591 3459 συμποσίων
2616 3395 2840 3469 ἑορταῖς
2872 3401 3478 3471 καταπαννυχίζεσθαι.
3518 3406 3603 3461 Di-

2019 3479 2277 3537 lectionis
2300 3484 2508 3552 pariter
2534 3484 2718 3542 fervor
2736 3488 3052 3557 asperitatis
3071 3506 3287 3559 amans,
3309 3494 3364 3550 in
3388 3494 3597 3552 Christi

2019 3584 2197 3629 morte
2258 3578 2549 3644 protractis
2582 3594 2678 3647 per
2733 3580 2878 3636 diem
2906 3581 3154 3652 jejuniis,
3205 3589 3386 3643 noctis
3434 3604 3599 3645 omne

2017 3662 2254 3730 spatium
2311 3666 2564 3721 insomne
2619 3670 2844 3725 molitur
2873 3674 3037 3727 etiam
3090 3676 3147 3729 in
3196 3677 3595 3747 imperatorum

2015 3755 2237 3824 palatiis
2265 3758 2585 3828 adiungere.
2630 3761 2976 3833 Παννυχίδας
3001 3780 3190 3824 sacras
3226 3784 3332 3823 non
3364 3772 3595 3827 ascetici

2014 3847 2178 3901 modo
2209 3846 2431 3914 fratres,
2470 3850 2567 3904 sed
2611 3861 2664 3906 et
2693 3857 3116 3923 communioris,
3166 3858 3378 3914 devotae
3411 3869 3593 3918 tamen

2012 3935 2138 3991 vita:
2167 3950 2534 4008 praeceptores
2558 3942 2677 3996 suis
2711 3945 2937 4014 scriptis
2963 3949 3266 4007 celebrant.
3292 3951 3593 4010 Commen-

2014 4027 2146 4081 dant
2181 4028 2234 4081 in
2269 4030 2566 4100 praecipuis
2593 4032 2801 4095 Christi
2837 4037 3051 4094 Domini
3080 4050 3134 4095 et
3165 4041 3411 4110 Deiparaa
3438 4046 3593 4101 festis

2011 4120 2391 4176 ecclesiastica
2425 4123 2625 4186 cilicia,
2659 4126 2747 4180 ubi
2799 4126 3227 4198 frequentiorem
3264 4134 3479 4201 plebem
3523 4138 3592 4191 ad

2011 4213 2377 4267 concinendas
2405 4215 2498 4270 Dei
2530 4217 2722 4272 laudes
2752 4232 3074 4276 convocant.
3108 4222 3232 4279 Haec
3262 4240 3388 4279 vero
3418 4228 3593 4298 ἀγρυο

2011 4304 2144 4355 avia
2181 4304 2291 4356 τῶν
2326 4305 2516 4360 παθῶν
2546 4308 2683 4363 adeo
2707 4311 2877 4371 culta,
2909 4321 2967 4364 ut
2999 4313 3141 4366 κατὰ
3187 4314 3279 4369 τὸν
3314 4320 3591 4388 τεταγμέ-

2012 4410 2101 4447 νον
2132 4395 2350 4465 καιρδν,
2378 4398 2526 4453 eirca
2552 4403 2849 4456 secundam
2906 4403 3175 4462 nimirum
3204 4407 3287 4462 vel
3316 4410 3534 4465 tertiam
3560 4429 3592 4467 a

1937 4478 1982 4534 D
2008 4489 2254 4543 serotino
2284 4492 2615 4559 crepusculo
2646 4493 2861 4559 horam,
2898 4510 3007 4549 non
3044 4499 3215 4564 possit
3243 4499 3311 4555 ab
3350 4502 3590 4572 impera-

2010 4590 2132 4635 tore
2171 4597 2282 4636 non
2335 4583 2626 4640 celebrari.
2656 4585 2732 4640 De
2787 4588 2871 4641 his
2910 4587 3067 4643 festis
3106 4593 3343 4661 vigilatis
3396 4605 3594 4650 tractat

2008 4670 2269 4738 Allatius,
2329 4673 2399 4729 de
2451 4675 2551 4729 lib.
2597 4676 2809 4733 Eccles.
2853 4676 3044 4737 Graeco
3092 4681 3487 4740 dissertatione
3537 4688 3589 4741 l.

2006 4760 2207 4833 Corum]

2078 4853 2226 4909 Ibid.
2260 4854 2561 4913 Duodecim
2587 4857 2697 4913 ista
2736 4861 3020 4929 evangelia
3099 4852 3261 4914 erant
3292 4864 3475 4927 partes
3517 4880 3585 4919 ex

2004 4952 2248 5013 quatuor
2276 4947 2999 5017 evangelistisdesumptte,
3061 4956 3118 5001 ut
3147 4949 3375 5018 planum
3441 4952 3498 5006 ﬁt
3523 4969 3589 5008 ex

2006 5037 2326 5100 Graecorum
2358 5036 2606 5103 Triodio,
2641 5038 2735 5091 ubi
2758 5038 3050 5093 duodecim
3103 5040 3299 5094 ordine
3360 5057 3592 5101 enume-

2004 5138 2222 5193 rantur,
2267 5128 2530 5199 adjuncto
2584 5127 2957 5196 evangelistae,
3011 5143 3077 5183 ex
3136 5145 3244 5199 quo
3305 5136 3593 5205 quodlibet

2004 5221 2353 5289 desumptum
2386 5228 2491 5283 est,
2525 5220 2766 5275 nomine.
2805 5219 2993 5289 Itaque
3043 5222 3176 5285 nihil
3211 5224 3327 5282 haec
3383 5228 3595 5285 duode-

2003 5314 2110 5367 cim
2134 5313 2552 5381 evangeliorum
2592 5312 2757 5368 lectio
2788 5315 2856 5369 ad
2887 5314 3036 5373 illam
3070 5328 3312 5386 quatuor
3345 5320 3592 5392 Evange-

1998 5406 2199 5461 liorum
2240 5421 2335 5459 seu
2368 5406 2465 5458 τοῦ
2516 5408 3035 5476 τετραευαγγελίου,
3076 5420 3134 5464 ιιι
3163 5426 3231 5466 ex
3271 5415 3435 5470 dictis
3460 5432 3590 5484 per-

2001 5502 2255 5569 spicuum
2277 5499 2633 5569 relinquitur.
2667 5497 2891 5555 Falsum
2923 5515 3110 5558 autem
3147 5513 3231 5559 est
3290 5508 3586 5561 duodecim

2004 5586 2118 5648 haec
2143 5594 2419 5663 evangelia
2483 5603 2678 5663 quater
2705 5597 2760 5650 in
2785 5612 2930 5651 anno
2992 5598 3129 5652 lecta
3160 5614 3307 5663 esse,
3344 5609 3402 5653 ut
3457 5600 3593 5654 dicit

2003 5686 2299 5741 Meursius.
2368 5687 2548 5742 Semel
2584 5689 2805 5743 inanno
2860 5692 2998 5745 lecta
3046 5700 3195 5755 sunt,
3221 5706 3327 5744 non
3363 5702 3584 5757 quater,

2003 5793 2196 5851 nempe
2232 5791 2425 5848 magna
2490 5779 2627 5835 feria
2670 5784 2861 5850 quinta
2894 5781 2947 5851 in
3015 5780 3189 5837 cilicio
3228 5781 3436 5852 vigiliae
3487 5800 3585 5853 pro
