4048 6420
513 328 616 393 355

1597 328 1676 387 ΙΝ
1714 327 2011 388 LIBRUM
2057 330 2151 388 DE
2193 328 2521 391 OFFiCllS
2548 330 2657 393 CP.
3618 349 3710 407 3216

514 445 655 499 l‘esto
684 436 1018 497 Parasceves
1049 438 1330 494 institutae.
1360 439 1572 493 TBalClll
1596 441 1665 494 do
1691 440 1867 510 ipsum
1921 441 2059 523 Codi

2189 453 2359 506 πολλὰ
2397 453 2494 521 μὲν
2524 453 2615 504 καὶ
2657 450 2791 504 ἄλλα
2843 452 3259 521 συγγράμματα
3307 454 3534 525 βιωφελῆ
3567 476 3703 512 κατα.

513 549 643 586 num
670 539 724 584 ct
754 530 1060 584 Triodium.
1088 525 1197 583 Nec
1222 538 1367 583 recte
1392 528 1665 584 Meursius
1705 532 1809 585 huc
1853 532 2081 586 advocat.

510 622 796 677 lectionem
844 620 1133 675 duodecim
1190 619 1485 674 lectionum
1539 618 1639 675 ex’
1672 624 1974 676 Anastasio
2028 635 2081 677 et

508 715 755 767 Bernone
792 727 809 767 :
840 712 1134 775 loquuntur
1158 712 1304 764 enim
1330 711 1395 765 de
1416 712 1703 766 duodecim
1742 713 2079 768 lectionibus

507 806 560 858 in
589 805 830 873 angariis
859 820 954 859 seu
989 814 1229 873 quatuor
1272 805 1613 873 temporibus
1672 807 1892 860 recitari
1943 821 2079 860 con-

505 897 695 952 suetis.
723 897 793 951 At
846 895 1089 950 Codinus
1142 895 1255 965 agit
1302 896 1369 951 de
1424 897 1709 951 duodecim
1762 896 2079 966 evangeliis,

505 1000 628 1053 qua:
670 987 858 1055 quinta
903 986 1039 1039 feria
1090 986 1315 1055 majoris
1370 986 1726 1041 hebdomadis
1788 988 1843 1039 in
1901 986 2080 1041 olIicio

506 1078 700 1145 vigiliae
753 1077 1092 1146 legebantur.
1151 1077 1260 1131 Nec
1315 1077 1608 1130 duodecim
1655 1078 1761 1130 ill-.e
1793 1077 2076 1143 lectiones,

504 1182 641 1236 quas
673 1182 737 1221 ex
763 1168 1060 1223 Anastasio
1089 1177 1163 1221 et.
1188 1167 1440 1221 Bernone
1477 1166 1731 1235 producit
1784 1167 2075 1229 Meursius,

504 1273 557 1309 tn
590 1258 835 1326 auguriis
862 1272 927 1310 ex
955 1256 1249 1325 Evangelio
1308 1257 1693 1321 sumebantur,
1727 1257 1823 1312 sed
1874 1272 1942 1311 ex
1968 1257 2079 1311 Mo-

505 1349 664 1400 saicis
683 1359 736 1400 et
767 1347 1099 1415 propheticis
1127 1346 1304 1411 libris,
1338 1354 1394 1398 ut
1432 1357 1487 1399 et
1513 1346 1675 1400 hodie
1724 1347 2076 1415 angariarum

505 1436 769 1489 lcctioucs
798 1437 1126 1503 quinqueex
1187 1436 1486 1504 prophetiis
1558 1447 1841 1505 petuntur.
1900 1435 2075 1502 Quam

505 1528 751 1595 apposite
772 1542 899 1580 vero
930 1527 997 1580 ad
1054 1528 1359 1595 evangelia,
1411 1542 1534 1596 qua:
1592 1528 1967 1581 recitabantur
2021 1529 2074 1582 in

504 1616 757 1681 ecclesia,
790 1616 1171 1670 accommodat
1199 1616 1468 1671 Meursius
1498 1617 1630 1672 illud
1666 1617 1855 1672 lsidori
1902 1617 2033 1671 Pelu
2053 1645 2076 1659 -

2182 544 2360 595 λείπει
2386 546 2451 611 τῇ
2492 541 2587 594 τοῦ
2621 542 2757 594 Θεοῦ
2803 542 3122 611 Ἐκκλησία,
3156 543 3348 611 λόγους
3377 563 3433 598 τε
3463 550 3547 599 καὶ
3579 553 3704 602 κανό-

2183 652 2296 697 νας,
2339 633 2541 702 μᾶλλον
2592 633 2882 702 ἀδρότερος
2918 635 2975 686 ὲν
3008 636 3121 695 τοίς
3173 620 3706 706 πανηγυρικοῖς⁸γινόο

2186 727 2345 796 μενός
2370 743 2429 778 τε
2463 727 2556 778 xui
2582 726 2954 795 δεικνύμενος,
2985 727 3083 780 σὺν
3114 728 3333 790 πολλοῖς
3361 729 3412 781 δὲ
3440 730 3606 793 ἄλλοις
3632 736 3708 785 καὶ

2180 819 2273 871 τὸν
2330 820 2579 887 παρόντα
2633 818 2808 887 μέγαν
2860 818 3063 870 κανόνα
3116 819 3397 884 συνέταξε,
3448 824 3709 887 κατάνυειν

2181 910 2411 979 ἄπειρον
2447 908 2668 978 ἔχοντα.
2704 910 2891 961 Πᾶσαν
2916 909 3023 978 γὰρ
3046 908 3279 969 παλαιᾶς
3312 914 3402 961 καὶ
3436 913 3554 971 νέας
3593 915 3709 964 isto-

2187 1003 2311 1073 ρίαν
2336 1001 2614 1072 Διαθὴκης
2641 1002 3036 1070 ἔρανισάμενος
3072 1003 3165 1054 xui
3193 1002 3451 1072 ἀθροίσας
3479 1004 3535 1056 τὸ
3562 1007 3711 1073 παρὸν

2181 1095 2463 1163 ἡρμόσατο
2496 1094 2679 1163 μέλος,
2710 1094 2819 1145 ἀπὸ
2863 1094 3039 1162 Ἀδὰμ
3068 1093 3269 1165 δηλαδὴ
3314 1096 3472 1164 μέχρι
3507 1098 3595 1147 xui
3627 1098 3712 1149 αύ-

2178 1184 2279 1252 τῆς
2306 1184 2548 1253 Χριστοῦ
2573 1184 2894 1253 ἀναλήψεως
2918 1187 3012 1237 καὶ
3037 1186 3131 1237 τοῦ
3160 1187 3268 1239 τῶν
3301 1184 3601 1241 ἀποστόλων
3628 1206 3712 1258 κη-

2182 1279 2483 1347 ρύγματος.
2536 1279 2918 1347 Προτρέπεται
2987 1279 3118 1344 γοῦν
3174 1280 3262 1332 διὰ
3318 1282 3504 1333 τούτου
3554 1284 3714 1333 πᾶσαν

2176 1370 2380 1439 ψυχὴν,
2409 1372 2510 1423 ὅσα
2558 1370 2657 1438 μὲν
2687 1370 2870 1437 ἀγαθά
2895 1370 2991 1434 τῆς
3025 1372 3268 1437 ἱστορίας
3300 1371 3494 1439 ζηλοῦν
3524 1374 3610 1425 καὶ
3642 1391 3715 1440 μι-

2181 1461 2401 1530 μεῖσθαι
2432 1462 2565 1529 πρὸς
2596 1457 2847 1526 δύναμιν,
2881 1459 2983 1510 ὅσα
3008 1458 3063 1510 δὲ
3096 1458 3204 1511 τῶν
3245 1460 3466 1527 φαύλων
3496 1461 3707 1528 ἀποφεύ-

2176 1569 2317 1617 γειν,
2342 1550 2438 1603 xui
2467 1551 2554 1601 usi
2594 1549 2733 1617 πρὸς
2758 1549 2890 1600 Θεὸν
2921 1550 3263 1619 ἀνατρέχειν,
3300 1551 3386 1603 διὰ
3430 1554 3717 1620 μετανοίας,

2175 1644 2263 1696 διὰ
2298 1643 2546 1712 δακρύων
2576 1642 2672 1693 xui
2702 1639 3154 1711 ὲξομολογήσεως
3198 1644 3293 1695 xui
3320 1644 3419 1712 τῆς
3447 1645 3606 1711 ἄλλης
3639 1645 3717 1713 δη-

504 1708 679 1771 siotae,
710 1708 744 1761 l.
784 1724 843 1771 ιι,
877 1722 963 1775 ep.
992 1707 1113 1767 150.
1145 1707 1233 1761 ubi
1265 1707 1341 1760 ait
1382 1708 1718 1777 phylacteria
1760 1708 2064 1763 Iudaeorum

2181 1733 2356 1787 λονότι
2380 1731 2814 1801 εὐαρεστήσεως.
2845 1731 2992 1799 Πλὴν
3019 1734 3074 1792 ἐς
3098 1733 3352 1785 τοσοῦτόν
3374 1736 3516 1786 ἐστιν
3545 1733 3719 1802 εὔρους

504 1799 675 1851 fuisse
705 1796 882 1849 δελτία
916 1798 1110 1867 μικρὰ,
1143 1798 1283 1868 ἅπερ
1312 1797 1537 1867 ἐφόρουν
1573 1801 1620 1852 οἱ
1653 1800 1759 1851 τῶν
1802 1800 2073 1854 Ἰουδαίων

504 1885 816 1954 καθηγηταὶ
839 1884 1029 1953 ὥσπερ
1053 1884 1147 1937 νῦν
1168 1886 1223 1936 αἱ
1252 1888 1512 1952 γυναῖκες
1560 1887 1627 1939 τὰ
1655 1881 1951 1955 εὐαγγέλια
2009 1887 2076 1940 τὰ

504 1978 697 2045 μικρά.
734 1977 1042 2029 Arbitratur
1101 1990 1269 2043 parva
1299 1975 1468 2030 fuisse
1493 1977 1774 2045 evangelia
1821 1978 1908 2030 illa
1955 1990 2075 2046 quae

505 2068 558 2120 in
596 2067 791 2135 templo
820 2066 1133 2135 legebantur
1166 2083 1179 2118 :
1214 2065 1305 2119 sed
1333 2081 1454 2120 cum
1493 2075 1604 2121 toto
1667 2082 1812 2121 anno
1840 2067 2073 2136 plurima

501 2159 779 2229 evangelia
819 2160 1140 2227 legerentur,
1172 2157 1317 2211 haud
1368 2173 1537 2229 parva
1580 2158 1687 2212 dici
1743 2162 2071 2228 potuissent.

502 2254 673 2305 Parva
700 2251 865 2319 igitur
892 2251 1153 2304 dicuntur
1176 2250 1259 2303 vel
1289 2251 1419 2317 quia
1461 2251 1676 2303 initium
1714 2252 1876 2305 unius
1899 2266 2069 2304 evana

501 2343 654 2409 gelii,
675 2350 802 2409 puta
820 2342 989 2395 sancti
1008 2339 1260 2407 Joannis,
1285 2340 1367 2393 vel
1388 2342 1630 2395 omnium
1660 2350 1892 2410 quatuor
1912 2356 2075 2395 evan-

499 2431 812 2497 gelistarum
829 2429 1051 2482 exordia
1068 2429 1438 2495 continebant,
1470 2428 1913 2500 ferebanturque,
1934 2440 1994 2484 ut
2016 2444 2072 2485 et

502 2521 663 2575 hodie
680 2521 1018 2590 evangelium
1056 2521 1883 2588 sanctiJoannis,atuuletorum
1927 2525 2067 2587 vice,

500 2613 1164 2684 potissimumafeminis.
1190 2616 1325 2670 Vide
1372 2631 1495 2684 qua:
1555 2617 1875 2686 scripsimus
1935 2628 2070 2673 tom.

503 2710 520 2761 l
548 2710 622 2763 De
653 2715 839 2761 sancta
868 2722 1052 2771 cruce,
1084 2707 1200 2771 l.tt,
1233 2723 1284 2763 c.
1311 2707 1417 2774 29;
1454 2709 1546 2764 sed
1604 2719 1664 2764 ut
1692 2709 1819 2764 hinc
1852 2712 2071 2766 tandem

499 2801 715 2864 abeam,
746 2798 898 2850 οὐδὲν
929 2797 1079 2866 ὑγιὲς
1113 2798 1169 2852 in
1231 2796 1497 2855 Glossarii
1538 2800 1835 2871 Evangelio
1890 2804 2071 2861 inesse

497 2887 730 2957 reperio.
764 2888 997 2952 Gnsrsd

572 2979 716 3033 Ibid.
749 2979 854 3051 [Τὰ
874 2979 1099 3033 δώδεκα
1134 2980 1472 3050 εὐαγγέλια.
1502 2980 1727 3039 Exhibet
1752 2983 2066 3041 Graecorum

2182 1823 2277 1876 xui
2308 1821 2548 1891 ἐμμελὴς
2575 1820 2648 1881 ὼς
2682 1821 2774 1873 καὶ
2809 1820 2978 1891 αὐτὴν
3011 1822 3108 1889 τὴν
3154 1823 3524 1893 σκληροτέραν
3559 1823 3720 1891 ψυχὴν

2180 1913 2379 1975 ἱκανῶς
2414 1910 2654 1981 μαλάξαι
2694 1911 2790 1963 xui
2822 1911 2959 1980 πρὸς
2995 1911 3263 1980 ἀνάληψιν
3297 1914 3502 1981 ἀγαθοῦ
3546 1915 3721 1979 διεγεῖο

2179 2021 2292 2073 ραι,
2334 2003 2382 2055 εί
2438 2002 2599 2071 μόνον
2653 2002 2792 2067 μετά
2838 2002 3311 2070 συντετριμμένης
3362 2004 3585 2073 καρδίας
3636 2004 3721 2055 xui

2176 2094 2455 2166 προσοχῆς
2486 2093 2801 2163 ἀνηκούσης
2838 2092 3112 2160 ψάλλοιτο.
3157 2095 3412 2163 Ἐποίησε
3447 2096 3499 2148 δὲ
3529 2096 3720 2160 τοῦτον,

2172 2189 2261 2241 ὅτε
2302 2189 2397 2241 xui
2442 2190 2469 2239 6
2498 2189 2847 2257 πατριάρχης
2904 2186 3299 2254 Ἰεροσολύμων
3332 2192 3361 2243 6
3411 2191 3575 2260 μέγας
3623 2190 3723 2242 Σω-

2174 2281 2395 2350 φρόνιος
2425 2280 2516 2331 τὸν
2561 2279 2660 2346 τῆς
2698 2278 3009 2344 Αἰγυπτίας
3039 2278 3260 2342 Μαρίας
3311 2278 3426 2349 βίον
3469 2279 3722 2345 συνεγρά-

2172 2372 2313 2440 ψατο
2337 2386 2353 2402 ο
2387 2370 2677 2433 κατάνυξιν
2707 2368 2815 2438 γάρ
2852 2370 2945 2421 xui
2971 2361 3126 2430 οὗτος
3158 2371 3185 2421 6
3229 2368 3346 2437 βίος
3376 2370 3723 2440 προὸἐόληται

2173 2468 2420 2533 ἄπειρον,
2453 2463 2545 2515 xui
2590 2462 2791 2532 πολλὴν
2838 2464 2953 2525 τοῖς
2992 2463 3278 2516 ἐπταικόσι
3331 2464 3429 2517 καὶ
3494 2465 3725 2532 ἁμαρτά-

2172 2574 2325 2612 νουσι
2382 2556 2739 2625 παραμυθίαν
2771 2554 3011 2617 δίδωσιν,
3048 2556 3095 2606 εί
3156 2556 3322 2624 μόνον
3368 2558 3476 2609 τῶν
3521 2556 3724 2623 φαύλων

2172 2647 2478 2715 ἀποστῆναι
2514 2646 2807 2715 βούλοιντο.
2864 2646 3201 2715 Ἐτάχθησαν
3247 2648 3306 2700 δὲ
3355 2649 3448 2701 xui
3482 2648 3617 2700 κατά
3638 2646 3725 2715 τὴν

2172 2737 2457 2808 παροῦσαν
2509 2737 2722 2807 ἡμέραν
2771 2736 3074 2803 ψάλλεσθαι
3128 2736 3223 2789 xui
3270 2737 3725 2806 ἀναγινώσκεσθαι

2170 2830 2446 2885 διἰαἰτίαν
2478 2828 2733 2896 τοιαύτην
2757 2846 2770 2860 ·
2808 2828 2992 2896 ἐπειδὴ
3021 2828 3128 2897 γὰρ
3154 2828 3292 2898 πρὸς
3323 2832 3385 2883 τὸ
3414 2830 3728 2897 τέλοςκὲγγξ-

2172 2926 2256 2987 ζει
2298 2924 2329 2992 ή
2365 2923 2495 2989 ἀγία
2532 2926 2971 2990 τεσσαρακοστὴ,
3006 2921 3095 2973 ἵνα
3138 2924 3213 2989 μὴ
3246 2924 3296 2973 οἱ
3345 2922 3619 2991 ἄνθρωπσι
3643 2921 3727 2990 ῥᾲ-

2172 3014 2335 3083 θυμοι
2379 2997 2848 3081 γεγονότεςρπρδς
2898 3014 3026 3074 τοὺς
3069 3016 3482 3081 πνευματικοῦς
3529 3013 3729 3081 ἀγῶνας

495 3074 1009 3140 εὐαγγελιστάριονν
1040 3089 1371 3143 οιιιηθηιίιυθ
1401 3091 1466 3129 ex
1503 3087 1741 3143 (ιυθιυοτ
1784 3080 2062 3149 Evangelii
2093 3088 2135 3143 (ἶ
2169 3074 2535 3172 ἀμελέστερον
2567 3074 2859 3154 διατεθώσι
2887 3102 2982 3153 xui
3012 3101 3105 3154 τοῦ
3150 3074 3728 3173 σωφρονεῖν-καθάπαξ

498 3165 855 3233 scriptoribus
891 3166 1165 3233 passionis
1200 3167 1484 3221 historiam
1521 3169 1714 3224 ordine
1757 3170 2069 3241 decerptam

496 3254 951 3331 eoncorditerque
979 3269 1284 3308 connexam
1317 3260 1785 3325 comprehendunt
1816 3280 1828 3315 :
1867 3279 2068 3319 unum-

494 3341 747 3407 quodque
764 3355 888 3393 vero
904 3340 1098 3409 τμῆμα
1113 3350 1195 3395 est
1214 3343 1450 3398 historiae
1464 3347 1735 3414 passionis
1750 3348 2065 3409 Dominicaz.

568 3449 712 3503 Ibid.
755 3451 1027 3518 Λαμπάς.
1076 3450 1299 3507 Nullum
1356 3456 1501 3511 aliud
1532 3458 1670 3513 inter
1708 3463 1967 3531 λαμπάδα
2013 3478 2068 3521 et

492 3543 665 3612 κηρὸν
704 3542 999 3596 discrimen
1033 3559 1199 3615 quam
1241 3546 1382 3600 inter
1428 3564 1775 3607 communem
1805 3564 1860 3609 et
1897 3558 2066 3626 majo-

492 3649 607 3686 rem
661 3642 889 3702 arteque
936 3638 1297 3705 exquisitiore
1343 3652 1620 3708 comptum
1672 3659 1889 3699 cereum
1926 3665 1940 3701 ε
1979 3651 2066 3706 hic

493 3724 844 3791 imperatori,
898 3726 1037 3782 alter
1096 3727 1402 3783 aulicorum
1463 3733 1634 3788 turbae
1696 3735 2061 3796 distribuitur.

492 3814 698 3887 Cosm]

562 3906 725 3974 320
755 3906 817 3960 Ρ.
858 3908 946 3961 72.
984 3909 1057 3962 Ex
1096 3920 1334 3979 quatuor
1363 3913 1560 3985 vigiliis
1591 3917 1643 3971 in
1685 3919 1885 3987 palatio
1916 3922 2061 3977 cele-

496 3998 640 4051 brari
692 4000 870 4054 solitis
926 4003 1098 4070 prima
1149 4012 1233 4058 est
1281 4009 1457 4076 magni
1510 4014 1744 4067 canonis.
1782 4012 1881 4069 Ubi
1929 4017 2062 4070 dicit

484 4086 680 4143 Junius
721 4090 912 4155 festum
967 4095 1144 4162 magni
1179 4100 1394 4152 canonis
1442 4116 1551 4153 esse
1589 4101 1918 4158 Dominicum
1968 4123 2058 4159 or-

494 4180 757 4235 thodoxiw
791 4197 808 4235 :
847 4184 941 4237 sed
988 4196 1133 4239 errat
1169 4203 1318 4242 more
1349 4204 1448 4244 suo
1481 4194 1731 4247 solemni.
1779 4197 1914 4249 Nam
1951 4197 2056 4253 Do-

490 4273 690 4325 minica
736 4274 1080 4329 orthodoxiae
1119 4287 1237 4330 erat
1269 4281 1444 4349 prima
1497 4283 1777 4340 Dominica
1814 4287 2057 4353 Quadra-

483 4362 744 4430 gesimze:
789 4364 986 4417 festum
1021 4369 1202 4433 magni
1237 4374 1465 4427 canonis
1502 4377 1765 4445 agebatur
1802 4383 1868 4449 τῇ
1912 4382 2056 4449 πέμ-

482 4468 594 4521 πτῃ
648 4454 746 4524 τῆς
792 4456 1051 4526 πέμπτης
1097 4460 1388 4529 ᾶόδομάδος
1431 4465 1531 4534 τῆς
1579 4475 2050 4544 τεσσαρακοστῆς,

481 4547 668 4613 quinta
704 4547 840 4614 feria
875 4549 1069 4617 quinta
1106 4553 1448 4609 hebdomadis
1482 4564 1919 4631 quadragesima).
1955 4568 2056 4619 Do-

481 4638 605 4690 c’ent
641 4640 745 4692 hoc
789 4639 1016 4694 rituales
1069 4642 1382 4698 Graecorum
1436 4648 1582 4711 libri,
1621 4666 1853 4719 quorum
1908 4671 2051 4711 unus

480 4727 574 4796 qui
637 4727 921 4783 Triodium
973 4731 1297 4787 inscribitur
1356 4736 1509 4790 ista:
1561 4738 1639 4808 Τῇ
1676 4741 1812 4811 αὐτῇ
1866 4745 2054 4817 ἡμέρᾳ

478 4819 619 4871 κατά
658 4821 754 4889 τὴν
791 4822 1029 4890 ἀρχαίαν
1054 4825 1358 4891 παράδοσιν
1388 4827 1671 4897 ψάλλομεν
1699 4834 1795 4884 xui
1823 4835 1923 4905 τὴν
1958 4839 2051 4890 τοῦ

481 4910 722 4976 μεγάλου
778 4913 1005 4976 κανόνος
1063 4914 1411 4971 ἀκολουθίαν.
1451 4918 1657 4973 Τοῦτον
1720 4922 1830 4977 τῶν
1884 4926 2054 4990 ὅντως

479 4998 725 5052 κανόνων
777 5002 1037 5068 μέγιστον
1087 5004 1348 5059 ἀπάντων
1378 5007 1621 5076 ἀρίστως
1674 5012 1769 5063 xui
1799 5016 2053 5082 τεχνηέν-

477 5106 588 5152 τως
644 5093 926 5161 ἡρμόσατο
959 5097 1052 5147 xui
1108 5098 1450 5168 συνέγραψεν
1478 5103 1505 5153 6
1551 5102 1609 5153 ὲν
1636 5103 1817 5170 ἀγίοις
1862 5107 2053 5179 Πατὴρ

482 5183 639 5252 ἡμῶν
695 5184 950 5251 Ἀνδρέας
1008 5190 1035 5240 6
1089 5188 1519 5258 ἀρχιεπίσκοπος
1580 5195 1823 5266 Κρήτης,
1880 5198 1909 5249 6
1954 5200 2052 5251 xui

486 5275 929 5347 Ἱεροσολυμίτης
976 5279 1399 5350 ὀνομαζόμενος,
1451 5284 1508 5346 ὃς
1553 5284 1782 5354 ὥρμητο
1835 5289 1935 5358 μὲν
1988 5293 2050 5344 ἐκ

476 5369 795 5435 Δαμασκοῦ,
845 5371 936 5421 ἐπὶ
966 5374 1553 5447 τεσσαρεσκαιδεκάτη»
1591 5379 1647 5429 δὲ
1680 5378 1796 5431 ἔτει
1829 5384 1924 5450 τῆς
1954 5384 2051 5434 αύ-

475 5456 571 5509 τοῦ
600 5458 814 5526 ἡλικίας
840 5459 1212 5531 παιδευτηρίῳ
1242 5468 1643 5535 γραμματικῆς
1681 5470 1923 5533 ἐκδοθεὶς
1951 5475 2049 5526 xui

475 5550 575 5618 τὴν
605 5550 897 5616 ἐγκύκλιον
922 5552 1207 5606 παίδευσιν
1232 5555 1544 5627 ὲξασκὴσας
1571 5564 1647 5624 εὶς
1694 5563 1958 5635 Ἰεροσόλυ
1971 5583 2048 5635 μα

474 5640 719 5707 γεγονὼς
748 5642 839 5695 τὸν
874 5644 1150 5714 μοναστὴν
1184 5645 1484 5716 ὑπέρχεται
1514 5651 1652 5719 βίον,
1685 5654 1846 5719 ὁσίως
1871 5657 1925 5708 δὲ
1951 5660 2047 5710 xui

475 5729 741 5799 θεοφιλῶς
777 5733 981 5799 διαζῶν
1033 5735 1090 5791 ὲν
1128 5739 1312 5811 ἡσύχῳ
1350 5741 1441 5795 καὶ
1492 5743 1754 5816 ἀταράχῳ
1792 5750 1855 5817 τῇ
1887 5747 2036 5820 βιοτῇ

2172 3195 2230 3245 ὲν
2268 3195 2437 3246 πᾶσιν
2462 3194 2810 3260 ἀπόσχοιντο,
2849 3195 2875 3245 6
2907 3194 3004 3259 μὲν
3048 3194 3309 3261 μέγιστος
3352 3198 3623 3265 ’Δνδρέας,
3651 3189 3730 3246 οἷά

2169 3303 2254 3349 τις
2288 3284 2575 3353 ἀλείπτης,
2604 3284 2695 3337 διά
2726 3284 2834 3335 τῶν
2872 3285 3127 3354 ἱστοριῶν
3156 3286 3250 3338 τοῦ
3300 3289 3539 3355 μεγάλου
3584 3288 3729 3339 κανό-

2170 3395 2279 3440 νος.
2333 3379 2442 3429 τῶν
2499 3376 2753 3445 μεγάλων
2804 3376 3015 3444 ἀνδρῶν
3049 3376 3224 3442 λέγων
3275 3380 3379 3449 τὴν
3419 3380 3615 3450 ἀρετὴν
3647 3377 3731 3429 xui

2168 3470 2277 3521 τῶν
2305 3470 2526 3537 φαύλων
2568 3465 2726 3530 αὖθις
2771 3468 2869 3537 τὴν
2902 3470 3203 3538 ἐκτροπὴν,
3229 3469 3307 3532 ώς
3350 3473 3416 3525 ἄν
3454 3488 3537 3534 τις
3586 3472 3727 3537 φαίη,

2168 3561 2580 3629 γενναιοτέρους
2636 3560 2763 3623 τοὺς
2825 3560 3137 3629 κάμνοντας
3190 3565 3606 3629 παρασκευάζει
3645 3561 3731 3613 xui

2170 3652 2442 3721 ἀνδρικῶς
2471 3654 2586 3713 τοῖς
2618 3652 2934 3721 ἔμπροσθεν
2986 3653 3431 3721 ἐπεκτείνεσθαι,
3458 3658 3485 3709 6
3514 3656 3567 3707 δὲ
3599 3654 3731 3720 ἱερὸς

2168 3744 2478 3813 Σωφρόνιος
2506 3743 2595 3796 διὰ
2638 3743 2732 3797 τοῦ
2762 3745 3081 3814 ὑπερφυοῦς
3113 3747 3280 3799 αὑτοῦ
3336 3750 3496 3815 λόγου
3532 3746 3732 3812 σώφρο-

2068 3842 2071 3851 ‘
2166 3851 2262 3896 νας
2294 3837 2389 3887 xui
2416 3833 2573 3897 αὖθις
2602 3831 2744 3888 εἶναι
2785 3838 2954 3900 ποιεῖ,
2987 3838 3084 3888 xui
3114 3833 3251 3905 πρὸς
3293 3840 3435 3892 Θεὸν
3466 3839 3728 3904 διεγείρει,

2163 3930 2256 3985 xui
2299 3929 2373 3999 μὴ
2418 3930 2784 3983 καταπίπτειν
2837 3931 2975 3997 μηδὲ
3012 3932 3446 3998 ἀπογινώσκειν,
3485 3936 3532 3985 εἰ

2164 4022 2260 4075 καὶ
2290 4022 2428 4083 τέως
2454 4023 2596 4075 τισὶν
2633 4023 2880 4075 ἑάλωσαν
2906 4022 3362 4092 παραπτώμασιν
3389 4042 3401 4056 ο
3436 4027 3534 4093 ὅση
3566 4025 3666 4090 γὰρ
3700 4022 3729 4088 ἡ

2161 4114 2255 4165 τοῦ
2285 4113 2422 4166 Θεοῦ
2464 4114 2847 4185 φιλανθρωπία
2904 4117 2999 4167 καὶ
3029 4116 3356 4185 συμπάθεια
3406 4121 3518 4179 τοῖς
3548 4112 3730 4183 ὁλοψύο

2161 4223 2270 4273 χως
2292 4207 2355 4258 ἐκ
2385 4206 2493 4259 τῶν
2520 4207 2716 4277 πρώην
2744 4208 3116 4276 πταισμάτων
3157 4210 3522 4281 ἐπιστρέφειν
3558 4210 3729 4276 αἱρου-

2163 4296 2366 4364 μένοις,
2401 4298 2433 4366 ἡ
2493 4300 2634 4350 κατά
2664 4299 2764 4367 τὴν
2817 4300 3125 4365 Αἰγυπτίαν
3156 4301 3418 4372 διήγησις
3478 4298 3726 4370 παριστᾷ.

2089 4410 2131 4464 ι)
2162 4388 2396 4455 Λέγεται
2450 4390 2507 4440 δὲ
2561 4390 2734 4456 μέγας
2783 4389 2985 4455 κανὼν,
3030 4389 3163 4452 ἴσως
3198 4392 3265 4444 ἄν
3311 4412 3400 4458 τις
3454 4394 3608 4463 εἴπῃ,
3642 4392 3730 4444 καὶ

2160 4478 2283 4529 κατ’
2319 4478 2492 4540 αὐτὰς
2536 4480 2635 4539 τὰς
2674 4479 2884 4542 ἑννοίας
2920 4481 3015 4533 καὶ
3060 4482 3126 4533 τὰ
3160 4482 3531 4553 ἐνθυμήματα
3570 4482 3726 4553 (γόνι-

2161 4586 2261 4637 μος
2291 4570 2401 4637 γάρ
2462 4573 2609 4623 ἐστιν
2643 4572 2670 4622 6
2725 4572 2921 4624 τούτου
2980 4574 3235 4644 ποιητὴς,
3300 4576 3550 4646 ἀρίστως
3598 4571 3730 4626 αὑτά

2158 4655 2591 4726 συντιθέμενος),
2634 4658 2727 4709 xui
2783 4660 2866 4712 ὅτι
2908 4661 3033 4711 ’τῶν
3064 4661 3273 4715 λοιπῶν
3335 4665 3582 4716 κανόνων
3634 4659 3729 4711 ἀνὰ

2157 4747 2477 4814 τριάκοντα,
2508 4750 2602 4802 καὶ
2635 4752 2832 4819 μικρόν
2856 4770 2907 4804 τι
2938 4754 3101 4821 πρὸς,
3126 4757 3448 4827 τροπαρίων
3480 4758 3726 4825 ἑχόντων,

2155 4838 2313 4902 οὗτος
2355 4845 2433 4902 είς
2482 4843 2738 4895 διακόσια
2790 4846 2885 4897 καὶ
2919 4848 3264 4917 πεντήκοντα
3308 4851 3581 4919 πρόεισιν,
3618 4846 3729 4907 ἑνὸς

2157 4931 2392 4984 ἑκάστου
2435 4933 2676 5003 ἄρρητον
2706 4936 3118 4999 ἀποστάζοντος
3172 4939 3388 5009 ἡδονήν.
3434 4937 3733 5011 ’Δρμοδίως

2154 5021 2245 5077 οῦν
2280 5024 2387 5092 ἄρα
2416 5027 2509 5078 xui
2540 5027 2936 5095 προσηκόντως
2965 5029 2991 5079 6
3025 5029 3201 5096 μέγας
3230 5025 3385 5093 οὗτος
3415 5032 3617 5095 κανὼν,
3640 5029 3732 5081 xui

2157 5115 2405 5184 μεγάλην
2463 5117 2805 5185 κεκτημένος
2859 5119 3178 5184 κατάνυξιν,
3242 5124 3346 5176 κάν
3402 5126 3467 5194 τῇ
3527 5122 3731 5191 μεγάλῃ

2152 5207 2262 5257 τῶν
2294 5208 2754 5276 τεσσαρακοστῶν
2788 5212 3216 5267 κατατέτακται.
3250 5213 3459 5266 Τοῦτον
3492 5213 3582 5265 τὸν
3615 5214 3733 5280 ἄρι·

2155 5314 2280 5349 στον
2313 5298 2513 5349 κανόνα
2561 5298 2658 5351 xui
2691 5302 2972 5367 μέγιστον,
3020 5305 3114 5355 καὶ
3153 5303 3244 5355 τὸν
3276 5304 3375 5372 τῆς
3426 5304 3579 5368 ὁσίας
3609 5304 3729 5357 Μα-

2153 5388 2277 5458 ρίας
2305 5388 2486 5454 λόγον,
2517 5390 2543 5439 6
2576 5389 2738 5452 αὐτὸς
2782 5390 2971 5462 Πατὴρ
3022 5392 3181 5462 ἡμῶν
3224 5394 3483 5463 Ἀνδρέας
3515 5393 3729 5462 πρῶτος

2151 5483 2232 5537 εἰς
2265 5479 2366 5548 τὴν
2400 5481 2496 5531 τοῦ
2527 5482 2947 5533 Κωνσταντίνου
2988 5484 3309 5552 κεκόμικεν,
3343 5487 3437 5537 ὅτε
3470 5488 3608 5555 πρὸς
3642 5479 3728 5535 τοῦ

2151 5571 2494 5641 πατριάρχου
2526 5570 2928 5642 Ἰεροσολύμων
2956 5574 3237 5645 Θεοδώρου
3263 5579 3325 5645 τῇ
3356 5576 3498 5647 ἕκτῃ
3531 5574 3731 5639 συνόδῳ

2153 5661 2367 5725 σταλεὶς
2396 5664 2475 5724 εἰς
2509 5663 2766 5731 βοήθειαν
2793 5668 3151 5734 παρεγένετο.
3187 5671 3319 5723 Τότε
3355 5669 3467 5738 γὰρ
3492 5668 3729 5736 ἀρίστως

2152 5755 2291 5808 κατὰ
2324 5754 2436 5807 τῶν
2484 5756 2859 5827 μονοθελητῶν
2890 5759 3306 5831 ἀγωνισάμενος
3351 5759 3433 5812 ἔτι
3466 5754 3727 5814 διατελῶν
