4048 6410
177 351 278 413 357

1304 344 1686 433 causam
1720 344 1814 404 ET
1857 345 2095 406 coam
2134 347 2390 436 Nom,

3340 348 3446 411 358

179 469 235 518 ἐν
275 460 594 532 μονάζουσι,
621 459 699 529 τῷ
725 460 825 529 τῆς
856 461 913 512 ἐν
944 458 1530 514 Κωνσταντινουπόλει·
1551 455 1752 523 ἐκκληο
1783 460 1830 519 Α
1858 457 2275 511 Κωνσταντίνου
2331 459 2640 529 παρεκάλει
2715 460 2843 513 λαὸν
2903 461 2978 530 μὴ
3034 462 3405 516 καταπίπτειν
3430 505 3446 529 ,

182 556 300 616 σίας
353 553 544 622 κλήρῳ
611 551 1102 619 συγκαταλέγεται.
1166 546 1299 602 Εἶτα
1352 548 1600 610 διάκονος
1651 548 1748 599 καὶ

182 572 300 616 σιας
353 570 419 604 aut
498 570 544 622 ῳ
611 570 1102 619 συγκαταλεγεται.
1167 570 1299 602 mra
1352 570 1600 610 οιακονος
1651 570 1748 599 και

180 570 582 713 ὀρφανοτὲἔφος
631 642 689 694 ἐν
718 643 895 712 ταύτῃ
941 641 1294 694 καθίσταται.
1327 640 1436 692 Καὶ
1485 637 1630 709 μετά
1661 655 1750 707 μι-

183 739 312 806 κρδν
356 733 792 805 άρχιεπίσκοπος
825 736 1050 804 Κρήτης
1079 734 1399 803 γενόμενος,
1448 731 1749 800 ἐσύστερον

184 829 416 897 άγχιστά
451 845 558 879 πκυ
583 826 720 896 πρὸς
745 829 811 896 τῇ
844 824 1118 898 λεγομένῃ
1161 823 1368 894 Ἱερισῷ
1399 823 1752 890 καταντήσας

184 922 240 972 ἐν
265 917 553 988 Μιτυλήνῃ
601 918 738 986 πρὸς
769 917 973 986 Κύριον
1008 916 1260 994 ἐκδημεῖ,
1309 913 1629 985 ἀρκούντως
1655 913 1750 966 τοῦ

187 1009 317 1060 ἰδίου
351 1008 542 1077 θρόνου
571 1009 629 1060 ἐν
660 1007 874 1077 μεθέξει
904 1007 1217 1077 γενόμενος.
1245 1007 1380 1070 Ταῖς
1421 1005 1590 1058 αὑτοῦ
1619 1021 1754 1075 πρε·-

186 1097 416 1163 σϐείαις,
448 1099 477 1150 6
508 1098 664 1165 Θεὲς,
700 1099 921 1170 ἐλέησον
945 1099 1116 1166 ἡμᾶς.

253 1211 377 1266 Haec
425 1212 561 1267 liber
610 1212 700 1266 ille
764 1213 980 1267 ritualis
1036 1211 1375 1274 Graecorum.
1432 1228 1495 1266 ex
1553 1212 1751 1280 quibus

184 1305 497 1358 elucesruut
527 1318 652 1357 cum
695 1305 799 1358 alia
828 1306 990 1374 vulgo
1021 1319 1213 1374 parum
1247 1315 1400 1366 nota,
1423 1314 1535 1357 tum
1567 1301 1754 1356 Domi-

185 1396 358 1449 nicam
389 1397 724 1451 orthodoxia:
749 1406 802 1450 et
839 1397 980 1450 diem
1017 1395 1438 1465 magnicanonis
1479 1409 1585 1447 non
1619 1392 1754 1448 fuis-

184 1503 242 1543 se
273 1502 438 1542 unum
473 1495 527 1543 et
552 1486 803 1543 eumdem
835 1488 1000 1542 diem.
1040 1487 1244 1544 (ἴητε.

257 1603 317 1658 Ρ.
347 1603 434 1656 72.
461 1602 726 1674 [Canonis
748 1603 916 1672 hujus
950 1602 1278 1658 concinendi
1313 1603 1475 1656 ritum
1517 1611 1572 1654 et
1599 1599 1755 1654 iusti-

185 1695 446 1750 tutionem
475 1710 506 1749 e
559 1693 864 1766 Synaxario
914 1697 1032 1749 fuse
1071 1695 1369 1765 descripsit
1408 1693 1700 1748 Gretserus
1735 1710 1748 1746 :

183 1799 446 1840 canonem
479 1785 681 1854 ipsum,
705 1795 763 1839 ιιι
785 1793 838 1839 et
866 1785 1098 1840 Andreae
1119 1784 1568 1853 Cretensisuopus
1594 1797 1755 1838 omne
1790 1815 1830 1870 Β

185 1877 433 1932 Latinam
486 1877 992 1946 interpretationem
1047 1878 1181 1931 etin
1245 1885 1540 1944 utrumque
1596 1885 1754 1928 notas

186 1979 310 2026 ante
342 1984 544 2039 paucos
569 1984 743 2023 annos
777 1969 995 2038 publico
1050 1968 1198 2022 dedit
1250 1983 1280 2022 e
1330 1967 1752 2036 praedicatorum

187 2063 390 2118 familia
423 2063 627 2118 sodalis
655 2061 978 2117 Franciscus
1010 2061 1308 2116 Combelis.
1336 2061 1488 2115 Goaa
1517 2059 1537 2131 j

262 2201 398 2253 Ibid.
433 2198 681 2254 Secunda
707 2198 889 2269 vigilia
932 2197 1120 2266 palatii
1177 2205 1262 2251 est
1285 2196 1383 2264 τῆς
1434 2195 1756 2250 ἀκαθίστου.

195 2293 384 2348 Junius
419 2294 833 2360 interpretatur,
868 2289 1096 2359 Virginis
1144 2290 1246 2341 iter
1276 2287 1518 2355 facientis
1541 2295 1588 2339 et
1633 2303 1759 2355 par-

191 2386 512 2448 turientis,et
541 2382 696 2452 quasi
732 2381 903 2443 dicas,
952 2382 1149 2448 inquit,-
1174 2379 1289 2448 ejus
1323 2393 1441 2447 quw
1495 2393 1598 2430 non
1615 2377 1759 2430 sedet

191 2487 281 2530 aut
301 2477 542 2546 quiescit,
561 2474 649 2527 sed
671 2474 771 2526 iter
793 2471 922 2540 facit
945 2488 1220 2541 pra'gnans
1240 2487 1258 2534 ;
1281 2478 1409 2539 puta
1428 2486 1544 2523 cum
1567 2469 1760 2522 B.Vir-

189 2585 253 2638 go
280 2586 308 2621 α
329 2566 555 2633 Joseplio
579 2569 923 2620 deduceretur
965 2563 1354 2618 Bethlehemum
1373 2578 1438 2616 ex
1457 2563 1628 2617 edicto
1649 2568 1761 2614 Au-

193 2663 332 2732 gusti
365 2660 614 2722 Cesaris,
659 2659 895 2726 proxime
937 2668 1056 2710 ante
1085 2657 1220 2709 diem
1250 2655 1487 2710 natalem
1530 2654 1754 2709 Christi.

191 2755 430 2813 Fabulae.
470 2768 604 2822 quas
635 2751 886 2820 dispellct
911 2749 1054 2804 idem
1083 2749 1174 2802 iile
1195 2748 1410 2803 ritualis
1435 2746 1751 2800 Graecorum

191 2848 344 2909 liber,
367 2860 522 2913 quem
543 2845 840 2912 pauloante
860 2840 1235 2904 nominavi,in
1276 2853 1387 2909 quo
1423 2838 1527 2893 ista
1571 2838 1760 2908 legun-

195 2951 281 2992 Inr
324 2938 450 3006 ιΤῇ
493 2937 630 3006 αὑτῇ
668 2935 852 3004 ἡμέρᾳ
907 2931 1004 3002 (τῷ
1060 2930 1318 3001 σαϐϐάτῳ
1372 2929 1471 2998 τῆς
1501 2929 1759 2997 πέμπτης

193 3028 486 3100 ἑϐδομάδος
509 3031 604 3098 τῆς
639 3024 1102 3117 τεσσαρακοστῆς)
1125 3024 1216 3076 τὸν
1246 3023 1546 3078 ἀκάθιστον
1591 3020 1760 3089 ὕμνον

1858 549 1995 602 ἀλλά
2025 551 2208 604 πᾶσαν
2230 551 2327 619 τὴν
2345 551 2538 604 ἐλπίδα
2566 553 2629 604 ἐκ
2659 551 2839 622 ψυχῆς
2869 554 2948 615 εἰς
2975 553 3110 606 Θεὸν
3145 555 3448 622 ἀναφέρειν

1858 642 1952 694 καὶ
1991 643 2073 702 εἰς
2107 642 2205 712 τὴν
2233 642 2400 694 αὑτοῦ
2438 646 2653 712 μητέρα
2701 645 2801 713 τήν
2837 644 3219 712 πανάχραντον
3267 645 3450 698 0501:6-
3485 637 3530 684 ν’

1859 749 1978 785 κον.
2013 735 2122 786 Καὶ
2180 735 2289 804 μὴν
2332 736 2426 788 καὶ
2480 737 2658 798 Βῶνος
2715 735 3006 804 πατρίκιος
3058 737 3086 788 6
3136 737 3446 806 τηνικαῦτα
3492 727 3500 740 ’

1857 827 1959 894 τήν
1993 826 2148 880 πόλιν
2193 827 2396 881 διέπων
2445 831 2513 881 τὰ
2545 830 2818 897 ἀνήκοντα
2852 828 2933 892 εἰς
2970 829 3295 900 ἀποτροπὴν
3334 831 3448 882 τῶν

1860 918 2144 985 πολεμίων
2173 919 2645 988 παρεσκευάζετοο
2677 920 2760 972 δεῖ
2783 924 2892 990 γὰρ
2936 922 3075 990 μετά
3104 920 3204 988 τῆς
3239 921 3474 975 ἀνωθεν-

1862 1008 2117 1079 βοηθείας
2166 1012 2262 1063 καὶ
2301 1013 2448 1080 ήμᾶς
2486 1013 2556 1064 τά
2606 1014 2962 1083 προσήκοντα
2993 1016 3262 1083 ἐνεργεῖν.
3305 1014 3366 1066 '0
3392 1013 3450 1066 δὲ

1861 1102 2216 1172 πατριάρχης
2253 1104 2350 1165 τὰς
2386 1103 2537 1166 θείας
2563 1104 2782 1166 εἰκόνας
2812 1105 2908 1174 τῆς
2941 1105 3276 1174 θεομήτορος
3310 1104 3450 1172 μετά

1859 1193 2067 1255 παντὸς
2110 1195 2455 1263 ἐπαγόμενος
2489 1194 2588 1247 τοῦ
2627 1196 2870 1264 πλήθους
2911 1195 3130 1265 περιῄει
3177 1196 3239 1248 τὸ
3267 1197 3450 1263 τεῖχος

1861 1283 2089 1346 ἄνωθεν,
2132 1282 2394 1336 ἐντεῦθεν
2442 1284 2504 1336 τδ
2540 1284 2786 1351 ἀσφαλὲς
2833 1285 3014 1336 αὑτῶν
3061 1285 3449 1354 ποριζόμενος.

1873 1375 1963 1438 Ὠς
2007 1375 2064 1427 δὲ
2105 1376 2133 1427 6
2181 1375 2280 1444 μὲν
2325 1376 2607 1446 Σάρϐαρος
2643 1376 2700 1441 ἐξ
2741 1375 2902 1446 ἑῴας,
2952 1377 3206 1444 Χαγάνος
3252 1376 3308 1428 δὲ
3341 1375 3451 1427 ἀπο

1860 1470 2089 1539 δυσμῶν
2119 1469 2420 1542 πυρπολεῖν
2448 1473 2516 1524 τά
2550 1471 2712 1541 πέριξ
2744 1471 2842 1539 τῆς
2892 1471 3103 1532 πόλεως
3134 1469 3390 1539 ἧρχοντο,
3423 1471 3452 1521 6

1865 1564 2214 1634 πατριάρχης
2251 1565 2350 1633 τὴν
2392 1565 2812 1635 ἀχειροποίητον
2848 1563 2940 1616 τοῦ
2991 1562 3230 1632 Χριστοῦ
3263 1563 3453 1616 εἰκόνα

1863 1655 1959 1707 καὶ
1997 1654 2067 1706 τὰ
2097 1655 2256 1724 τίμια
2288 1656 2382 1710 καὶ
2410 1655 2652 1719 ζωοποιά
2685 1656 2838 1721 ξύλα,
2871 1657 3098 1722 προσέτι
3131 1656 3188 1708 δὲ
3231 1655 3328 1707 καὶ
3351 1655 3454 1723 τὴν

1869 1748 2058 1814 τιμίαν
2116 1745 2321 1814 ἐσθῆτα
2379 1745 2478 1816 τῆς
2529 1747 2866 1815 θεομήτορος
2916 1748 3316 1816 ἐπιφερόμενος
3362 1745 3454 1799 διά

1866 1839 1976 1892 τῶν
2002 1840 2200 1910 τειχῶν
2245 1840 2601 1911 περιήρχετο.
2649 1840 2903 1907 Χαγάνος
2936 1838 2993 1891 δέ
3038 1841 3066 1891 ό
3113 1839 3332 1907 Σκύθης
3361 1837 3450 1890 διὰ

1860 1933 1972 1988 τῶν
1998 1933 2278 2003 χερσαίων
2312 1935 2515 2005 τειχῶν
2545 1934 2882 2006 προσϐάλλει
2929 1937 2997 2005 τῇ
3029 1932 3446 1987 Κωνσταντίνου

1863 2027 1960 2080 σὺν
1995 2026 2194 2096 πλήθει
2223 2027 2463 2097 ἀπείρῳ,
2496 2028 2686 2098 ἄκρως
2736 2027 2797 2092 ἐξ
2827 2027 3008 2080 ὃπλων
3034 2026 3446 2096 ὴσφαλισμένῳ,

1862 2119 1959 2172 καὶ
2009 2121 2251 2192 τοσούτῳ
2285 2121 2361 2183 ὡς
2413 2121 2513 2174 ἕνα
2553 2120 2829 2192 Ῥωμαῖον
2878 2121 3016 2192 πρὸς
3067 2122 3199 2174 δέκα
3230 2121 3452 2184 Σκύθας

1809 2233 1816 2238 ·
1866 2217 2050 2285 σαφῶς
2079 2217 2468 2286 διαμάχεσθαι.
2513 2219 2726 2288 Ἀλλ”ή
2775 2218 2992 2289 άμαχος
3037 2219 3326 2289 πρόμαχος
3360 2218 3450 2270 διὰ

1859 2307 1968 2360 τῶν
1997 2309 2453 2377 παρευρεθέντων
2483 2309 2682 2376 ὀλίγων
2715 2310 2858 2363 πάνυ
2895 2311 3251 2378 στρατιωτῶν
3283 2310 3342 2361 ἐν
3370 2308 3449 2375 τῷ

1861 2397 1977 2466 ναῷ
2007 2398 2212 2467 ταύτης
2247 2397 2322 2467 τῷ
2364 2400 2463 2466 τῆς
2512 2400 2700 2467 πηγῆς
2734 2400 3026 2462 πλείστους
3076 2400 3261 2453 αὑτῶν
3307 2417 3451 2470 παρ-

1862 2489 2176 2544 απώλεσεν.
2223 2489 2540 2542 Κάντεῦθεν
2569 2493 2617 2543 οἰ
2655 2490 2926 2559 Ῥωμαῖοι
2954 2491 3448 2563 άναθαρσήσαντές

1859 2597 1921 2632 τε
1957 2581 2050 2632 καὶ
2093 2581 2604 2651 ἀνασκιρτήσαντες
2656 2583 2761 2635 ὑπὸ
2817 2584 3113 2654 στρατηγῷ
3145 2586 3346 2655 ἀμάχῳ
3376 2588 3442 2656 τῇ

1862 2673 2159 2742 θεομήτορι
2193 2676 2394 2739 αὑτοὺς
2430 2676 2517 2728 ἀεὶ
2546 2677 2687 2729 κατὰ
2716 2678 2920 2746 κράτος
2950 2679 3169 2733 ἐνίκων.
3202 2678 3448 2746 Βλέψαν-

1860 2780 1950 2825 τες
1986 2763 2042 2816 δέ
2079 2765 2173 2815 καὶ
2217 2768 2358 2834 πρὸς
2406 2767 2644 2830 σπονδὰς
2693 2770 2742 2820 οἰ
2774 2769 2872 2838 τῆς
2921 2769 3135 2833 πόλεως
3174 2770 3454 2841 ἀπεκρού-

1862 2851 2094 2920 σθησαν·
2133 2855 2326 2907 ἀνεῖπε
2361 2855 2471 2924 γὰρ
2495 2857 2522 2907 6
2553 2857 2830 2925 Χαγάνος·
2869 2877 2887 2909 ι
2919 2859 3011 2928 Μὴ
3038 2860 3323 2914 ἀπατᾶσθε
3360 2861 3454 2914 ἐπὶ

1859 2942 1938 3012 τῷ
1967 2942 2106 3011 Θεῷ,
2137 2937 2181 3009 ᾧ
2215 2945 2526 2998 πιστεύετε·
2563 2948 2784 3011 πάντως
2805 2948 2916 3018 γὰρ
2951 2947 3139 3017 αὔριον
3164 2949 3262 3020 τὴν
3296 2949 3458 3002 πόλιν

1861 3031 2281 3101 καταλήψομαι.
2315 3050 2333 3082 ι
2370 3034 2433 3093 Οί
2456 3034 2513 3087 δὲ
2544 3027 2642 3098 τῆς
2683 3034 2894 3098 πόλεως
2917 3036 3311 3099 διακούσαντες
3336 3041 3453 3107 χεῖν
3519 3039 3531 3050 '

190 3125 518 3194 ἑορτάζομεν
571 3122 668 3190 τῆς
702 3113 1004 3190 ὑπεράγῑας
1035 3118 1322 3185 δεσποίνης
1377 3115 1537 3208 ἡμῶν
1566 3113 1761 3208 θεοτό·
1787 3149 1830 3208 C
1865 3141 1962 3193 ρας
1997 3123 2199 3176 ἔτεινον
2225 3123 2304 3185 είς
2339 3124 2494 3178 Θεόν.
2538 3126 3016 3195 Συμφωνήσαντες
3056 3123 3150 3180 οὖν
3188 3128 3448 3196 Χαγάνος

190 3236 290 3271 κου
317 3217 385 3268 δι’
403 3215 582 3268 αἰτίαν
605 3213 879 3280 τοιαύτην.
901 3210 1228 3278 Ἡρακλείου
1248 3213 1346 3277 τὴν
1377 3205 1760 3275 αὐτοκράτορα
1800 3205 1828 3208 ’
1863 3231 1924 3265 τε
1953 3214 2048 3266 καὶ
2076 3212 2404 3282 augeam;
2429 3213 2517 3266 διὰ
2546 3213 2718 3282 ξηρᾶς
2743 3215 2832 3265 καὶ
2861 3215 2950 3267 διὰ
2974 3215 3257 3284 θαλάσσης
3285 3235 3454 3288 προσ-

197 3309 491 3377 Ῥωμαίοις
535 3304 710 3375 ἀρχὴν
731 3303 1029 3366 διέποντος,
1058 3305 1084 3355 6
1113 3300 1222 3353 τῶν
1257 3300 1481 3370 Περσῶν
1503 3297 1760 3369 βασιλεὺς

190 3403 440 3470 Χοσρόης
491 3400 616 3453 ἰδὼν
664 3399 732 3450 τά
767 3395 1071 3465 Ῥωμαίων
1111 3394 1298 3464 ἄκρως
1349 3391 1760 3445 ταπεινωθέντα

189 3497 342 3566 παρά
363 3494 530 3546 Φωκᾶ
559 3489 824 3563 βασιλέως
850 3488 943 3541 τοῦ
973 3487 1258 3556 τυράννου,
1296 3485 1392 3537 ἕνα
1423 3484 1531 3536 τῶν
1557 3500 1760 3552 σατρα-

190 3590 310 3643 πῶν
337 3586 620 3655 Σέιρϐαρον
651 3583 825 3650 δνσμα
859 3580 996 3648 μετὰ
1025 3577 1282 3647 χιλιάδων
1313 3575 1576 3628 πλειόνων
1608 3575 1760 3628 στέλ-

187 3686 293 3743 λει,
335 3682 515 3733 πᾶσαν
543 3677 641 3746 τὴν
673 3675 749 3728 ’έω
775 3671 928 3740 αὑτῷ
963 3669 1427 3741 ὑποποιήσασθαι·
1465 3669 1608 3738 ἔφθη
1649 3663 1758 3738 γάρ

191 3775 286 3826 καὶ
338 3771 603 3839 πρότερον
663 3765 797 3818 ὡσεί
872 3763 1006 3816 δέκα
1068 3760 1338 3831 μυριάδας
1409 3761 1759 3830 Χριστιανῶν

186 3861 512 3932 διαφθείρας
569 3856 853 3928 Χοσρόης,
909 3853 1005 3907 ἅτε
1054 3853 1165 3905 τῶν
1225 3851 1496 3919 Ἐϐραίων
1559 3851 1758 3912 αὑτοὺς

188 3953 577 4023 ἐξωνουμένων
606 3950 700 4003 καὶ
753 3945 1127 4000 ἀπολλύντων.
1169 3944 1227 3996 ’0
1261 3941 1391 4010 γοῦν
1425 3942 1758 4012 ἀρχισατρά-
1791 3973 1793 3980 ι

187 4066 295 4118 πης
324 4045 603 4112 Σάρϐαρος
628 4042 731 4110 τὴν
759 4038 834 4091 ἓω
879 4038 1213 4107 ληϊσάμενος
1257 4037 1478 4088 ἃπασαν
1521 4035 1760 4103 ἔφθασεν

187 4135 317 4210 ἄχρι
353 4137 449 4191 καὶ
495 4136 664 4204 αὑτῆς
713 4133 1138 4200 Χρυσοπολεως,
1190 4127 1224 4198 ἣ
1275 4125 1370 4179 νῦν
1429 4125 1760 4194 Σκουτάριον

188 4231 569 4295 ἐπικέκληται.
617 4224 678 4279 Ὀ
719 4225 900 4274 τοίνυν
945 4220 1107 4290 322
1145 4217 1402 4288 βασιλεὺς
1435 4216 1761 4286 Ἡράκλειος

187 4329 244 4376 ἐν
271 4321 475 4390 ἀπορία
516 4315 790 4378 καταστὰς
823 4313 1102 4383 δημοσίων
1151 4309 1474 4380 χρημάτων,
1525 4308 1592 4360 τὰ
1636 4306 1759 4378 ἱερὰ

186 4419 295 4469 τῶν
351 4409 656 4479 ἐκκλησιῶν
690 4399 778 4470 εἰς’
820 4407 1007 4474 κέρμα
1066 4402 1620 4470 μετασκευασάμενος
1667 4399 1758 4476 ἐπὶ

1865 3305 2145 3370 ϐάλλουσι,
2181 3305 2270 3357 διὰ
2305 3310 2722 3374 μηχανημάτων
2752 3306 2850 3376 τὴν
2895 3306 3051 3360 πόλιν
3079 3308 3218 3362 ἑλεῖν
3246 3310 3453 3379 προθυ-

1868 3398 2156 3467 μούμενοι.
2194 3396 2361 3449 Ἀλλά
2385 3396 2644 3448 τοσοῦτον
2679 3397 2785 3450 ὑπὸ
2816 3397 2927 3448 τῶν
2965 3398 3260 3468 Ῥωμαίων
3287 3401 3456 3468 ἡττή-

1867 3489 2050 3554 θησαν,
2069 3487 2144 3551 ὡς
2184 3488 2322 3558 μηδὲ
2370 3488 2593 3549 ἱκανοὺς
2645 3483 2786 3542 εἶναι
2829 3489 2955 3552 τοὺς
3005 3489 3219 3554 ζῶντας
3274 3493 3453 3545 καίειν

1864 3581 1993 3642 τοὺς
2027 3578 2386 3647 τεθνηκότας.
2450 3577 2533 3631 Τά
2575 3577 2629 3630 δέ
2682 3576 2950 3648 μονόξυλα
2988 3579 3225 3632 ὁπλιτῶν
3267 3582 3452 3652 πλήρη

1862 3669 1956 3722 διὰ
1990 3669 2082 3721 τοῦ
2121 3668 2518 3738 ἐπιλεγομένου
2555 3669 2804 3738 Κέρατος
2861 3668 3068 3721 κόλπου
3123 3669 3204 3732 εἰς
3258 3669 3348 3722 τὸν
3393 3671 3454 3724 ἐν

1863 3761 2200 3831 Βλαχέρναις
2229 3753 2360 3814 ναὸν
2378 3761 2477 3830 τῆς
2500 3759 2830 3831 θεομήτορος
2853 3761 3235 3830 καταγόμενα,
3258 3779 3455 3816 καται-

1862 3836 2012 3919 γίδος
2045 3852 2310 3921 αἰφνηδδν
2340 3854 2406 3923 τῇ
2439 3852 2688 3924 θαλάσσῃ
2721 3852 3159 3922 ἐπεισπεσσύσης
3181 3855 3287 3907 ικαὶ
3313 3855 3455 3909 διαι-

1867 3944 2119 4012 ρησάσης
2173 3941 2384 4012 ταύτην
2440 3945 2521 4005 εἰς
2579 3943 2870 4011 τμήματα,
2923 3945 3021 3995 σὺν
3067 3945 3179 4006 τοῖς
3240 3945 3453 4008 πλοίοις

1863 4032 2038 4086 ἅπασι
2072 4033 2179 4106 τῶν
2213 4030 2429 4100 ἐχθρῶν
2446 4030 2736 4100 διεφθάρη.
2768 4032 2877 4083 Καὶ
2911 4026 3052 4083 εἶδεν
3080 4032 3144 4084 ἄν
3165 4049 3248 4096 τις
3275 4036 3454 4102 παρά-

1862 4121 2015 4187 δοξον
2034 4122 2459 4192 ἀριστούργημα
2485 4125 2582 4192 τῆς
2613 4124 2896 4188 πανάγνου
2953 4123 3050 4175 καὶ
3083 4125 3414 4192 θεομήτορος
3433 4141 3449 4156 ·

1863 4213 2025 4283 323
2071 4215 2282 4275 πάντας
2314 4213 2426 4281 γὰρ
2456 4213 2609 4280 παρά
2640 4212 2702 4264 τὸ
2735 4214 2911 4282 χεῖλος
2942 4214 3041 4281 τῆς
3085 4213 3361 4282 θαλάσσης
3389 4216 3451 4267 τὸ
3550 4260 3554 4263 .

1866 4307 1923 4358 ἐν
1957 4306 2290 4374 Βλαχέρναις
2324 4303 2603 4367 ἐξέϐαλεν.
2651 4303 2711 4355 Ὀ
2745 4303 2797 4354 δὲ
2831 4303 2960 4366 λαὸς
2990 4304 3114 4359 ὅσον
3155 4304 3320 4373 τάχος
3351 4307 3450 4369 τὰς

1865 4395 2066 4458 πύλας
2095 4395 2546 4454 ἀναπετάσαντες
2597 4393 2769 4465 ἄρδην
2815 4396 3027 4456 πάντας
3077 4395 3450 4460 ἀπέκτειναν,

186 4503 446 4556 ἀποδόσει
483 4497 693 4568 μείζονι
730 4495 826 4546 καὶ
852 4492 1184 4561 τελεωτέρα,
1235 4490 1324 4543 διὰ
1359 4489 1452 4542 τοῦ
1501 4489 1756 4556 Εὐξείνου
1794 4486 1835 4537 D
1866 4491 1960 4538 καὶ
1996 4487 2190 4547 παῖδες
2235 4485 2329 4536 καὶ
2367 4486 2627 4552 γυναῖκες
2662 4484 2786 4539 κατ’
2819 4483 3000 4538 αὑτῶν
3047 4485 3449 4557 ἀνδριζόμενοι.

188 4594 333 4663 μετὰ
362 4590 562 4643 πλοίων
606 4590 719 4650 τοῖς
771 4589 870 4656 τῆς
923 4585 1159 4653 Περσίας
1217 4581 1445 4654 μέρεσιν
1488 4580 1761 4633 εἰσϐαλὼν

185 4682 442 4752 ἀφανίζει
475 4680 664 4746 αὑτήν.
701 4677 811 4729 Καὶ
844 4675 989 4729 κατά
1018 4675 1222 4743 κράτος
1259 4673 1490 4743 ἡττᾶται
1527 4671 1703 4741 τούτῳ
1732 4674 1760 4726 ό

183 4777 439 4846 Χοσρόης
471 4775 568 4825 σὺν
596 4775 663 4842 τῇ
695 4771 860 4840 λοιπῇ
900 4769 1154 4838 στρατιᾷ.
1189 4768 1324 4820 Μετ’
1357 4766 1538 4833 ὀλίγον
1577 4765 1635 4818 δέ
1665 4767 1760 4816 καὶ

185 4869 422 4938 Σειρόης
471 4867 499 4917 δ
545 4864 658 4924 υἰδς
692 4860 939 4930 Χοσρόου
974 4859 1219 4920 ἀποστὰς
1261 4856 1356 4910 τοῦ
1408 4857 1612 4926 πατρὸς
1660 4855 1761 4924 τὴν

181 4961 366 5032 ἀρχὴν
398 4956 574 5026 ἐαυτῷ
602 4953 976 5024 περιτίθησιν,
1012 4950 1108 5003 καί
1136 4951 1229 5002 τον
1266 4949 1480 5018 πατέρα
1508 4949 1760 5018 Χοσρόην

181 5049 518 5111 ἀποκτείνας
541 5046 617 5116 τῷ
645 5045 858 5114 βασιλεῖ
897 5041 1208 5112 Ἡρακλείῳ
1234 5040 1544 5094 σπένδεται.
1576 5038 1764 5106 Χαγά-

181 5162 275 5208 νος
305 5159 371 5211 γε
413 5141 598 5210 μὴν-ὁ
649 5139 758 5190 τῶν
810 5135 1018 5190 Μυσῶν
1073 5133 1166 5186 καὶ
1219 5131 1448 5185 Σκυθῶν
1494 5132 1757 5200 ἀρχηγὸς,

190 5237 382 5306 μαθὼν
407 5234 502 5286 τόν
527 5231 754 5300 βασιλέα
777 5229 1086 5282 διαπόντιον
1111 5227 1167 5288 ἐς
1193 5226 1404 5294 Πέρσας
1441 5225 1758 5292 γενόμενον,

182 5330 286 5392 τὰς
337 5326 480 5396 μετά
526 5324 820 5397 Ῥωμαίων
865 5319 1122 5380 διαλύσας
1155 5317 1410 5381 σπονδὰς,
1449 5319 1614 5386 στίφη
1660 5335 1762 5384 μυ-

185 5421 460 5492 ριάριθμα
515 5415 858 5482 ἐπαγόμενος
910 5409 1003 5462 διὰ
1047 5409 1156 5461 τῶν
1207 5406 1443 5460 δυτικῶν
1486 5407 1761 5460 εἰσϐάλλει

183 5510 371 5580 μερῶν
394 5511 476 5569 εἰς
492 5506 597 5575 τὴν
619 5499 1056 5563 Κωνσταντίνου,
1075 5498 1218 5551 κατὰ
1241 5497 1376 5550 Θεοῦ
1407 5496 1762 5568 βλασφήμους

178 5603 487 5673 ἐκπέμπων
542 5597 750 5666 φωνάς.
799 5593 1012 5647 Αὐτίκα
1057 5591 1238 5644 τοίνυν
1287 5589 1475 5659 ήμὲν
1515 5588 1760 5643 θάλασσα

180 5691 405 5753 πλοίων,
458 5687 493 5756 ή
544 5683 606 5736 δὲ
643 5681 716 5751 γῆ
744 5679 928 5743 πεζῶν
976 5679 1072 5736 καὶ
1113 5677 1326 5732 ἱππέων
1370 5677 1616 5746 ἀπείρων
1657 5675 1760 5745 ἒμ-

179 5783 350 5848 πλεως
375 5777 469 5852 ἦν.
525 5775 758 5846 Σέργιος
788 5771 913 5866 δέκόὶ
933 5770 1280 5841 πατριάρχης
1313 5767 1492 5855 πολλά
1527 5767 1626 5860 ’τὸν
1661 5769 1760 5838 τῆς

1867 4578 1928 4629 Οἱ
1961 4576 2019 4628 δὲ
2059 4574 2294 4646 ἀρχηγοὶ
2327 4573 2538 4626 τούτων
2580 4573 2934 4644 ὑπέστρεψαν
2991 4575 3280 4640 κλαίοντες
3327 4577 3448 4648 ἀμα

1866 4667 1963 4720 καλ⁸
1995 4667 2336 4737 ὀδυρόμενοι.
2378 4665 2445 4718 Ὅ
2480 4683 2544 4733 γε
2583 4667 2692 4735 μὴν
2730 4666 2986 4736 θεοφιλὴς
3017 4669 3116 4737 τῆς
3155 4670 3451 4722 Κωνσταν-

1865 4761 2014 4812 τίνου
2073 4759 2206 4821 λαὸς
2261 4760 2329 4828 τῇ
2367 4757 2667 4827 θεομήτορι
2706 4757 2802 4826 τὴν
2851 4763 3010 4828 χάριν
3062 4760 3451 4829 ἀφοσιούμενοι

1865 4850 2178 4904 δλονύκτιον
2211 4849 2304 4902 τδν
2340 4849 2508 4918 ὕμνον
2537 4850 2628 4902 καὶ
2663 4851 2957 4902 άκάθιστον
2997 4850 3134 4919 αὑτῇ
3169 4851 3452 4922 ἐμελῴδη-

1868 4958 1969 4994 σαν
2007 4941 2083 5004 ὡς
2115 4941 2253 5008 ὑπὲρ
2283 4943 2464 4994 αὑτῶν
2493 4945 2635 5008 ἀγρυ
2651 4959 2752 5007 πνη
2767 4942 2902 5010 πάσῃ
2934 4941 3028 4992 καὶ
3061 4940 3335 5008 ὑπερφυεῖ
3363 4941 3456 4993 δυ-

1867 5034 2032 5102 νάμει
2066 5032 2486 5102 διαπραξαμένῃ
2512 5032 2572 5083 τὺ
2598 5031 2742 5084 κατὰ
2770 5030 2878 5081 τῶν
2919 5030 3127 5100 ἐχθρῶν
3166 5031 3446 5100 τρόπαιον.

1881 5127 1977 5179 Ἐκ
2000 5127 2124 5179 τότε
2155 5125 2249 5177 οὖν
2272 5126 2350 5186 εἰς
2384 5124 2577 5191 μνείαν
2601 5122 2694 5176 τοῦ
2724 5123 2978 5175 τοσούτου
3017 5123 3111 5176 καὶ
3137 5125 3451 5195 ὑπερφυοῦς

1869 5220 2149 5288 θαύματος
2171 5221 2201 5287 ή
2229 5219 2532 5287 Ἐκκλησία
2554 5218 2652 5285 τὴν
2675 5215 2933 5285 τοιαύτην
2955 5217 3148 5287 ἑορτὴν
3176 5219 3451 5284 παρέλαϐε

1865 5313 1932 5380 τῇ
1965 5311 2152 5379 Μητρὶ
2193 5300 2506 5361 ἀνατιθέναι
2549 5307 2645 5358 τοῦ
2694 5304 2828 5358 Θεοῦ
2861 5306 2938 5377 τῷ
2972 5309 3202 5377 παρόντι
3247 5309 3449 5379 καιρῷ,

1868 5403 1958 5454 ὅτε
1993 5401 2091 5454 καὶ
2137 5400 2198 5451 τὸ
2231 5399 2500 5469 τρόπαιον
2530 5401 2596 5468 τῇ
2641 5396 2937 5469 θεομήτορι
2990 5401 3234 5468 γέγονεν.
3287 5402 3451 5454 ’Δκά-
3492 5413 3494 5416 ’

1871 5493 2054 5546 θιστον
2088 5490 2146 5544 δέ
2188 5490 2485 5558 ὠνόμασαν
2529 5491 2622 5544 διὰ
2657 5490 2719 5543 τὸ
2761 5493 2885 5545 τότε
2929 5492 3077 5547 οὕτω
3108 5493 3313 5564 πρᾶξαι
3359 5496 3450 5547 τὸν

1869 5587 1970 5652 τῆς
1999 5585 2211 5647 πόλεως
2252 5584 2456 5651 κλῆρόν
2491 5601 2551 5636 τε
2586 5585 2677 5636 καὶ
2700 5581 2830 5638 λαὸν
2856 5585 3096 5642 ἅπαντα.

1939 5677 2095 5730 Μετὰ
2145 5674 2474 5746 παρέλευσιν
2510 5675 2722 5745 χρόνων
2766 5675 3063 5747 τριάκοντα
3102 5675 3182 5740 ἓξ,
3225 5675 3315 5727 ἐπὶ
3351 5655 3451 5745 τῆς

1871 5767 2152 5838 βασιλείας
2198 5767 2621 5821 Κωνσταντί·,ου
2663 5768 2756 5823 τοῦ
2803 5769 3150 5838 Πωγοςάτου,
3194 5767 3244 5820 οἰ
3285 5767 3450 5832 Ἀγα-
