4048 6430
649 363 754 426 359
1760 361 1842 422 IN
1868 363 2165 456 LiBRUM
2207 366 2304 426 DE
2339 369 2661 431 OFFICIIS
2693 373 2801 433 CP.
3737 386 3816 448 360

654 477 809 544 ρηνοὶ
838 477 1066 543 ἄπειρον
1111 477 1371 544 στρατιάν
1401 476 1737 546 ἐπαγόμενοί
1770 479 1932 532 πάλιν
1973 482 2037 548 τῇ
2074 481 2229 532 Κων-
2260 485 2304 538 A
2335 499 2486 536 σκειν
2520 485 2758 554 δηλοῦσα
2781 487 2887 571 ,τοῦ
2922 487 3228 555 παραδόξου
3264 491 3541 559 γενομένου
3568 493 3842 578 θαύματοςρ

653 569 932 621 σταντίνου
966 569 1245 633 ἐπέθεντο,
1283 572 1377 624 καὶ
1411 573 1503 624 ἐπὶ
1531 573 1674 625 ἑπτὰ
1710 567 1857 624 ἔτεσι
1889 574 2098 640 ταύτην
2125 591 2224 624 πο·
2327 574 2494 642 ήνίκα
2552 577 2755 645 Πέρσαι
2781 569 2783 571 ’
2807 577 2900 629 καὶ
2959 579 3228 648 βάρϐαροι
3259 580 3356 651 τὴν
3388 582 3611 658 βασιλίδα
3655 587 3817 658 ταύτην

649 659 1017 728 λιορκοῦντες,
1055 662 1146 713 ὅτε
1179 664 1276 714 καὶ
1303 664 1360 714 ἐν
1393 667 1508 725 τοῖς
1540 661 1782 725 Κυζικοῦ
1815 662 2222 731 παρεχείμαζον
2327 664 2487 716 πόλιν
2525 667 2995 734 περιεκύκλωσαν,
3030 670 3079 722 οἳ
3111 669 3206 722 καὶ
3245 671 3512 724 ἀπώλοντο
3541 673 3672 736 θείας
3697 677 3817 746 δίκης

567 742 589 811 ,ἶ
651 751 869 818 μέρεσι,
904 751 1134 814 πολλοὺς
1163 754 1274 804 τῶν
1303 755 1520 808 οἰκείων
1547 755 1878 823 διέφθειραν.
1905 751 2035 806 Εἶτα
2062 755 2220 806 ἀπει-
2327 755 2700 824 πειραθέντες.
2741 757 2806 810 Ἢ
2833 759 2890 812 δὲ
2923 759 3078 823 πόλις
3104 761 3294 830 ἀσινὴς
3323 764 3686 832 συντηρηθείσα
3714 742 3814 835 πρε-

649 841 842 904 πόντες
879 844 973 894 καὶ
1005 845 1146 909 μετὰ
1173 845 1268 896 τοῦ
1301 845 1490 896 στόλου
1535 845 1716 898 αὐτῶν
1763 846 2219 912 ὑποστρέφοντες,
2326 847 2514 909 σϐείας
2541 851 2640 914 τῆς
2670 850 2925 901 θεοτόκου
2971 851 3204 918 ὲτησίως
3233 852 3294 903 ὲκ
3337 851 3454 904 τότε
3486 852 3591 923 ᾄδει
3637 856 3816 924 εὐχαρι-

647 933 741 984 καὶ
788 933 846 985 ὲν
897 932 974 1000 τῷ
1026 933 1240 1003 Συλαίψ
1297 936 1606 1003 γενόμενοι,
1640 938 1706 1004 τῇ
1741 935 1986 1007 Θαλάσσῃ
2020 936 2220 996 πάντες
2323 936 2566 1003 στήριον,
2633 938 2926 994 ἀκάθιστον
2985 938 3086 1010 τὴν
3137 940 3348 1010 ἡμέραν
3409 943 3812 1010 κατονομάζουσα.

647 1024 1160 1093 κατεποντίσθησαν
1192 1025 1499 1095 προστασίᾳ
1530 1027 1630 1094 τῆς
1659 1028 1938 1094 πανάγνου
1973 1027 2066 1078 καὶ
2094 1025 2219 1078 θεο-

649 1115 910 1183 μήτορος.

727 1227 892 1281 Ἀλλὰ
930 1227 1024 1280 καὶ
1058 1228 1242 1296 τρίτον
1268 1225 1427 1290 αὖθις
1463 1231 1556 1282 ἐπὶ
1585 1231 1816 1294 Λέοντος
1849 1230 1942 1283 τοῦ
1967 1230 2213 1301 Ὶσαύρου

613 1298 616 1300 Ὗ
644 1317 692 1367 oi
721 1317 780 1380 ἐξ
809 1318 1014 1385 Ἀγαρ,
1044 1319 1186 1386 ὑπὲρ
1215 1319 1476 1381 πλείστας
1501 1323 1772 1391 μυριάδας
1797 1298 2212 1392 ἀριθμούμενοι,

645 1411 862 1478 πρῶτον
903 1411 1000 1480 μὲν
1025 1414 1122 1478 τὴν
1157 1414 1266 1466 τῶν
1302 1416 1525 1482 Περσῶν
1557 1417 1882 1484 ἀφανίζουσι
1913 1416 2212 1485 βασιλείαν,

643 1495 762 1552 εἶτα
809 1501 908 1567 τὴν
960 1502 1236 1567 Αἴγυπτον
1284 1505 1379 1555 καλ⁵
1423 1505 1634 1574 Λιϐύην
1673 1505 2068 1576 ἐπιδραμόντες
2116 1507 2212 1558 καλ¹

653 1589 850 1652 Ἰνδοὺς
903 1591 1169 1654 Αἰθίοπάς
1222 1611 1279 1646 τε
1321 1596 1416 1648 καὶ
1481 1596 1789 1658 Ἰσπανοῦς,
1841 1596 2070 1665 ὕστερον
2116 1598 2212 1651 καλ⁸

642 1678 762 1729 κατ’
781 1679 948 1746 αὐτῆς
969 1682 1065 1746 τῆς
1081 1683 1188 1732 τῶν
1207 1683 1414 1735 πόλεων
1437 1683 1703 1752 βασιλίδος
1724 1686 2205 1754 ὲπιστρατεύουσι,

2319 1026 2526 1082 (iners.

2393 1137 2750 1209 [Ἀκάθιστος
2776 1142 2991 1211 εἴρηται
3019 1143 3155 1196 διότι
3193 1143 3512 1214 ὀρθοστάδην
3545 1145 3683 1206 πᾶςὸ
3711 1145 3809 1207 λαὸς

2317 1230 2416 1300 τὴν
2465 1231 2638 1285 νύκτα
2691 1234 2908 1302 ἐκείνην
2965 1234 3166 1303 ὕμνους
3215 1233 3498 1306 θεομήτορι
3543 1237 3810 1305 μέλπει,ιιξι

2314 1323 2586 1377 Callistus
2619 1325 2672 1377 in
2707 1325 2828 1393 ejus
2860 1325 2965 1378 diei
3004 1325 3323 1396 Synaxario.
3362 1327 3476 1394 Ipse
3505 1327 3712 1396 hymnus
3748 1338 3812 1379 est

2317 1412 2631 1477 ἀκάθιστος,
2663 1413 2806 1482 quod
2844 1414 3201 1470 interstitium
3234 1419 3571 1486 quietemque
3612 1417 3667 1468 ad
3701 1415 3814 1468 dilu-

2317 1507 2495 1560 culum
2549 1523 2723 1577 usque
2761 1525 2865 1560 nou
2923 1510 3157 1578 reperiat
3205 1518 3257 1563 et
3311 1523 3517 1576 semper
3560 1505 3812 1561 cantandus

2314 1608 2644 1668 perseveret.
2679 1602 2718 1653 E
2741 1601 2946 1655 Triodii
2977 1601 3283 1671 Syuaxario
3313 1601 3580 1656 historiam
3604 1601 3813 1666 deprom-

2313 1691 2422 1758 psit
2453 1690 2759 1756 Gretserus,
2793 1693 3195 1746 concinniorem
3229 1693 3388 1747 aliam
3417 1708 3445 1744 e
3475 1691 3627 1758 Regia
3657 1687 3814 1740 biblio-

638 1769 789 1837 χίλια
834 1771 1131 1823 ὀκτακόσια
1172 1775 1333 1826 πλοῖα
1364 1777 1773 1844 ἐπιφερόμενοι.
1812 1776 2193 1839 Κυκλώσαντες

2313 1781 2468 1836 theca
2523 1784 2836 1849 nuperrime
2890 1792 3014 1850 post
3052 1783 3339 1838 historiam
3396 1777 3810 1836 Mouothelitarum

635 1858 728 1910 οῦν
760 1861 931 1927 αὐτὴν
968 1861 1044 1923 ὡς
1071 1863 1268 1916 αὐτίκα
1319 1866 1382 1932 δὴ
1434 1868 1850 1933 ἀναρπάσοντες
1891 1868 2102 1938 ἔμενον.
2149 1868 2193 1922 'C

2311 1874 2565 1928 laudatus
2617 1874 2942 1929 Frauciscus
2990 1872 3569 1944 Combeﬁs.evu|gavit
3608 1879 3657 1924 et
3685 1875 3813 1922 nous

633 1948 688 2002 δὲ
717 1949 815 2016 τῆς
847 1951 1055 2013 πόλεως
1081 1954 1228 2022 ίερὺς
1250 1954 1380 2016 λαὸς
1411 1956 1470 2006 τὸ
1501 1957 1698 2010 σεπτὸν
1725 1957 1880 2021 ξύλον
1904 1960 1999 2011 τοῦ
2025 1959 2205 2027 τιμίου

631 2041 727 2092 καὶ
778 2041 1044 2104 ζωοποιοῦ
1090 2046 1325 2114 σταυροῦ
1383 2051 1476 2099 καὶ
1527 2049 1626 2119 τὴν
1676 2049 1977 2117 σεϐάσμιον
2024 2049 2206 2102 είκόνα

630 2133 732 2200 τῆς
767 2135 1101 2206 θεομῆτορος
1159 2139 1490 2208 όδηγητρίας
1539 2140 1873 2210 ἐπαγόμενοι
1922 2143 1983 2194 τὸ
2028 2145 2206 2211 τεῖχος

630 2227 1056 2293 περιεκύκλουν,
1120 2231 1217 2282 σὺν
1267 2231 1498 2299 δάκρυσι
1550 2233 1642 2285 τὸν
1688 2233 1823 2284 Θεὸν
1876 2232 2203 2301 ἱλεούμενοι.

631 2315 801 2378 Δόξαν
825 2317 917 2369 οῦν
949 2317 1090 2370 οὕτω
1112 2323 1224 2382 τοῖς
1258 2321 1609 2390 Ἀγαρηνοῖς,
1645 2324 1725 2385 είς
1753 2323 1845 2375 δύο
1867 2323 2204 2392 διαιροῦνται

635 2407 800 2474 μέρη,
835 2412 925 2461 καὶ
953 2413 1002 2462 oi
1044 2413 1142 2478 μὲν
1169 2413 1312 2465 κατὰ
1351 2414 1678 2483 Βουλγάρων
1707 2417 2089 2484 στρατεύουσι,
2110 2417 2205 2469 καὶ

629 2499 926 2551 πίπτουσιν
957 2503 1135 2552 ἐκεῖσε
1161 2503 1301 2572 ὑπὲρ
1336 2506 1608 2573 μυριάδας
1637 2507 1751 2570 δύο,
1775 2509 1824 2559 οί
1853 2509 1907 2560 δὲ
1939 2511 2204 2578 περιελεί-

631 2591 848 2656 φθησαν
900 2590 996 2658 τὴν
1045 2592 1202 2643 πόλιν
1241 2593 1404 2645 ἑλεῖν.
1453 2595 1811 2659 κωλυθέντες
1860 2597 1915 2649 δὲ
1953 2599 2060 2651 ὑπὸ
2104 2603 2203 2669 τῆς

628 2677 898 2743 ἁλύσεως,
929 2681 1225 2751 διηκούσης
1256 2684 1364 2735 ἀπὸ
1403 2685 1512 2738 τῶν
1544 2687 1788 2739 Γαλάτου
1831 2690 1909 2752 είς
1940 2689 2008 2741 τὰ
2044 2692 2222 2760 τείχη.

624 2768 729 2830 τῆς
788 2769 1021 2834 πόλεως,
1073 2773 1400 2840 ἀναχθέντες
1456 2778 1583 2845 περί
1637 2793 1740 2829 που
1791 2779 1854 2830 τὸ
1909 2780 2202 2850 λεγόμενον

624 2858 927 2912 Σωσθένιον
963 2861 1227 2928 γίνονται.
1268 2866 1442 2925 Κάκεῖ
1468 2868 1670 2934 ἀνέμου
1701 2867 1901 2939 Βορέου
1929 2875 2199 2944 καταρρα-

621 2950 813 3014 γέντος
849 2951 916 3003 τὰ
974 2953 1144 3007 πολλὰ
1189 2954 1298 3006 τῶν
1330 2956 1531 3010 πλοίων
1582 2959 1766 3012 αὐτῶν
1801 2961 2072 3032 διερῤάγη
2094 2965 2199 3017 ’καὶ

619 3040 1016 3110 διεφθάρησαν.
1043 3045 1106 3098 Οἱ
1129 3045 1188 3097 δὲ
1211 3048 1656 3116 περιλειφθέντες
1676 3050 1822 3121 λιμῷ
1845 3055 2197 3122 περιέπεσον,

619 3130 696 3190 ὡς
741 3135 834 3186 καὶ
884 3133 1240 3202 ἀνθρωπίνων
1283 3137 1507 3205 σαρκῶν
1555 3139 1838 3206 ἅψασθαι,
1880 3142 2087 3212 κόπριά
2137 3160 2193 3195 τε

2303 3130 2680 3240 ιέέέἕιῖειὲέξά

622 3221 802 3288 φυρᾷν
833 3221 929 3273 καὶ
969 3222 1191 3275 ἐσθίειν.
1242 3221 1375 3278 Εἶτα
1415 3229 1680 3294 φυγόντες
1711 3234 1804 3282 καὶ
1834 3233 1977 3284 κατὰ
2016 3233 2076 3285 τὺ
2105 3236 2201 3287 Δίς

621 3310 778 3370 γαίον
826 3312 1110 3376 γενόμενοι
1145 3314 1378 3380 πέλαγος
1411 3319 1479 3368 τὰ
1523 3319 1707 3386 σκάφη
1740 3323 1923 3372 αὐτῶν
1975 3323 2195 3381 ἅπαντα

623 3397 716 3447 καὶ
747 3399 976 3460 ἑαυτοὺς
1009 3402 1087 3467 τῷ
1110 3405 1208 3470 τῆς
1241 3406 1521 3476 θαλάσσης
1552 3409 1754 3463 διδοῦσι
1779 3412 1946 3483 βυθῷο
1984 3416 2196 3484 χάλαζα

622 3485 732 3552 γὰρ
763 3486 994 3554 ραγδαία
1024 3490 1327 3557 οὐρανόθεν
1360 3503 1772 3565 καταπεσοῦσα,
1817 3504 1909 3554 καὶ
1949 3503 2196 3573 βρασμὸν

623 3576 764 3626 κατὰ
793 3577 891 3643 τῆς
921 3578 1196 3649 θαλάσσης
1228 3585 1531 3654 ποιήσασα,
1561 3593 1662 3657 τὴν
1693 3592 1801 3644 τῶν
1837 3595 2038 3648 πλοίων
2063 3598 2192 3650 πίσ-

625 3667 1008 3723 σαν.διέλυσε.
1071 3673 1180 3724 Καὶ
1225 3675 1399 3739 οὕτως
1442 3680 1471 3730 ὁ
1524 3680 1938 3754 ἀπειροπληθὴς
1988 3687 2192 3752 ἐκεῖνος

621 3758 807 3823 στόλος
862 3763 1107 3832 διόλωλε,
1155 3767 1326 3835 τριῶν
1389 3771 1568 3838 μόνων
1619 3775 1700 3838 είς
1738 3775 2000 3843 ἀγγελίαν
2038 3796 2193 3848 περι-

618 3849 973 3918 λειφθέντων.

686 3965 850 4038 32ἀθ
882 3969 978 4022 Διά
1007 3971 1180 4026 ταῦτα
1207 3977 1391 4031 τοίνυν
1424 3979 1640 4033 ἅπαντα
1671 3981 1736 4032 τὰ
1767 3981 2019 4054 ὑπερφυῆ
2055 3985 2188 4038 θαυ-

616 4057 784 4125 μάσια
818 4059 920 4124 τῆς
961 4065 1240 4130 πανάγνου
1272 4071 1368 4121 καὶ
1399 4070 1738 4138 ,θεομήτορος
1771 4074 1872 4141 τὴν
1904 4076 2188 4145 παροῦσαν

610 4147 807 4216 ἑορτὴν
863 4150 1223 4222 ἑορτάζομεν.
1270 4157 1588 4223 Ἀκάθιστος
1642 4161 1698 4214 δὲ
1760 4165 2001 4233 εἴρηται,
2052 4167 2188 4220 διότι

608 4235 946 4304 ὀρθοστάδην
991 4241 1116 4293 τότε
1150 4249 1256 4307 πΞς
1293 4250 1318 4300 ό
1351 4251 1479 4312 λαὸς
1516 4254 1658 4305 κατὰ
1691 4255 1788 4320 τὴν
1826 4258 1994 4310 νύκτα
2042 4261 2186 4314 ὲκεί-

609 4342 706 4393 νην
753 4325 844 4378 τὸν
894 4329 1063 4394 ῦμνον
1109 4338 1173 4402 τῇ
1223 4339 1314 4390 τοῦ
1349 4340 1523 4407 Λόγου
1553 4345 1739 4413 Μητρὶ
1774 4345 2031 4417 ἔμελψαν.
2072 4354 2180 4407 Καὶ

2309 1967 2526 2034 adjecit.
2557 1967 2756 2038 Ceam]

2381 2076 2658 2145 lluplicem
2692 2079 2836 2134 hunc
2890 2094 3130 2135 errorem
3173 2077 3423 2149 περὶτοῦ
3475 2076 3692 2146 μεγάλου
3732 2089 3812 2123 κα-

2308 2168 2482 2232 νόνος,
2520 2171 2651 2237 περὶ
2679 2171 2777 2238 τῆς
2810 2171 3107 2224 ἀκαθίστου
3140 2173 3370 2240 ipsemet
3401 2168 3698 2237 Curopalata
3712 2163 3813 2218 Cal-

2307 2263 2530 2316 viniano
2575 2263 2884 2318 scholiastae
2936 2264 3175 2319 eximere
3231 2273 3459 2333 poterat,
3515 2261 3558 2316 si
3609 2259 3814 2312 animum

2308 2354 2650 2409 advertisset.
2683 2357 2772 2408 Ait
2804 2359 2951 2420 enim
2982 2357 3311 2424 Curopalata
3342 2371 3371 2409 a
3423 2354 3584 2422 prima
3619 2365 3674 2401 ex
3701 2359 3815 2414 ‘1"3‘

2307 2453 2434 2498 tuor
2464 2446 2662 2516 vigiliis
2710 2448 3000 2519 imaginem
3053 2451 3416 2504 sanctissima:
3449 2445 3688 2512 Deiparm,
3719 2450 3816 2507 Qum

2307 2534 2635 2606 Hodegetria
2691 2541 3014 2608 appellatur,
3047 2539 3099 2593 in
3148 2542 3354 2607 palatio
3389 2549 3597 2592 manere
3637 2532 3695 2585 ad
3726 2541 3816 2581 ma-

2307 2643 2472 2697 gnum
2530 2645 2701 2698 usque
2765 2631 2910 2686 diem
2970 2632 3316 2686 Dominicum
3367 2625 3649 2684 Paschalis.
3701 2619 3813 2718 [lu-ie

2305 2718 2547 2786 imagini,
2580 2720 2757 2789 inquit
2774 2721 3125 2791 Curopalata,
3159 2719 3591 2774 venientiobviam
3613 2711 3814 2809 procedit

2304 2808 2588 2875 imperator
2606 2812 2675 2864 ad
2699 2821 2906 2879 portam
2932 2813 3070 2866 aula:
3096 2811 3307 2892 palatii.
3335 2809 3567 2864 Secunda
3587 2820 3688 2858 vero
3709 2800 3817 2892 [ξ’ῗία

2303 2901 2588 2954 comitatur
2619 2903 2892 2958 abeuntem
2933 2907 3001 2958 ad
3049 2891 3278 2958 excelsos
3315 2917 3471 2972 usque
3499 2897 3697 2968 gradus.
3722 2891 3769 2943 Si
3792 2903 3813 2940 :I

2302 2990 2480 3057 prima
2517 2993 2723 3062 vigilia,
2752 3011 2872 3064 qua:
2908 3007 2989 3050 est
3013 2994 3107 3047 τοῦ
3141 2996 3382 3064 μεγάλου
3414 2992 3644 3051 κανόνος,
3665 2989 3818 3038 mam-t

2303 3081 2484 3152 imago
2545 3085 2632 3138 illa
2673 3087 2724 3139 in
2772 3087 2972 3154 palatio
3007 3103 3181 3156 usque
3217 3088 3286 3141 ad
3335 3086 3614 3143 sccuudam
3661 3077 3815 3132 feriam

2687 3178 2762 3229 eri
2796 3192 2903 3230 non
2936 3186 3113 3245 potest
3146 3185 3204 3230 ut
3235 3177 3269 3246 ή
3303 3175 3396 3228 τοῦ
3432 3171 3655 3243 μεγάλου
3685 3160 3817 3216 κανό-

2303 3284 2392 3329 νος
2420 3268 2700 3336 ἀγρυπνία
2732 3271 2814 3324 Vel
2849 3270 3040 3338 juncta
3074 3271 3153 3325 vel
3187 3274 3432 3339 proxima
3477 3265 3630 3319 fuerit
3657 3260 3817 3353 Pente-

2300 3368 2468 3413 costaa
2498 3376 2512 3412 :
2545 3360 2752 3428 alioqui
2812 3360 2990 3429 imago
3022 3360 3112 3413 illa
3159 3361 3376 3429 integro
3424 3358 3586 3412 ferme
3625 3362 3748 3403 anno
3773 3359 3815 3396 In

2301 3449 2501 3518 palatio
2539 3432 2848 3513 mansisset.
2883 3447 2911 3504 a
2945 3451 3269 3506 Pentecoste
3305 3451 3550 3505 videlicet
3588 3455 3741 3540 usque
3763 3435 3814 3540 id

2300 3541 2597 3595 secundam
2640 3541 2830 3594 feriam
2863 3541 3169 3607 Paschatis,
3203 3559 3330 3596 cum
3374 3552 3548 3596 tamen
3593 3535 3816 3618 paucissi-

2298 3633 2402 3688 mis
2438 3633 2873 3689 hebdomadibus
2920 3637 2974 3688 in
3012 3651 3076 3688 eo
3109 3635 3349 3706 relinqui
3397 3634 3606 3696 soleret,
3637 3637 3686 3682 et
3719 3637 3818 3692 pro-

2299 3732 2482 3791 pterea
2511 3725 2742 3792 singulis
2767 3725 2924 3780 annis
2949 3742 3056 3779 non
3079 3727 3237 3780 aiiter
3271 3743 3336 3782 ac
3360 3727 3556 3781 donum
3581 3716 3812 3790 quoddam

2295 3815 2558 3870 divinitus
2601 3819 2828 3872 missum
2860 3809 2912 3871 in
2942 3821 3066 3872 aula
3104 3829 3474 3886 exetperetur,
3504 3826 3692 3885 perque
3713 3821 3817 3876 Pau'

2294 3921 2388 3960 cos
2443 3908 2560 3963 dies
2603 3908 2657 3962 in
2715 3910 2901 3964 eadem
2945 3912 3127 3964 tutela:
3173 3914 3349 3980 gratia
3401 3915 3812 3965 commoraretur,

2293 4014 2491 4068 nempe
2536 4015 2566 4052 a
2623 4001 2809 4067 quinta
2853 4001 2984 4056 feria
3033 4003 3194 4072 325
3253 4004 3456 4072 quintae
3506 3991 3815 4054 hebdomadis

2293 4089 2791 4158 quadragesimalis
2842 4107 3014 4160 usque
3047 4096 3110 4146 ad
3169 4096 3467 4149 secundam
3515 4091 3688 4145 feriam
3734 4084 3813 4136 Pa-

2291 4161 2517 4244 scibatis,
2555 4196 2664 4250 quo
2711 4182 2800 4235 die
2854 4184 3186 4238 relet'ebatur
3219 4187 3358 4254 πρὸς
3390 4186 3482 4240 τὸν
3535 4184 3626 4252 τῆς
3656 4171 3814 4231 (9:016-

2290 4292 2391 4328 κου
2426 4276 2551 4328 ναὸν
2587 4277 2677 4328 τὸν
2707 4277 2814 4330 τῶν
2859 4277 3103 4344 Ὀδηγῶν
3134 4278 3492 4347 κεκλημένον,
3531 4285 3585 4328 ut
3609 4269 3814 4338 loquillll'

2292 4367 2538 4422 Zonaras
2570 4367 2623 4421 in
2671 4368 2901 4436 imperio
2937 4367 3216 4424 Michaelis
3260 4373 3278 4425 Ι
3313 4364 3710 4438 Theophili,cui
3739 4359 3813 4414 ad-

608 4414 690 4464 ὅτι
740 4417 798 4467 ὲν
836 4420 980 4470 πᾶσι.
1017 4425 1130 4482 τοῖς
1159 4425 1353 4489 ,ἄλλοις
1409 4432 1580 4495 οίκοις
1623 4437 1895 4506 καθῆσθαι
1919 4414 2000 4506 ⁷ἐξ
2028 4443 2180 4508 ἔθους

609 4503 822 4527 ι.--..---
853 4509 886 4527 ι.
1002 4513 1022 4526 -
1237 4515 1254 4526 α
1392 4521 1417 4527 -
1492 4523 1508 4527 -

2292 4414 2537 4422 -π-η-
2672 4414 2898 4436 ----,,----
2937 4414 3216 4424 -.-πη--..υ
3260 4414 3277 4425 .
3326 4414 3613 4438 -..νυνηηἾ
3640 4414 3707 4419 -.η

2286 4457 2475 4525 juncta
2508 4468 2627 4511 erat
2680 4458 2817 4527 μονὴ
2863 4474 2960 4512 seu
2991 4462 3385 4515 monasterium
3436 4459 3541 4511 τῶν
3582 4453 3810 4523 Ὀδηγῶνο

608 4503 822 4571 ἔχοντες
851 4509 906 4557 ὲν
941 4513 1049 4572 τοῖς
1083 4515 1322 4580 παροῦσι
1358 4521 1454 4588 τῆς
1488 4503 1842 4595 θεομήτορνος,
1869 4503 2021 4601 ὀρθοὶ
2043 4503 2176 4588 πάνΞ

605 4603 695 4688 τες
746 4595 1102 4665 ἁκροώμεθα.
1137 4605 1270 4667 Ταῖς
1323 4609 1424 4674 τῆς
1479 4613 1578 4682 σῆς
1630 4595 1950 4688 ὕπερμάχου
1987 4641 2045 4675 τε
2085 4627 2178 4678 καὶ

602 4681 965 4756 ἁπροσμάχου
993 4691 1213 4761 Μητρὸς
1246 4699 1588 4767 πρεσϐείαις,
1610 4681 1810 4773 Χριστὲ
1837 4681 2042 4778 δ’Θεὸς,
2073 4717 2178 4769 τῶν

601 4780 1009 4846 περικειμένων
1059 4785 1154 4835 καὶ
1187 4786 1336 4853 ἡμᾶς
1367 4791 1674 4858 ἀπάλλαξον
1733 4804 2047 4873 συμφορῶν,
2085 4809 2178 4860 καὶ

602 4863 831 4932 ἐλέησον
860 4870 1028 4939 ἡμᾶς,
1059 4873 1136 4936 ὡς
1173 4877 1336 4943 μόνος
1363 4882 1770 4955 φιλάνθρωπος.

669 4977 744 5031 Ex
781 4981 863 5033 his
898 4999 1029 5053 ergo
1058 4991 1406 5058 perspicuum
1453 4995 1976 5071 relinquitur‘quale
2012 5010 2175 5066 fuerit

596 5069 693 5138 τῆς
729 5071 1028 5126 ἁκαθίστου
1066 5077 1288 5143 festum,
1325 5091 1379 5135 et
1428 5099 1526 5137 cur
1567 5087 1668 5142 hoc
1714 5095 1936 5148 nomine
1987 5103 2170 5167 appel-

599 5158 740 5213 latus
775 5164 1070 5246 dxielfto;
1123 5168 1313 5238 ὕμνος,
1363 5178 1491 5242 quia
1541 5181 1753 5244 stando,
1794 5201 1900 5239 non
1935 5191 2172 5245 sedendo

599 5253 853 5346 canitur;
889 5257 1179 5325 ἀκάθιστος
1214 5265 1376 5337 ἑορτὴ
1422 5286 1514 5323 seu
1553 5274 1758 5343 ἡμέρα,
1786 5280 1912 5346 quia
1953 5282 2020 5335 ab
2052 5300 2174 5337 om-

601 5340 789 5406 nibus,
842 5349 1057 5403 nemine
1111 5367 1337 5425 cxcepto
1370 5368 1425 5414 et
1482 5366 1698 5421 nemine
1749 5371 1956 5426 utiante
2013 5386 2168 5431 aut.a

597 5429 800 5486 divinis
827 5433 1084 5494 laudibus
1124 5457 1398 5513 cessante,
1435 5455 1733 5523 peragitur.
1781 5459 1971 5516 Exstat
2000 5465 2053 5517 iu
2087 5466 2172 5519 bi-

596 5519 868 5577 bliotheca
898 5526 1157 5586 Buvarira
1185 5538 1364 5590 oratio
1396 5541 1498 5595 hoc
1531 5519 1689 5599 tiiulo
1720 5565 1733 5601 :
1769 5550 1940 5618 Λόγος
1983 5555 2172 5624 ἀναγι-

594 5613 939 5682 νωσκόμενος
972 5622 1050 5683 εἰς
1085 5627 1185 5692 τὴν
1219 5628 1539 5685 ἁκέιθιστον.
1593 5638 1861 5708 Διήγησις
1895 5613 2173 5714 ὠφέλιμος

595 5699 658 5751 ὲκ
708 5706 944 5772 παλαιᾶς
1007 5714 1248 5784 ἱστορίας
1304 5720 1644 5792 συλλεγεῖσα,
1700 5733 1793 5783 καὶ
1852 5735 2170 5808 ἀναμιμνή-

2291 4556 2349 4601 ut
2375 4563 2440 4602 cx
2485 4547 2793 4618 Nicephoro
2854 4549 3093 4618 Gregora
3126 4551 3162 4604 l.
3194 4568 3232 4606 ιι
3262 4561 3477 4608 constat
3518 4565 3531 4603 :
3569 4549 3684 4602 hinc
3717 4547 3813 4612 ipsa

2289 4637 2466 4711 imago
2497 4638 2816 4709 way-firmat,
2849 4641 3003 4710 quasi
3033 4641 3142 4694 dux
3173 4643 3290 4708 vim,
3321 4643 3696 4711 appellabatur.
3725 4635 3816 4690 Nec

2286 4706 2660 4782 adducebatur
2705 4706 2785 4784 ex
2845 4706 3046 4799 templo
3111 4706 3479 4798 Blaclieruio,
3560 4741 3615 4788 ut
3673 4733 3814 4800 fpulai

2288 4819 2638 4885 scholiastes,
2671 4826 2765 4876 sed
2795 4838 2860 4877 ex
2909 4825 3110 4893 templo
3143 4836 3197 4879 et
3226 4841 3294 4879 ex
3351 4823 3674 4879 monasterio
3724 4819 3814 4872 τῶν

2300 4909 2565 4978 Ὀδηγῶν,
2615 4913 2757 4981 quod
2813 4931 2844 4968 a
2899 4918 3100 4985 templo
3141 4916 3468 4973 Blacheruio
3523 4919 3810 4971 distinctum

2283 5010 2425 5054 erat.

2354 5113 2460 5167 Sed
2511 5117 2704 5184 probat
2760 5119 2809 5173 id
2840 5134 2904 5173 ex
2941 5122 3202 5194 gradibus
3235 5127 3492 5188 excelsis,
3526 5127 3592 5179 de
3635 5121 3812 5190 quibus

2279 5187 2630 5272 CIuml‘alata,
2694 5224 2746 5262 c.
2783 5210 2850 5261 12
2906 5187 2966 5265 et
3006 5191 3056 5267 c.
3108 5215 3192 5276 15,
3225 5220 3379 5283 quasi
3443 5187 3525 5268 illi
3561 5187 3813 5282 fuerintin

2281 5295 2467 5360 templo
2507 5296 2834 5353 Blachernio.
2872 5303 2938 5354 At
2971 5318 3158 5370 parum
3207 5308 3350 5361 valet
3381 5309 3492 5361 haec
3542 5304 3810 5376 probatio:

2281 5397 2404 5435 nam
2441 5400 2770 5454 quocunque
2802 5389 2907 5443 iret
2951 5391 3268 5460 imperatur,
3309 5409 3522 5462 semper
3566 5395 3629 5447 ad
3659 5387 3816 5445 excel-

2279 5489 2370 5526 sos
2396 5476 2595 5539 gradus
2628 5493 2802 5545 usque
2851 5481 3227 5538 deducebatur
3256 5502 3286 5540 a
3325 5487 3606 5556 Barangls,
3654 5492 3706 5536 ut
3737 5481 3812 5532 iu-

2275 5565 2394 5630 quit
2416 5565 2772 5633 Curopalata,
2806 5585 2856 5624 c.
2898 5574 2964 5627 15
2992 5591 3006 5638 ;
3057 5586 3272 5644 Oportet
3301 5595 3432 5647 ergo
3460 5579 3558 5632 hos
3596 5575 3813 5630 excelsos

2275 5655 2480 5720 gradus
2510 5657 2638 5710 alibi
2670 5659 2840 5715 fuisse
2869 5678 3034 5730 quam
3061 5666 3112 5719 in
3153 5667 3472 5723 Blacheruio
3503 5665 3710 5734 templo.
3739 5655 3810 5712 Vel

2271 5743 2326 5797 in
2355 5745 2440 5800 via
2484 5749 2550 5802 ad
2587 5750 2764 5805 solum
2816 5753 3202 5814 Blachernium
3227 5749 3526 5832 templum,
3567 5758 3687 5830 quia
3718 5754 3808 5808 im-
