4048 6420
474 405 582 471 36¹1

1588 407 1667 467 IN
1715 407 2007 467 LIBRUM
2048 409 2054 466 i

2183 407 2509 470 OFFlCIlS
2547 412 2651 473 cr.
3046 370 3053 371 ί
3599 415 3689 476 364

478 520 630 571 λυσιν
662 515 762 569 οὐκ
800 515 1138 585 ἐξερχόμεθα
1187 513 1287 584 τῆς
1323 514 1641 585 ἐκκλησίας,
1699 515 1833 569 ἀλλὰ
1877 517 2050 585 καθή-

2157 533 2274 573 cem
2305 529 2597 574 exorantcs
2616 521 2911 591 εἰρηνικῶν
2942 522 3168 591 reliquis
3193 537 3387 580 nomen
3407 524 3687 597 imponunt.

481 609 624 679 μεθα
657 609 713 661 ὲν
748 608 860 667 τοῖς
891 608 1081 668 τόποις
1114 606 1293 675 ήμῶν,
1324 609 1413 659 καὶ
1447 607 1761 674 εἰσέρχεται
1794 608 1823 658 ὁ
1856 606 2049 661 κελλα-

476 699 657 769 ρίτης,
684 700 777 751 καὶ
825 698 1102 752 ἐπιδίδωσι
1147 702 1258 763 τοῖς
1306 700 1560 767 ἀδελφοῖς
1593 700 1925 770 ἁνάκλασμα
1952 702 2047 755 τοῦ

471 790 662 861 ἄρτου,
694 790 790 841 καὶ
823 790 925 840 ἀνὰ
953 789 1010 853 ἐξ
1042 789 1327 860 ίσχάδωνῆ
1360 791 1643 857 φοινίκων,
1674 792 1768 844 καὶ
1800 792 1907 844 ἀπὸ
1930 792 2049 855 ἐνὸς

470 880 831 951 κρασοῦολίου
860 875 1027 934 οἶνον.
1063 882 1236 936 Gosn.

1082 972 1311 1029 CAPUT
1352 973 1447 1030 1X.

473 1090 875 1143 Observationes
938 1098 987 1141 et
1046 1087 1425 1209 explicationes
1458 1088 1512 1140 in
1564 1105 1612 1141 c.
1672 1088 1759 1152 Η,
1806 1090 1869 1143 de
1920 1089 2051 1158 festo

1160 1174 1246 1209 asc
1269 1174 1353 1209 ne.

1160 1174 1353 1209 aSCIttB.

541 1252 685 1310 Ibid.
726 1253 801 1306 De
856 1252 987 1320 festo
1050 1251 1292 1304 Pasclue.
1330 1251 1405 1304 Ita
1457 1252 1664 1306 titulus.
1706 1253 1892 1316 habet,
1924 1270 2048 1309 cum

468 1346 634 1399 etiam
670 1346 773 1400 hoc
803 1346 981 1414 capite
1011 1346 1077 1400 de
1114 1345 1219 1398 ritu
1252 1345 1400 1401 feriae
1434 1348 1638 1414 quintae
1686 1348 1784 1416 τῆς
1819 1350 2049 1403 Διακαι-

470 1439 708 1505 νησίμου
740 1437 917 1506 doque
945 1435 1085 1491 festo
1124 1436 1474 1492 Pentecostes
1509 1450 1564 1493 et
1607 1441 1675 1494 de
1710 1441 1847 1493 festo
1887 1440 2047 1495 Exal-

473 1530 701 1585 talionis
735 1529 795 1585 S.
831 1532 1011 1584 crucis
1043 1540 1425 1597 pertractetur.
1453 1533 1657 1588 GRETS.

549 1624 687 1677 Ibid.
713 1624 853 1695 [Ἐν
881 1624 955 1691 τῇ
980 1624 1166 1691 τρίτῃ.
1198 1623 1367 1694 Vulgo
1399 1636 1579 1679 tamen
1602 1637 1654 1680 et
1676 1626 1881 1697 ubique
1900 1629 2045 1683 circa

472 1716 800 1768 matutinum
830 1717 1217 1783 crepusculum
1256 1716 1448 1783 incipit
1476 1718 1579 1770 hoc
1622 1718 1873 1773 cilicium.
1904 1719 2046 1774 Pen-

476 1808 828 1861 tecostarium
861 1828 875 1862 :
912 1808 1047 1878 Περὶ
1082 1806 1232 1875 ὤραν
1258 1809 1460 1879 ὄρθρου
1497 1811 1779 1879 σημαίνει.

2169 610 2258 665 Ἐν
2289 613 2484 684 εἰρήνῃ
2516 613 2610 666 τοῦ
2645 614 2851 684 Κυρίου
2883 606 3187 685 δεηθῶμεν.
3228 617 3289 671 '0
3316 620 3489 689 χορός·
3538 623 3690 693 Κύριε

2155 703 2398 772 ἐλέησον.
2451 706 2730 768 Διάκονοςο
2769 706 2944 775 ’Υπὲρ
2982 710 3077 776 τῆς
3124 708 3333 761 ἄνωθεν
3374 712 3582 781 εἰρήνης
3609 715 3691 767 τοῦ

2156 794 2361 863 Κυρίου
2392 795 2697 866 δεηθῶμεν.
2726 797 2785 850 '0
2818 799 2997 868 χορός·
3032 798 3229 869 Κύριε,
3258 800 3496 869 ἐλέησον.
3526 804 3694 857 Διάκο-

2156 903 2264 949 νος·
2311 887 2485 955 ’Υπὲρ
2512 889 2609 956 τῆς
2642 890 2867 959 εἰρήνης
2903 892 3001 944 τοῦ
3042 891 3357 960 σύμπαντος
3383 894 3578 964 κόσμου
3611 896 3694 949 τοῦ

2155 978 2361 1047 Κυρίου
2421 980 2725 1049 δεηθῶμεν.
2783 981 2841 1034 '0
2888 983 3067 1051 χορός’
3104 982 3302 1053 Κύριε,
3331 985 3566 1055 ἐλέησον.
3598 987 3697 1040 Καὶ

2152 1068 2220 1121 τὰ
2247 1069 2395 1137 ἑξῆς.
2435 1068 2565 1125 Vide
2592 1071 2968 1140 Cbrysostomi
3001 1075 3299 1145 liturgiam.
3325 1074 3516 1149 GOAR.]

2224 1157 2366 1215 Ibid.
2400 1158 2675 1229 lntegrum
2704 1164 2955 1216 odarium
2991 1175 3074 1218 est
3126 1165 3275 1219 istud
3308 1184 3321 1220 :
3361 1164 3698 1221 Reaurrectio-

2153 1252 2233 1303 nis
2261 1254 2391 1306 dies.
2450 1252 2787 1308 Exsultemus
2818 1256 3001 1325 populi
3028 1275 3047 1313 :
3080 1274 3146 1311 ex
3175 1267 3339 1311 morte
3369 1260 3504 1313 enim
3540 1261 3605 1311 ad
3628 1261 3698 1313 ri-

2154 1352 2262 1394 tam
2295 1352 2343 1396 et
2361 1360 2426 1396 ea:
2456 1354 2601 1399 terra
2628 1346 2699 1399 ad
2718 1349 2904 1401 catum
2929 1347 3175 1402 Christus
3208 1349 3349 1404 Deus
3374 1366 3462 1404 nos
3483 1360 3699 1404 transtu-

2153 1435 2238 1497 lit,
2297 1438 2533 1492 victoria:
2589 1456 2801 1493 carmen
2856 1443 3208 1497 concinentes.
3267 1441 3401 1497 Vide
3449 1443 3697 1496 llitualcm

2151 1525 2353 1580 librum
2391 1530 2484 1595 qui
2516 1529 2985 1584 Pentecostarium
3024 1533 3363 1587 inscribitur.
3412 1534 3604 1589 Gnsrs.

2224 1614 2845 1689 1ὸὶά.[“Αναστάο-εως
2891 1622 3104 1688 ἡμέρα.
3140 1622 3425 1689 Reliquum
3481 1624 3702 1692 suggerit

2157 1709 2631 1765 Pentecostarium
2668 1728 2683 1764 :
2715 1712 3173 1781 Λαμπρυνθῶμεν
3202 1714 3343 1769 λαοί.
3395 1715 3578 1782 Πάσχα
3608 1713 3703 1766 Κυ-

2153 1801 2295 1870 ρίου,
2354 1803 2547 1872 Πάσχα
2569 1820 2581 1833 ·
2616 1806 2679 1856 ὲκ
2734 1806 2840 1874 γὰρ
2876 1805 3110 1858 θανάτου
3170 1807 3307 1872 πρὸς
3340 1806 3484 1873 ζωὴν
3531 1808 3618 1857 καὶ
3650 1808 3705 1857 ὲκ

545 1898 688 1953 Ibid.
722 1898 959 1970 [Δίδωσι
1025 1900 1333 1968 λαμπάδα.
1383 1902 1451 1956 Ut
1507 1904 1944 1974 archipresbyter
2003 1906 2054 1958 in

2164 1894 2267 1962 γῆς
2296 1896 2435 1963 πρὸς
2464 1896 2696 1965 οὐρανὸν
2728 1896 2966 1963 Χριστὸς
3009 1898 3038 1949 δ
3067 1898 3199 1960 Θεὸς
3237 1900 3385 1968 ἡμᾶς
3417 1897 3705 1950 διεόίϐασεν

474 1994 694 2060 palatio,
734 1995 807 2047 ita
838 1995 1039 2063 ubique
1068 1997 1321 2063 superior
1354 1996 1461 2051 boc
1524 2012 1749 2051 munere
1781 1997 2048 2067 fungitur.

476 2084 661 2154 Typus
687 2084 1078 2141 Pentecostarii
1118 2105 1130 2139 :
1174 2086 1233 2139 '0
1257 2087 1313 2140 δὲ
1350 2088 1658 2158 ἡγούμενος
1705 2088 1955 2157 διανέμει
1984 2088 2055 2142 τὰ

474 2178 647 2245 κηρία
676 2180 789 2239 τοῖς
820 2177 1097 2245 ἀδελφοῖς.

543 2267 685 2322 Ibid.
716 2265 1070 2341 ['I‘Jmpétat
1122 2270 1433 2337 ἄρχοντες.
1473 2269 1735 2326 Lectores
1785 2280 1840 2326 et
1892 2286 2056 2327 cano-

474 2361 708 2415 narchas
739 2361 1089 2431 intellige,de
1115 2362 1315 2429 quibus
1342 2378 1394 2417 c.
1424 2363 1457 2416 6
1485 2373 1611 2417 etc.
1649 2364 1706 2429 8,
1731 2362 2054 2436 ’Υπηρέται,

476 2450 607 2520 quia
646 2462 961 2519 protopapte
989 2452 1218 2515 subditi,
1253 2452 1539 2522 ἄρχοντες,
1573 2456 1700 2521 quia
1732 2446 1982 2525 palatini.

548 2540 694 2596 Ibid.
725 2540 878 2613 [Τῶν
920 2541 1030 2611 τῆς
1081 2543 1415 2610 ἐκκλησίας
1463 2544 1659 2613 θυρῶν
1705 2548 2057 2616 κεκλεισμέ-

480 2650 628 2686 νων.
684 2633 973 2688 Consentit
1018 2631 1415 2690 Pentecostarii
1466 2646 1670 2707 typus:
1712 2642 2055 2693 sacerdotem

475 2725 623 2779 enim
645 2725 894 2781 candidis
907 2726 1155 2783 vestibus
1170 2738 1420 2783 ornatum
1439 2744 1564 2783 cum
1585 2729 1847 2784 fratribus
1867 2745 2057 2784 cereos

478 2817 733 2871 ardentes
749 2817 1093 2886 gestantibus
1125 2818 1349 2873 sinistro
1366 2818 1529 2873 latere
1544 2833 1822 2883 egressum
1850 2820 1904 2874 iu
1934 2835 2057 2874 nar-

464 2910 637 2963 ~thece
663 2909 820 2979 jubet
852 2911 1177 2977 consistere,
1210 2925 1275 2966 ac
1311 2912 1662 2966 ceroferariis
1693 2926 1922 2966 accensa
1969 2913 2058 2966 ιιι-

479 3003 627 3055 mina
660 3001 1035 3058 deferentibus
1070 3004 1327 3071 viamque
1373 3003 1749 3057 sternentibus
1784 3002 2054 3056 celebrem

475 3094 786 3163 ingressum
813 3110 1095 3165 peragere.
1140 3096 1542 3163 Ἐναπομείνας
1565 3096 1642 3160 δὲ,
1674 3096 1874 3165 inquit,
1907 3096 2056 3157 ἐντὸς

473 3185 572 3239 τοῦ
625 3186 758 3239 ναοῦ
821 3189 985 3257 μόνος
1033 3188 1063 3239 ὀ
1117 3186 1505 3257 κανδηλάπτης
1556 3187 1722 3241 ἅπτει.
1781 3189 1851 3240 τὰ
1885 3187 2053 3256 κηρία

475 3278 685 3333 πάντα⁶
702 3279 799 3333 καὶ
827 3278 931 3341 τὰς
977 3278 1273 3348 κανδήλας.
1306 3278 1415 3331 Καὶ
1462 3278 1700 3347 ποιήσας
1729 3280 1955 3346 πυρεῖον
1995 3278 2054 3332 ἓν

475 3369 664 3439 τίθησι
692 3370 853 3424 τοῦτο
888 3371 1057 3439 μέσον
1086 3370 1181 3422 τοῦ
1210 3369 1364 3434 ναοῦ,
1398 3370 1491 3423 καὶ
1522 3370 1714 3439 ἕτερον
1745 3370 2055 3439 ἔμπροσθεν

478 3460 589 3514 τῶν
620 3462 791 3529 ἁγίων
828 3459 1035 3531 θυρῶν.
1085 3461 1197 3514 Καὶ
1229 3459 1413 3529 βαλὼν
1465 3459 1719 3530 θυμίαμα
1769 3463 1850 3524 είς
1891 3462 2053 3525 αὐτὰ,

481 3551 658 3621 βαλὼν
707 3552 763 3605 δὲ
816 3552 916 3605 καὶ
967 3553 1049 3612 ιίς
1098 3551 1193 3603 τὸν
1248 3550 1828 3622 θυμιατδννθυμὶαμα
1889 3553 2051 3617 πολὺ,

478 3645 759 3711 ἀπαιωρεῖ
788 3642 981 3697 τοῦτον
1014 3642 1167 3704 ὲντδς
1199 3640 1293 3696 τοῦ
1329 3642 1596 3712 βήματος.

554 3733 699 3787 Ibid.
738 3728 907 3804 [Εἶτα
934 3731 1211 3800 ἐκφωνεῒ.
1245 3732 1451 3787 Ibidem
1482 3750 1496 3786 :
1544 3731 1602 3785 '0
1628 3732 1684 3784 δὲ
1710 3733 1888 3803 ἱερεὺς
1918 3737 2058 3802 μετὰ

480 3827 543 3880 τὸ
577 3826 845 3895 θυμιᾶσαι
869 3825 1067 3891 ἔξωθεν
1089 3824 1183 3877 τοῦ
1218 3824 1490 3895 νάρθηκος
1517 3825 1619 3888 τὰς
1650 3825 1813 3890 ἁγίας
1841 3827 2058 3889 εἰκόνας

480 3919 578 3973 καὶ
607 3920 737 3982 τοὺς
784 3919 1051 3987 ἀδελφοὺς
1103 3918 1313 3978 πάντας
1347 3916 1565 3970 ἵσταται
1607 3916 1921 3987 ἔμπροσθεν
1948 3918 2058 3969 τῶν

482 4010 781 4080 βασιλικῶν
830 4008 1019 4063 πυλῶν
1069 4006 1478 4077 κεκλεισμένων
1533 4005 1732 4069 οὐσῶν,
1767 4007 1862 4059 καὶ
1912 4007 2059 4058 ποιεῖ

480 4102 717 4173 σταυρὸν
752 4101 891 4172 μετὰ
924 4100 1020 4153 τοῦ
1074 4097 1369 4170 θυμιατοῦ,
1418 4097 1617 4165 λέγων,
1650 4098 1761 4150 Καὶ
1814 4097 1943 4161 δόξα
1989 4098 2055 4166 τῇ

480 4194 631 4264 ἁγίᾳ,
665 4204 767 4251 etc.
800 4190 1000 4262 (ἱοιιιι.]

550 4284 699 4339 Ibid.
725 4286 980 4353 Χριστὸς
1005 4281 1260 4349 ἀνέστη.
1290 4280 1569 4350 [ntegrum
1599 4278 1908 4349 troparium
1937 4288 2052 4332 est:

482 4374 717 4446 Χριστὸς
753 4376 958 4443 ἀνέστη
1009 4375 1077 4427 ἐκ
1124 4372 1359 4442 νεκρῶν,
1401 4373 1623 4441 θανάτῳ
1671 4372 1902 4425 θάνατον
1952 4388 2056 4422 πα-

484 4468 660 4535 τήσας
694 4465 792 4518 καὶ
842 4467 959 4528 τοῖς
1006 4466 1067 4518 ὲν
1102 4466 1219 4527 τοῖς
1271 4465 1523 4535 μνήμασι
1556 4463 1704 4533 ζωὴν
1754 4462 2055 4534 χαρισάμε-

486 4575 594 4620 νος.
624 4557 823 4612 Gaers.

551 4648 719 4719 338
741 4647 801 4701 P.
832 4646 919 4701 73.
950 4643 1123 4718 [Adeo
1154 4645 1409 4716 frequens
1440 4654 1695 4715 personat
1723 4646 1779 4699 in
1809 4645 2060 4702 ecclesiis

485 4739 576 4796 hic
606 4742 881 4800 modulus,
908 4748 969 4793 ut
998 4753 1258 4808 germane
1284 4738 1581 4808 paschalis,
1615 4752 1944 4807 omnemque
1967 4752 2060 4807 pa-

485 4830 661 4885 schali
707 4830 883 4897 spatio
935 4829 1151 4884 laudem
1194 4830 1304 4883 Deo
1353 4827 1709 4891 reddendam,
1757 4836 1815 4881 ut
1851 4827 2063 4884 Latinis

486 4922 737 4987 Alleluia,
787 4920 1072 4975 includere
1118 4918 1390 4974 videatur.
1442 4917 1738 4973 Gretserus
1785 4916 2059 4986 integrum

489 5012 723 5084 profert.
775 5012 974 5085 Gustu]

553 5105 695 5159 Ibid.
726 5103 942 5173 Integer
973 5101 1187 5157 Stichus
1209 5110 1296 5156 est
1323 5120 1338 5155 :
1370 5100 1643 5171 Ezeurgat
1680 5100 1843 5169 Deus,
1874 5112 1925 5156 et
1951 5103 2060 5157 dia-

489 5199 720 5264 tipentur
748 5197 953 5250 inimici
996 5199 1135 5259 eius,
1165 5204 1217 5248 et
1251 5195 1457 5263 fugiant
1486 5195 1579 5262 qui
1606 5194 1833 5247 oderunt
1864 5210 2001 5259 eum,
2026 5213 2060 5249 a

489 5290 623 5357 facie
656 5288 809 5357 ejus;
845 5290 1002 5359 cujus
1032 5288 1242 5343 similes
1264 5287 1376 5341 duo
1404 5287 1497 5343 alii
1527 5285 1689 5341 stichi
1721 5285 2060 5356 subiungun-

490 5398 595 5437 tur.
627 5382 829 5436 Gners.

558 5474 617 5528 P.
668 5472 754 5527 74.
793 5471 968 5543 [Τοὺς
1016 5472 1293 5536 λοιπούς.
1325 5471 1469 5526 Sunt
1523 5471 1577 5527 lii
1631 5473 1743 5529 duo
1794 5475 1929 5528 alii:
1974 5475 2062 5537 Ὠς

485 5565 730 5618 ἰκλείπει
783 5565 1011 5627 καπνὸς,
1064 5566 1160 5616 καὶ
1209 5563 1277 5616 τὰ
1308 5564 1436 5633 ἑξῆς
1461 5602 1478 5627 ,
1518 5564 1687 5629 οὕτως
1730 5566 2059 5621 ἀπολοῦνται

488 5656 585 5708 καὶ
614 5656 683 5707 τὰ
717 5655 864 5723 ἑξῆς.
1684 5688 1693 5695 ι

562 5744 697 5798 Ibid.
729 5745 832 5816 [Τὰ
858 5742 1155 5811 cipue-md.
1182 5742 1535 5812 Conglobata:
1566 5760 1663 5813 pro
1705 5748 1873 5801 variis
1896 5748 2060 5803 rebus

492 5848 680 5904 preces
709 5851 738 5888 a
769 5836 1003 5889 diacono
1024 5832 1463 5901 pronuntianda,
1496 5848 1728 5903 quarum
1753 5837 1937 5905 primm
1962 5852 2066 5915 pa:

2158 1982 2423 2035 ἐπινίκιον
2452 1984 2695 2053 ᾄδοντας.
2733 1983 2933 2055 Gutta]

2225 2073 2372 2129 Ibid.
2405 2079 2646 2131 Observa
2672 2080 2838 2132 etiam
2872 2079 3076 2134 Graecis
3103 2081 3430 2150 quihusdam
3460 2083 3706 2138 usitatum

2158 2162 2357 2220 fuisse'
2382 2183 2589 2223 morem
2648 2170 2797 2223 illum
2831 2174 3193 2241 quarumdam
3228 2174 3283 2227 in
3320 2174 3602 2229 Germania
3632 2186 3709 2225 cc-

2156 2258 2476 2325 clesiarum,
2510 2272 2568 2316 ut
2595 2262 2845 2317 versibus
2877 2263 2983 2318 illis
3015 2264 3311 2331 Davidicis,
3349 2265 3579 2319 Attottite
3602 2278 3712 2328 por-

2159 2360 2263 2418 tas,
2292 2354 2577 2422 principes,
2636 2364 2865 2418 vestras,
2905 2368 3037 2422 etc.,
3068 2356 3279 2412 aditum
3335 2359 3438 2412 sibi
3486 2353 3709 2426 patefieri

2160 2452 2445 2510 cuperent.
2479 2442 2686 2499 Gas'rs.

2226 2532 2368 2587 Ibid.
2394 2533 2777 2606 [Ἀσπάζεται
2795 2537 2863 2590 τὸ
2889 2538 3277 2608 Euandan
3305 2539 3588 2611 Evangelio
3615 2539 3715 2608 pri-

2159 2641 2333 2690 mum,
2379 2642 2502 2681 mox
2555 2639 2733 2683 autem
2766 2630 2876 2684 dati
2932 2631 3247 2700 imperatori
3285 2636 3457 2689 osculi
3500 2648 3715 2687 consuc-

2161 2720 2402 2773 tudinem
2459 2720 2703 2775 referunt
2759 2722 2813 2775 in
2868 2724 3221 2779 monasteriis
3284 2727 3597 2797 καλόγηροι,
3655 2726 3715 2780 de

2158 2813 2360 2880 quibus
2425 2812 2899 2870 Pentecostarium
2952 2834 2967 2870 :
3028 2817 3326 2885 Ψάλλομεν
3380 2822 3441 2873 τὸ
3500 2818 3718 2888 Χριστὸς

2158 2902 2363 2971 ἀνέστη
2411 2903 2697 2967 πολλάκις,
2728 2906 2893 2975 ἄχρις
2923 2907 2989 2959 ἂν
3026 2907 3393 2963 ἀσπάσωνται
3422 2910 3471 2962 οι
3516 2908 3718 2977 ἀδελφοὶ

2160 2998 2449 3067 ἀλλήλους.
2490 3000 2553 3053 '0
2586 3001 2641 3053 δὲ
2681 3003 2973 3071 ἀσπασμὸς
3001 2992 3211 3071 viveret
3243 3004 3421 3060 οὕτω.
3456 3003 3718 3071 Λαμδάνει

2160 3092 2189 3142 ὁ
2214 3091 2394 3161 ἱερεὺς
2440 3091 2502 3145 τὸ
2533 3091 2692 3160 ἅγιον
2734 3094 3092 3163 Εὐαγγέλιον,
3127 3097 3216 3149 καὶ
3246 3096 3467 3150 ἵσταται
3495 3097 3596 3165 πρὸ
3621 3096 3718 3147 τῶν
3748 3162 3753 3165 ἠ

2163 3182 2341 3251 θυρῶν
2367 3182 2462 3235 τοῦ
2500 3183 2659 3251 ἁγίου
2690 3184 2958 3254 βήματος.
3005 3186 3062 3240 '0
3090 3186 3146 3240 δὲ
3178 3188 3595 3257 καθηγούμενος
3639 3187 3717 3237 ἔλα

2160 3272 2294 3337 θὼν,
2324 3276 2416 3325 καὶ
2445 3275 2836 3344 ἀσπασάμενος
2866 3278 2925 3331 τὸ
2956 3277 3120 3346 ἅγιον
3149 3278 3492 3347 Εὑαγγέλιον
3522 3279 3611 3332 καὶ
3639 3278 3719 3330 τὸν

2163 3365 2338 3433 ἱερέα,
2394 3366 2664 3437 λαμϐάνει
2717 3370 2783 3422 ὲκ
2840 3369 2949 3423 τῶν
2994 3371 3199 3439 χειρῶν
3243 3373 3420 3425 αὐτοῦ
3464 3373 3522 3425 τὸ
3576 3369 3720 3436 ἅγιον

2159 3458 2520 3526 Εὐαγγέλιον,
2594 3462 2686 3514 καὶ
2730 3462 2943 3514 ίσταται
2980 3448 3064 3514 ’ἐκ
3120 3462 3321 3525 δεξιῶν
3372 3464 3466 3517 τοῦ
3524 3464 3718 3531 ίερέως.

2160 3544 2293 3602 Εῖτα
2322 3551 2373 3602 οι
2395 3552 2617 3619 ἀδελφοὶ
2644 3552 2849 3615 πάντες
2877 3554 3018 3607 κατὰ
3046 3553 3146 3623 τήν
3176 3555 3337 3619 τάξιν
3362 3557 3541 3609 αὐτῶν
3561 3554 3723 3608 ἀσπά-

2159 3638 2342 3703 ζονται
2371 3642 2589 3711 πρῶτον
2629 3644 2691 3694 τὸ
2716 3643 2878 3710 ἆγιον
2910 3644 3264 3713 Εὑαγγέλιον,
3314 3642 3434 3701 εἷτα
3471 3648 3560 3700 τὸν
3588 3646 3723 3713 ίερέα

2159 3733 2380 3787 καὶτὸν
2407 3735 2849 3804 καθηγούμενον,
2892 3738 2987 3789 καὶ
3020 3738 3268 3791 ἵστανται
3317 3740 3560 3791 κάκεῖνοι
3605 3737 3722 3790 ἔνθα

2157 3823 2383 3892 τύχωσι,
2421 3827 2513 3879 καὶ
2550 3827 2890 3891 ἀσπάζονται
2929 3829 3213 3898 ἀλλήλους.
3256 3829 3464 3902 anm]

2233 3916 2374 3970 Ibid.
2413 3917 2522 3971 Τοῦ
2547 3919 2790 3988 θρόνου.
2815 3918 2968 3989 Saepe
2996 3922 3179 3974 throni
3211 3922 3561 3993 imperatorii
3588 3935 3723 3974 mea-

2160 4009 2236 4062 tio
2267 4008 2429 4063 facta
2462 4020 2598 4064 est:
2648 4010 2769 4079 ejus
2822 4012 3158 4079 diagraphen
3224 4026 3354 4082 pete
3402 4030 3468 4069 ex
3521 4011 3722 4079 Corippi

2160 4099 2201 4152 l.
2230 4114 2314 4163 ιιι,
2350 4116 2402 4154 ν.
2440 4101 2707 4165 191-219ς
2737 4104 2919 4167 qualis
2950 4104 3210 4157 nimirum
3256 4114 3506 4176 tempore
3533 4101 3720 4161 Justini

2157 4190 2405 4247 Junioris
2448 4192 2632 4248 fuerit.

2229 4281 2371 4335 Ibid.
2404 4284 2479 4337 En
2509 4300 2717 4339 morem
2771 4284 3053 4339 osculandi
3100 4284 3296 4353 pedem
3361 4285 3720 4357 imperatoris.

2159 4372 2259 4427 Hic
2284 4373 2633 4429 heterodoxis
2662 4391 2770 4429 non
2799 4385 3047 4429 movetur
3070 4380 3391 4433 stomachus
3426 4396 3443 4433 :
3468 4387 3523 4432 at
3567 4391 3722 4445 quam

2158 4463 2391 4531 primum
2419 4465 2505 4518 vel
2538 4466 2725 4535 legunt
2757 4468 2840 4521 vel
2863 4467 3090 4521 audiunt
3118 4468 3312 4535 pedem
3366 4469 3569 4524 summi
3607 4481 3725 4538 pon-

2088 4571 2133 4626 ι)
2161 4554 2322 4609 tificis
2350 4556 2539 4610 oscqu
2568 4558 2694 4618 coli,
2724 4567 2839 4611 tum
2876 4557 2974 4611 toti
3006 4558 3128 4613 bilis
3159 4568 3289 4613 sunt
3317 4568 3374 4615 et
3398 4561 3474 4613 nil
3508 4559 3609 4613 nisi
3654 4556 3725 4610 bi-

2164 4644 2267 4697 lem
2300 4645 2633 4700 biliosissitni
2673 4649 2918 4701 homines
2947 4658 3195 4703 vomunt.
3225 4650 3292 4705 Et
3320 4659 3500 4705 tamen
3534 4649 3727 4718 patien-

2162 4746 2247 4791 ter
2268 4737 2560 4792 admodum
2583 4742 2898 4794 osculantur
2920 4750 3096 4810 togam
3120 4741 3343 4797 Turcici
3368 4740 3726 4811 imperatoris,

2138 4827 2306 4897 quod
2324 4836 2376 4882 et
2406 4843 2436 4882 a
2493 4828 2782 4889 Gerlachio
2826 4832 3153 4898 praedicante
3188 4832 3509 4889 Lutherano
3538 4832 3729 4886 factum

2161 4931 2283 4987 est;
2315 4931 2370 4976 et
2392 4938 2459 4976 ne
2488 4922 2593 4977 hoc
2640 4925 3001 4986 nesciremus,
3034 4926 3260 4980 Crusius
3324 4928 3362 4979 Ι.
3422 4942 3497 4980 vn
3528 4924 3724 4979 Turco—

2162 5012 2334 5067 Graec.
2386 5014 2581 5067 litteris
2605 5015 2859 5081 prodidit.
2886 5015 2995 5070 Nec
3014 5028 3372 5085 gravarentur
3392 5018 3480 5072 isti
3500 5018 3566 5070 ad
3589 5016 3731 5084 pedis

2163 5101 2418 5157 sultanici
2442 5102 2610 5172 329
2631 5105 2876 5159 osculum
2900 5122 2961 5159 se
2978 5106 3237 5174 abjicere,
3263 5108 3309 5161 si
3333 5108 3385 5162 id
3404 5105 3733 5163 consuetudo

2162 5193 2517 5261 permitteret.
2543 5194 2773 5263 Legatus
2803 5212 3022 5265 quoque
3058 5196 3557 5252 couftederatorum
3582 5193 3732 5248 Ordi—

2164 5297 2294 5335 num
2325 5282 2515 5351 Belgii,
2544 5300 2691 5339 anno
2713 5288 2907 5341 salutis
2958 5287 3096 5342 1612
3144 5286 3354 5356 Cpolim
3415 5289 3483 5341 ad
3524 5295 3728 5354 portam

2162 5370 2560 5431 Ottomanicam
2593 5378 2793 5432 missus
2815 5388 2868 5432 et
2891 5378 3189 5442 admissus,
3218 5378 3606 5433 vestimentum
3640 5375 3707 5427 im

2162 5468 2431 5535 peratoris
2456 5466 2673 5523 Turcici
2703 5478 2952 5538 prompte
2977 5482 3033 5523 et
3080 5469 3333 5523 alacriter
3384 5465 3731 5523 deosculatus

2162 5566 2267 5621 est,
2292 5565 2341 5611 et
2367 5557 2588 5625 quidem
2617 5558 2769 5613 ﬂexis
2787 5560 3017 5628 genibus
3041 5569 3093 5613 ut
3117 5560 3299 5614 videre
3325 5558 3454 5612 licet
3478 5559 3530 5610 in
3561 5553 3738 5607 Eccle-

2162 5647 2603 5717 siasticopolitica
2623 5648 2884 5705 Chronol.
2919 5654 3121 5707 inserta
3158 5659 3293 5705 tom.
3329 5664 3430 5703 vm
3459 5648 3579 5717 ejus
3619 5656 3741 5711 ope-

2162 5739 2259 5804 ris,
2282 5741 2429 5809 quod
2454 5741 2759 5798 Chronicon
2773 5744 3170 5800 Chronicorum
3193 5742 3538 5799 inscribitur.
3559 5737 3615 5791 Si
3639 5733 3740 5787 tale

2162 5833 2475 5889 reverentiae
2504 5847 2673 5901 genus
2702 5837 2945 5905 pontiﬁci
2988 5834 3236 5892 Romano
3267 5837 3373 5890 iste
3386 5828 3741 5893 exhibuisset;
