4048 6416
390 420 499 487 365

1494 412 1880 474 GRETSERI
1921 411 2015 471 ET
2058 409 2300 471 GOARI
2328 405 2575 470 NOTAE.

3570 392 3674 456 366

394 535 709 605 inexpiabili
737 535 941 590 sceiere
976 548 1097 588 sese
1115 530 1441 587 obstrictum
1466 528 1813 584 credidisset.
1839 526 1979 593 Quid
2014 574 2017 587 λ

2124 525 2307 593 ίατέρα
2340 518 2662 590 ἀντιφιλεῖν.
2715 515 2897 571 Solam
2932 526 3157 569 manum
3209 508 3446 567 senioris
3482 506 3677 574 junior
3712 520 3717 523 ·

395 631 539 703 quod
561 628 749 684 Batavi
771 627 1075 683 Calvinimi
1094 624 1321 695 pedibus
1348 622 1463 679 suis
1484 621 1674 678 oscula
1692 620 1820 676 ferri
1837 618 1986 674 haud

392 739 535 794 aegre
560 720 707 793 passi
725 730 851 776 sunt
874 722 895 772 τ
919 719 1051 773 Nam
1076 719 1129 771 in
1152 716 1505 787 navigatione
1534 714 1776 771 Australi
1795 711 1987 766 Jacobi

394 819 441 871 te
472 814 663 880 Μαίη,
694 812 875 869 Leidae
910 813 964 865 in
998 808 1287 865 Hollandia
1320 807 1463 878 typis
1491 821 1694 861 excusa
1714 818 1860 859 anno
1877 802 1986 857 Re-

394 906 695 978 demptoris
719 905 881 970 i619,
923 907 1037 959 huic
1071 902 1283 973 prodita
1305 899 1519 956 suntde
1569 899 1721 954 Indis
1760 897 1988 967 quibus-

395 1001 517 1056 dam
546 1016 559 1053 :
591 998 697 1065 Qui
718 998 989 1052 intrabant
1030 1012 1213 1049 itarem
1234 1003 1466 1049 nostram
1491 1009 1555 1048 ea:
1576 992 1800 1061 ipsis,in
1818 1005 1988 1060 genua

395 1092 725 1165 procidentes
762 1089 981 1159 pedibus
1031 1089 1232 1143 nostris
1284 1086 1466 1141 oscula
1504 1084 1760 1155 ﬁgebant.
1816 1080 1988 1135 Paulo

397 1192 553 1255 post:
590 1179 663 1236 Ut
684 1181 913 1249 primum
935 1195 1119 1232 nat-em
1137 1175 1511 1231 conscenderat
1540 1172 1814 1244 (Indorum
1846 1169 1986 1232 rexi,

398 1274 674 1346 procidens
699 1273 753 1324 in
778 1286 947 1340 genua
979 1287 1040 1322 ac
1077 1269 1423 1338 procumbens
1474 1269 1528 1319 in
1582 1266 1774 1333 {aciem
1812 1278 1990 1332 preces

401 1382 526 1420 suos
556 1363 765 1432 e/fudit.
798 1361 1005 1416 Ductus
1034 1361 1103 1413 ad
1126 1360 1386 1426 inferiora
1417 1362 1587 1421 navis,
1634 1359 1828 1411 iterum
1869 1370 1994 1423 pro-

401 1451 925 1513 cumbensadoravit,
952 1462 1060 1505 etc.
1084 1448 1315 1504 Comites
1353 1451 1518 1515 ipsius
1567 1447 1721 1517 pedes
1780 1456 1990 1500 nostros

401 1544 872 1607 “osculabantur,
904 1553 1245 1612 acceptosque
1269 1559 1355 1597 eos
1384 1540 1627 1595 manibus
1658 1541 1771 1595 suis
1819 1540 1992 1607 capiti

405 1636 733 1705 imponebant
765 1636 834 1691 ad
856 1635 1723 1705 dentissionemsubjectionemque
1775 1632 1994 1686 demon-

406 1725 703 1782 strandam.
740 1726 804 1781 Et
832 1725 1057 1795 quinam
1084 1726 1196 1792 isti,
1232 1727 1434 1795 quibus
1463 1725 1782 1780 lubentibus
1807 1726 1995 1778 tantus

410 1820 500 1874 hic
521 1819 693 1873 honos
720 1817 933 1873 delatus
958 1817 982 1871 ἲ
1007 1816 1297 1872 Prmdones
1327 1826 1383 1870 et
1437 1816 1629 1886 piratae
1664 1831 1733 1871 ex
1778 1814 1988 1870 Calvini

2094 615 2447 673 osculabatur
2490 610 2770 680 quondam
2807 626 2821 660 :
2854 606 3095 663 Basilius
3142 604 3288 665 enim
3326 598 3551 655 Macedo
3579 597 3677 653 Mi-

2093 705 2285 762 chaele
2313 704 2379 759 ad
2414 703 2611 758 lectum
2642 700 2882 756 deducto
2912 696 3011 767 τὴν
3045 696 3205 765 χεῖρα
3247 690 3483 762 φιλήσας
3521 687 3675 759 ἐξῆλ-

2094 799 2205 852 θεν.

2166 891 2224 944 Ρ.
2246 890 2334 945 75.
2361 888 2538 962 [Οὔτε
2560 884 2689 955 μὴν
2706 884 2795 950 είς
2816 880 2926 935 τὸν
2946 876 3296 947 ἀσπασμόν.
3334 873 3412 928 Ad
3434 871 3678 926 Francos

2098 985 2452 1053 Venetosque
2487 980 2622 1035 urbe
2641 977 2747 1034 (ΣΡ.
2774 974 3075 1047 ejiciendus
3103 969 3351 1025 Michaeli
3371 967 3680 1031 Palicologo

2094 1076 2280 1147 copias
2334 1071 2632 1128 auxiliares
2689 1069 3061 1138 promiserant
3106 1062 3426 1119 Genuenses
3471 1075 3487 1112 :
3553 1060 3681 1111 hinc

2092 1166 2406 1223 communia
2426 1163 2575 1235 pacis
2600 1160 3020 1226 concordiaeque
3052 1156 3282 1211 ftedera.
3310 1151 3498 1206 Veneti
3525 1165 3678 1211 vero,

2094 1270 2154 1314 ut
2206 1258 2300 1328 qui
2352 1270 2476 1309 cum
2532 1251 2761 1306 Francis
2810 1249 3242 1317 imperaret-ant,
3293 1243 3493 1297 [tedam
3551 1255 3678 1294 cum

2094 1349 2303 1405 Graecis
2354 1343 2706 1401 concordiam
2738 1349 2793 1395 et
2842 1337 3199 1409 opprobrium
3253 1332 3681 1402 subjectionetu—

2096 1458 2203 1513 que
2266 1440 2520 1495 redolens
2576 1435 2757 1493 ltedus
2807 1433 2963 1487 inire
3014 1432 3486 1485 detrectaverunt.
3548 1421 3682 1475 Vide

2095 1535 2398 1605 Gregoram
2447 1530 2710 1600 superius
2754 1527 3010 1587 relatum,
3044 1538 3145 1577 nec
3175 1535 3286 1574 non
3338 1517 3557 1572 Petrum
3590 1513 3688 1567 Ju-

2098 1627 2398 1680 stinianum
2434 1622 2771 1678 Venetorum
2809 1626 2865 1673 ct
2899 1614 3275 1673 Genuensium
3318 1610 3471 1665 vario
3517 1608 3689 1662 Marte

2100 1719 2247 1772 inter
2287 1732 2347 1771 se
2400 1715 2803 1770 decertantium
2841 1710 2979 1766 bella
3031 1707 3281 1763 historiae
3312 1704 3531 1760 Veneta:
3584 1701 3621 1754 l.
3657 1714 3688 1749 ν

2100 1810 2532 1870 describentem,
2562 1822 2628 1861 ac
2654 1805 2870 1860 tandem
2898 1803 3076 1871 ipsum
3106 1798 3425 1854 Michaelcm
3443 1793 3689 1849 victoriis

388 1910 644 1994 piﬁcina,
677 1909 768 1978 qui
804 1910 1055 1965 fortassis
1071 1909 1280 1964 hostias
1312 1924 1554 1980 quoque,
1586 1910 1630 1965 si
1656 1907 1773 1963 Indi
1795 1908 2001 1963 εοεοὶι-
2032 1878 2077 1935 Β
2109 1903 2332 1966 elatum,
2371 1900 2512 1955 haud
2543 1911 2724 1955 tamen
2752 1896 3189 1956 insolescentem,
3218 1890 3475 1955 Venetos,
3508 1903 3539 1942 a
3569 1886 3691 1956 qui-

414 2003 684 2062 tulissent.
712 2001 854 2056 haud
884 2001 1293 2071 repudiassent,
1332 2011 1392 2055 ut
1418 2002 1621 2056 factum
1652 2016 1680 2055 a
1728 2000 1899 2055 Paulo
1949 2010 2006 2055 et

416 2093 658 2147 Barnaba
688 2094 808 2147 Aet.
832 2109 945 2155 xw,
965 2107 1089 2147 cum
1116 2091 1439 2163 Lystrenses
1458 2092 1539 2147 eis
1554 2091 1884 2149 sacrificium
1903 2106 2004 2147 ceu

414 2181 533 2236 Jovl
554 2191 608 2237 et
638 2176 906 2235 Mercurio
934 2189 1284 2250 appararent.
1308 2180 1522 2247 Quibus
1547 2181 1880 2236 clamoribus
1903 2191 2007 2235 ter-

419 2290 531 2328 ram
556 2285 609 2328 et
637 2275 837 2329 aethera
874 2290 981 2330 non
1010 2274 1374 2346 complerent,
1403 2277 1447 2331 si
1480 2285 1574 2330 aut
1603 2276 1654 2330 in
1683 2277 1840 2329 libris
1863 2279 2006 2345 lege-

418 2376 539 2422 rent
566 2375 659 2422 aut
687 2367 954 2422 relatione
970 2367 1202 2422 aliorum
1220 2368 1536 2436 acciperent
1562 2367 1875 2437 pontificem
1900 2366 2007 2420 Ro-

421 2474 641 2513 manum
671 2474 776 2512 non
813 2466 1025 2512 tantum
1070 2458 1384 2528 permittere
1417 2468 1477 2513 ut
1506 2459 1629 2529 quis
1678 2464 1841 2529 pedes
1889 2459 2010 2529 ejus

421 2548 715 2613 osculetur,
740 2552 835 2604 sed
855 2559 909 2604 et
949 2550 1179 2605 tolerare
1209 2561 1285 2605 ut.
1315 2551 1438 2620 quis
1484 2551 1649 2621 pedes
1670 2554 1835 2622 capiti
1854 2569 2015 2623 περ.

424 2654 665 2696 mentum
690 2640 1045 2708 subiectionis
1068 2641 1356 2713 imponat?

498 2731 613 2787 Lib.
648 2728 1306 2799 tHistur.Cantacureni,
1346 2749 1396 2790 c.
1466 2735 1557 2804 16,
1603 2737 1885 2792 osculatur
1929 2738 2017 2805 ju-

427 2824 547 2879 nior
573 2824 921 2880 Andronicus
952 2826 1193 2881 senioris
1207 2825 1531 2890 Andronici,
1554 2826 1639 2880 avi
1658 2828 1767 2892 sui,
1787 2827 1976 2895 pedem
2000 2843 2016 2887 ;

428 2917 518 2971 ubi
551 2915 973 2972 additurzﬂore
998 2916 1250 2970 Romanis
1295 2917 1705 2987 imperatoribus
1756 2928 2019 2988 receptum

427 3016 565 3069 erat,
592 3020 709 3059 cum
733 3006 999 3075 quispiam
1025 3007 1538 3076 consanguineorum
1566 3019 1659 3061 aut
1677 3008 1880 3078 alioqui
1895 3026 2021 3079 grae

434 3101 508 3151 tia
541 3097 681 3166 apud
702 3113 788 3151 eos
806 3098 1108 3166 florentium
1133 3107 1413 3152 secundum
1442 3099 1811 3152 adorationem
1837 3100 2019 3168 pedem

432 3190 770 3258 imperatoris
795 3190 980 3243 osculo
1011 3191 1334 3260 contigisset,
1365 3202 1421 3245 ut
1464 3192 1750 3261 imperator
1795 3194 2021 3247 uicissim

435 3282 547 3351 ejus
571 3281 759 3351 faciem
786 3282 1206 3338 deoscularetur.
1229 3282 1358 3336 Cum
1392 3283 1572 3355 itaque
1594 3294 1707 3338 tum
1737 3300 1894 3352 nepos
1937 3286 2022 3338 avi

436 3375 617 3445 pedem
648 3376 917 3431 osculatus
947 3378 1154 3447 fuisset,
1189 3377 1298 3440 ille,
1333 3392 1395 3429 ne
1426 3377 1736 3447 inexpiabili
1766 3378 1887 3431 odio
1917 3379 2023 3446 ﬂa-

438 3481 593 3535 grare
618 3470 917 3520 crederetur
937 3468 984 3520 si
1036 3483 1128 3520 nec
1166 3468 1231 3520 iis
1294 3476 1529 3534 nepotem
1558 3475 1607 3521 et
1653 3468 2025 3536 imperatorem

438 3551 744 3618 dignaretur
758 3567 874 3623 qua:
890 3554 1114 3624 privatis
1141 3556 1515 3617 tribuerentur.
1555 3556 1742 3625 facient
1765 3557 1881 3627 ejus
1900 3574 2027 3611 con-

442 3652 524 3695 tra
552 3654 601 3698 et
633 3645 739 3712 ipse
768 3648 953 3699 osculo
988 3646 1194 3701 libavit.
1247 3645 1392 3701 Idem
1443 3646 1794 3706 Andronicus
1840 3649 2030 3719 junior

441 3738 635 3789 lterum
663 3736 748 3790 avi
781 3736 971 3807 pedem
1004 3737 1222 3807 publice
1249 3738 1534 3794 osculatus
1564 3748 1650 3795 est
1676 3755 1716 3804 t,
1742 3740 1807 3794 54
1841 3756 1857 3806 ;
1882 3740 2027 3809 quod

443 3842 495 3880 c.
526 3826 593 3880 50
625 3837 880 3896 tanquam
910 3843 1231 3896 expressum
1262 3830 1626 3899 subjectionis
1660 3830 1924 3887 indicium
1947 3848 2030 3887 re-

446 3918 667 3990 petitur.
700 3933 761 3983 ιι,
790 3918 846 3983 5,
880 3917 1063 3975 Persa:
1091 3921 1462 3976 Andronicum
1490 3922 1767 3992 juniorem
1791 3924 2031 3993 impera-

448 4022 618 4066 torem
642 4022 930 4081 antequam
946 4014 1428 4084 appropinquaret,
1444 4015 1717 4085 capitibus
1736 4014 1888 4070 humi
1906 4017 2032 4070 sub-

450 4105 632 4160 missis
653 4105 975 4159 adorabnnt.
1000 4104 1107 4160 Sed
1135 4108 1390 4175 princeps
1419 4108 1716 4163 Persarum
1771 4109 1835 4162 ad
1900 4123 2027 4161 cum

449 4197 676 4266 pedibus
708 4197 974 4252 accedens
1004 4207 1058 4252 et
1092 4199 1358 4254 adorabat
1385 4210 1438 4253 et
1476 4199 1665 4268 pedem
1703 4200 1848 4254 illius
1872 4216 2037 4254 oscu-

451 4288 680 4343 labatur.
705 4304 788 4356 m,
822 4289 913 4353 58,
942 4288 1311 4345 Protostrator
1357 4306 1482 4345 cum
1511 4293 1626 4346 suis
1656 4293 1842 4362 pedem
1874 4291 2040 4346 Joan-

2114 1997 2216 2053 bus
2242 1994 2347 2051 sibi
2378 1995 2684 2049 cavendum
2716 1990 2963 2054 rebatur,
3004 1989 3071 2043 de
3105 2002 3236 2056 pace
3267 1981 3538 2038 firmanda
3563 1993 3697 2034 exos

2114 2098 2350 2143 rantem.

2186 2179 2330 2234 Ibid.
2359 2174 2738 2250 [Καπούτζια.
2765 2174 2893 2228 Pilei
2926 2187 3100 2245 genus
3133 2179 3259 2225 ante
3292 2183 3465 2239 pauca
3498 2166 3697 2221 saecula

2118 2274 2172 2327 in
2219 2268 2433 2341 Europa
2490 2268 2933 2324 usitatissimum.
2988 2264 3163 2318 Latini
3214 2262 3510 2335 caputium,
3559 2257 3700 2314 Galli

2120 2366 2406 2436 cltaperon,
2458 2361 2575 2416 Itali
2609 2375 2842 2429 capuzzo
2892 2358 3168 2413 dicebant.
3215 2355 3288 2409 De
3333 2368 3443 2425 quo
3501 2366 3705 2408 constt.

2122 2445 2317 2514 lendus
2346 2456 2661 2526 Stephanus
2694 2452 3025 2508 Paschasius
3052 2449 3503 2521 disquisitiouum
3535 2444 3707 2499 Fran-

2121 2551 2521 2613 cicarum,vm.
2554 2548 2642 2611 18.
2667 2555 2724 2602 et
2738 2546 2827 2602 45.
2849 2546 3123 2613 Capitium
3136 2551 3293 2599 vocat
3319 2540 3523 2595 Paulus
3539 2537 3710 2593 [Emi-

2124 2643 2231 2697 lius
2255 2646 2311 2703 in
2340 2639 2551 2696 Joanne
2575 2640 2772 2708 primo.
2803 2635 3004 2707 Gustu]

2198 2733 2342 2789 Ibid.
2408 2732 2654 2800 Τρεύαν.
2709 2729 3173 2785 ῐιθῑίηοάΒατὺειιθ
3230 2736 3439 2796 treuga.
3502 2722 3714 2778 Dicitur

2127 2826 2290 2881 etiam
2323 2824 2516 2896 τρέϐα.

2200 2915 2342 2971 Ibid.
2377 2916 2754 2980 Μπαΐουλος.
2788 2911 2865 2968 lta
2918 2912 3231 2980 legendum.
3277 2909 3468 2981 Inepte
3514 2907 3717 2963 Junius

2129 3009 2416 3070 λυπάΰος.
2470 3007 2633 3062 Falso
2681 3008 2815 3061 citat
2845 3006 3172 3074 Gregoram,
3209 3005 3246 3059 Ι.
3282 3021 3358 3071 tv,
3386 3006 3540 3073 quasi
3570 3002 3714 3071 apud

2133 3102 2287 3156 illum
2313 3102 2525 3172 legatur
2546 3100 2803 3170 lypailus,
2834 3115 2958 3154 cum
2988 3098 3213 3163 Graecus
3242 3107 3424 3153 textus
3452 3096 3718 3151 distincte

2137 3193 2332 3247 habeat
2363 3192 2685 3262 μπαῗουλος,
2741 3201 2797 3246 ct
2850 3193 3123 3261 interpres
3159 3192 3396 3256 baiulus,
3426 3199 3575 3245 recte
3615 3194 3719 3244 uti-

2130 3298 2255 3352 que.
2289 3280 2518 3338 Frustra
2549 3290 2633 3337 est
2684 3281 2956 3337 Meursius
2983 3284 3076 3351 qui
3123 3284 3348 3355 corrigit
3386 3283 3717 3348 ίλπαϊουλος,

2127 3374 2293 3430 unica
2320 3373 2507 3428 littera
2537 3372 2891 3441 trausposita,
2920 3372 3076 3441 quasi
3105 3374 3175 3427 sit
3199 3387 3369 3440 purus
3391 3381 3555 3443 putus
3583 3373 3721 3429 idio-

2129 3467 2327 3523 tismus
2352 3465 2600 3520 Italicus.
2636 3465 2740 3519 Sed
2788 3478 2913 3518 cum
2946 3463 3194 3518 Codinus
3236 3462 3503 3518 hactenus
3563 3465 3721 3521 Italo-

2131 3573 2253 3614 rum
2286 3557 2534 3613 articulis
2559 3572 2666 3612 non
2706 3558 2777 3611 sit
2800 3572 2957 3621 usus,
2983 3556 3246 3612 credibile
3269 3566 3354 3613 est
3379 3572 3504 3613 eum
3538 3574 3715 3628 neque

2130 3650 2221 3707 hic
2247 3664 2407 3706 usum
2442 3648 2652 3712 fuisse;
2711 3662 2950 3716 cumque
2996 3645 3083 3716 αβ
3122 3647 3203 3701 vel
3233 3664 3274 3700 π
3321 3649 3714 3719 incipientibus

2134 3742 2471 3800 recentiores
2524 3739 2700 3795 Graeci
2751 3739 2988 3795 litteram
3037 3757 3076 3809 μ
3126 3755 3445 3810 praeponere
3482 3744 3715 3808 soleant,

2136 3839 2197 3885 ut
2224 3831 2459 3901 ipsemet
2493 3824 2768 3885 Meursius
2815 3829 2870 3883 in
2918 3828 3202 3885 Glossario
3232 3831 3485 3900 pluribus
3535 3848 3717 3889 exem-

2138 3924 2242 3993 plis
2273 3922 2541 3988 ostendit,
2579 3922 2777 3976 rationi
2812 3923 2970 3992 plane
3022 3937 3330 3978 consonum
3361 3934 3447 3982 est
3494 3928 3718 3995 credere

2136 4015 2408 4070 Codinttm
2459 4014 2553 4069 hic
2584 4014 2876 4081 scripsisse
2916 4015 3239 4084 μπαῖουλος,
3278 4031 3433 4072 more
3484 4018 3717 4075 aliorum

2138 4122 2203 4161 ex
2234 4106 2541 4160 recentiore
2568 4103 2773 4160 Graecia
2807 4108 3166 4175 scriptorum.

2212 4197 2279 4255 P.
2303 4198 2391 4252 76.
2418 4197 2501 4251 Ad
2533 4195 2796 4250 Francos.
2831 4195 3029 4269 Franci
3078 4198 3130 4251 in
3168 4199 3541 4263 recentiorum
3574 4204 3718 4259 Grtr-

2140 4307 2334 4349 corum
2378 4293 2601 4361 scriptis
2644 4307 2751 4344 non
2783 4292 2963 4345 solum
3011 4291 3151 4357 Galli
3200 4290 3536 4364 intelligendi
3568 4310 3720 4361 sunt.

452 4379 538 4434 nis
571 4380 938 4436 Cantseuzeni
989 4380 1335 4451 imperatoris
1370 4383 1669 4438 osculatur.
1714 4383 1861 4437 ldem
1898 4382 2041 4437 lltab
2143 4385 2323 4456 inquit
2356 4368 2577 4447 Junius,
2613 4383 2709 4437 sed
2742 4382 2861 4436 ltali
2906 4398 3127 4453 quoque
3154 4394 3207 4445 et
3242 4368 3438 4453 Siculi,
3482 4402 3549 4445 eo
3579 4393 3723 4465 quod

450 4469 593 4533 aliis,
619 4484 669 4525 e.
693 4471 783 4525 40.
814 4470 959 4525 Idem
988 4471 1055 4525 ab
1086 4472 1212 4537 alio,
1245 4487 1295 4527 e.
1336 4472 1424 4537 ιε,
1447 4483 1500 4527 et
1528 4488 1559 4527 a
1583 4474 1792 4535 Persis,
1828 4489 1901 4537 tv,
1933 4473 2037 4537 i0;

2145 4478 2276 4532 olim
2309 4476 2511 4532 Siciliae
2543 4489 2773 4547 regnum
2806 4484 2862 4531 et
2891 4492 3021 4555 pars
3046 4475 3213 4532 Italiae
3244 4494 3274 4533 a
3314 4477 3545 4539 Francis
3578 4491 3721 4540 tene-

454 4578 535 4628 tu,
567 4562 653 4623 ιδ.
682 4562 905 4617 Triballi
928 4560 1173 4633 ejusdem
1201 4562 1564 4619 Cantaeuzeni
1595 4579 1738 4635 genu
1788 4563 2041 4618 osculan-
2070 4568 2124 4629 Ι)
2147 4567 2328 4625 batur.
2362 4567 2571 4631 Gaers.

454 4668 558 4712 tur.
587 4655 840 4725 Exempla
878 4654 1156 4710 osculltisti
1187 4655 1363 4709 oculis
1391 4664 1447 4710 et
1496 4655 1656 4711 faciei
1699 4655 1869 4711 habes
1895 4654 2036 4725 apud

453 4749 749 4803 Cantacuz.
778 4764 816 4812 I,
850 4748 941 4811 16,
960 4749 1200 4802 dextera:
1219 4763 1270 4802 c.
1304 4747 1373 4802 34
1391 4757 1445 4802 et
1472 4761 1522 4802 c.
1547 4748 1637 4802 4i.
1671 4746 1877 4803 Gabrs.

526 4839 667 4895 Ibid.
707 4838 809 4912 [De
841 4839 1178 4908 imperatore
1210 4838 1424 4893 minore
1456 4838 1722 4908 majorem
1766 4840 2040 4895 salutante

455 4944 511 4990 et
538 4933 657 5003 ejus
687 4932 884 5004 pedem
921 4931 1277 4986 exossulante
1299 4939 1354 4984 et
1395 4930 1466 4985 ab
1504 4932 1694 4984 eodem
1736 4931 1850 4985 oris
1878 4946 2040 4987 oscu-

458 5029 571 5084 lum
624 5031 941 5097 rcportaute
973 5024 1264 5080 Gretsertts
1322 5024 1410 5079 hic
1453 5024 1691 5099 egregie.
1728 5024 1797 5077 At
1829 5025 1873 5077 si
1904 5026 2041 5079 alter

461 5121 615 5176 alteri
660 5134 828 5190 eques
882 5125 1161 5184 occurrat,
1214 5116 1367 5189 quid-
1396 5116 1559 5171 tum?
1600 5114 2040 5182 Cantacuzenus.

462 5230 500 5275 ι.
527 5212 597 5267 55
630 5230 644 5268 :
677 5210 841 5272 Ἐθος
876 5209 1262 5280 ἐπεκράτησεν
1300 5209 1532 5279 ἀρχαῖον
1571 5205 1726 5276 παρὰ
1753 5208 1872 5271 τοῖς
1909 5206 2043 5261 Ῥω-

398 5360 419 5367 νί
466 5304 643 5373 μαίων
695 5303 1030 5374 βασιλεῦσιν,
1069 5301 1200 5356 ὅταν
1258 5300 1532 5370 μέλλωσιν
1582 5297 1748 5373 33o
1787 5298 2043 5375 ἀλλήλοις

464 5394 878 5464 συντυγχάνειν.
923 5393 1053 5456 τοὺς
1104 5394 1207 5462 μὲν
1253 5390 1559 5460 ἑπομένους
1599 5391 1886 5459 ἑκατέροις
1932 5390 2041 5441 τῶν

465 5484 649 5537 ἵππων
700 5483 1053 5545 κατασάντας
1102 5481 1335 5535 ἔπεσθαι
1366 5480 1530 5551 πεζῇ,
1560 5478 1762 5543 αὐτοὺς
1811 5478 1870 5531 δὲ
1902 5495 2041 5546 συμ-

469 5577 734 5646 μίξαντας
757 5578 1057 5645 ὲφίππους,
1097 5575 1190 5628 τὸν
1222 5575 1321 5644 μιν
1353 5574 1622 5644 νεώτερον
1656 5571 1905 5640 κύψαντα
1946 5571 2041 5624 τού

390 5704 393 5707 -
468 5669 845 5740 πρεσσυτέρου
899 5668 1168 5739 βασιλέως
1213 5665 1689 5739 περιπτύσσεσθαι
1718 5664 1818 5733 τὴν
1859 5664 2040 5735 χεῖρα,

466 5763 562 5815 τὸν
599 5763 692 5814 ἐπὶ
720 5762 818 5832 τῆς
845 5763 1091 5831 κεφαλῆς
1129 5762 1401 5830 πρότερον
1435 5756 1829 5828 περιελόμενον
1862 5756 2040 5820 πῖλον,

436 5858 443 5863 ⁷
471 5853 827 5925 ἁνακύψαντα
864 5854 1162 5910 δὲνσὲκετθεν
1202 5856 1284 5916 είς
1314 5855 1375 5907 τὸ
1408 5852 1706 5920 πρόσωπον
1756 5849 1920 5905 αὑτὸν
1952 5850 2045 5902 τὸν

2219 4658 2355 4714 Ibid.
2393 4658 2643 4741 ίἨρέμα
2674 4658 3092 4735 ψαλλομένης.
3139 4661 3219 4717 Ne
3264 4672 3460 4735 cantus
3517 4669 3726 4738 regiam

2090 4803 2100 4813 ,
2146 4751 2527 4813 adorationem
2578 4750 2929 4817 interturbet,
2973 4753 3059 4815 vel
3096 4752 3209 4809 haec
3253 4755 3501 4823 ecclesia:
3548 4756 3729 4810 cilicio

2146 4844 2397 4899 videatur
2425 4843 2740 4913 conjuncta.
3104 4896 3113 4901 -

2221 4934 2363 4993 Ibid.
2394 4930 2620 5008 [Οὗτός
2668 4952 2732 4988 τε
2764 4935 2865 4988 καὶ
2890 4934 3114 5011 πάντες
3140 4939 3193 4988 οἱ
3230 4935 3545 5011 ἄρχοντες.
3575 4940 3729 5005 Cele-

2149 5029 2233 5085 bri
2298 5028 2612 5093 Palmarum
2668 5026 2811 5082 Iesw
2861 5028 3002 5081 solet
3056 5030 3373 5096 patriarcha
3429 5046 3625 5088 cruces
3676 5045 3731 5085 et.

2149 5134 2337 5179 cereos
2367 5118 2423 5177 in
2466 5120 2726 5189 populum
2774 5118 3131 5186 distribuere,
3171 5121 3331 5201 quasi
3378 5121 3731 5197 δεξιούμενος

2148 5211 2278 5275 τοὺς
2302 5212 2363 5264 τὸ
2393 5211 2742 5281 παγκράτιον
2764 5211 2863 5280 τῆς
2891 5211 3150 5279 νηστείας
3177 5215 3509 5288 νικήσαντας
3531 5217 3731 5286 τιμίων

2151 5302 2454 5370 καὶκὰγίων
2506 5299 2758 5373 σταυρῶν
2801 5302 3112 5374 ἁγιάσμασι
3159 5307 3257 5371 καὶ
3301 5306 3509 5379 κηρίων
3554 5325 3727 5376 φωτο-

2151 5395 2324 5448 6ὁλων
2359 5394 2687 5465 χαρίσμασι.
2725 5394 2863 5447 Οὐδὲ
2902 5395 3012 5466 γὰρ
3043 5395 3189 5461 Oilei.
3243 5399 3731 5469 oxtapaxeivaob:

2153 5489 2381 5550 πιστοὺς
2416 5487 2539 5541 κατ’
2602 5487 2848 5559 ἐκείνους
2884 5489 3012 5557 τοὺς
3062 5490 3453 5561 νηπιόφρονας,
3500 5487 3616 5541 ἀλλ’
3658 5489 3734 5541 ὡς

2152 5579 2255 5648 ήδη
2283 5579 2384 5646 τῆς
2418 5577 2770 5650 δικαιοσύνης
2802 5579 2890 5632 τὸν
2935 5581 3089 5651 ἥλιον
3142 5580 3438 5651 βλέποντας
3478 5578 3576 5649 τὴν
3607 5579 3738 5632 νέαν

2153 5667 2291 5722 Σιὼν
2321 5668 2408 5720 διὰ
2424 5668 2606 5722 πώλου
2626 5670 2952 5738 φωτίζοντα.
2974 5668 3130 5725 Fcria
3152 5671 3308 5724 tertia
3330 5669 3737 5739 sequenti,qn:n

2154 5760 2261 5813 τῶν
2288 5760 2675 5831 κατηχήσεων,
2699 5762 3112 5816 catechumcnis
3138 5760 3475 5816 instruendis
3494 5760 3734 5823 dicatur,

2156 5851 2362 5908 minuta
2416 5853 2576 5907 thura
2640 5853 2988 5909 concurrenti
3036 5854 3242 5922 populo
3299 5853 3392 5908 dat
3448 5852 3503 5907 in
3539 5865 3737 5905 manus
