  <div class='ocr_page' id='page_1' title='image "/cluster/home/n/w/nwhite01/storage/ocr_20150623/157/coo.31924054870625/189.png"; bbox 0 0 4048 6428; ppageno 0'>
   <div class='ocr_carea' id='block_1_1' title="bbox 350 390 452 452">
    <p class='ocr_par' dir='ltr' id='par_1_1' title="bbox 350 390 452 452">
     <span class='ocr_line' id='line_1_1' title="bbox 350 390 452 452; baseline 0.01 -1"><span class='ocrx_word' id='word_1_1' title='bbox 350 390 452 452; x_wconf 83' lang='lat'><strong>37</strong></span> 
     </span>
    </p>
   </div>
   <div class='ocr_carea' id='block_1_2' title="bbox 1417 382 2528 447">
    <p class='ocr_par' dir='ltr' id='par_1_2' title="bbox 1417 382 2528 447">
     <span class='ocr_line' id='line_1_2' title="bbox 1417 382 2528 447; baseline -0.003 -2"><span class='ocrx_word' id='word_1_2' title='bbox 1417 388 1491 446; x_wconf 74' lang='grc' dir='ltr'><strong>ΙΝ</strong></span> <span class='ocrx_word' id='word_1_3' title='bbox 1540 387 1836 447; x_wconf 77' lang='lat' dir='ltr'><strong>LIBRUM</strong></span> <span class='ocrx_word' id='word_1_4' title='bbox 1885 385 1978 445; x_wconf 85' lang='lat' dir='ltr'><strong>DE</strong></span> <span class='ocrx_word' id='word_1_5' title='bbox 2037 382 2365 443; x_wconf 83' lang='lat' dir='ltr'><strong>OFFICIIS</strong></span> <span class='ocrx_word' id='word_1_6' title='bbox 2419 382 2528 442; x_wconf 69' lang='grc' dir='ltr'><strong>ΕΡ.</strong></span> 
     </span>
    </p>
   </div>
   <div class='ocr_carea' id='block_1_3' title="bbox 3476 382 3571 443">
    <p class='ocr_par' dir='ltr' id='par_1_3' title="bbox 3476 382 3571 443">
     <span class='ocr_line' id='line_1_3' title="bbox 3476 382 3571 443; baseline 0 -1"><span class='ocrx_word' id='word_1_7' title='bbox 3476 382 3571 443; x_wconf 69' lang='grc' dir='ltr'><strong>εδδ</strong></span> 
     </span>
    </p>
   </div>
   <div class='ocr_carea' id='block_1_4' title="bbox 342 489 1910 569">
    <p class='ocr_par' dir='ltr' id='par_1_4' title="bbox 342 494 1909 569">
     <span class='ocr_line' id='line_1_4' title="bbox 342 494 1909 569; baseline -0.005 -12"><span class='ocrx_word' id='word_1_8' title='bbox 342 508 490 557; x_wconf 80' lang='lat' dir='ltr'><strong>circa</strong></span> <span class='ocrx_word' id='word_1_9' title='bbox 541 517 754 555; x_wconf 68' lang='lat' dir='ltr'><strong>aurorae</strong></span> <span class='ocrx_word' id='word_1_10' title='bbox 796 511 1032 569; x_wconf 86' lang='lat' dir='ltr'><strong>tempus,</strong></span> <span class='ocrx_word' id='word_1_11' title='bbox 1064 500 1267 567; x_wconf 75' lang='grc' dir='ltr'>ὁμιλῶν</span> <span class='ocrx_word' id='word_1_12' title='bbox 1314 494 1426 551; x_wconf 72' lang='grc' dir='ltr'>οἷον</span> <span class='ocrx_word' id='word_1_13' title='bbox 1454 499 1539 551; x_wconf 68' lang='grc' dir='ltr'><strong>διὰ</strong></span> <span class='ocrx_word' id='word_1_14' title='bbox 1581 498 1787 550; x_wconf 79' lang='grc' dir='ltr'>τούτων</span> <span class='ocrx_word' id='word_1_15' title='bbox 1813 498 1909 551; x_wconf 76' lang='grc' dir='ltr'>αὑ-</span> 
     </span>
    </p>
   </div>
   <div class='ocr_carea' id='block_1_5' title="bbox 2012 489 3569 569">
    <p class='ocr_par' dir='ltr' id='par_1_5' title="bbox 2020 489 3569 557">
     <span class='ocr_line' id='line_1_5' title="bbox 2020 489 3569 557; baseline 0 -10"><span class='ocrx_word' id='word_1_16' title='bbox 2020 494 2290 557; x_wconf 78' lang='lat' dir='ltr'><strong>lnccnsis,</strong></span> <span class='ocrx_word' id='word_1_17' title='bbox 2318 492 2357 546; x_wconf 92' lang='lat' dir='ltr'><strong>l.</strong></span> <span class='ocrx_word' id='word_1_18' title='bbox 2393 506 2466 546; x_wconf 81' lang='lat' dir='ltr'><strong>vn</strong></span> <span class='ocrx_word' id='word_1_19' title='bbox 2516 490 2663 546; x_wconf 84' lang='lat' dir='ltr'><strong>Juris</strong></span> <span class='ocrx_word' id='word_1_20' title='bbox 2703 489 2825 544; x_wconf 80' lang='lat' dir='ltr'><strong>GR:</strong></span> <span class='ocrx_word' id='word_1_21' title='bbox 2893 489 3244 544; x_wconf 84' lang='lat' dir='ltr'><strong>Celsissimam</strong></span> <span class='ocrx_word' id='word_1_22' title='bbox 3312 506 3569 547; x_wconf 83' lang='lat' dir='ltr'><strong>sacrorum</strong></span> 
     </span>
    </p>
   </div>
   <div class='ocr_carea' id='block_1_6' title="bbox 340 589 1909 659">
    <p class='ocr_par' dir='ltr' id='par_1_6' title="bbox 340 589 1909 659">
     <span class='ocr_line' id='line_1_6' title="bbox 340 589 1909 659; baseline -0.007 -13"><span class='ocrx_word' id='word_1_23' title='bbox 340 597 475 656; x_wconf 81' lang='grc' dir='ltr'>τοῖς,</span> <span class='ocrx_word' id='word_1_24' title='bbox 525 595 619 645; x_wconf 74' lang='grc' dir='ltr'><strong>καὶ</strong></span> <span class='ocrx_word' id='word_1_25' title='bbox 665 590 1054 659; x_wconf 79' lang='grc' dir='ltr'><strong>ὑποτιθέμενος</strong></span> <span class='ocrx_word' id='word_1_26' title='bbox 1095 590 1171 658; x_wconf 78' lang='grc' dir='ltr'>μὴ</span> <span class='ocrx_word' id='word_1_27' title='bbox 1202 589 1589 658; x_wconf 78' lang='grc' dir='ltr'><strong>πανηγυρικῶς</strong></span> <span class='ocrx_word' id='word_1_28' title='bbox 1620 589 1735 641; x_wconf 80' lang='grc' dir='ltr'>ἀλλ’</span> <span class='ocrx_word' id='word_1_29' title='bbox 1764 590 1909 656; x_wconf 83' lang='grc' dir='ltr'><strong>ἀγω-</strong></span> 
     </span>
    </p>
   </div>
   <div class='ocr_carea' id='block_1_7' title="bbox 342 678 1912 749">
    <p class='ocr_par' dir='ltr' id='par_1_7' title="bbox 342 678 1912 749">
     <span class='ocr_line' id='line_1_7' title="bbox 342 678 1912 749; baseline -0.003 -14"><span class='ocrx_word' id='word_1_30' title='bbox 342 685 598 744; x_wconf 82' lang='grc' dir='ltr'>νιστικῶς</span> <span class='ocrx_word' id='word_1_31' title='bbox 629 682 732 734; x_wconf 83' lang='grc' dir='ltr'><strong>τῶν</strong></span> <span class='ocrx_word' id='word_1_32' title='bbox 770 680 965 749; x_wconf 70' lang='grc' dir='ltr'><strong>ἑφεξῆς</strong></span> <span class='ocrx_word' id='word_1_33' title='bbox 993 680 1163 746; x_wconf 85' lang='grc' dir='ltr'>τριῶν</span> <span class='ocrx_word' id='word_1_34' title='bbox 1192 679 1414 748; x_wconf 76' lang='grc' dir='ltr'><strong>ἡμερῶν</strong></span> <span class='ocrx_word' id='word_1_35' title='bbox 1444 679 1503 730; x_wconf 63' lang='grc' dir='ltr'>τὸ</span> <span class='ocrx_word' id='word_1_36' title='bbox 1536 678 1751 731; x_wconf 82' lang='grc' dir='ltr'>στάδιον</span> <span class='ocrx_word' id='word_1_37' title='bbox 1782 680 1912 731; x_wconf 81' lang='grc' dir='ltr'>ἀνα-</span> 
     </span>
    </p>
   </div>
   <div class='ocr_carea' id='block_1_8' title="bbox 343 768 1913 841">
    <p class='ocr_par' dir='ltr' id='par_1_8' title="bbox 343 768 1913 841">
     <span class='ocr_line' id='line_1_8' title="bbox 343 768 1913 841; baseline -0.003 -16"><span class='ocrx_word' id='word_1_38' title='bbox 343 775 621 839; x_wconf 78' lang='grc' dir='ltr'>δέξασθαι.</span> <span class='ocrx_word' id='word_1_39' title='bbox 642 774 1086 841; x_wconf 76' lang='grc' dir='ltr'><strong>Γρηγορήσωμεν</strong></span> <span class='ocrx_word' id='word_1_40' title='bbox 1115 772 1293 825; x_wconf 88' lang='grc' dir='ltr'>τοίνυν</span> <span class='ocrx_word' id='word_1_41' title='bbox 1319 770 1410 823; x_wconf 71' lang='grc' dir='ltr'><strong>καὶ</strong></span> <span class='ocrx_word' id='word_1_42' title='bbox 1432 768 1649 839; x_wconf 72' lang='grc' dir='ltr'><strong>ἑφεξῆς,</strong></span> <span class='ocrx_word' id='word_1_43' title='bbox 1686 770 1776 821; x_wconf 74' lang='grc' dir='ltr'><strong>καὶ</strong></span> <span class='ocrx_word' id='word_1_44' title='bbox 1800 773 1913 831; x_wconf 82' lang='grc' dir='ltr'>τοῖς</span> 
     </span>
    </p>
   </div>
   <div class='ocr_carea' id='block_1_9' title="bbox 342 862 1909 933">
    <p class='ocr_par' dir='ltr' id='par_1_9' title="bbox 342 862 1909 933">
     <span class='ocr_line' id='line_1_9' title="bbox 342 862 1909 933; baseline -0.001 -15"><span class='ocrx_word' id='word_1_45' title='bbox 342 864 716 932; x_wconf 76' lang='grc' dir='ltr'><strong>ἀγρυπνοῦσιν</strong></span> <span class='ocrx_word' id='word_1_46' title='bbox 729 864 887 933; x_wconf 79' lang='lat'><strong>331</strong></span> <span class='ocrx_word' id='word_1_47' title='bbox 908 863 1182 927; x_wconf 75' lang='grc' dir='ltr'>Ἰουδαίοις</span> <span class='ocrx_word' id='word_1_48' title='bbox 1207 862 1781 931; x_wconf 79' lang='grc' dir='ltr'>συναγρυπνήσαιμεν.</span> <span class='ocrx_word' id='word_1_49' title='bbox 1801 870 1909 916; x_wconf 85' lang='lat' dir='ltr'><strong>etc.</strong></span> 
     </span>
    </p>
   </div>
   <div class='ocr_carea' id='block_1_10' title="bbox 340 951 1913 1024">
    <p class='ocr_par' dir='ltr' id='par_1_10' title="bbox 340 951 1913 1024">
     <span class='ocr_line' id='line_1_10' title="bbox 340 951 1913 1024; baseline -0.004 -17"><span class='ocrx_word' id='word_1_50' title='bbox 340 955 495 1009; x_wconf 87' lang='lat' dir='ltr'><strong>Feria</strong></span> <span class='ocrx_word' id='word_1_51' title='bbox 512 964 703 1024; x_wconf 81' lang='lat' dir='ltr'><strong>quarta</strong></span> <span class='ocrx_word' id='word_1_52' title='bbox 727 957 923 1009; x_wconf 98' lang='lat' dir='ltr'><strong>iterum</strong></span> <span class='ocrx_word' id='word_1_53' title='bbox 945 956 1166 1009; x_wconf 86' lang='lat' dir='ltr'><strong>incensa</strong></span> <span class='ocrx_word' id='word_1_54' title='bbox 1189 967 1480 1022; x_wconf 85' lang='lat' dir='ltr'><strong>cereosquc</strong></span> <span class='ocrx_word' id='word_1_55' title='bbox 1502 952 1733 1021; x_wconf 81' lang='lat' dir='ltr'><strong>spargit,</strong></span> <span class='ocrx_word' id='word_1_56' title='bbox 1770 951 1856 1003; x_wconf 85' lang='grc' dir='ltr'>ἵνα</span> <span class='ocrx_word' id='word_1_57' title='bbox 1887 953 1913 1002; x_wconf 82' lang='grc' dir='ltr'>ὁ</span> 
     </span>
    </p>
   </div>
   <div class='ocr_carea' id='block_1_11' title="bbox 338 1041 1911 1111">
    <p class='ocr_par' dir='ltr' id='par_1_11' title="bbox 338 1041 1911 1111">
     <span class='ocr_line' id='line_1_11' title="bbox 338 1041 1911 1111; baseline -0.002 -18"><span class='ocrx_word' id='word_1_58' title='bbox 338 1042 467 1105; x_wconf 77' lang='grc' dir='ltr'>λαὸς</span> <span class='ocrx_word' id='word_1_59' title='bbox 498 1045 592 1104; x_wconf 82' lang='grc' dir='ltr'>τὰς</span> <span class='ocrx_word' id='word_1_60' title='bbox 640 1047 829 1111; x_wconf 85' lang='grc' dir='ltr'>χεῖρας</span> <span class='ocrx_word' id='word_1_61' title='bbox 863 1044 1028 1096; x_wconf 79' lang='grc' dir='ltr'>πάλιν</span> <span class='ocrx_word' id='word_1_62' title='bbox 1053 1044 1164 1101; x_wconf 75' lang='grc' dir='ltr'><strong>,ἐπὶ</strong></span> <span class='ocrx_word' id='word_1_63' title='bbox 1198 1042 1259 1094; x_wconf 86' lang='grc' dir='ltr'>τὸ</span> <span class='ocrx_word' id='word_1_64' title='bbox 1294 1044 1395 1111; x_wconf 81' lang='grc' dir='ltr'>τῆς</span> <span class='ocrx_word' id='word_1_65' title='bbox 1436 1042 1691 1110; x_wconf 72' lang='grc' dir='ltr'><strong>νηστείας</strong></span> <span class='ocrx_word' id='word_1_66' title='bbox 1726 1041 1911 1110; x_wconf 83' lang='grc' dir='ltr'>οὐριο-</span> 
     </span>
    </p>
   </div>
   <div class='ocr_carea' id='block_1_12' title="bbox 340 1132 1911 1202">
    <p class='ocr_par' dir='ltr' id='par_1_12' title="bbox 340 1132 1911 1202">
     <span class='ocr_line' id='line_1_12' title="bbox 340 1132 1911 1202; baseline -0.001 -19"><span class='ocrx_word' id='word_1_67' title='bbox 340 1135 593 1201; x_wconf 77' lang='grc' dir='ltr'>δρομήσῃ</span> <span class='ocrx_word' id='word_1_68' title='bbox 624 1134 879 1201; x_wconf 74' lang='grc' dir='ltr'>πέλαγος,</span> <span class='ocrx_word' id='word_1_69' title='bbox 906 1136 1002 1186; x_wconf 71' lang='grc' dir='ltr'><strong>καὶ</strong></span> <span class='ocrx_word' id='word_1_70' title='bbox 1030 1134 1130 1202; x_wconf 76' lang='grc' dir='ltr'>τὴν</span> <span class='ocrx_word' id='word_1_71' title='bbox 1162 1133 1331 1185; x_wconf 83' lang='grc' dir='ltr'>νύκτα</span> <span class='ocrx_word' id='word_1_72' title='bbox 1360 1132 1469 1184; x_wconf 79' lang='grc' dir='ltr'>τῶν</span> <span class='ocrx_word' id='word_1_73' title='bbox 1501 1132 1675 1200; x_wconf 80' lang='grc' dir='ltr'>ἁγίων</span> <span class='ocrx_word' id='word_1_74' title='bbox 1721 1132 1911 1183; x_wconf 76' lang='grc' dir='ltr'>παθῶν</span> 
     </span>
    </p>
   </div>
   <div class='ocr_carea' id='block_1_13' title="bbox 335 1222 1911 1293">
    <p class='ocr_par' dir='ltr' id='par_1_13' title="bbox 335 1222 1911 1293">
     <span class='ocr_line' id='line_1_13' title="bbox 335 1222 1911 1293; baseline 0.003 -20"><span class='ocrx_word' id='word_1_75' title='bbox 335 1224 430 1273; x_wconf 76' lang='grc' dir='ltr'><strong>τοῦ</strong></span> <span class='ocrx_word' id='word_1_76' title='bbox 483 1223 723 1291; x_wconf 80' lang='grc' dir='ltr'>Χριστοῦ</span> <span class='ocrx_word' id='word_1_77' title='bbox 781 1225 1032 1292; x_wconf 69' lang='grc' dir='ltr'>λαμπάσι</span> <span class='ocrx_word' id='word_1_78' title='bbox 1083 1224 1530 1293; x_wconf 78' lang='grc' dir='ltr'>καταπυρσεύσῃ.</span> <span class='ocrx_word' id='word_1_79' title='bbox 1584 1222 1787 1277; x_wconf 86' lang='lat' dir='ltr'><strong>Sancto</strong></span> <span class='ocrx_word' id='word_1_80' title='bbox 1823 1223 1911 1277; x_wconf 87' lang='lat' dir='ltr'><strong>die</strong></span> 
     </span>
    </p>
   </div>
   <div class='ocr_carea' id='block_1_14' title="bbox 339 1315 1909 1389">
    <p class='ocr_par' dir='ltr' id='par_1_14' title="bbox 339 1315 1909 1389">
     <span class='ocr_line' id='line_1_14' title="bbox 339 1315 1909 1389; baseline 0.001 -22"><span class='ocrx_word' id='word_1_81' title='bbox 339 1316 557 1389; x_wconf 69' lang='lat' dir='ltr'><strong>l’aschze</strong></span> <span class='ocrx_word' id='word_1_82' title='bbox 590 1315 885 1384; x_wconf 78' lang='lat' dir='ltr'><strong>persolutis</strong></span> <span class='ocrx_word' id='word_1_83' title='bbox 916 1315 1194 1369; x_wconf 83' lang='lat' dir='ltr'><strong>matutinis</strong></span> <span class='ocrx_word' id='word_1_84' title='bbox 1222 1315 1477 1383; x_wconf 83' lang='lat' dir='ltr'><strong>precibus</strong></span> <span class='ocrx_word' id='word_1_85' title='bbox 1508 1315 1764 1383; x_wconf 84' lang='lat' dir='ltr'><strong>populum</strong></span> <span class='ocrx_word' id='word_1_86' title='bbox 1790 1330 1909 1369; x_wconf 88' lang='lat' dir='ltr'><strong>om-</strong></span> 
     </span>
    </p>
   </div>
   <div class='ocr_carea' id='block_1_15' title="bbox 340 1404 1909 1473">
    <p class='ocr_par' dir='ltr' id='par_1_15' title="bbox 340 1404 1909 1473">
     <span class='ocr_line' id='line_1_15' title="bbox 340 1404 1909 1473; baseline 0.001 -16"><span class='ocrx_word' id='word_1_87' title='bbox 340 1421 460 1457; x_wconf 84' lang='lat' dir='ltr'><strong>nem</strong></span> <span class='ocrx_word' id='word_1_88' title='bbox 490 1407 556 1457; x_wconf 83' lang='lat' dir='ltr'><strong>ad</strong></span> <span class='ocrx_word' id='word_1_89' title='bbox 599 1414 851 1459; x_wconf 88' lang='lat' dir='ltr'><strong>sanctum</strong></span> <span class='ocrx_word' id='word_1_90' title='bbox 886 1405 1134 1458; x_wconf 88' lang='lat' dir='ltr'><strong>osculum</strong></span> <span class='ocrx_word' id='word_1_91' title='bbox 1185 1419 1346 1472; x_wconf 81' lang='lat' dir='ltr'><strong>supra</strong></span> <span class='ocrx_word' id='word_1_92' title='bbox 1397 1405 1729 1473; x_wconf 84' lang='lat' dir='ltr'><strong>descriptum</strong></span> <span class='ocrx_word' id='word_1_93' title='bbox 1764 1404 1909 1459; x_wconf 83' lang='lat' dir='ltr'><strong>exci-</strong></span> 
     </span>
    </p>
   </div>
   <div class='ocr_carea' id='block_1_16' title="bbox 338 1492 1908 1563">
    <p class='ocr_par' dir='ltr' id='par_1_16' title="bbox 338 1492 1908 1563">
     <span class='ocr_line' id='line_1_16' title="bbox 338 1492 1908 1563; baseline 0.004 -21"><span class='ocrx_word' id='word_1_94' title='bbox 338 1494 441 1559; x_wconf 89' lang='lat' dir='ltr'><strong>pit,</strong></span> <span class='ocrx_word' id='word_1_95' title='bbox 472 1507 535 1544; x_wconf 88' lang='lat' dir='ltr'><strong>ac</strong></span> <span class='ocrx_word' id='word_1_96' title='bbox 562 1492 726 1545; x_wconf 85' lang='lat' dir='ltr'><strong>simul</strong></span> <span class='ocrx_word' id='word_1_97' title='bbox 761 1492 968 1546; x_wconf 91' lang='lat' dir='ltr'><strong>minuta</strong></span> <span class='ocrx_word' id='word_1_98' title='bbox 1012 1508 1141 1558; x_wconf 85' lang='lat' dir='ltr'><strong>a-ra,</strong></span> <span class='ocrx_word' id='word_1_99' title='bbox 1175 1494 1479 1563; x_wconf 78' lang='grc' dir='ltr'>τρικέφαλοι</span> <span class='ocrx_word' id='word_1_100' title='bbox 1504 1493 1572 1547; x_wconf 89' lang='lat' dir='ltr'><strong>ob</strong></span> <span class='ocrx_word' id='word_1_101' title='bbox 1607 1494 1768 1547; x_wconf 90' lang='lat' dir='ltr'><strong>trium</strong></span> <span class='ocrx_word' id='word_1_102' title='bbox 1804 1498 1908 1548; x_wconf 89' lang='lat' dir='ltr'><strong>im-</strong></span> 
     </span>
    </p>
   </div>
   <div class='ocr_carea' id='block_1_17' title="bbox 340 1583 1906 1655">
    <p class='ocr_par' dir='ltr' id='par_1_17' title="bbox 340 1583 1906 1655">
     <span class='ocr_line' id='line_1_17' title="bbox 340 1583 1906 1655; baseline 0.004 -24"><span class='ocrx_word' id='word_1_103' title='bbox 340 1593 649 1648; x_wconf 84' lang='lat' dir='ltr'><strong>peratorum</strong></span> <span class='ocrx_word' id='word_1_104' title='bbox 682 1583 839 1637; x_wconf 86' lang='lat' dir='ltr'><strong>simul</strong></span> <span class='ocrx_word' id='word_1_105' title='bbox 866 1586 1209 1655; x_wconf 81' lang='lat' dir='ltr'><strong>regnantium</strong></span> <span class='ocrx_word' id='word_1_106' title='bbox 1238 1585 1460 1651; x_wconf 74' lang='lat' dir='ltr'><strong>elligiem</strong></span> <span class='ocrx_word' id='word_1_107' title='bbox 1497 1584 1561 1639; x_wconf 89' lang='lat' dir='ltr'><strong>iis</strong></span> <span class='ocrx_word' id='word_1_108' title='bbox 1587 1586 1906 1655; x_wconf 82' lang='lat' dir='ltr'><strong>impressam</strong></span> 
     </span>
    </p>
   </div>
   <div class='ocr_carea' id='block_1_18' title="bbox 338 1675 1908 1746">
    <p class='ocr_par' dir='ltr' id='par_1_18' title="bbox 338 1675 1908 1746">
     <span class='ocr_line' id='line_1_18' title="bbox 338 1675 1908 1746; baseline 0.002 -20"><span class='ocrx_word' id='word_1_109' title='bbox 338 1685 550 1736; x_wconf 69' lang='lat' dir='ltr'><strong>vocata,</strong></span> <span class='ocrx_word' id='word_1_110' title='bbox 585 1675 812 1729; x_wconf 81' lang='lat' dir='ltr'><strong>dividit:</strong></span> <span class='ocrx_word' id='word_1_111' title='bbox 846 1678 1001 1733; x_wconf 82' lang='grc' dir='ltr'><strong>Κατὰ</strong></span> <span class='ocrx_word' id='word_1_112' title='bbox 1030 1678 1242 1745; x_wconf 80' lang='grc' dir='ltr'><strong>πατέρα</strong></span> <span class='ocrx_word' id='word_1_113' title='bbox 1267 1676 1617 1745; x_wconf 75' lang='grc' dir='ltr'>φιλόστοργον</span> <span class='ocrx_word' id='word_1_114' title='bbox 1637 1677 1730 1730; x_wconf 80' lang='grc' dir='ltr'>νῦν</span> <span class='ocrx_word' id='word_1_115' title='bbox 1760 1677 1908 1746; x_wconf 87' lang='grc' dir='ltr'>πρώ-</span> 
     </span>
    </p>
   </div>
   <div class='ocr_carea' id='block_1_19' title="bbox 338 1767 1908 1837">
    <p class='ocr_par' dir='ltr' id='par_1_19' title="bbox 338 1767 1908 1837">
     <span class='ocr_line' id='line_1_19' title="bbox 338 1767 1908 1837; baseline 0.003 -19"><span class='ocrx_word' id='word_1_116' title='bbox 338 1784 448 1828; x_wconf 83' lang='grc' dir='ltr'><strong>τως</strong></span> <span class='ocrx_word' id='word_1_117' title='bbox 510 1767 688 1819; x_wconf 77' lang='grc' dir='ltr'>ἰδόντα</span> <span class='ocrx_word' id='word_1_118' title='bbox 754 1768 952 1830; x_wconf 84' lang='grc' dir='ltr'>παῖδας</span> <span class='ocrx_word' id='word_1_119' title='bbox 1007 1767 1317 1837; x_wconf 72' lang='grc' dir='ltr'><strong>ἀμύμονας,</strong></span> <span class='ocrx_word' id='word_1_120' title='bbox 1364 1767 1472 1821; x_wconf 73' lang='grc' dir='ltr'><strong>ἀπὸ</strong></span> <span class='ocrx_word' id='word_1_121' title='bbox 1534 1770 1752 1837; x_wconf 80' lang='grc' dir='ltr'>μακρᾶς</span> <span class='ocrx_word' id='word_1_122' title='bbox 1813 1770 1908 1822; x_wconf 77' lang='grc' dir='ltr'><strong>καὶ</strong></span> 
     </span>
    </p>
   </div>
   <div class='ocr_carea' id='block_1_20' title="bbox 2020 584 3573 655">
    <p class='ocr_par' dir='ltr' id='par_1_20' title="bbox 2020 584 3573 655">
     <span class='ocr_line' id='line_1_20' title="bbox 2020 584 3573 655; baseline 0 -17"><span class='ocrx_word' id='word_1_123' title='bbox 2020 588 2396 655; x_wconf 79' lang='lat' dir='ltr'><strong>imperatorum</strong></span> <span class='ocrx_word' id='word_1_124' title='bbox 2415 584 2927 650; x_wconf 81' lang='lat' dir='ltr'><strong>circumspectionem</strong></span> <span class='ocrx_word' id='word_1_125' title='bbox 2950 592 2998 635; x_wconf 91' lang='lat' dir='ltr'><strong>et</strong></span> <span class='ocrx_word' id='word_1_126' title='bbox 3014 584 3432 651; x_wconf 79' lang='lat' dir='ltr'><strong>patriarcharum</strong></span> <span class='ocrx_word' id='word_1_127' title='bbox 3463 604 3542 638; x_wconf 88' lang='lat' dir='ltr'><strong>am</strong></span> <span class='ocrx_word' id='word_1_128' title='bbox 3558 619 3573 627; x_wconf 90' lang='lat'><strong>-</strong></span> 
     </span>
    </p>
   </div>
   <div class='ocr_carea' id='block_1_21' title="bbox 2018 676 3572 747">
    <p class='ocr_par' dir='ltr' id='par_1_21' title="bbox 2018 676 3572 747">
     <span class='ocr_line' id='line_1_21' title="bbox 2018 676 3572 747; baseline 0.003 -18"><span class='ocrx_word' id='word_1_129' title='bbox 2018 679 2331 747; x_wconf 81' lang='lat' dir='ltr'><strong>plitudinem</strong></span> <span class='ocrx_word' id='word_1_130' title='bbox 2367 678 2507 731; x_wconf 89' lang='lat' dir='ltr'><strong>inter</strong></span> <span class='ocrx_word' id='word_1_131' title='bbox 2580 677 2690 730; x_wconf 82' lang='lat' dir='ltr'><strong>alia</strong></span> <span class='ocrx_word' id='word_1_132' title='bbox 2736 677 3019 730; x_wconf 82' lang='lat' dir='ltr'><strong>reddebant</strong></span> <span class='ocrx_word' id='word_1_133' title='bbox 3054 676 3178 728; x_wconf 89' lang='lat' dir='ltr'><strong>olim</strong></span> <span class='ocrx_word' id='word_1_134' title='bbox 3225 679 3572 746; x_wconf 88' lang='lat' dir='ltr'><strong>augustiorem</strong></span> 
     </span>
    </p>
   </div>
   <div class='ocr_carea' id='block_1_22' title="bbox 2018 766 3574 837">
    <p class='ocr_par' dir='ltr' id='par_1_22' title="bbox 2018 766 3574 837">
     <span class='ocr_line' id='line_1_22' title="bbox 2018 766 3574 837; baseline -0.001 -14"><span class='ocrx_word' id='word_1_135' title='bbox 2018 772 2183 823; x_wconf 86' lang='lat' dir='ltr'><strong>etiam</strong></span> <span class='ocrx_word' id='word_1_136' title='bbox 2213 786 2405 823; x_wconf 73' lang='lat' dir='ltr'><strong>annua:</strong></span> <span class='ocrx_word' id='word_1_137' title='bbox 2437 784 2580 837; x_wconf 75' lang='lat' dir='ltr'><strong>rogtc</strong></span> <span class='ocrx_word' id='word_1_138' title='bbox 2631 785 2691 820; x_wconf 90' lang='lat' dir='ltr'><strong>ac</strong></span> <span class='ocrx_word' id='word_1_139' title='bbox 2723 767 2969 834; x_wconf 87' lang='lat' dir='ltr'><strong>bajorum</strong></span> <span class='ocrx_word' id='word_1_140' title='bbox 3026 766 3353 834; x_wconf 88' lang='lat' dir='ltr'><strong>largitiones.</strong></span> <span class='ocrx_word' id='word_1_141' title='bbox 3387 768 3574 835; x_wconf 79' lang='lat' dir='ltr'><strong>Quippe</strong></span> 
     </span>
    </p>
   </div>
   <div class='ocr_carea' id='block_1_23' title="bbox 2018 862 3575 931">
    <p class='ocr_par' dir='ltr' id='par_1_23' title="bbox 2018 862 3575 931">
     <span class='ocr_line' id='line_1_23' title="bbox 2018 862 3575 931; baseline -0.004 -12"><span class='ocrx_word' id='word_1_142' title='bbox 2018 865 2260 919; x_wconf 77' lang='lat' dir='ltr'><strong>sedebant</strong></span> <span class='ocrx_word' id='word_1_143' title='bbox 2300 864 2453 917; x_wconf 90' lang='lat' dir='ltr'><strong>annis</strong></span> <span class='ocrx_word' id='word_1_144' title='bbox 2474 862 2693 931; x_wconf 77' lang='lat' dir='ltr'><strong>singulis</strong></span> <span class='ocrx_word' id='word_1_145' title='bbox 2718 862 2967 930; x_wconf 76' lang='lat' dir='ltr'><strong>cujusque</strong></span> <span class='ocrx_word' id='word_1_146' title='bbox 2998 862 3242 928; x_wconf 87' lang='lat' dir='ltr'><strong>temporis</strong></span> <span class='ocrx_word' id='word_1_147' title='bbox 3271 863 3575 929; x_wconf 68' lang='lat' dir='ltr'><strong>patriarcha&#39;</strong></span> 
     </span>
    </p>
   </div>
   <div class='ocr_carea' id='block_1_24' title="bbox 2020 953 3599 1027">
    <p class='ocr_par' dir='ltr' id='par_1_24' title="bbox 2020 953 3599 1027">
     <span class='ocr_line' id='line_1_24' title="bbox 2020 953 3599 1027; baseline -0.004 -17"><span class='ocrx_word' id='word_1_148' title='bbox 2020 975 2082 1010; x_wconf 89' lang='lat' dir='ltr'><strong>ac</strong></span> <span class='ocrx_word' id='word_1_149' title='bbox 2104 959 2468 1025; x_wconf 78' lang='lat' dir='ltr'><strong>imperatores,</strong></span> <span class='ocrx_word' id='word_1_150' title='bbox 2493 965 2539 1008; x_wconf 92' lang='lat' dir='ltr'><strong>et</strong></span> <span class='ocrx_word' id='word_1_151' title='bbox 2570 973 2661 1023; x_wconf 88' lang='lat' dir='ltr'><strong>per</strong></span> <span class='ocrx_word' id='word_1_152' title='bbox 2688 956 2796 1009; x_wconf 71' lang='grc' dir='ltr'><strong>ἠως</strong></span> <span class='ocrx_word' id='word_1_153' title='bbox 2818 956 3051 1008; x_wconf 87' lang='lat' dir='ltr'><strong>subditos</strong></span> <span class='ocrx_word' id='word_1_154' title='bbox 3082 953 3148 1007; x_wconf 88' lang='lat' dir='ltr'><strong>ad</strong></span> <span class='ocrx_word' id='word_1_155' title='bbox 3178 954 3599 1027; x_wconf 68' lang='lat' dir='ltr'><strong>benevolentiam</strong></span> 
     </span>
    </p>
   </div>
   <div class='ocr_carea' id='block_1_25' title="bbox 2018 1046 3572 1117">
    <p class='ocr_par' dir='ltr' id='par_1_25' title="bbox 2018 1046 3572 1117">
     <span class='ocr_line' id='line_1_25' title="bbox 2018 1046 3572 1117; baseline -0.002 -16"><span class='ocrx_word' id='word_1_156' title='bbox 2018 1050 2329 1102; x_wconf 79' lang='lat' dir='ltr'><strong>invitabant.</strong></span> <span class='ocrx_word' id='word_1_157' title='bbox 2366 1046 2523 1102; x_wconf 72' lang='lat' dir='ltr'><strong>Novit</strong></span> <span class='ocrx_word' id='word_1_158' title='bbox 2555 1048 2647 1100; x_wconf 87' lang='lat' dir='ltr'><strong>hoc</strong></span> <span class='ocrx_word' id='word_1_159' title='bbox 2670 1057 2877 1117; x_wconf 88' lang='lat' dir='ltr'><strong>patrum</strong></span> <span class='ocrx_word' id='word_1_160' title='bbox 2912 1047 3322 1113; x_wconf 83' lang='lat' dir='ltr'><strong>conscriptorum</strong></span> <span class='ocrx_word' id='word_1_161' title='bbox 3361 1046 3572 1111; x_wconf 82' lang='lat' dir='ltr'><strong>amplis-</strong></span> 
     </span>
    </p>
   </div>
   <div class='ocr_carea' id='block_1_26' title="bbox 2022 1136 3578 1207">
    <p class='ocr_par' dir='ltr' id='par_1_26' title="bbox 2022 1136 3578 1207">
     <span class='ocr_line' id='line_1_26' title="bbox 2022 1136 3578 1207; baseline -0.006 -13"><span class='ocrx_word' id='word_1_162' title='bbox 2022 1142 2192 1194; x_wconf 87' lang='lat' dir='ltr'><strong>simus</strong></span> <span class='ocrx_word' id='word_1_163' title='bbox 2255 1141 2403 1204; x_wconf 89' lang='lat' dir='ltr'><strong>ordo,</strong></span> <span class='ocrx_word' id='word_1_164' title='bbox 2455 1156 2515 1191; x_wconf 89' lang='lat' dir='ltr'><strong>ac</strong></span> <span class='ocrx_word' id='word_1_165' title='bbox 2546 1140 2792 1207; x_wconf 76' lang='lat' dir='ltr'><strong>fortassis</strong></span> <span class='ocrx_word' id='word_1_166' title='bbox 2858 1140 3015 1192; x_wconf 88' lang='lat' dir='ltr'><strong>etiam</strong></span> <span class='ocrx_word' id='word_1_167' title='bbox 3078 1136 3320 1189; x_wconf 85' lang='lat' dir='ltr'><strong>nonnulli</strong></span> <span class='ocrx_word' id='word_1_168' title='bbox 3350 1137 3436 1202; x_wconf 85' lang='lat' dir='ltr'><strong>qui</strong></span> <span class='ocrx_word' id='word_1_169' title='bbox 3486 1137 3578 1186; x_wconf 90' lang='lat' dir='ltr'><strong>hac</strong></span> 
     </span>
    </p>
   </div>
   <div class='ocr_carea' id='block_1_27' title="bbox 2018 1225 3576 1295">
    <p class='ocr_par' dir='ltr' id='par_1_27' title="bbox 2018 1225 3576 1295">
     <span class='ocr_line' id='line_1_27' title="bbox 2018 1225 3576 1295; baseline -0.005 -11"><span class='ocrx_word' id='word_1_170' title='bbox 2018 1242 2171 1284; x_wconf 77' lang='lat' dir='ltr'><strong>(etate</strong></span> <span class='ocrx_word' id='word_1_171' title='bbox 2198 1242 2378 1284; x_wconf 89' lang='lat' dir='ltr'><strong>nostra</strong></span> <span class='ocrx_word' id='word_1_172' title='bbox 2402 1232 2602 1286; x_wconf 89' lang='lat' dir='ltr'><strong>vivunt.</strong></span> <span class='ocrx_word' id='word_1_173' title='bbox 2636 1229 2757 1283; x_wconf 81' lang='lat' dir='ltr'><strong>Non</strong></span> <span class='ocrx_word' id='word_1_174' title='bbox 2789 1231 2927 1282; x_wconf 89' lang='lat' dir='ltr'><strong>enim</strong></span> <span class='ocrx_word' id='word_1_175' title='bbox 2947 1236 3066 1281; x_wconf 84' lang='lat' dir='ltr'><strong>ante</strong></span> <span class='ocrx_word' id='word_1_176' title='bbox 3094 1237 3323 1295; x_wconf 84' lang='lat' dir='ltr'><strong>tempora</strong></span> <span class='ocrx_word' id='word_1_177' title='bbox 3348 1225 3576 1279; x_wconf 86' lang='lat' dir='ltr'><strong>Euclidis</strong></span> 
     </span>
    </p>
   </div>
   <div class='ocr_carea' id='block_1_28' title="bbox 2018 1315 3577 1390">
    <p class='ocr_par' dir='ltr' id='par_1_28' title="bbox 2018 1315 3577 1390">
     <span class='ocr_line' id='line_1_28' title="bbox 2018 1315 3577 1390; baseline -0.002 -20"><span class='ocrx_word' id='word_1_178' title='bbox 2018 1320 2230 1388; x_wconf 88' lang='lat' dir='ltr'><strong>prodita</strong></span> <span class='ocrx_word' id='word_1_179' title='bbox 2259 1332 2380 1373; x_wconf 89' lang='lat' dir='ltr'><strong>sunt</strong></span> <span class='ocrx_word' id='word_1_180' title='bbox 2411 1322 2603 1390; x_wconf 87' lang='lat' dir='ltr'><strong>gerris,</strong></span> <span class='ocrx_word' id='word_1_181' title='bbox 2631 1336 2725 1373; x_wconf 89' lang='lat' dir='ltr'><strong>nec</strong></span> <span class='ocrx_word' id='word_1_182' title='bbox 2756 1318 3133 1372; x_wconf 75' lang='lat' dir='ltr'><strong>somniantium</strong></span> <span class='ocrx_word' id='word_1_183' title='bbox 3162 1316 3451 1369; x_wconf 86' lang='lat' dir='ltr'><strong>vetularum</strong></span> <span class='ocrx_word' id='word_1_184' title='bbox 3500 1315 3577 1383; x_wconf 81' lang='lat' dir='ltr'><strong>fu-</strong></span> 
     </span>
    </p>
   </div>
   <div class='ocr_carea' id='block_1_29' title="bbox 2017 1408 3576 1478">
    <p class='ocr_par' dir='ltr' id='par_1_29' title="bbox 2017 1408 3576 1478">
     <span class='ocr_line' id='line_1_29' title="bbox 2017 1408 3576 1478; baseline -0.003 -15"><span class='ocrx_word' id='word_1_185' title='bbox 2017 1410 2165 1463; x_wconf 78' lang='lat' dir='ltr'><strong>bellte</strong></span> <span class='ocrx_word' id='word_1_186' title='bbox 2182 1420 2325 1475; x_wconf 86' lang='lat' dir='ltr'><strong>sunt,</strong></span> <span class='ocrx_word' id='word_1_187' title='bbox 2354 1410 2443 1463; x_wconf 82' lang='lat' dir='ltr'><strong>sed</strong></span> <span class='ocrx_word' id='word_1_188' title='bbox 2466 1427 2627 1478; x_wconf 86' lang='lat' dir='ltr'><strong>usque</strong></span> <span class='ocrx_word' id='word_1_189' title='bbox 2669 1410 2738 1462; x_wconf 88' lang='lat' dir='ltr'><strong>ad</strong></span> <span class='ocrx_word' id='word_1_190' title='bbox 2769 1410 3044 1478; x_wconf 87' lang='lat' dir='ltr'><strong>imperium</strong></span> <span class='ocrx_word' id='word_1_191' title='bbox 3086 1409 3285 1461; x_wconf 82' lang='lat' dir='ltr'><strong>domini</strong></span> <span class='ocrx_word' id='word_1_192' title='bbox 3321 1408 3576 1462; x_wconf 89' lang='lat' dir='ltr'><strong>Constan-</strong></span> 
     </span>
    </p>
   </div>
   <div class='ocr_carea' id='block_1_30' title="bbox 2018 1499 3576 1568">
    <p class='ocr_par' dir='ltr' id='par_1_30' title="bbox 2018 1499 3576 1568">
     <span class='ocr_line' id='line_1_30' title="bbox 2018 1499 3576 1568; baseline -0.001 -16"><span class='ocrx_word' id='word_1_193' title='bbox 2018 1500 2298 1554; x_wconf 76' lang='lat' dir='ltr'><strong>tiniDucae</strong></span> <span class='ocrx_word' id='word_1_194' title='bbox 2324 1501 2533 1553; x_wconf 86' lang='lat' dir='ltr'><strong>duravit</strong></span> <span class='ocrx_word' id='word_1_195' title='bbox 2583 1510 2837 1568; x_wconf 84' lang='lat' dir='ltr'><strong>angustus</strong></span> <span class='ocrx_word' id='word_1_196' title='bbox 2884 1499 2975 1552; x_wconf 89' lang='lat' dir='ltr'><strong>ille</strong></span> <span class='ocrx_word' id='word_1_197' title='bbox 3012 1514 3122 1551; x_wconf 90' lang='lat' dir='ltr'><strong>mos</strong></span> <span class='ocrx_word' id='word_1_198' title='bbox 3162 1506 3270 1550; x_wconf 91' lang='lat' dir='ltr'><strong>tam</strong></span> <span class='ocrx_word' id='word_1_199' title='bbox 3316 1501 3369 1552; x_wconf 87' lang='lat' dir='ltr'><strong>in</strong></span> <span class='ocrx_word' id='word_1_200' title='bbox 3418 1500 3576 1566; x_wconf 88' lang='lat' dir='ltr'><strong>ipsius</strong></span> 
     </span>
    </p>
   </div>
   <div class='ocr_carea' id='block_1_31' title="bbox 2016 1590 3578 1663">
    <p class='ocr_par' dir='ltr' id='par_1_31' title="bbox 2016 1590 3578 1663">
     <span class='ocr_line' id='line_1_31' title="bbox 2016 1590 3578 1663; baseline -0.001 -19"><span class='ocrx_word' id='word_1_201' title='bbox 2016 1592 2116 1646; x_wconf 85' lang='lat' dir='ltr'><strong>Dei</strong></span> <span class='ocrx_word' id='word_1_202' title='bbox 2148 1610 2307 1663; x_wconf 91' lang='lat' dir='ltr'><strong>quam</strong></span> <span class='ocrx_word' id='word_1_203' title='bbox 2340 1594 2715 1661; x_wconf 84' lang='lat' dir='ltr'><strong>imperatorum</strong></span> <span class='ocrx_word' id='word_1_204' title='bbox 2741 1593 2917 1661; x_wconf 85' lang='lat' dir='ltr'><strong>regia;</strong></span> <span class='ocrx_word' id='word_1_205' title='bbox 2947 1601 2995 1643; x_wconf 88' lang='lat' dir='ltr'><strong>et</strong></span> <span class='ocrx_word' id='word_1_206' title='bbox 3026 1592 3237 1644; x_wconf 85' lang='lat' dir='ltr'><strong>omnino</strong></span> <span class='ocrx_word' id='word_1_207' title='bbox 3277 1590 3466 1643; x_wconf 87' lang='lat' dir='ltr'><strong>bonum</strong></span> <span class='ocrx_word' id='word_1_208' title='bbox 3488 1591 3578 1642; x_wconf 89' lang='lat' dir='ltr'><strong>hoc</strong></span> 
     </span>
    </p>
   </div>
   <div class='ocr_carea' id='block_1_32' title="bbox 2016 1682 3577 1755">
    <p class='ocr_par' dir='ltr' id='par_1_32' title="bbox 2016 1682 3577 1755">
     <span class='ocr_line' id='line_1_32' title="bbox 2016 1682 3577 1755; baseline -0.004 -16"><span class='ocrx_word' id='word_1_209' title='bbox 2016 1686 2085 1739; x_wconf 92' lang='lat' dir='ltr'><strong>ad</strong></span> <span class='ocrx_word' id='word_1_210' title='bbox 2116 1702 2207 1738; x_wconf 90' lang='lat' dir='ltr'><strong>nos</strong></span> <span class='ocrx_word' id='word_1_211' title='bbox 2228 1701 2430 1755; x_wconf 88' lang='lat' dir='ltr'><strong>quoque</strong></span> <span class='ocrx_word' id='word_1_212' title='bbox 2460 1694 2808 1754; x_wconf 87' lang='lat' dir='ltr'><strong>propagatum</strong></span> <span class='ocrx_word' id='word_1_213' title='bbox 2839 1683 3001 1753; x_wconf 79' lang='lat'><strong>332</strong></span> <span class='ocrx_word' id='word_1_214' title='bbox 3043 1683 3170 1749; x_wconf 79' lang='lat' dir='ltr'><strong>fuit,</strong></span> <span class='ocrx_word' id='word_1_215' title='bbox 3210 1700 3242 1735; x_wconf 87' lang='lat' dir='ltr'><strong>a</strong></span> <span class='ocrx_word' id='word_1_216' title='bbox 3292 1682 3577 1751; x_wconf 85' lang='lat' dir='ltr'><strong>majoribus</strong></span> 
     </span>
    </p>
   </div>
   <div class='ocr_carea' id='block_1_33' title="bbox 2017 1774 3576 1847">
    <p class='ocr_par' dir='ltr' id='par_1_33' title="bbox 2017 1774 3576 1847">
     <span class='ocr_line' id='line_1_33' title="bbox 2017 1774 3576 1847; baseline -0.002 -18"><span class='ocrx_word' id='word_1_217' title='bbox 2017 1778 2086 1829; x_wconf 88' lang='lat' dir='ltr'><strong>ad</strong></span> <span class='ocrx_word' id='word_1_218' title='bbox 2099 1788 2327 1847; x_wconf 87' lang='lat' dir='ltr'><strong>nepotes,</strong></span> <span class='ocrx_word' id='word_1_219' title='bbox 2369 1794 2401 1830; x_wconf 90' lang='lat' dir='ltr'><strong>a</strong></span> <span class='ocrx_word' id='word_1_220' title='bbox 2429 1777 2758 1846; x_wconf 80' lang='lat' dir='ltr'><strong>generatione</strong></span> <span class='ocrx_word' id='word_1_221' title='bbox 2783 1775 2853 1828; x_wconf 91' lang='lat' dir='ltr'><strong>ad</strong></span> <span class='ocrx_word' id='word_1_222' title='bbox 2888 1777 3267 1845; x_wconf 89' lang='lat' dir='ltr'><strong>generationem</strong></span> <span class='ocrx_word' id='word_1_223' title='bbox 3300 1774 3576 1828; x_wconf 85' lang='lat' dir='ltr'><strong>transiens.</strong></span> 
     </span>
    </p>
   </div>
   <div class='ocr_carea' id='block_1_34' title="bbox 340 1857 1910 1939">
    <p class='ocr_par' dir='ltr' id='par_1_34' title="bbox 340 1857 1910 1930">
     <span class='ocr_line' id='line_1_34' title="bbox 340 1857 1910 1930; baseline 0.003 -21"><span class='ocrx_word' id='word_1_224' title='bbox 340 1857 698 1921; x_wconf 79' lang='grc' dir='ltr'>κινδυνώδους</span> <span class='ocrx_word' id='word_1_225' title='bbox 730 1858 1041 1929; x_wconf 75' lang='grc' dir='ltr'><strong>ἀποδημίας</strong></span> <span class='ocrx_word' id='word_1_226' title='bbox 1084 1860 1336 1921; x_wconf 72' lang='grc' dir='ltr'>ἀϐλαϐῶς</span> <span class='ocrx_word' id='word_1_227' title='bbox 1380 1859 1817 1930; x_wconf 78' lang='grc' dir='ltr'>ἐνδημήσαντας,</span> <span class='ocrx_word' id='word_1_228' title='bbox 1856 1865 1910 1915; x_wconf 80' lang='grc' dir='ltr'>ὲν</span> 
     </span>
    </p>
   </div>
   <div class='ocr_carea' id='block_1_35' title="bbox 2012 1857 3579 1939">
    <p class='ocr_par' dir='ltr' id='par_1_35' title="bbox 2018 1866 3579 1939">
     <span class='ocr_line' id='line_1_35' title="bbox 2018 1866 3579 1939; baseline -0.005 -15"><span class='ocrx_word' id='word_1_229' title='bbox 2018 1871 2140 1935; x_wconf 88' lang='lat' dir='ltr'><strong>Sin,</strong></span> <span class='ocrx_word' id='word_1_230' title='bbox 2172 1871 2309 1939; x_wconf 89' lang='lat' dir='ltr'><strong>quod</strong></span> <span class='ocrx_word' id='word_1_231' title='bbox 2351 1870 2591 1939; x_wconf 86' lang='lat' dir='ltr'><strong>equidem</strong></span> <span class='ocrx_word' id='word_1_232' title='bbox 2626 1885 2727 1921; x_wconf 92' lang='lat' dir='ltr'><strong>non</strong></span> <span class='ocrx_word' id='word_1_233' title='bbox 2762 1867 3012 1932; x_wconf 85' lang='lat' dir='ltr'><strong>arbitror,</strong></span> <span class='ocrx_word' id='word_1_234' title='bbox 3046 1869 3140 1920; x_wconf 88' lang='lat' dir='ltr'><strong>hoc</strong></span> <span class='ocrx_word' id='word_1_235' title='bbox 3170 1868 3329 1920; x_wconf 85' lang='lat' dir='ltr'><strong>etiam</strong></span> <span class='ocrx_word' id='word_1_236' title='bbox 3370 1866 3579 1918; x_wconf 88' lang='lat' dir='ltr'><strong>oblivio-</strong></span> 
     </span>
    </p>
   </div>
   <div class='ocr_carea' id='block_1_36' title="bbox 338 1951 1912 2021">
    <p class='ocr_par' dir='ltr' id='par_1_36' title="bbox 338 1951 1912 2021">
     <span class='ocr_line' id='line_1_36' title="bbox 338 1951 1912 2021; baseline -0.008 -5"><span class='ocrx_word' id='word_1_237' title='bbox 338 1951 606 2020; x_wconf 75' lang='grc' dir='ltr'>φιλήματι</span> <span class='ocrx_word' id='word_1_238' title='bbox 634 1951 774 2021; x_wconf 81' lang='grc' dir='ltr'>ἁγίῳ</span> <span class='ocrx_word' id='word_1_239' title='bbox 824 1951 1144 2021; x_wconf 82' lang='grc' dir='ltr'>περιχαρῶς</span> <span class='ocrx_word' id='word_1_240' title='bbox 1180 1952 1614 2019; x_wconf 77' lang='grc' dir='ltr'>κατασπάζεται,</span> <span class='ocrx_word' id='word_1_241' title='bbox 1645 1953 1739 2004; x_wconf 75' lang='grc' dir='ltr'><strong>καὶ</strong></span> <span class='ocrx_word' id='word_1_242' title='bbox 1770 1953 1912 2005; x_wconf 84' lang='grc' dir='ltr'>ἀνοί-</span> 
     </span>
    </p>
   </div>
   <div class='ocr_carea' id='block_1_37' title="bbox 338 2041 1912 2111">
    <p class='ocr_par' dir='ltr' id='par_1_37' title="bbox 338 2041 1912 2111">
     <span class='ocr_line' id='line_1_37' title="bbox 338 2041 1912 2111; baseline 0.003 -19"><span class='ocrx_word' id='word_1_243' title='bbox 338 2042 432 2106; x_wconf 77' lang='grc' dir='ltr'><strong>ξας</strong></span> <span class='ocrx_word' id='word_1_244' title='bbox 470 2041 598 2102; x_wconf 84' lang='grc' dir='ltr'>τοὺς</span> <span class='ocrx_word' id='word_1_245' title='bbox 652 2041 964 2111; x_wconf 83' lang='grc' dir='ltr'>Θησαυροὺς</span> <span class='ocrx_word' id='word_1_246' title='bbox 1001 2041 1099 2110; x_wconf 79' lang='grc' dir='ltr'>τῆς</span> <span class='ocrx_word' id='word_1_247' title='bbox 1130 2042 1383 2111; x_wconf 73' lang='grc' dir='ltr'><strong>εὐλογίας</strong></span> <span class='ocrx_word' id='word_1_248' title='bbox 1429 2043 1591 2095; x_wconf 79' lang='grc' dir='ltr'>αὑτοῦ</span> <span class='ocrx_word' id='word_1_249' title='bbox 1644 2044 1912 2109; x_wconf 80' lang='grc' dir='ltr'>δεξιοῦται</span> 
     </span>
    </p>
   </div>
   <div class='ocr_carea' id='block_1_38' title="bbox 343 2132 1910 2204">
    <p class='ocr_par' dir='ltr' id='par_1_38' title="bbox 343 2132 1910 2204">
     <span class='ocr_line' id='line_1_38' title="bbox 343 2132 1910 2204; baseline 0.002 -21"><span class='ocrx_word' id='word_1_250' title='bbox 343 2132 541 2195; x_wconf 79' lang='grc' dir='ltr'>αὐτοὺς</span> <span class='ocrx_word' id='word_1_251' title='bbox 568 2132 902 2201; x_wconf 75' lang='grc' dir='ltr'>νομίσμασιν</span> <span class='ocrx_word' id='word_1_252' title='bbox 937 2133 1143 2200; x_wconf 76' lang='grc' dir='ltr'>ὀλίγοις</span> <span class='ocrx_word' id='word_1_253' title='bbox 1173 2134 1271 2203; x_wconf 77' lang='grc' dir='ltr'><strong>μὲν</strong></span> <span class='ocrx_word' id='word_1_254' title='bbox 1300 2135 1442 2187; x_wconf 82' lang='grc' dir='ltr'><strong>κατά</strong></span> <span class='ocrx_word' id='word_1_255' title='bbox 1474 2134 1534 2187; x_wconf 85' lang='grc' dir='ltr'>τὸ</span> <span class='ocrx_word' id='word_1_256' title='bbox 1562 2134 1910 2204; x_wconf 73' lang='grc' dir='ltr'>φαινόμενον,</span> 
     </span>
    </p>
   </div>
   <div class='ocr_carea' id='block_1_39' title="bbox 343 2223 1913 2294">
    <p class='ocr_par' dir='ltr' id='par_1_39' title="bbox 343 2223 1913 2294">
     <span class='ocr_line' id='line_1_39' title="bbox 343 2223 1913 2294; baseline 0.003 -18"><span class='ocrx_word' id='word_1_257' title='bbox 343 2223 560 2287; x_wconf 78' lang='grc' dir='ltr'><strong>πολλοῖς</strong></span> <span class='ocrx_word' id='word_1_258' title='bbox 605 2224 662 2276; x_wconf 85' lang='grc' dir='ltr'>δὲ</span> <span class='ocrx_word' id='word_1_259' title='bbox 700 2224 844 2278; x_wconf 82' lang='grc' dir='ltr'>κατὰ</span> <span class='ocrx_word' id='word_1_260' title='bbox 871 2226 931 2277; x_wconf 82' lang='grc' dir='ltr'>τὸ</span> <span class='ocrx_word' id='word_1_261' title='bbox 977 2225 1289 2294; x_wconf 83' lang='grc' dir='ltr'>νοούμενον.</span> <span class='ocrx_word' id='word_1_262' title='bbox 1322 2224 1446 2279; x_wconf 61' lang='lat' dir='ltr'><strong>llaec</strong></span> <span class='ocrx_word' id='word_1_263' title='bbox 1488 2241 1551 2279; x_wconf 80' lang='lat' dir='ltr'><strong>ex</strong></span> <span class='ocrx_word' id='word_1_264' title='bbox 1589 2226 1913 2280; x_wconf 87' lang='lat' dir='ltr'><strong>BalsamOne</strong></span> 
     </span>
    </p>
   </div>
   <div class='ocr_carea' id='block_1_40' title="bbox 340 2315 1913 2385">
    <p class='ocr_par' dir='ltr' id='par_1_40' title="bbox 340 2315 1913 2385">
     <span class='ocr_line' id='line_1_40' title="bbox 340 2315 1913 2385; baseline 0.003 -18"><span class='ocrx_word' id='word_1_265' title='bbox 340 2315 599 2369; x_wconf 73' lang='lat' dir='ltr'><strong>Meditnto</strong></span> <span class='ocrx_word' id='word_1_266' title='bbox 658 2315 725 2369; x_wconf 88' lang='lat' dir='ltr'><strong>de</strong></span> <span class='ocrx_word' id='word_1_267' title='bbox 774 2316 1015 2369; x_wconf 89' lang='lat' dir='ltr'><strong>incensis</strong></span> <span class='ocrx_word' id='word_1_268' title='bbox 1044 2331 1166 2385; x_wconf 85' lang='lat' dir='ltr'><strong>quae</strong></span> <span class='ocrx_word' id='word_1_269' title='bbox 1217 2332 1245 2369; x_wconf 92' lang='lat' dir='ltr'><strong>a</strong></span> <span class='ocrx_word' id='word_1_270' title='bbox 1281 2316 1591 2384; x_wconf 82' lang='lat' dir='ltr'><strong>patriarcha</strong></span> <span class='ocrx_word' id='word_1_271' title='bbox 1650 2316 1768 2370; x_wconf 88' lang='lat' dir='ltr'><strong>dari</strong></span> <span class='ocrx_word' id='word_1_272' title='bbox 1823 2332 1913 2371; x_wconf 86' lang='lat' dir='ltr'><strong>so—</strong></span> 
     </span>
    </p>
   </div>
   <div class='ocr_carea' id='block_1_41' title="bbox 342 2405 1911 2477">
    <p class='ocr_par' dir='ltr' id='par_1_41' title="bbox 342 2405 1911 2477">
     <span class='ocr_line' id='line_1_41' title="bbox 342 2405 1911 2477; baseline 0.002 -18"><span class='ocrx_word' id='word_1_273' title='bbox 342 2414 474 2467; x_wconf 85' lang='lat' dir='ltr'><strong>lent,</strong></span> <span class='ocrx_word' id='word_1_274' title='bbox 520 2420 624 2462; x_wconf 85' lang='lat' dir='ltr'><strong>etc.</strong></span> <span class='ocrx_word' id='word_1_275' title='bbox 676 2405 825 2461; x_wconf 87' lang='lat' dir='ltr'><strong>Juris</strong></span> <span class='ocrx_word' id='word_1_276' title='bbox 868 2406 1055 2461; x_wconf 67' lang='grc'><strong>(38.1.</strong></span> <span class='ocrx_word' id='word_1_277' title='bbox 1093 2409 1189 2463; x_wconf 78' lang='lat' dir='ltr'><strong>vit.</strong></span> <span class='ocrx_word' id='word_1_278' title='bbox 1226 2408 1456 2472; x_wconf 83' lang='lat' dir='ltr'><strong>Quibus,</strong></span> <span class='ocrx_word' id='word_1_279' title='bbox 1505 2408 1549 2461; x_wconf 87' lang='lat' dir='ltr'><strong>si</strong></span> <span class='ocrx_word' id='word_1_280' title='bbox 1600 2407 1911 2477; x_wconf 80' lang='lat' dir='ltr'><strong>conjectura</strong></span> 
     </span>
    </p>
   </div>
   <div class='ocr_carea' id='block_1_42' title="bbox 342 2497 1915 2569">
    <p class='ocr_par' dir='ltr' id='par_1_42' title="bbox 342 2497 1915 2569">
     <span class='ocr_line' id='line_1_42' title="bbox 342 2497 1915 2569; baseline -0.001 -16"><span class='ocrx_word' id='word_1_281' title='bbox 342 2501 574 2569; x_wconf 83' lang='lat' dir='ltr'><strong>placeat,</strong></span> <span class='ocrx_word' id='word_1_282' title='bbox 621 2498 814 2551; x_wconf 88' lang='lat' dir='ltr'><strong>lubens</strong></span> <span class='ocrx_word' id='word_1_283' title='bbox 846 2497 1147 2551; x_wconf 85' lang='lat' dir='ltr'><strong>addiderim</strong></span> <span class='ocrx_word' id='word_1_284' title='bbox 1195 2498 1407 2551; x_wconf 85' lang='lat' dir='ltr'><strong>aulicos</strong></span> <span class='ocrx_word' id='word_1_285' title='bbox 1439 2512 1689 2565; x_wconf 71' lang='lat' dir='ltr'><strong>proceres</strong></span> <span class='ocrx_word' id='word_1_286' title='bbox 1737 2499 1802 2550; x_wconf 87' lang='lat' dir='ltr'><strong>ad</strong></span> <span class='ocrx_word' id='word_1_287' title='bbox 1837 2515 1915 2551; x_wconf 83' lang='lat' dir='ltr'><strong>ro-</strong></span> 
     </span>
    </p>
   </div>
   <div class='ocr_carea' id='block_1_43' title="bbox 347 2588 1913 2661">
    <p class='ocr_par' dir='ltr' id='par_1_43' title="bbox 347 2588 1913 2661">
     <span class='ocr_line' id='line_1_43' title="bbox 347 2588 1913 2661; baseline 0.001 -19"><span class='ocrx_word' id='word_1_288' title='bbox 347 2592 488 2661; x_wconf 80' lang='lat' dir='ltr'><strong>giam</strong></span> <span class='ocrx_word' id='word_1_289' title='bbox 524 2590 869 2659; x_wconf 83' lang='grc' dir='ltr'>παράστασιν</span> <span class='ocrx_word' id='word_1_290' title='bbox 897 2588 1182 2657; x_wconf 85' lang='lat' dir='ltr'><strong>olliciaqne</strong></span> <span class='ocrx_word' id='word_1_291' title='bbox 1226 2590 1596 2643; x_wconf 84' lang='lat' dir='ltr'><strong>ecclesiastica</strong></span> <span class='ocrx_word' id='word_1_292' title='bbox 1626 2590 1691 2645; x_wconf 91' lang='lat' dir='ltr'><strong>iis</strong></span> <span class='ocrx_word' id='word_1_293' title='bbox 1721 2588 1913 2643; x_wconf 83' lang='lat' dir='ltr'><strong>diebus</strong></span> 
     </span>
    </p>
   </div>
   <div class='ocr_carea' id='block_1_44' title="bbox 339 2680 1911 2750">
    <p class='ocr_par' dir='ltr' id='par_1_44' title="bbox 339 2680 1911 2750">
     <span class='ocr_line' id='line_1_44' title="bbox 339 2680 1911 2750; baseline 0.003 -19"><span class='ocrx_word' id='word_1_294' title='bbox 339 2692 394 2735; x_wconf 78' lang='lat' dir='ltr'><strong>et</strong></span> <span class='ocrx_word' id='word_1_295' title='bbox 421 2682 612 2736; x_wconf 84' lang='lat' dir='ltr'><strong>iisdem</strong></span> <span class='ocrx_word' id='word_1_296' title='bbox 641 2681 793 2734; x_wconf 84' lang='lat' dir='ltr'><strong>horis</strong></span> <span class='ocrx_word' id='word_1_297' title='bbox 819 2680 881 2733; x_wconf 88' lang='lat' dir='ltr'><strong>ad</strong></span> <span class='ocrx_word' id='word_1_298' title='bbox 922 2680 1177 2750; x_wconf 83' lang='lat' dir='ltr'><strong>palatium</strong></span> <span class='ocrx_word' id='word_1_299' title='bbox 1206 2681 1619 2742; x_wconf 78' lang='lat' dir='ltr'><strong>convenientes.</strong></span> <span class='ocrx_word' id='word_1_300' title='bbox 1653 2697 1753 2736; x_wconf 89' lang='lat' dir='ltr'><strong>nec</strong></span> <span class='ocrx_word' id='word_1_301' title='bbox 1780 2682 1911 2735; x_wconf 87' lang='lat' dir='ltr'><strong>dato</strong></span> 
     </span>
    </p>
   </div>
   <div class='ocr_carea' id='block_1_45' title="bbox 349 2771 1912 2843">
    <p class='ocr_par' dir='ltr' id='par_1_45' title="bbox 349 2771 1912 2843">
     <span class='ocr_line' id='line_1_45' title="bbox 349 2771 1912 2843; baseline 0 -16"><span class='ocrx_word' id='word_1_302' title='bbox 349 2777 506 2828; x_wconf 85' lang='lat' dir='ltr'><strong>thure</strong></span> <span class='ocrx_word' id='word_1_303' title='bbox 549 2774 629 2827; x_wconf 94' lang='lat' dir='ltr'><strong>vel</strong></span> <span class='ocrx_word' id='word_1_304' title='bbox 656 2773 847 2827; x_wconf 88' lang='lat' dir='ltr'><strong>osculo</strong></span> <span class='ocrx_word' id='word_1_305' title='bbox 878 2789 904 2825; x_wconf 89' lang='lat' dir='ltr'><strong>a</strong></span> <span class='ocrx_word' id='word_1_306' title='bbox 938 2771 1243 2840; x_wconf 85' lang='lat' dir='ltr'><strong>patriarcha</strong></span> <span class='ocrx_word' id='word_1_307' title='bbox 1277 2781 1558 2841; x_wconf 80' lang='lat' dir='ltr'><strong>exceptos,</strong></span> <span class='ocrx_word' id='word_1_308' title='bbox 1594 2790 1658 2828; x_wconf 91' lang='lat' dir='ltr'><strong>eo</strong></span> <span class='ocrx_word' id='word_1_309' title='bbox 1683 2774 1794 2843; x_wconf 90' lang='lat' dir='ltr'><strong>jam</strong></span> <span class='ocrx_word' id='word_1_310' title='bbox 1825 2789 1912 2827; x_wconf 83' lang='lat' dir='ltr'><strong>ac-</strong></span> 
     </span>
    </p>
   </div>
   <div class='ocr_carea' id='block_1_46' title="bbox 341 2863 1910 2934">
    <p class='ocr_par' dir='ltr' id='par_1_46' title="bbox 341 2863 1910 2934">
     <span class='ocr_line' id='line_1_46' title="bbox 341 2863 1910 2934; baseline -0.001 -14"><span class='ocrx_word' id='word_1_311' title='bbox 341 2881 506 2920; x_wconf 88' lang='lat' dir='ltr'><strong>censo</strong></span> <span class='ocrx_word' id='word_1_312' title='bbox 535 2865 862 2934; x_wconf 79' lang='lat' dir='ltr'><strong>vespertinis</strong></span> <span class='ocrx_word' id='word_1_313' title='bbox 889 2868 943 2917; x_wconf 93' lang='lat' dir='ltr'><strong>in</strong></span> <span class='ocrx_word' id='word_1_314' title='bbox 969 2863 1522 2931; x_wconf 86' lang='lat' dir='ltr'><strong>precibushonorari,</strong></span> <span class='ocrx_word' id='word_1_315' title='bbox 1551 2879 1618 2919; x_wconf 91' lang='lat' dir='ltr'><strong>ne</strong></span> <span class='ocrx_word' id='word_1_316' title='bbox 1646 2866 1726 2918; x_wconf 87' lang='lat' dir='ltr'><strong>vel</strong></span> <span class='ocrx_word' id='word_1_317' title='bbox 1753 2866 1910 2934; x_wconf 87' lang='lat' dir='ltr'><strong>pretii</strong></span> 
     </span>
    </p>
   </div>
   <div class='ocr_carea' id='block_1_47' title="bbox 342 2956 1905 3026">
    <p class='ocr_par' dir='ltr' id='par_1_47' title="bbox 342 2956 1905 3026">
     <span class='ocr_line' id='line_1_47' title="bbox 342 2956 1905 3026; baseline 0.003 -17"><span class='ocrx_word' id='word_1_318' title='bbox 342 2959 424 3011; x_wconf 78' lang='lat' dir='ltr'><strong>vel</strong></span> <span class='ocrx_word' id='word_1_319' title='bbox 456 2956 851 3012; x_wconf 83' lang='lat' dir='ltr'><strong>benedictionis</strong></span> <span class='ocrx_word' id='word_1_320' title='bbox 877 2964 1093 3026; x_wconf 90' lang='lat' dir='ltr'><strong>sperata</strong></span> <span class='ocrx_word' id='word_1_321' title='bbox 1130 2965 1284 3026; x_wconf 90' lang='lat' dir='ltr'><strong>parte</strong></span> <span class='ocrx_word' id='word_1_322' title='bbox 1310 2956 1590 3011; x_wconf 88' lang='lat' dir='ltr'><strong>videantur</strong></span> <span class='ocrx_word' id='word_1_323' title='bbox 1619 2957 1905 3015; x_wconf 81' lang='lat' dir='ltr'><strong>excidisse.</strong></span> 
     </span>
    </p>
   </div>
   <div class='ocr_carea' id='block_1_48' title="bbox 338 3049 537 3123">
    <p class='ocr_par' dir='ltr' id='par_1_48' title="bbox 338 3049 537 3123">
     <span class='ocr_line' id='line_1_48' title="bbox 338 3049 537 3123; baseline -0.005 -19"><span class='ocrx_word' id='word_1_324' title='bbox 338 3049 537 3123; x_wconf 55' lang='lat' dir='ltr'><strong>Coum]</strong></span> 
     </span>
    </p>
   </div>
   <div class='ocr_carea' id='block_1_49' title="bbox 408 3142 1909 3200">
    <p class='ocr_par' dir='ltr' id='par_1_49' title="bbox 408 3142 1909 3200">
     <span class='ocr_line' id='line_1_49' title="bbox 408 3142 1909 3200; baseline 0.002 -6"><span class='ocrx_word' id='word_1_325' title='bbox 408 3143 549 3196; x_wconf 84' lang='lat' dir='ltr'><strong>Ibid.</strong></span> <span class='ocrx_word' id='word_1_326' title='bbox 585 3143 934 3200; x_wconf 81' lang='lat' dir='ltr'><strong>Recentiores</strong></span> <span class='ocrx_word' id='word_1_327' title='bbox 958 3142 1129 3198; x_wconf 80' lang='lat' dir='ltr'><strong>Graeci</strong></span> <span class='ocrx_word' id='word_1_328' title='bbox 1161 3144 1477 3200; x_wconf 73' lang='lat' dir='ltr'><strong>adulatoria:</strong></span> <span class='ocrx_word' id='word_1_329' title='bbox 1513 3144 1645 3199; x_wconf 86' lang='lat' dir='ltr'><strong>artis</strong></span> <span class='ocrx_word' id='word_1_330' title='bbox 1672 3159 1777 3198; x_wconf 89' lang='lat' dir='ltr'><strong>non</strong></span> <span class='ocrx_word' id='word_1_331' title='bbox 1802 3144 1909 3198; x_wconf 86' lang='lat' dir='ltr'><strong>im-</strong></span> 
     </span>
    </p>
   </div>
   <div class='ocr_carea' id='block_1_50' title="bbox 338 3233 1909 3306">
    <p class='ocr_par' dir='ltr' id='par_1_50' title="bbox 338 3233 1909 3306">
     <span class='ocr_line' id='line_1_50' title="bbox 338 3233 1909 3306; baseline 0.004 -22"><span class='ocrx_word' id='word_1_332' title='bbox 338 3234 495 3302; x_wconf 88' lang='lat' dir='ltr'><strong>periti</strong></span> <span class='ocrx_word' id='word_1_333' title='bbox 532 3250 632 3288; x_wconf 89' lang='lat' dir='ltr'><strong>suo</strong></span> <span class='ocrx_word' id='word_1_334' title='bbox 662 3235 975 3304; x_wconf 87' lang='lat' dir='ltr'><strong>imperatori</strong></span> <span class='ocrx_word' id='word_1_335' title='bbox 1008 3233 1177 3289; x_wconf 82' lang='lat' dir='ltr'><strong>ferme</strong></span> <span class='ocrx_word' id='word_1_336' title='bbox 1214 3237 1397 3290; x_wconf 87' lang='lat' dir='ltr'><strong>omnia</strong></span> <span class='ocrx_word' id='word_1_337' title='bbox 1429 3237 1590 3291; x_wconf 87' lang='lat' dir='ltr'><strong>etiam</strong></span> <span class='ocrx_word' id='word_1_338' title='bbox 1620 3236 1909 3306; x_wconf 81' lang='lat' dir='ltr'><strong>episCOpa—</strong></span> 
     </span>
    </p>
   </div>
   <div class='ocr_carea' id='block_1_51' title="bbox 338 3326 1908 3391">
    <p class='ocr_par' dir='ltr' id='par_1_51' title="bbox 338 3326 1908 3391">
     <span class='ocr_line' id='line_1_51' title="bbox 338 3326 1908 3391; baseline 0.004 -14"><span class='ocrx_word' id='word_1_339' title='bbox 338 3328 407 3380; x_wconf 82' lang='lat' dir='ltr'><strong>lia</strong></span> <span class='ocrx_word' id='word_1_340' title='bbox 434 3333 486 3380; x_wconf 87' lang='lat' dir='ltr'><strong>et</strong></span> <span class='ocrx_word' id='word_1_341' title='bbox 513 3326 871 3380; x_wconf 79' lang='lat' dir='ltr'><strong>sacerdotalia</strong></span> <span class='ocrx_word' id='word_1_342' title='bbox 924 3327 1108 3380; x_wconf 88' lang='lat' dir='ltr'><strong>munia</strong></span> <span class='ocrx_word' id='word_1_343' title='bbox 1146 3327 1476 3391; x_wconf 85' lang='lat' dir='ltr'><strong>tribuerunt,</strong></span> <span class='ocrx_word' id='word_1_344' title='bbox 1530 3330 1669 3383; x_wconf 87' lang='lat' dir='ltr'><strong>inter</strong></span> <span class='ocrx_word' id='word_1_345' title='bbox 1718 3340 1908 3384; x_wconf 62' lang='lat' dir='ltr'><strong>caetera</strong></span> 
     </span>
    </p>
   </div>
   <div class='ocr_carea' id='block_1_52' title="bbox 335 3416 1913 3486">
    <p class='ocr_par' dir='ltr' id='par_1_52' title="bbox 335 3416 1913 3486">
     <span class='ocr_line' id='line_1_52' title="bbox 335 3416 1913 3486; baseline 0.002 -16"><span class='ocrx_word' id='word_1_346' title='bbox 335 3418 639 3486; x_wconf 78' lang='lat' dir='ltr'><strong>ingressum</strong></span> <span class='ocrx_word' id='word_1_347' title='bbox 670 3416 922 3481; x_wconf 72' lang='lat' dir='ltr'><strong>adultero</strong></span> <span class='ocrx_word' id='word_1_348' title='bbox 943 3416 1103 3484; x_wconf 86' lang='lat' dir='ltr'><strong>etjus</strong></span> <span class='ocrx_word' id='word_1_349' title='bbox 1128 3432 1337 3471; x_wconf 87' lang='lat' dir='ltr'><strong>sacram</strong></span> <span class='ocrx_word' id='word_1_350' title='bbox 1360 3434 1598 3471; x_wconf 84' lang='lat' dir='ltr'><strong>mensam</strong></span> <span class='ocrx_word' id='word_1_351' title='bbox 1632 3419 1787 3472; x_wconf 88' lang='lat' dir='ltr'><strong>thure</strong></span> <span class='ocrx_word' id='word_1_352' title='bbox 1818 3436 1913 3473; x_wconf 63' lang='grc' dir='ltr'>νδ·-</span> 
     </span>
    </p>
   </div>
   <div class='ocr_carea' id='block_1_53' title="bbox 337 3506 1909 3580">
    <p class='ocr_par' dir='ltr' id='par_1_53' title="bbox 337 3506 1909 3580">
     <span class='ocr_line' id='line_1_53' title="bbox 337 3506 1909 3580; baseline 0 -18"><span class='ocrx_word' id='word_1_353' title='bbox 337 3506 589 3578; x_wconf 88' lang='lat' dir='ltr'><strong>porandi,</strong></span> <span class='ocrx_word' id='word_1_354' title='bbox 618 3507 835 3561; x_wconf 86' lang='lat' dir='ltr'><strong>condito</strong></span> <span class='ocrx_word' id='word_1_355' title='bbox 866 3506 1026 3561; x_wconf 87' lang='lat' dir='ltr'><strong>etiam</strong></span> <span class='ocrx_word' id='word_1_356' title='bbox 1053 3522 1264 3563; x_wconf 88' lang='lat' dir='ltr'><strong>canone</strong></span> <span class='ocrx_word' id='word_1_357' title='bbox 1293 3524 1321 3561; x_wconf 92' lang='lat' dir='ltr'><strong>a</strong></span> <span class='ocrx_word' id='word_1_358' title='bbox 1346 3508 1607 3563; x_wconf 89' lang='lat' dir='ltr'><strong>Trullano</strong></span> <span class='ocrx_word' id='word_1_359' title='bbox 1634 3510 1909 3580; x_wconf 87' lang='lat' dir='ltr'><strong>synedrio,</strong></span> 
     </span>
    </p>
   </div>
   <div class='ocr_carea' id='block_1_54' title="bbox 336 3582 1909 3671">
    <p class='ocr_par' dir='ltr' id='par_1_54' title="bbox 336 3582 1909 3671">
     <span class='ocr_line' id='line_1_54' title="bbox 336 3582 1909 3671; baseline 0 -17"><span class='ocrx_word' id='word_1_360' title='bbox 336 3612 390 3654; x_wconf 82' lang='lat' dir='ltr'><strong>ct</strong></span> <span class='ocrx_word' id='word_1_361' title='bbox 416 3608 496 3653; x_wconf 86' lang='lat' dir='ltr'><strong>est</strong></span> <span class='ocrx_word' id='word_1_362' title='bbox 529 3613 703 3651; x_wconf 83' lang='lat' dir='ltr'><strong>canon</strong></span> <span class='ocrx_word' id='word_1_363' title='bbox 730 3597 827 3651; x_wconf 83' lang='lat'><strong>69:</strong></span> <span class='ocrx_word' id='word_1_364' title='bbox 888 3596 1045 3651; x_wconf 84' lang='lat' dir='ltr'><strong>Nulli</strong></span> <span class='ocrx_word' id='word_1_365' title='bbox 1073 3582 1303 3652; x_wconf 87' lang='lat' dir='ltr'><strong>omnium</strong></span> <span class='ocrx_word' id='word_1_366' title='bbox 1358 3601 1536 3663; x_wconf 71' lang='lat' dir='ltr'><strong>liceat,</strong></span> <span class='ocrx_word' id='word_1_367' title='bbox 1575 3602 1660 3670; x_wconf 88' lang='lat' dir='ltr'><strong>qui</strong></span> <span class='ocrx_word' id='word_1_368' title='bbox 1707 3604 1909 3671; x_wconf 79' lang='lat' dir='ltr'><strong>quidem</strong></span> 
     </span>
    </p>
   </div>
   <div class='ocr_carea' id='block_1_55' title="bbox 334 3691 1909 3764">
    <p class='ocr_par' dir='ltr' id='par_1_55' title="bbox 334 3691 1909 3764">
     <span class='ocr_line' id='line_1_55' title="bbox 334 3691 1909 3764; baseline 0 -18"><span class='ocrx_word' id='word_1_369' title='bbox 334 3695 404 3747; x_wconf 95' lang='lat' dir='ltr'><strong>sit</strong></span> <span class='ocrx_word' id='word_1_370' title='bbox 435 3694 489 3745; x_wconf 88' lang='lat' dir='ltr'><strong>in</strong></span> <span class='ocrx_word' id='word_1_371' title='bbox 519 3691 777 3745; x_wconf 76' lang='lat' dir='ltr'><strong>[uicorum</strong></span> <span class='ocrx_word' id='word_1_372' title='bbox 807 3705 1043 3754; x_wconf 89' lang='lat' dir='ltr'><strong>numero,</strong></span> <span class='ocrx_word' id='word_1_373' title='bbox 1073 3691 1217 3743; x_wconf 88' lang='lat' dir='ltr'><strong>intra</strong></span> <span class='ocrx_word' id='word_1_374' title='bbox 1244 3708 1453 3744; x_wconf 85' lang='lat' dir='ltr'><strong>sacrum</strong></span> <span class='ocrx_word' id='word_1_375' title='bbox 1484 3693 1655 3746; x_wconf 87' lang='lat' dir='ltr'><strong>altare</strong></span> <span class='ocrx_word' id='word_1_376' title='bbox 1686 3695 1909 3764; x_wconf 87' lang='lat' dir='ltr'><strong>ingredi,</strong></span> 
     </span>
    </p>
   </div>
   <div class='ocr_carea' id='block_1_56' title="bbox 336 3781 1909 3850">
    <p class='ocr_par' dir='ltr' id='par_1_56' title="bbox 336 3781 1909 3850">
     <span class='ocr_line' id='line_1_56' title="bbox 336 3781 1909 3850; baseline 0.001 -13"><span class='ocrx_word' id='word_1_377' title='bbox 336 3784 400 3837; x_wconf 87' lang='lat' dir='ltr'><strong>ab</strong></span> <span class='ocrx_word' id='word_1_378' title='bbox 436 3799 494 3837; x_wconf 92' lang='lat' dir='ltr'><strong>eo</strong></span> <span class='ocrx_word' id='word_1_379' title='bbox 529 3792 704 3835; x_wconf 88' lang='lat' dir='ltr'><strong>tamen</strong></span> <span class='ocrx_word' id='word_1_380' title='bbox 737 3796 1063 3850; x_wconf 88' lang='lat' dir='ltr'><strong>nequaquam</strong></span> <span class='ocrx_word' id='word_1_381' title='bbox 1084 3781 1346 3849; x_wconf 88' lang='lat' dir='ltr'><strong>prohibita</strong></span> <span class='ocrx_word' id='word_1_382' title='bbox 1361 3792 1619 3849; x_wconf 81' lang='lat' dir='ltr'><strong>potestate</strong></span> <span class='ocrx_word' id='word_1_383' title='bbox 1648 3795 1696 3837; x_wconf 89' lang='lat' dir='ltr'><strong>et</strong></span> <span class='ocrx_word' id='word_1_384' title='bbox 1720 3795 1909 3838; x_wconf 85' lang='lat' dir='ltr'><strong>aucto-</strong></span> 
     </span>
    </p>
   </div>
   <div class='ocr_carea' id='block_1_57' title="bbox 338 3872 1912 3943">
    <p class='ocr_par' dir='ltr' id='par_1_57' title="bbox 338 3872 1912 3943">
     <span class='ocr_line' id='line_1_57' title="bbox 338 3872 1912 3943; baseline 0.001 -16"><span class='ocrx_word' id='word_1_385' title='bbox 338 3877 498 3928; x_wconf 80' lang='lat' dir='ltr'><strong>ritate</strong></span> <span class='ocrx_word' id='word_1_386' title='bbox 522 3873 882 3941; x_wconf 85' lang='lat' dir='ltr'><strong>imperatoris,</strong></span> <span class='ocrx_word' id='word_1_387' title='bbox 913 3874 1123 3941; x_wconf 84' lang='lat' dir='ltr'><strong>quando</strong></span> <span class='ocrx_word' id='word_1_388' title='bbox 1156 3872 1365 3943; x_wconf 88' lang='lat' dir='ltr'><strong>quidem</strong></span> <span class='ocrx_word' id='word_1_389' title='bbox 1422 3874 1639 3927; x_wconf 89' lang='lat' dir='ltr'><strong>voluerit</strong></span> <span class='ocrx_word' id='word_1_390' title='bbox 1668 3875 1912 3943; x_wconf 84' lang='lat' dir='ltr'><strong>Creatori</strong></span> 
     </span>
    </p>
   </div>
   <div class='ocr_carea' id='block_1_58' title="bbox 334 3964 1913 4034">
    <p class='ocr_par' dir='ltr' id='par_1_58' title="bbox 334 3964 1913 4034">
     <span class='ocr_line' id='line_1_58' title="bbox 334 3964 1913 4034; baseline 0.003 -17"><span class='ocrx_word' id='word_1_391' title='bbox 334 3966 475 4018; x_wconf 87' lang='lat' dir='ltr'><strong>dona</strong></span> <span class='ocrx_word' id='word_1_392' title='bbox 506 3964 694 4033; x_wconf 67' lang='grc' dir='ltr'><strong>σθεν-νε</strong></span> <span class='ocrx_word' id='word_1_393' title='bbox 718 3980 782 4017; x_wconf 77' lang='lat' dir='ltr'><strong>es;</strong></span> <span class='ocrx_word' id='word_1_394' title='bbox 816 3964 1191 4034; x_wconf 85' lang='lat' dir='ltr'><strong>antiquissima</strong></span> <span class='ocrx_word' id='word_1_395' title='bbox 1229 3964 1532 4018; x_wconf 87' lang='lat' dir='ltr'><strong>traditione.</strong></span> <span class='ocrx_word' id='word_1_396' title='bbox 1565 3966 1670 4020; x_wconf 86' lang='lat' dir='ltr'><strong>Ubi</strong></span> <span class='ocrx_word' id='word_1_397' title='bbox 1728 3966 1913 4021; x_wconf 82' lang='lat' dir='ltr'><strong>Balsa-</strong></span> 
     </span>
    </p>
   </div>
   <div class='ocr_carea' id='block_1_59' title="bbox 336 4057 1909 4125">
    <p class='ocr_par' dir='ltr' id='par_1_59' title="bbox 336 4057 1909 4125">
     <span class='ocr_line' id='line_1_59' title="bbox 336 4057 1909 4125; baseline 0.001 -14"><span class='ocrx_word' id='word_1_398' title='bbox 336 4072 498 4111; x_wconf 90' lang='lat' dir='ltr'><strong>mon:</strong></span> <span class='ocrx_word' id='word_1_399' title='bbox 536 4057 612 4110; x_wconf 83' lang='lat' dir='ltr'><strong>De</strong></span> <span class='ocrx_word' id='word_1_400' title='bbox 648 4057 1054 4124; x_wconf 85' lang='lat' dir='ltr'><strong>imperatoribus</strong></span> <span class='ocrx_word' id='word_1_401' title='bbox 1086 4058 1332 4109; x_wconf 71' lang='lat' dir='ltr'><strong>dixerunt</strong></span> <span class='ocrx_word' id='word_1_402' title='bbox 1360 4058 1579 4125; x_wconf 87' lang='lat' dir='ltr'><strong>quidam</strong></span> <span class='ocrx_word' id='word_1_403' title='bbox 1607 4059 1770 4112; x_wconf 84' lang='lat' dir='ltr'><strong>verbis</strong></span> <span class='ocrx_word' id='word_1_404' title='bbox 1816 4076 1909 4112; x_wconf 85' lang='lat' dir='ltr'><strong>ca-</strong></span> 
     </span>
    </p>
   </div>
   <div class='ocr_carea' id='block_1_60' title="bbox 336 4148 1909 4218">
    <p class='ocr_par' dir='ltr' id='par_1_60' title="bbox 336 4148 1909 4218">
     <span class='ocr_line' id='line_1_60' title="bbox 336 4148 1909 4218; baseline 0.001 -17"><span class='ocrx_word' id='word_1_405' title='bbox 336 4150 486 4202; x_wconf 83' lang='lat' dir='ltr'><strong>nonis</strong></span> <span class='ocrx_word' id='word_1_406' title='bbox 516 4150 831 4214; x_wconf 79' lang='lat' dir='ltr'><strong>insistentes,</strong></span> <span class='ocrx_word' id='word_1_407' title='bbox 872 4148 1012 4218; x_wconf 88' lang='lat' dir='ltr'><strong>quod</strong></span> <span class='ocrx_word' id='word_1_408' title='bbox 1033 4157 1156 4200; x_wconf 91' lang='lat' dir='ltr'><strong>tunc</strong></span> <span class='ocrx_word' id='word_1_409' title='bbox 1197 4164 1298 4201; x_wconf 86' lang='lat' dir='ltr'><strong>non</strong></span> <span class='ocrx_word' id='word_1_410' title='bbox 1330 4148 1740 4217; x_wconf 80' lang='lat' dir='ltr'><strong>prohibebantur</strong></span> <span class='ocrx_word' id='word_1_411' title='bbox 1768 4153 1909 4204; x_wconf 89' lang='lat' dir='ltr'><strong>intra</strong></span> 
     </span>
    </p>
   </div>
   <div class='ocr_carea' id='block_1_61' title="bbox 335 4240 1911 4309">
    <p class='ocr_par' dir='ltr' id='par_1_61' title="bbox 335 4240 1911 4309">
     <span class='ocr_line' id='line_1_61' title="bbox 335 4240 1911 4309; baseline 0.001 -16"><span class='ocrx_word' id='word_1_412' title='bbox 335 4241 512 4309; x_wconf 83' lang='lat' dir='ltr'><strong>templi</strong></span> <span class='ocrx_word' id='word_1_413' title='bbox 544 4240 703 4308; x_wconf 83' lang='lat' dir='ltr'><strong>adyta</strong></span> <span class='ocrx_word' id='word_1_414' title='bbox 734 4240 937 4309; x_wconf 89' lang='lat' dir='ltr'><strong>ingredi</strong></span> <span class='ocrx_word' id='word_1_415' title='bbox 965 4240 1176 4308; x_wconf 86' lang='lat' dir='ltr'><strong>quando</strong></span> <span class='ocrx_word' id='word_1_416' title='bbox 1208 4249 1329 4292; x_wconf 88' lang='lat' dir='ltr'><strong>sunt</strong></span> <span class='ocrx_word' id='word_1_417' title='bbox 1371 4240 1478 4298; x_wconf 44' lang='lat' dir='ltr'><strong>Deo.</strong></span> <span class='ocrx_word' id='word_1_418' title='bbox 1516 4258 1732 4294; x_wconf 89' lang='lat' dir='ltr'><strong>munera</strong></span> <span class='ocrx_word' id='word_1_419' title='bbox 1763 4241 1911 4295; x_wconf 88' lang='lat' dir='ltr'><strong>obla-</strong></span> 
     </span>
    </p>
   </div>
   <div class='ocr_carea' id='block_1_62' title="bbox 336 4329 1908 4399">
    <p class='ocr_par' dir='ltr' id='par_1_62' title="bbox 336 4329 1908 4399">
     <span class='ocr_line' id='line_1_62' title="bbox 336 4329 1908 4399; baseline -0.001 -15"><span class='ocrx_word' id='word_1_420' title='bbox 336 4332 463 4395; x_wconf 88' lang='lat' dir='ltr'><strong>turi,</strong></span> <span class='ocrx_word' id='word_1_421' title='bbox 489 4346 592 4381; x_wconf 89' lang='lat' dir='ltr'><strong>non</strong></span> <span class='ocrx_word' id='word_1_422' title='bbox 622 4340 800 4381; x_wconf 91' lang='lat' dir='ltr'><strong>autem</strong></span> <span class='ocrx_word' id='word_1_423' title='bbox 830 4331 874 4380; x_wconf 90' lang='lat' dir='ltr'><strong>si</strong></span> <span class='ocrx_word' id='word_1_424' title='bbox 926 4329 1092 4381; x_wconf 88' lang='lat' dir='ltr'><strong>solius</strong></span> <span class='ocrx_word' id='word_1_425' title='bbox 1154 4330 1483 4382; x_wconf 87' lang='lat' dir='ltr'><strong>adorationis</strong></span> <span class='ocrx_word' id='word_1_426' title='bbox 1519 4332 1694 4398; x_wconf 90' lang='lat' dir='ltr'><strong>gratia</strong></span> <span class='ocrx_word' id='word_1_427' title='bbox 1737 4332 1908 4399; x_wconf 84' lang='lat' dir='ltr'><strong>ipsum</strong></span> 
     </span>
    </p>
   </div>
   <div class='ocr_carea' id='block_1_63' title="bbox 331 4413 1908 4490">
    <p class='ocr_par' dir='ltr' id='par_1_63' title="bbox 331 4413 1908 4490">
     <span class='ocr_line' id='line_1_63' title="bbox 331 4413 1908 4490; baseline 0.001 -15"><span class='ocrx_word' id='word_1_428' title='bbox 331 4420 538 4490; x_wconf 85' lang='lat' dir='ltr'><strong>ingredi</strong></span> <span class='ocrx_word' id='word_1_429' title='bbox 577 4420 858 4473; x_wconf 88' lang='lat' dir='ltr'><strong>voluerint.</strong></span> <span class='ocrx_word' id='word_1_430' title='bbox 883 4413 986 4472; x_wconf 89' lang='lat' dir='ltr'><strong>Sed</strong></span> <span class='ocrx_word' id='word_1_431' title='bbox 1010 4419 1138 4472; x_wconf 89' lang='lat' dir='ltr'><strong>mihi</strong></span> <span class='ocrx_word' id='word_1_432' title='bbox 1160 4434 1263 4473; x_wconf 89' lang='lat' dir='ltr'><strong>non</strong></span> <span class='ocrx_word' id='word_1_433' title='bbox 1287 4426 1364 4473; x_wconf 90' lang='lat' dir='ltr'><strong>ita</strong></span> <span class='ocrx_word' id='word_1_434' title='bbox 1387 4422 1609 4473; x_wconf 87' lang='lat' dir='ltr'><strong>videtur.</strong></span> <span class='ocrx_word' id='word_1_435' title='bbox 1645 4422 1908 4476; x_wconf 90' lang='lat' dir='ltr'><strong>Orthodo-</strong></span> 
     </span>
    </p>
   </div>
   <div class='ocr_carea' id='block_1_64' title="bbox 2015 1952 3575 2030">
    <p class='ocr_par' dir='ltr' id='par_1_64' title="bbox 2015 1952 3575 2030">
     <span class='ocr_line' id='line_1_64' title="bbox 2015 1952 3575 2030; baseline -0.004 -18"><span class='ocrx_word' id='word_1_436' title='bbox 2015 1964 2094 2013; x_wconf 88' lang='lat' dir='ltr'><strong>nis</strong></span> <span class='ocrx_word' id='word_1_437' title='bbox 2118 1976 2303 2030; x_wconf 81' lang='lat' dir='ltr'><strong>gurges</strong></span> <span class='ocrx_word' id='word_1_438' title='bbox 2335 1959 2629 2023; x_wconf 85' lang='lat' dir='ltr'><strong>absorbuit,</strong></span> <span class='ocrx_word' id='word_1_439' title='bbox 2657 1969 2704 2010; x_wconf 92' lang='lat' dir='ltr'><strong>et</strong></span> <span class='ocrx_word' id='word_1_440' title='bbox 2737 1958 2968 2027; x_wconf 75' lang='lat' dir='ltr'><strong>gratiosa</strong></span> <span class='ocrx_word' id='word_1_441' title='bbox 2997 1956 3178 2009; x_wconf 82' lang='lat' dir='ltr'><strong>ist/ttrc</strong></span> <span class='ocrx_word' id='word_1_442' title='bbox 3215 1972 3355 2024; x_wconf 89' lang='lat' dir='ltr'><strong>aqua</strong></span> <span class='ocrx_word' id='word_1_443' title='bbox 3385 1952 3575 2007; x_wconf 85' lang='lat' dir='ltr'><strong>Casta-</strong></span> 
     </span>
    </p>
   </div>
   <div class='ocr_carea' id='block_1_65' title="bbox 2014 2046 3577 2121">
    <p class='ocr_par' dir='ltr' id='par_1_65' title="bbox 2014 2046 3577 2121">
     <span class='ocr_line' id='line_1_65' title="bbox 2014 2046 3577 2121; baseline -0.006 -16"><span class='ocrx_word' id='word_1_444' title='bbox 2014 2052 2101 2106; x_wconf 82' lang='lat' dir='ltr'><strong>lia:</strong></span> <span class='ocrx_word' id='word_1_445' title='bbox 2129 2051 2511 2121; x_wconf 86' lang='lat' dir='ltr'><strong>providentiam</strong></span> <span class='ocrx_word' id='word_1_446' title='bbox 2537 2048 2821 2119; x_wconf 86' lang='lat' dir='ltr'><strong>superioris</strong></span> <span class='ocrx_word' id='word_1_447' title='bbox 2860 2046 3124 2101; x_wconf 76' lang='lat' dir='ltr'><strong>memoria:</strong></span> <span class='ocrx_word' id='word_1_448' title='bbox 3150 2046 3443 2114; x_wconf 86' lang='lat' dir='ltr'><strong>principum</strong></span> <span class='ocrx_word' id='word_1_449' title='bbox 3478 2059 3577 2096; x_wconf 85' lang='lat' dir='ltr'><strong>non</strong></span> 
     </span>
    </p>
   </div>
   <div class='ocr_carea' id='block_1_66' title="bbox 2010 2137 3574 2211">
    <p class='ocr_par' dir='ltr' id='par_1_66' title="bbox 2010 2137 3574 2211">
     <span class='ocr_line' id='line_1_66' title="bbox 2010 2137 3574 2211; baseline -0.006 -15"><span class='ocrx_word' id='word_1_450' title='bbox 2010 2144 2290 2211; x_wconf 84' lang='lat' dir='ltr'><strong>pra-dicat,</strong></span> <span class='ocrx_word' id='word_1_451' title='bbox 2349 2142 2539 2196; x_wconf 88' lang='lat' dir='ltr'><strong>saltem</strong></span> <span class='ocrx_word' id='word_1_452' title='bbox 2574 2138 3180 2195; x_wconf 73' lang='lat' dir='ltr'><strong>membrantelibrorum</strong></span> <span class='ocrx_word' id='word_1_453' title='bbox 3210 2137 3574 2191; x_wconf 83' lang='lat' dir='ltr'><strong>historicorum</strong></span> 
     </span>
    </p>
   </div>
   <div class='ocr_carea' id='block_1_67' title="bbox 2011 2227 3575 2289">
    <p class='ocr_par' dir='ltr' id='par_1_67' title="bbox 2011 2227 3575 2289">
     <span class='ocr_line' id='line_1_67' title="bbox 2011 2227 3575 2289; baseline -0.008 0"><span class='ocrx_word' id='word_1_454' title='bbox 2011 2245 2059 2289; x_wconf 86' lang='lat' dir='ltr'><strong>et</strong></span> <span class='ocrx_word' id='word_1_455' title='bbox 2093 2236 2491 2288; x_wconf 88' lang='lat' dir='ltr'><strong>ordinationum</strong></span> <span class='ocrx_word' id='word_1_456' title='bbox 2523 2234 2822 2288; x_wconf 84' lang='lat' dir='ltr'><strong>aulicorum</strong></span> <span class='ocrx_word' id='word_1_457' title='bbox 2852 2240 3187 2285; x_wconf 87' lang='lat' dir='ltr'><strong>monumenta</strong></span> <span class='ocrx_word' id='word_1_458' title='bbox 3218 2227 3479 2285; x_wconf 85' lang='lat' dir='ltr'><strong>Stentoris</strong></span> <span class='ocrx_word' id='word_1_459' title='bbox 3527 2227 3575 2278; x_wconf 88' lang='lat' dir='ltr'><strong>in</strong></span> 
     </span>
    </p>
   </div>
   <div class='ocr_carea' id='block_1_68' title="bbox 2013 2316 3576 2391">
    <p class='ocr_par' dir='ltr' id='par_1_68' title="bbox 2013 2316 3576 2391">
     <span class='ocr_line' id='line_1_68' title="bbox 2013 2316 3576 2391; baseline -0.005 -16"><span class='ocrx_word' id='word_1_460' title='bbox 2013 2340 2209 2377; x_wconf 88' lang='lat' dir='ltr'><strong>morem</strong></span> <span class='ocrx_word' id='word_1_461' title='bbox 2234 2326 2343 2377; x_wconf 75' lang='lat' dir='ltr'><strong>lucc</strong></span> <span class='ocrx_word' id='word_1_462' title='bbox 2377 2324 2802 2391; x_wconf 90' lang='lat' dir='ltr'><strong>proclamabunt.</strong></span> <span class='ocrx_word' id='word_1_463' title='bbox 2865 2322 2944 2375; x_wconf 90' lang='lat' dir='ltr'><strong>Tu</strong></span> <span class='ocrx_word' id='word_1_464' title='bbox 2972 2336 3197 2391; x_wconf 84' lang='lat' dir='ltr'><strong>quoque,</strong></span> <span class='ocrx_word' id='word_1_465' title='bbox 3231 2322 3324 2389; x_wconf 89' lang='lat' dir='ltr'><strong>qui</strong></span> <span class='ocrx_word' id='word_1_466' title='bbox 3355 2316 3576 2387; x_wconf 73' lang='lat' dir='ltr'><strong>cujusvis</strong></span> 
     </span>
    </p>
   </div>
   <div class='ocr_carea' id='block_1_69' title="bbox 2011 2407 3643 2481">
    <p class='ocr_par' dir='ltr' id='par_1_69' title="bbox 2011 2407 3643 2481">
     <span class='ocr_line' id='line_1_69' title="bbox 2011 2407 3643 2481; baseline -0.006 -16"><span class='ocrx_word' id='word_1_467' title='bbox 2011 2413 2210 2465; x_wconf 89' lang='lat' dir='ltr'><strong>eruditi</strong></span> <span class='ocrx_word' id='word_1_468' title='bbox 2243 2413 2429 2480; x_wconf 85' lang='lat' dir='ltr'><strong>scripti</strong></span> <span class='ocrx_word' id='word_1_469' title='bbox 2460 2413 2803 2466; x_wconf 88' lang='lat' dir='ltr'><strong>acutissimus</strong></span> <span class='ocrx_word' id='word_1_470' title='bbox 2835 2429 2888 2465; x_wconf 85' lang='lat' dir='ltr'><strong>es</strong></span> <span class='ocrx_word' id='word_1_471' title='bbox 2914 2412 3188 2481; x_wconf 83' lang='lat' dir='ltr'><strong>interpres,</strong></span> <span class='ocrx_word' id='word_1_472' title='bbox 3222 2413 3383 2463; x_wconf 87' lang='lat' dir='ltr'><strong>etiam</strong></span> <span class='ocrx_word' id='word_1_473' title='bbox 3404 2409 3457 2462; x_wconf 90' lang='lat' dir='ltr'><strong>in</strong></span> <span class='ocrx_word' id='word_1_474' title='bbox 3484 2407 3577 2459; x_wconf 82' lang='lat' dir='ltr'><strong>hac</strong></span> <span class='ocrx_word' id='word_1_475' title='bbox 3640 2452 3643 2457; x_wconf 92' lang='lat'><strong>.</strong></span> 
     </span>
    </p>
   </div>
   <div class='ocr_carea' id='block_1_70' title="bbox 2013 2501 3576 2573">
    <p class='ocr_par' dir='ltr' id='par_1_70' title="bbox 2013 2501 3576 2573">
     <span class='ocr_line' id='line_1_70' title="bbox 2013 2501 3576 2573; baseline -0.004 -18"><span class='ocrx_word' id='word_1_476' title='bbox 2013 2520 2116 2556; x_wconf 87' lang='lat' dir='ltr'><strong>non</strong></span> <span class='ocrx_word' id='word_1_477' title='bbox 2151 2503 2275 2556; x_wconf 80' lang='lat' dir='ltr'><strong>levis</strong></span> <span class='ocrx_word' id='word_1_478' title='bbox 2312 2504 2563 2556; x_wconf 88' lang='lat' dir='ltr'><strong>momenti</strong></span> <span class='ocrx_word' id='word_1_479' title='bbox 2591 2504 2878 2573; x_wconf 79' lang='lat' dir='ltr'><strong>quwstione</strong></span> <span class='ocrx_word' id='word_1_480' title='bbox 2909 2502 3262 2570; x_wconf 84' lang='lat' dir='ltr'><strong>compluribus</strong></span> <span class='ocrx_word' id='word_1_481' title='bbox 3306 2501 3407 2554; x_wconf 90' lang='lat' dir='ltr'><strong>eris</strong></span> <span class='ocrx_word' id='word_1_482' title='bbox 3433 2511 3576 2562; x_wconf 88' lang='lat' dir='ltr'><strong>supe-</strong></span> 
     </span>
    </p>
   </div>
   <div class='ocr_carea' id='block_1_71' title="bbox 2014 2594 3579 2664">
    <p class='ocr_par' dir='ltr' id='par_1_71' title="bbox 2014 2594 3579 2664">
     <span class='ocr_line' id='line_1_71' title="bbox 2014 2594 3579 2664; baseline -0.005 -17"><span class='ocrx_word' id='word_1_483' title='bbox 2014 2597 2144 2657; x_wconf 89' lang='lat' dir='ltr'><strong>rior,</strong></span> <span class='ocrx_word' id='word_1_484' title='bbox 2165 2597 2321 2662; x_wconf 88' lang='lat' dir='ltr'><strong>ac_&#39;.me</strong></span> <span class='ocrx_word' id='word_1_485' title='bbox 2336 2611 2506 2648; x_wconf 85' lang='lat' dir='ltr'><strong>senem</strong></span> <span class='ocrx_word' id='word_1_486' title='bbox 2526 2595 2743 2649; x_wconf 88' lang='lat' dir='ltr'><strong>dicendo</strong></span> <span class='ocrx_word' id='word_1_487' title='bbox 2765 2595 2995 2664; x_wconf 86' lang='lat' dir='ltr'><strong>juvabis.</strong></span> <span class='ocrx_word' id='word_1_488' title='bbox 3015 2594 3152 2658; x_wconf 84' lang='lat' dir='ltr'><strong>Quin</strong></span> <span class='ocrx_word' id='word_1_489' title='bbox 3171 2596 3334 2647; x_wconf 86' lang='lat' dir='ltr'><strong>etiam</strong></span> <span class='ocrx_word' id='word_1_490' title='bbox 3359 2594 3579 2658; x_wconf 77' lang='lat' dir='ltr'><strong>impera~</strong></span> 
     </span>
    </p>
   </div>
   <div class='ocr_carea' id='block_1_72' title="bbox 2016 2682 3577 2741">
    <p class='ocr_par' dir='ltr' id='par_1_72' title="bbox 2016 2682 3577 2741">
     <span class='ocr_line' id='line_1_72' title="bbox 2016 2682 3577 2741; baseline -0.005 -3"><span class='ocrx_word' id='word_1_491' title='bbox 2016 2689 2144 2740; x_wconf 87' lang='lat' dir='ltr'><strong>toris</strong></span> <span class='ocrx_word' id='word_1_492' title='bbox 2176 2688 2375 2740; x_wconf 89' lang='lat' dir='ltr'><strong>domini</strong></span> <span class='ocrx_word' id='word_1_493' title='bbox 2398 2686 2728 2741; x_wconf 85' lang='lat' dir='ltr'><strong>Constantini</strong></span> <span class='ocrx_word' id='word_1_494' title='bbox 2761 2686 3093 2739; x_wconf 78' lang='lat' dir='ltr'><strong>Monomachi</strong></span> <span class='ocrx_word' id='word_1_495' title='bbox 3120 2685 3291 2738; x_wconf 85' lang='lat' dir='ltr'><strong>edicta</strong></span> <span class='ocrx_word' id='word_1_496' title='bbox 3328 2682 3577 2736; x_wconf 83' lang='lat' dir='ltr'><strong>sacratis-</strong></span> 
     </span>
    </p>
   </div>
   <div class='ocr_carea' id='block_1_73' title="bbox 2011 2774 3577 2848">
    <p class='ocr_par' dir='ltr' id='par_1_73' title="bbox 2011 2774 3577 2848">
     <span class='ocr_line' id='line_1_73' title="bbox 2011 2774 3577 2848; baseline -0.01 -15"><span class='ocrx_word' id='word_1_497' title='bbox 2011 2784 2167 2843; x_wconf 85' lang='lat' dir='ltr'><strong>sima,</strong></span> <span class='ocrx_word' id='word_1_498' title='bbox 2209 2781 2396 2848; x_wconf 87' lang='lat' dir='ltr'><strong>quibus</strong></span> <span class='ocrx_word' id='word_1_499' title='bbox 2415 2781 2654 2833; x_wconf 88' lang='lat' dir='ltr'><strong>ordinata</strong></span> <span class='ocrx_word' id='word_1_500' title='bbox 2677 2790 2795 2832; x_wconf 86' lang='lat' dir='ltr'><strong>sunt</strong></span> <span class='ocrx_word' id='word_1_501' title='bbox 2821 2780 2987 2847; x_wconf 75' lang='lat' dir='ltr'><strong>oﬁicia</strong></span> <span class='ocrx_word' id='word_1_502' title='bbox 3006 2774 3577 2845; x_wconf 78' lang='lat' dir='ltr'><strong>prtufectijudiciorum</strong></span> 
     </span>
    </p>
   </div>
   <div class='ocr_carea' id='block_1_74' title="bbox 2012 2865 3581 2941">
    <p class='ocr_par' dir='ltr' id='par_1_74' title="bbox 2012 2865 3581 2941">
     <span class='ocr_line' id='line_1_74' title="bbox 2012 2865 3581 2941; baseline -0.007 -17"><span class='ocrx_word' id='word_1_503' title='bbox 2012 2881 2060 2925; x_wconf 89' lang='lat' dir='ltr'><strong>et</strong></span> <span class='ocrx_word' id='word_1_504' title='bbox 2081 2872 2492 2941; x_wconf 81' lang='lat' dir='ltr'><strong>nontOphylacis,</strong></span> <span class='ocrx_word' id='word_1_505' title='bbox 2516 2880 2692 2941; x_wconf 75' lang='lat' dir='ltr'><strong>etquo:</strong></span> <span class='ocrx_word' id='word_1_506' title='bbox 2709 2879 2945 2924; x_wconf 89' lang='lat' dir='ltr'><strong>statuunt</strong></span> <span class='ocrx_word' id='word_1_507' title='bbox 2967 2887 3052 2923; x_wconf 88' lang='lat' dir='ltr'><strong>eos</strong></span> <span class='ocrx_word' id='word_1_508' title='bbox 3074 2869 3250 2922; x_wconf 87' lang='lat' dir='ltr'><strong>debere</strong></span> <span class='ocrx_word' id='word_1_509' title='bbox 3266 2867 3501 2936; x_wconf 87' lang='lat' dir='ltr'><strong>singulos</strong></span> <span class='ocrx_word' id='word_1_510' title='bbox 3528 2865 3581 2914; x_wconf 88' lang='lat' dir='ltr'><strong>in</strong></span> 
     </span>
    </p>
   </div>
   <div class='ocr_carea' id='block_1_75' title="bbox 2013 2959 3579 3035">
    <p class='ocr_par' dir='ltr' id='par_1_75' title="bbox 2013 2959 3579 3035">
     <span class='ocr_line' id='line_1_75' title="bbox 2013 2959 3579 3035; baseline -0.01 -16"><span class='ocrx_word' id='word_1_511' title='bbox 2013 2982 2200 3031; x_wconf 86' lang='lat' dir='ltr'><strong>annos,</strong></span> <span class='ocrx_word' id='word_1_512' title='bbox 2231 2975 2421 3035; x_wconf 59' lang='lat' dir='ltr'><strong>praeter</strong></span> <span class='ocrx_word' id='word_1_513' title='bbox 2455 2966 2585 3030; x_wconf 87' lang='lat' dir='ltr'><strong>alia,</strong></span> <span class='ocrx_word' id='word_1_514' title='bbox 2623 2973 2867 3032; x_wconf 85' lang='lat' dir='ltr'><strong>consequi</strong></span> <span class='ocrx_word' id='word_1_515' title='bbox 2899 2972 3100 3017; x_wconf 85' lang='lat' dir='ltr'><strong>ratione</strong></span> <span class='ocrx_word' id='word_1_516' title='bbox 3133 2979 3274 3031; x_wconf 79' lang='lat' dir='ltr'><strong>roga:</strong></span> <span class='ocrx_word' id='word_1_517' title='bbox 3307 2959 3579 3031; x_wconf 76' lang='lat' dir='ltr'><strong>quemlibet</strong></span> 
     </span>
    </p>
   </div>
   <div class='ocr_carea' id='block_1_76' title="bbox 2012 3049 3581 3127">
    <p class='ocr_par' dir='ltr' id='par_1_76' title="bbox 2012 3049 3581 3127">
     <span class='ocr_line' id='line_1_76' title="bbox 2012 3049 3581 3127; baseline -0.008 -17"><span class='ocrx_word' id='word_1_518' title='bbox 2012 3061 2130 3112; x_wconf 90' lang='lat' dir='ltr'><strong>auri</strong></span> <span class='ocrx_word' id='word_1_519' title='bbox 2149 3060 2302 3111; x_wconf 90' lang='lat' dir='ltr'><strong>talem</strong></span> <span class='ocrx_word' id='word_1_520' title='bbox 2344 3076 2405 3110; x_wconf 91' lang='lat' dir='ltr'><strong>ac</strong></span> <span class='ocrx_word' id='word_1_521' title='bbox 2431 3059 2583 3111; x_wconf 88' lang='lat' dir='ltr'><strong>talem</strong></span> <span class='ocrx_word' id='word_1_522' title='bbox 2597 3060 3060 3127; x_wconf 87' lang='lat' dir='ltr'><strong>quantitatemuna</strong></span> <span class='ocrx_word' id='word_1_523' title='bbox 3076 3073 3192 3108; x_wconf 88' lang='lat' dir='ltr'><strong>cum</strong></span> <span class='ocrx_word' id='word_1_524' title='bbox 3210 3054 3475 3107; x_wconf 74' lang='lat' dir='ltr'><strong>consuetis</strong></span> <span class='ocrx_word' id='word_1_525' title='bbox 3495 3049 3581 3101; x_wconf 82' lang='lat' dir='ltr'><strong>bu-</strong></span> 
     </span>
    </p>
   </div>
   <div class='ocr_carea' id='block_1_77' title="bbox 2006 3140 3583 3217">
    <p class='ocr_par' dir='ltr' id='par_1_77' title="bbox 2006 3140 3583 3217">
     <span class='ocr_line' id='line_1_77' title="bbox 2006 3140 3583 3217; baseline -0.006 -14"><span class='ocrx_word' id='word_1_526' title='bbox 2006 3150 2103 3217; x_wconf 89' lang='lat' dir='ltr'><strong>jis,</strong></span> <span class='ocrx_word' id='word_1_527' title='bbox 2124 3166 2225 3203; x_wconf 90' lang='lat' dir='ltr'><strong>non</strong></span> <span class='ocrx_word' id='word_1_528' title='bbox 2249 3150 2302 3202; x_wconf 91' lang='lat' dir='ltr'><strong>in</strong></span> <span class='ocrx_word' id='word_1_529' title='bbox 2319 3150 2444 3203; x_wconf 70' lang='lat' dir='ltr'><strong>caelo</strong></span> <span class='ocrx_word' id='word_1_530' title='bbox 2464 3158 2584 3203; x_wconf 88' lang='lat' dir='ltr'><strong>sunt</strong></span> <span class='ocrx_word' id='word_1_531' title='bbox 2607 3165 2695 3202; x_wconf 87' lang='lat' dir='ltr'><strong>nec</strong></span> <span class='ocrx_word' id='word_1_532' title='bbox 2716 3159 2864 3201; x_wconf 88' lang='lat' dir='ltr'><strong>trans</strong></span> <span class='ocrx_word' id='word_1_533' title='bbox 2889 3164 3049 3211; x_wconf 87' lang='lat' dir='ltr'><strong>mare,</strong></span> <span class='ocrx_word' id='word_1_534' title='bbox 3070 3148 3149 3199; x_wconf 69' lang='lat' dir='ltr'><strong>uti</strong></span> <span class='ocrx_word' id='word_1_535' title='bbox 3174 3149 3350 3199; x_wconf 80' lang='lat' dir='ltr'><strong>dicere</strong></span> <span class='ocrx_word' id='word_1_536' title='bbox 3370 3144 3483 3213; x_wconf 77' lang='lat' dir='ltr'><strong>quis</strong></span> <span class='ocrx_word' id='word_1_537' title='bbox 3502 3140 3583 3190; x_wconf 78' lang='lat' dir='ltr'><strong>de-</strong></span> 
     </span>
    </p>
   </div>
   <div class='ocr_carea' id='block_1_78' title="bbox 2015 3238 3581 3313">
    <p class='ocr_par' dir='ltr' id='par_1_78' title="bbox 2015 3238 3581 3313">
     <span class='ocr_line' id='line_1_78' title="bbox 2015 3238 3581 3313; baseline -0.008 -18"><span class='ocrx_word' id='word_1_538' title='bbox 2015 3246 2152 3308; x_wconf 87' lang='lat' dir='ltr'><strong>beat,</strong></span> <span class='ocrx_word' id='word_1_539' title='bbox 2172 3243 2410 3313; x_wconf 84' lang='lat' dir='ltr'><strong>quisnam</strong></span> <span class='ocrx_word' id='word_1_540' title='bbox 2432 3243 2541 3295; x_wconf 74' lang='lat' dir='ltr'><strong>httc</strong></span> <span class='ocrx_word' id='word_1_541' title='bbox 2554 3244 2730 3310; x_wconf 73' lang='lat' dir='ltr'><strong>aﬁ&#39;eret</strong></span> <span class='ocrx_word' id='word_1_542' title='bbox 2747 3242 2898 3293; x_wconf 86' lang='lat' dir='ltr'><strong>mihi?</strong></span> <span class='ocrx_word' id='word_1_543' title='bbox 2920 3239 3023 3295; x_wconf 87' lang='lat' dir='ltr'><strong>Sed</strong></span> <span class='ocrx_word' id='word_1_544' title='bbox 3041 3250 3159 3292; x_wconf 88' lang='lat' dir='ltr'><strong>sunt</strong></span> <span class='ocrx_word' id='word_1_545' title='bbox 3183 3238 3233 3290; x_wconf 89' lang='lat' dir='ltr'><strong>in</strong></span> <span class='ocrx_word' id='word_1_546' title='bbox 3252 3253 3415 3292; x_wconf 89' lang='lat' dir='ltr'><strong>manu</strong></span> <span class='ocrx_word' id='word_1_547' title='bbox 3435 3244 3521 3287; x_wconf 88' lang='lat' dir='ltr'><strong>tua</strong></span> <span class='ocrx_word' id='word_1_548' title='bbox 3536 3242 3581 3283; x_wconf 70' lang='lat' dir='ltr'><strong>et</strong></span> 
     </span>
    </p>
   </div>
   <div class='ocr_carea' id='block_1_79' title="bbox 2014 3332 3581 3402">
    <p class='ocr_par' dir='ltr' id='par_1_79' title="bbox 2014 3332 3581 3402">
     <span class='ocr_line' id='line_1_79' title="bbox 2014 3332 3581 3402; baseline -0.01 -13"><span class='ocrx_word' id='word_1_549' title='bbox 2014 3338 2063 3389; x_wconf 91' lang='lat' dir='ltr'><strong>in</strong></span> <span class='ocrx_word' id='word_1_550' title='bbox 2080 3335 2233 3387; x_wconf 88' lang='lat' dir='ltr'><strong>corde</strong></span> <span class='ocrx_word' id='word_1_551' title='bbox 2255 3343 2343 3386; x_wconf 87' lang='lat' dir='ltr'><strong>tuo</strong></span> <span class='ocrx_word' id='word_1_552' title='bbox 2366 3344 2413 3387; x_wconf 92' lang='lat' dir='ltr'><strong>et</strong></span> <span class='ocrx_word' id='word_1_553' title='bbox 2430 3335 2580 3386; x_wconf 90' lang='lat' dir='ltr'><strong>inore</strong></span> <span class='ocrx_word' id='word_1_554' title='bbox 2600 3343 2707 3385; x_wconf 88' lang='lat' dir='ltr'><strong>tuo.</strong></span> <span class='ocrx_word' id='word_1_555' title='bbox 2732 3334 2896 3402; x_wconf 81' lang='lat' dir='ltr'><strong>Atque</strong></span> <span class='ocrx_word' id='word_1_556' title='bbox 2918 3333 3125 3385; x_wconf 87' lang='lat' dir='ltr'><strong>omnino</strong></span> <span class='ocrx_word' id='word_1_557' title='bbox 3146 3332 3220 3383; x_wconf 90' lang='lat' dir='ltr'><strong>rei</strong></span> <span class='ocrx_word' id='word_1_558' title='bbox 3236 3332 3501 3384; x_wconf 86' lang='lat' dir='ltr'><strong>veritatem</strong></span> <span class='ocrx_word' id='word_1_559' title='bbox 3519 3337 3581 3376; x_wconf 75' lang='lat' dir='ltr'><strong>ea:</strong></span> 
     </span>
    </p>
   </div>
   <div class='ocr_carea' id='block_1_80' title="bbox 2012 3421 3581 3492">
    <p class='ocr_par' dir='ltr' id='par_1_80' title="bbox 2012 3421 3581 3492">
     <span class='ocr_line' id='line_1_80' title="bbox 2012 3421 3581 3492; baseline -0.008 -14"><span class='ocrx_word' id='word_1_560' title='bbox 2012 3426 2092 3478; x_wconf 85' lang='lat' dir='ltr'><strong>his</strong></span> <span class='ocrx_word' id='word_1_561' title='bbox 2129 3425 2314 3477; x_wconf 88' lang='lat' dir='ltr'><strong>mentis</strong></span> <span class='ocrx_word' id='word_1_562' title='bbox 2349 3424 2586 3475; x_wconf 82' lang='lat' dir='ltr'><strong>acumine</strong></span> <span class='ocrx_word' id='word_1_563' title='bbox 2618 3422 2849 3492; x_wconf 83' lang='lat' dir='ltr'><strong>colliges.</strong></span> <span class='ocrx_word' id='word_1_564' title='bbox 2882 3421 3016 3476; x_wconf 86' lang='lat' dir='ltr'><strong>Cum</strong></span> <span class='ocrx_word' id='word_1_565' title='bbox 3038 3431 3211 3474; x_wconf 88' lang='lat' dir='ltr'><strong>autem</strong></span> <span class='ocrx_word' id='word_1_566' title='bbox 3240 3422 3581 3490; x_wconf 83' lang='lat' dir='ltr'><strong>imperatores</strong></span> 
     </span>
    </p>
   </div>
   <div class='ocr_carea' id='block_1_81' title="bbox 2012 3513 3580 3584">
    <p class='ocr_par' dir='ltr' id='par_1_81' title="bbox 2012 3513 3580 3584">
     <span class='ocr_line' id='line_1_81' title="bbox 2012 3513 3580 3584; baseline -0.005 -15"><span class='ocrx_word' id='word_1_567' title='bbox 2012 3524 2060 3569; x_wconf 89' lang='lat' dir='ltr'><strong>et</strong></span> <span class='ocrx_word' id='word_1_568' title='bbox 2085 3513 2403 3584; x_wconf 64' lang='lat' dir='ltr'><strong>patriarcha</strong></span> <span class='ocrx_word' id='word_1_569' title='bbox 2435 3515 2910 3584; x_wconf 83' lang='lat' dir='ltr'><strong>magniﬁcentiam,</strong></span> <span class='ocrx_word' id='word_1_570' title='bbox 2945 3530 3036 3567; x_wconf 87' lang='lat' dir='ltr'><strong>ceu</strong></span> <span class='ocrx_word' id='word_1_571' title='bbox 3064 3514 3264 3566; x_wconf 84' lang='lat' dir='ltr'><strong>dictant</strong></span> <span class='ocrx_word' id='word_1_572' title='bbox 3311 3523 3409 3567; x_wconf 82' lang='lat' dir='ltr'><strong>est.</strong></span> <span class='ocrx_word' id='word_1_573' title='bbox 3435 3526 3580 3564; x_wconf 71' lang='lat' dir='ltr'><strong>suam</strong></span> 
     </span>
    </p>
   </div>
   <div class='ocr_carea' id='block_1_82' title="bbox 2010 3607 3585 3677">
    <p class='ocr_par' dir='ltr' id='par_1_82' title="bbox 2010 3607 3585 3677">
     <span class='ocr_line' id='line_1_82' title="bbox 2010 3607 3585 3677; baseline -0.003 -17"><span class='ocrx_word' id='word_1_574' title='bbox 2010 3609 2369 3663; x_wconf 83' lang='lat' dir='ltr'><strong>demonstrent</strong></span> <span class='ocrx_word' id='word_1_575' title='bbox 2397 3624 2488 3677; x_wconf 87' lang='lat' dir='ltr'><strong>per</strong></span> <span class='ocrx_word' id='word_1_576' title='bbox 2516 3607 2641 3676; x_wconf 87' lang='lat' dir='ltr'><strong>baja</strong></span> <span class='ocrx_word' id='word_1_577' title='bbox 2669 3617 2718 3661; x_wconf 90' lang='lat' dir='ltr'><strong>et</strong></span> <span class='ocrx_word' id='word_1_578' title='bbox 2747 3624 2923 3677; x_wconf 90' lang='lat' dir='ltr'><strong>rogas,</strong></span> <span class='ocrx_word' id='word_1_579' title='bbox 2947 3622 3071 3669; x_wconf 83' lang='lat' dir='ltr'><strong>sane</strong></span> <span class='ocrx_word' id='word_1_580' title='bbox 3107 3623 3207 3674; x_wconf 85' lang='lat' dir='ltr'><strong>par</strong></span> <span class='ocrx_word' id='word_1_581' title='bbox 3232 3614 3355 3658; x_wconf 87' lang='lat' dir='ltr'><strong>erat</strong></span> <span class='ocrx_word' id='word_1_582' title='bbox 3388 3612 3445 3657; x_wconf 89' lang='lat' dir='ltr'><strong>ut</strong></span> <span class='ocrx_word' id='word_1_583' title='bbox 3491 3617 3585 3671; x_wconf 84' lang='lat' dir='ltr'><strong>pa-</strong></span> 
     </span>
    </p>
   </div>
   <div class='ocr_carea' id='block_1_83' title="bbox 2013 3698 3584 3771">
    <p class='ocr_par' dir='ltr' id='par_1_83' title="bbox 2013 3698 3584 3771">
     <span class='ocr_line' id='line_1_83' title="bbox 2013 3698 3584 3771; baseline -0.008 -16"><span class='ocrx_word' id='word_1_584' title='bbox 2013 3703 2279 3767; x_wconf 78' lang='lat' dir='ltr'><strong>triarchte,</strong></span> <span class='ocrx_word' id='word_1_585' title='bbox 2304 3704 2393 3771; x_wconf 88' lang='lat' dir='ltr'><strong>qui</strong></span> <span class='ocrx_word' id='word_1_586' title='bbox 2420 3701 2648 3769; x_wconf 85' lang='lat' dir='ltr'><strong>priscam</strong></span> <span class='ocrx_word' id='word_1_587' title='bbox 2693 3700 2945 3753; x_wconf 85' lang='lat' dir='ltr'><strong>hactenus</strong></span> <span class='ocrx_word' id='word_1_588' title='bbox 2986 3698 3421 3752; x_wconf 84' lang='lat' dir='ltr'><strong>consuetudinem</strong></span> <span class='ocrx_word' id='word_1_589' title='bbox 3466 3710 3584 3746; x_wconf 80' lang='lat' dir='ltr'><strong>con-</strong></span> 
     </span>
    </p>
   </div>
   <div class='ocr_carea' id='block_1_84' title="bbox 2011 3788 3582 3865">
    <p class='ocr_par' dir='ltr' id='par_1_84' title="bbox 2011 3788 3582 3865">
     <span class='ocr_line' id='line_1_84' title="bbox 2011 3788 3582 3865; baseline -0.008 -19"><span class='ocrx_word' id='word_1_590' title='bbox 2011 3802 2221 3847; x_wconf 84' lang='lat' dir='ltr'><strong>servant</strong></span> <span class='ocrx_word' id='word_1_591' title='bbox 2251 3801 2302 3845; x_wconf 87' lang='lat' dir='ltr'><strong>et</strong></span> <span class='ocrx_word' id='word_1_592' title='bbox 2333 3808 2523 3845; x_wconf 87' lang='lat' dir='ltr'><strong>aureos</strong></span> <span class='ocrx_word' id='word_1_593' title='bbox 2545 3792 2748 3845; x_wconf 88' lang='lat' dir='ltr'><strong>clericis</strong></span> <span class='ocrx_word' id='word_1_594' title='bbox 2766 3807 3005 3845; x_wconf 87' lang='lat' dir='ltr'><strong>nummos</strong></span> <span class='ocrx_word' id='word_1_595' title='bbox 3028 3790 3412 3865; x_wconf 78' lang='lat' dir='ltr'><strong>admetittntur,</strong></span> <span class='ocrx_word' id='word_1_596' title='bbox 3432 3788 3582 3841; x_wconf 67' lang='lat' dir='ltr'><strong>etiam</strong></span> 
     </span>
    </p>
   </div>
   <div class='ocr_carea' id='block_1_85' title="bbox 2010 3881 3581 3953">
    <p class='ocr_par' dir='ltr' id='par_1_85' title="bbox 2010 3881 3581 3953">
     <span class='ocr_line' id='line_1_85' title="bbox 2010 3881 3581 3953; baseline -0.006 -16"><span class='ocrx_word' id='word_1_597' title='bbox 2010 3885 2141 3951; x_wconf 88' lang='lat' dir='ltr'><strong>ipsis</strong></span> <span class='ocrx_word' id='word_1_598' title='bbox 2185 3882 2307 3950; x_wconf 88' lang='lat' dir='ltr'><strong>baja</strong></span> <span class='ocrx_word' id='word_1_599' title='bbox 2358 3883 2567 3950; x_wconf 86' lang='lat' dir='ltr'><strong>darent,</strong></span> <span class='ocrx_word' id='word_1_600' title='bbox 2620 3883 3063 3953; x_wconf 87' lang='lat' dir='ltr'><strong>quemadmodum</strong></span> <span class='ocrx_word' id='word_1_601' title='bbox 3127 3881 3429 3935; x_wconf 86' lang='lat' dir='ltr'><strong>indicatum</strong></span> <span class='ocrx_word' id='word_1_602' title='bbox 3485 3887 3581 3930; x_wconf 91' lang='lat' dir='ltr'><strong>est.</strong></span> 
     </span>
    </p>
   </div>
   <div class='ocr_carea' id='block_1_86' title="bbox 2010 3974 2216 4029">
    <p class='ocr_par' dir='ltr' id='par_1_86' title="bbox 2010 3974 2216 4029">
     <span class='ocr_line' id='line_1_86' title="bbox 2010 3974 2216 4029; baseline 0.005 -1"><span class='ocrx_word' id='word_1_603' title='bbox 2010 3974 2216 4029; x_wconf 74' lang='lat' dir='ltr'><strong>Caus.</strong></span> 
     </span>
    </p>
   </div>
   <div class='ocr_carea' id='block_1_87' title="bbox 2083 4066 3578 4140">
    <p class='ocr_par' dir='ltr' id='par_1_87' title="bbox 2083 4066 3578 4140">
     <span class='ocr_line' id='line_1_87' title="bbox 2083 4066 3578 4140; baseline -0.002 -19"><span class='ocrx_word' id='word_1_604' title='bbox 2083 4067 2220 4123; x_wconf 78' lang='lat' dir='ltr'><strong>Ibid.</strong></span> <span class='ocrx_word' id='word_1_605' title='bbox 2257 4066 2623 4140; x_wconf 73' lang='lat' dir='ltr'><strong>[Sugillantur</strong></span> <span class='ocrx_word' id='word_1_606' title='bbox 2677 4069 2761 4122; x_wconf 91' lang='lat' dir='ltr'><strong>hic</strong></span> <span class='ocrx_word' id='word_1_607' title='bbox 2799 4083 2828 4123; x_wconf 87' lang='lat' dir='ltr'><strong>a</strong></span> <span class='ocrx_word' id='word_1_608' title='bbox 2878 4068 3202 4135; x_wconf 83' lang='lat' dir='ltr'><strong>quibusdam</strong></span> <span class='ocrx_word' id='word_1_609' title='bbox 3238 4067 3578 4124; x_wconf 81' lang='lat' dir='ltr'><strong>recentiores</strong></span> 
     </span>
    </p>
   </div>
   <div class='ocr_carea' id='block_1_88' title="bbox 2009 4156 3577 4229">
    <p class='ocr_par' dir='ltr' id='par_1_88' title="bbox 2009 4156 3577 4229">
     <span class='ocr_line' id='line_1_88' title="bbox 2009 4156 3577 4229; baseline 0.001 -17"><span class='ocrx_word' id='word_1_610' title='bbox 2009 4156 2180 4212; x_wconf 54' lang='lat' dir='ltr'><strong>Graeci</strong></span> <span class='ocrx_word' id='word_1_611' title='bbox 2216 4170 2468 4228; x_wconf 84' lang='lat' dir='ltr'><strong>tanquam</strong></span> <span class='ocrx_word' id='word_1_612' title='bbox 2510 4159 2830 4214; x_wconf 71' lang='lat' dir='ltr'><strong>adulatoriaa</strong></span> <span class='ocrx_word' id='word_1_613' title='bbox 2860 4161 2993 4214; x_wconf 89' lang='lat' dir='ltr'><strong>artis</strong></span> <span class='ocrx_word' id='word_1_614' title='bbox 3026 4176 3133 4214; x_wconf 91' lang='lat' dir='ltr'><strong>non</strong></span> <span class='ocrx_word' id='word_1_615' title='bbox 3167 4161 3432 4229; x_wconf 87' lang='lat' dir='ltr'><strong>imperiti,</strong></span> <span class='ocrx_word' id='word_1_616' title='bbox 3488 4158 3577 4225; x_wconf 77' lang='lat' dir='ltr'><strong>Qui</strong></span> 
     </span>
    </p>
   </div>
   <div class='ocr_carea' id='block_1_89' title="bbox 2010 4248 3579 4319">
    <p class='ocr_par' dir='ltr' id='par_1_89' title="bbox 2010 4248 3579 4319">
     <span class='ocr_line' id='line_1_89' title="bbox 2010 4248 3579 4319; baseline 0.001 -20"><span class='ocrx_word' id='word_1_617' title='bbox 2010 4248 2317 4316; x_wconf 87' lang='lat' dir='ltr'><strong>imperatori</strong></span> <span class='ocrx_word' id='word_1_618' title='bbox 2346 4248 2518 4303; x_wconf 77' lang='lat' dir='ltr'><strong>ferme</strong></span> <span class='ocrx_word' id='word_1_619' title='bbox 2547 4249 2732 4302; x_wconf 91' lang='lat' dir='ltr'><strong>omnia</strong></span> <span class='ocrx_word' id='word_1_620' title='bbox 2760 4249 2921 4303; x_wconf 86' lang='lat' dir='ltr'><strong>etiam</strong></span> <span class='ocrx_word' id='word_1_621' title='bbox 2950 4250 3281 4319; x_wconf 89' lang='lat' dir='ltr'><strong>episcopalia</strong></span> <span class='ocrx_word' id='word_1_622' title='bbox 3312 4262 3368 4306; x_wconf 87' lang='lat' dir='ltr'><strong>et</strong></span> <span class='ocrx_word' id='word_1_623' title='bbox 3397 4263 3579 4304; x_wconf 88' lang='lat' dir='ltr'><strong>sacer-</strong></span> 
     </span>
    </p>
   </div>
   <div class='ocr_carea' id='block_1_90' title="bbox 2008 4338 3576 4413">
    <p class='ocr_par' dir='ltr' id='par_1_90' title="bbox 2008 4338 3576 4413">
     <span class='ocr_line' id='line_1_90' title="bbox 2008 4338 3576 4413; baseline 0.001 -23"><span class='ocrx_word' id='word_1_624' title='bbox 2008 4338 2207 4392; x_wconf 88' lang='lat' dir='ltr'><strong>dotalia</strong></span> <span class='ocrx_word' id='word_1_625' title='bbox 2249 4339 2434 4392; x_wconf 90' lang='lat' dir='ltr'><strong>munia</strong></span> <span class='ocrx_word' id='word_1_626' title='bbox 2472 4339 2803 4405; x_wconf 88' lang='lat' dir='ltr'><strong>tribuerunt,</strong></span> <span class='ocrx_word' id='word_1_627' title='bbox 2838 4341 2979 4393; x_wconf 89' lang='lat' dir='ltr'><strong>inter</strong></span> <span class='ocrx_word' id='word_1_628' title='bbox 3026 4348 3219 4396; x_wconf 64' lang='lat' dir='ltr'><strong>caetera</strong></span> <span class='ocrx_word' id='word_1_629' title='bbox 3270 4344 3576 4413; x_wconf 72' lang='lat' dir='ltr'><strong>ingressum</strong></span> 
     </span>
    </p>
   </div>
   <div class='ocr_carea' id='block_1_91' title="bbox 2009 4429 3581 4507">
    <p class='ocr_par' dir='ltr' id='par_1_91' title="bbox 2009 4429 3581 4507">
     <span class='ocr_line' id='line_1_91' title="bbox 2009 4429 3581 4507; baseline 0.003 -26"><span class='ocrx_word' id='word_1_630' title='bbox 2009 4429 2075 4481; x_wconf 90' lang='lat' dir='ltr'><strong>ad</strong></span> <span class='ocrx_word' id='word_1_631' title='bbox 2117 4429 2291 4485; x_wconf 86' lang='lat' dir='ltr'><strong>altare</strong></span> <span class='ocrx_word' id='word_1_632' title='bbox 2317 4438 2371 4481; x_wconf 89' lang='lat' dir='ltr'><strong>ct</strong></span> <span class='ocrx_word' id='word_1_633' title='bbox 2398 4431 2485 4500; x_wconf 88' lang='lat' dir='ltr'><strong>jus</strong></span> <span class='ocrx_word' id='word_1_634' title='bbox 2522 4446 2737 4486; x_wconf 87' lang='lat' dir='ltr'><strong>sacram</strong></span> <span class='ocrx_word' id='word_1_635' title='bbox 2788 4447 3029 4487; x_wconf 83' lang='lat' dir='ltr'><strong>mensam</strong></span> <span class='ocrx_word' id='word_1_636' title='bbox 3070 4434 3226 4487; x_wconf 88' lang='lat' dir='ltr'><strong>thure</strong></span> <span class='ocrx_word' id='word_1_637' title='bbox 3255 4434 3581 4507; x_wconf 58' lang='lat' dir='ltr'><strong>vaporandi,</strong></span> 
     </span>
    </p>
   </div>
   <div class='ocr_carea' id='block_1_92' title="bbox 331 4509 3577 4594">
    <p class='ocr_par' dir='ltr' id='par_1_92' title="bbox 331 4509 3577 4594">
     <span class='ocr_line' id='line_1_92' title="bbox 331 4509 3577 4594; baseline 0.005 -29"><span class='ocrx_word' id='word_1_638' title='bbox 331 4514 388 4566; x_wconf 82' lang='lat' dir='ltr'><strong>:ci</strong></span> <span class='ocrx_word' id='word_1_639' title='bbox 416 4513 555 4565; x_wconf 88' lang='lat' dir='ltr'><strong>enim</strong></span> <span class='ocrx_word' id='word_1_640' title='bbox 588 4512 956 4579; x_wconf 86' lang='lat' dir='ltr'><strong>imperatores,</strong></span> <span class='ocrx_word' id='word_1_641' title='bbox 1007 4512 1097 4576; x_wconf 83' lang='lat' dir='ltr'><strong>qui</strong></span> <span class='ocrx_word' id='word_1_642' title='bbox 1140 4526 1231 4578; x_wconf 88' lang='lat' dir='ltr'><strong>per</strong></span> <span class='ocrx_word' id='word_1_643' title='bbox 1260 4510 1319 4565; x_wconf 91' lang='lat' dir='ltr'><strong>S.</strong></span> <span class='ocrx_word' id='word_1_644' title='bbox 1380 4509 1660 4564; x_wconf 87' lang='lat' dir='ltr'><strong>Trinitatis</strong></span> <span class='ocrx_word' id='word_1_645' title='bbox 1697 4514 1908 4566; x_wconf 85' lang='lat' dir='ltr'><strong>invoca-</strong></span> <span class='ocrx_word' id='word_1_646' title='bbox 1941 4528 1985 4582; x_wconf 71' lang='grc' dir='ltr'><strong>ί)</strong></span> <span class='ocrx_word' id='word_1_647' title='bbox 2014 4517 2271 4572; x_wconf 86' lang='lat' dir='ltr'><strong>adderent</strong></span> <span class='ocrx_word' id='word_1_648' title='bbox 2297 4521 2461 4574; x_wconf 87' lang='lat' dir='ltr'><strong>etiam</strong></span> <span class='ocrx_word' id='word_1_649' title='bbox 2502 4531 2553 4575; x_wconf 89' lang='lat' dir='ltr'><strong>et</strong></span> <span class='ocrx_word' id='word_1_650' title='bbox 2598 4523 2887 4578; x_wconf 85' lang='lat' dir='ltr'><strong>conciones</strong></span> <span class='ocrx_word' id='word_1_651' title='bbox 2916 4525 2983 4578; x_wconf 90' lang='lat' dir='ltr'><strong>ad</strong></span> <span class='ocrx_word' id='word_1_652' title='bbox 3028 4525 3287 4594; x_wconf 87' lang='lat' dir='ltr'><strong>populum</strong></span> <span class='ocrx_word' id='word_1_653' title='bbox 3324 4528 3577 4581; x_wconf 87' lang='lat' dir='ltr'><strong>habendi.</strong></span> 
     </span>
    </p>
   </div>
   <div class='ocr_carea' id='block_1_93' title="bbox 336 4601 1909 4671">
    <p class='ocr_par' dir='ltr' id='par_1_93' title="bbox 336 4601 1909 4671">
     <span class='ocr_line' id='line_1_93' title="bbox 336 4601 1909 4671; baseline 0 -14"><span class='ocrx_word' id='word_1_654' title='bbox 336 4606 528 4657; x_wconf 88' lang='lat' dir='ltr'><strong>tionem</strong></span> <span class='ocrx_word' id='word_1_655' title='bbox 548 4603 885 4671; x_wconf 87' lang='lat' dir='ltr'><strong>patriarchas</strong></span> <span class='ocrx_word' id='word_1_656' title='bbox 913 4602 1203 4667; x_wconf 86' lang='lat' dir='ltr'><strong>provehunt</strong></span> <span class='ocrx_word' id='word_1_657' title='bbox 1237 4610 1287 4654; x_wconf 90' lang='lat' dir='ltr'><strong>et</strong></span> <span class='ocrx_word' id='word_1_658' title='bbox 1319 4611 1440 4654; x_wconf 87' lang='lat' dir='ltr'><strong>sunt</strong></span> <span class='ocrx_word' id='word_1_659' title='bbox 1479 4601 1677 4656; x_wconf 87' lang='lat' dir='ltr'><strong>Christi</strong></span> <span class='ocrx_word' id='word_1_660' title='bbox 1728 4604 1909 4657; x_wconf 86' lang='lat' dir='ltr'><strong>Domi-</strong></span> 
     </span>
    </p>
   </div>
   <div class='ocr_carea' id='block_1_94' title="bbox 335 4673 1911 4769">
    <p class='ocr_par' dir='ltr' id='par_1_94' title="bbox 335 4673 1911 4769">
     <span class='ocr_line' id='line_1_94' title="bbox 335 4673 1911 4769; baseline 0 -22"><span class='ocrx_word' id='word_1_661' title='bbox 335 4694 413 4759; x_wconf 89' lang='lat' dir='ltr'><strong>ni,</strong></span> <span class='ocrx_word' id='word_1_662' title='bbox 450 4694 560 4746; x_wconf 87' lang='lat' dir='ltr'><strong>sine</strong></span> <span class='ocrx_word' id='word_1_663' title='bbox 604 4690 713 4745; x_wconf 87' lang='lat' dir='ltr'><strong>ullo</strong></span> <span class='ocrx_word' id='word_1_664' title='bbox 742 4691 1134 4759; x_wconf 88' lang='lat' dir='ltr'><strong>impedimento,</strong></span> <span class='ocrx_word' id='word_1_665' title='bbox 1167 4690 1377 4757; x_wconf 85' lang='lat' dir='ltr'><strong>quando</strong></span> <span class='ocrx_word' id='word_1_666' title='bbox 1422 4690 1701 4769; x_wconf 63' lang='lat' dir='ltr'><strong>voluerint,</strong></span> <span class='ocrx_word' id='word_1_667' title='bbox 1728 4673 1798 4746; x_wconf 78' lang='lat' dir='ltr'><strong>ad</strong></span> <span class='ocrx_word' id='word_1_668' title='bbox 1824 4711 1911 4747; x_wconf 87' lang='lat' dir='ltr'><strong>sa-</strong></span> 
     </span>
    </p>
   </div>
   <div class='ocr_carea' id='block_1_95' title="bbox 334 4770 1979 4844">
    <p class='ocr_par' dir='ltr' id='par_1_95' title="bbox 334 4770 1979 4844">
     <span class='ocr_line' id='line_1_95' title="bbox 334 4770 1979 4844; baseline -0.002 -8"><span class='ocrx_word' id='word_1_669' title='bbox 334 4799 482 4836; x_wconf 87' lang='lat' dir='ltr'><strong>crum</strong></span> <span class='ocrx_word' id='word_1_670' title='bbox 519 4782 690 4834; x_wconf 86' lang='lat' dir='ltr'><strong>altare</strong></span> <span class='ocrx_word' id='word_1_671' title='bbox 724 4781 974 4833; x_wconf 87' lang='lat' dir='ltr'><strong>accedunt</strong></span> <span class='ocrx_word' id='word_1_672' title='bbox 1009 4789 1056 4831; x_wconf 88' lang='lat' dir='ltr'><strong>et</strong></span> <span class='ocrx_word' id='word_1_673' title='bbox 1083 4778 1305 4844; x_wconf 74' lang='lat' dir='ltr'><strong>sufﬁunt</strong></span> <span class='ocrx_word' id='word_1_674' title='bbox 1346 4786 1395 4827; x_wconf 90' lang='lat' dir='ltr'><strong>et</strong></span> <span class='ocrx_word' id='word_1_675' title='bbox 1433 4795 1546 4829; x_wconf 87' lang='lat' dir='ltr'><strong>cum</strong></span> <span class='ocrx_word' id='word_1_676' title='bbox 1572 4795 1692 4831; x_wconf 87' lang='lat' dir='ltr'><strong>cera</strong></span> <span class='ocrx_word' id='word_1_677' title='bbox 1723 4770 1920 4833; x_wconf 38' lang='lat' dir='ltr'><strong>chara!</strong></span> <span class='ocrx_word' id='word_1_678' title='bbox 1972 4782 1979 4791; x_wconf 87' lang='lat'><strong><em>&#39;</em></strong></span> 
     </span>
    </p>
   </div>
   <div class='ocr_carea' id='block_1_96' title="bbox 334 4866 1909 4939">
    <p class='ocr_par' dir='ltr' id='par_1_96' title="bbox 334 4866 1909 4939">
     <span class='ocr_line' id='line_1_96' title="bbox 334 4866 1909 4939; baseline -0.003 -11"><span class='ocrx_word' id='word_1_679' title='bbox 334 4884 523 4928; x_wconf 89' lang='lat' dir='ltr'><strong>cterem</strong></span> <span class='ocrx_word' id='word_1_680' title='bbox 543 4874 872 4939; x_wconf 89' lang='lat' dir='ltr'><strong>imprimunt,</strong></span> <span class='ocrx_word' id='word_1_681' title='bbox 923 4870 1053 4922; x_wconf 88' lang='lat' dir='ltr'><strong>sicut</strong></span> <span class='ocrx_word' id='word_1_682' title='bbox 1090 4879 1141 4921; x_wconf 90' lang='lat' dir='ltr'><strong>et</strong></span> <span class='ocrx_word' id='word_1_683' title='bbox 1188 4867 1468 4921; x_wconf 85' lang='lat' dir='ltr'><strong>antistites.</strong></span> <span class='ocrx_word' id='word_1_684' title='bbox 1504 4866 1605 4921; x_wconf 88' lang='lat' dir='ltr'><strong>Sed</strong></span> <span class='ocrx_word' id='word_1_685' title='bbox 1632 4872 1791 4924; x_wconf 88' lang='lat' dir='ltr'><strong>etiant</strong></span> <span class='ocrx_word' id='word_1_686' title='bbox 1817 4888 1909 4939; x_wconf 88' lang='lat' dir='ltr'><strong>po-</strong></span> 
     </span>
    </p>
   </div>
   <div class='ocr_carea' id='block_1_97' title="bbox 334 4958 1905 5035">
    <p class='ocr_par' dir='ltr' id='par_1_97' title="bbox 334 4958 1905 5035">
     <span class='ocr_line' id='line_1_97' title="bbox 334 4958 1905 5035; baseline -0.003 -17"><span class='ocrx_word' id='word_1_687' title='bbox 334 4968 517 5035; x_wconf 84' lang='lat' dir='ltr'><strong>pulum</strong></span> <span class='ocrx_word' id='word_1_688' title='bbox 542 4965 610 5017; x_wconf 89' lang='lat' dir='ltr'><strong>ad</strong></span> <span class='ocrx_word' id='word_1_689' title='bbox 633 4980 748 5018; x_wconf 90' lang='lat' dir='ltr'><strong>eum</strong></span> <span class='ocrx_word' id='word_1_690' title='bbox 774 4960 1157 5016; x_wconf 87' lang='lat' dir='ltr'><strong>instituendum</strong></span> <span class='ocrx_word' id='word_1_691' title='bbox 1181 4958 1405 5021; x_wconf 86' lang='lat' dir='ltr'><strong>docent;</strong></span> <span class='ocrx_word' id='word_1_692' title='bbox 1435 4958 1574 5029; x_wconf 87' lang='lat' dir='ltr'><strong>quod</strong></span> <span class='ocrx_word' id='word_1_693' title='bbox 1598 4961 1721 5013; x_wconf 89' lang='lat' dir='ltr'><strong>solis</strong></span> <span class='ocrx_word' id='word_1_694' title='bbox 1761 4960 1905 5015; x_wconf 83' lang='lat' dir='ltr'><strong>illius</strong></span> 
     </span>
    </p>
   </div>
   <div class='ocr_carea' id='block_1_98' title="bbox 335 5048 1906 5125">
    <p class='ocr_par' dir='ltr' id='par_1_98' title="bbox 335 5048 1906 5125">
     <span class='ocr_line' id='line_1_98' title="bbox 335 5048 1906 5125; baseline -0.001 -17"><span class='ocrx_word' id='word_1_695' title='bbox 335 5057 556 5125; x_wconf 81' lang='lat' dir='ltr'><strong>regionis</strong></span> <span class='ocrx_word' id='word_1_696' title='bbox 595 5051 923 5107; x_wconf 87' lang='lat' dir='ltr'><strong>antistitibus</strong></span> <span class='ocrx_word' id='word_1_697' title='bbox 989 5066 1290 5103; x_wconf 89' lang='lat' dir='ltr'><strong>concessum</strong></span> <span class='ocrx_word' id='word_1_698' title='bbox 1345 5060 1441 5103; x_wconf 88' lang='lat' dir='ltr'><strong>est.</strong></span> <span class='ocrx_word' id='word_1_699' title='bbox 1494 5048 1719 5120; x_wconf 86' lang='lat' dir='ltr'><strong>Palpum</strong></span> <span class='ocrx_word' id='word_1_700' title='bbox 1775 5067 1906 5123; x_wconf 78' lang='lat' dir='ltr'><strong>ergo</strong></span> 
     </span>
    </p>
   </div>
   <div class='ocr_carea' id='block_1_99' title="bbox 334 5140 1906 5216">
    <p class='ocr_par' dir='ltr' id='par_1_99' title="bbox 334 5140 1906 5216">
     <span class='ocr_line' id='line_1_99' title="bbox 334 5140 1906 5216; baseline -0.003 -16"><span class='ocrx_word' id='word_1_701' title='bbox 334 5148 548 5216; x_wconf 68' lang='lat' dir='ltr'><strong>egregie</strong></span> <span class='ocrx_word' id='word_1_702' title='bbox 579 5144 820 5197; x_wconf 88' lang='lat' dir='ltr'><strong>obtrudit</strong></span> <span class='ocrx_word' id='word_1_703' title='bbox 872 5141 1154 5195; x_wconf 81' lang='lat' dir='ltr'><strong>Balsamon</strong></span> <span class='ocrx_word' id='word_1_704' title='bbox 1193 5140 1540 5208; x_wconf 88' lang='lat' dir='ltr'><strong>imperatori;</strong></span> <span class='ocrx_word' id='word_1_705' title='bbox 1577 5151 1631 5196; x_wconf 87' lang='lat' dir='ltr'><strong>et</strong></span> <span class='ocrx_word' id='word_1_706' title='bbox 1672 5143 1906 5199; x_wconf 86' lang='lat' dir='ltr'><strong>habebat</strong></span> 
     </span>
    </p>
   </div>
   <div class='ocr_carea' id='block_1_100' title="bbox 337 5233 1905 5304">
    <p class='ocr_par' dir='ltr' id='par_1_100' title="bbox 337 5233 1905 5304">
     <span class='ocr_line' id='line_1_100' title="bbox 337 5233 1905 5304; baseline 0.001 -15"><span class='ocrx_word' id='word_1_707' title='bbox 337 5239 459 5291; x_wconf 84' lang='lat' dir='ltr'><strong>tacti</strong></span> <span class='ocrx_word' id='word_1_708' title='bbox 496 5236 579 5289; x_wconf 87' lang='lat' dir='ltr'><strong>sui</strong></span> <span class='ocrx_word' id='word_1_709' title='bbox 603 5248 821 5299; x_wconf 89' lang='lat' dir='ltr'><strong>causas,</strong></span> <span class='ocrx_word' id='word_1_710' title='bbox 855 5234 983 5302; x_wconf 88' lang='lat' dir='ltr'><strong>quia</strong></span> <span class='ocrx_word' id='word_1_711' title='bbox 1017 5233 1288 5286; x_wconf 84' lang='lat' dir='ltr'><strong>ambiebat</strong></span> <span class='ocrx_word' id='word_1_712' title='bbox 1319 5233 1739 5301; x_wconf 89' lang='lat' dir='ltr'><strong>patriarcbatum</strong></span> <span class='ocrx_word' id='word_1_713' title='bbox 1764 5235 1905 5304; x_wconf 88' lang='lat' dir='ltr'><strong>Cpo—</strong></span> 
     </span>
    </p>
   </div>
   <div class='ocr_carea' id='block_1_101' title="bbox 334 5314 1904 5393">
    <p class='ocr_par' dir='ltr' id='par_1_101' title="bbox 334 5314 1904 5393">
     <span class='ocr_line' id='line_1_101' title="bbox 334 5314 1904 5393; baseline -0.001 -10"><span class='ocrx_word' id='word_1_714' title='bbox 334 5332 583 5387; x_wconf 87' lang='lat' dir='ltr'><strong>litanum,</strong></span> <span class='ocrx_word' id='word_1_715' title='bbox 617 5325 773 5393; x_wconf 84' lang='lat' dir='ltr'><strong>cujus</strong></span> <span class='ocrx_word' id='word_1_716' title='bbox 802 5314 1085 5379; x_wconf 66' lang='lat' dir='ltr'><strong>obtinendi</strong></span> <span class='ocrx_word' id='word_1_717' title='bbox 1145 5339 1253 5378; x_wconf 89' lang='lat' dir='ltr'><strong>non</strong></span> <span class='ocrx_word' id='word_1_718' title='bbox 1287 5328 1577 5393; x_wconf 88' lang='lat' dir='ltr'><strong>apparebat</strong></span> <span class='ocrx_word' id='word_1_719' title='bbox 1604 5328 1794 5381; x_wconf 88' lang='lat' dir='ltr'><strong>melior</strong></span> <span class='ocrx_word' id='word_1_720' title='bbox 1820 5345 1904 5382; x_wconf 90' lang='lat' dir='ltr'><strong>ra-</strong></span> 
     </span>
    </p>
   </div>
   <div class='ocr_carea' id='block_1_102' title="bbox 336 5415 1903 5489">
    <p class='ocr_par' dir='ltr' id='par_1_102' title="bbox 336 5415 1903 5489">
     <span class='ocr_line' id='line_1_102' title="bbox 336 5415 1903 5489; baseline 0 -16"><span class='ocrx_word' id='word_1_721' title='bbox 336 5425 406 5474; x_wconf 88' lang='lat' dir='ltr'><strong>tio</strong></span> <span class='ocrx_word' id='word_1_722' title='bbox 438 5434 598 5489; x_wconf 83' lang='lat' dir='ltr'><strong>quam</strong></span> <span class='ocrx_word' id='word_1_723' title='bbox 634 5426 692 5471; x_wconf 92' lang='lat' dir='ltr'><strong>ut</strong></span> <span class='ocrx_word' id='word_1_724' title='bbox 722 5432 815 5485; x_wconf 88' lang='lat' dir='ltr'><strong>per</strong></span> <span class='ocrx_word' id='word_1_725' title='bbox 846 5415 1246 5469; x_wconf 86' lang='lat' dir='ltr'><strong>assentationes</strong></span> <span class='ocrx_word' id='word_1_726' title='bbox 1277 5430 1393 5470; x_wconf 88' lang='lat' dir='ltr'><strong>sese</strong></span> <span class='ocrx_word' id='word_1_727' title='bbox 1430 5420 1483 5471; x_wconf 92' lang='lat' dir='ltr'><strong>in</strong></span> <span class='ocrx_word' id='word_1_728' title='bbox 1531 5432 1741 5472; x_wconf 87' lang='lat' dir='ltr'><strong>summa</strong></span> <span class='ocrx_word' id='word_1_729' title='bbox 1783 5436 1903 5488; x_wconf 80' lang='lat' dir='ltr'><strong>gra-</strong></span> 
     </span>
    </p>
   </div>
   <div class='ocr_carea' id='block_1_103' title="bbox 336 5506 1903 5578">
    <p class='ocr_par' dir='ltr' id='par_1_103' title="bbox 336 5506 1903 5578">
     <span class='ocr_line' id='line_1_103' title="bbox 336 5506 1903 5578; baseline 0.001 -15"><span class='ocrx_word' id='word_1_730' title='bbox 336 5514 405 5564; x_wconf 83' lang='lat' dir='ltr'><strong>tia</strong></span> <span class='ocrx_word' id='word_1_731' title='bbox 442 5510 583 5578; x_wconf 85' lang='lat' dir='ltr'><strong>apud</strong></span> <span class='ocrx_word' id='word_1_732' title='bbox 617 5510 1007 5577; x_wconf 83' lang='lat' dir='ltr'><strong>imperatorem</strong></span> <span class='ocrx_word' id='word_1_733' title='bbox 1039 5515 1285 5576; x_wconf 89' lang='lat' dir='ltr'><strong>poneret.</strong></span> <span class='ocrx_word' id='word_1_734' title='bbox 1322 5506 1428 5562; x_wconf 88' lang='lat' dir='ltr'><strong>Sed</strong></span> <span class='ocrx_word' id='word_1_735' title='bbox 1460 5509 1666 5577; x_wconf 81' lang='lat' dir='ltr'><strong>vulpes,</strong></span> <span class='ocrx_word' id='word_1_736' title='bbox 1708 5521 1903 5564; x_wconf 86' lang='lat' dir='ltr'><strong>tamet-</strong></span> 
     </span>
    </p>
   </div>
   <div class='ocr_carea' id='block_1_104' title="bbox 334 5596 1944 5667">
    <p class='ocr_par' dir='ltr' id='par_1_104' title="bbox 334 5596 1944 5667">
     <span class='ocr_line' id='line_1_104' title="bbox 334 5596 1944 5667; baseline 0.002 -13"><span class='ocrx_word' id='word_1_737' title='bbox 334 5605 375 5656; x_wconf 91' lang='lat' dir='ltr'><strong>si</strong></span> <span class='ocrx_word' id='word_1_738' title='bbox 410 5601 583 5665; x_wconf 79' lang='lat' dir='ltr'><strong>vat‘ra,</strong></span> <span class='ocrx_word' id='word_1_739' title='bbox 623 5601 689 5654; x_wconf 88' lang='lat' dir='ltr'><strong>ab</strong></span> <span class='ocrx_word' id='word_1_740' title='bbox 724 5601 843 5653; x_wconf 84' lang='lat' dir='ltr'><strong>aliis</strong></span> <span class='ocrx_word' id='word_1_741' title='bbox 884 5612 1034 5667; x_wconf 82' lang='lat' dir='ltr'><strong>aeque</strong></span> <span class='ocrx_word' id='word_1_742' title='bbox 1070 5596 1235 5650; x_wconf 79' lang='lat' dir='ltr'><strong>vafris</strong></span> <span class='ocrx_word' id='word_1_743' title='bbox 1268 5596 1521 5666; x_wconf 84' lang='lat' dir='ltr'><strong>vulpibus</strong></span> <span class='ocrx_word' id='word_1_744' title='bbox 1574 5601 1759 5655; x_wconf 84' lang='lat' dir='ltr'><strong>delusa</strong></span> <span class='ocrx_word' id='word_1_745' title='bbox 1792 5615 1899 5657; x_wconf 85' lang='lat' dir='ltr'><strong>est.</strong></span> <span class='ocrx_word' id='word_1_746' title='bbox 1941 5619 1944 5623; x_wconf 73' lang='lat'><strong><em>&#39;</em></strong></span> 
     </span>
    </p>
   </div>
   <div class='ocr_carea' id='block_1_105' title="bbox 334 5688 1901 5759">
    <p class='ocr_par' dir='ltr' id='par_1_105' title="bbox 334 5688 1901 5759">
     <span class='ocr_line' id='line_1_105' title="bbox 334 5688 1901 5759; baseline 0.003 -18"><span class='ocrx_word' id='word_1_747' title='bbox 334 5690 501 5755; x_wconf 81' lang='lat' dir='ltr'><strong>Cujus</strong></span> <span class='ocrx_word' id='word_1_748' title='bbox 532 5691 600 5742; x_wconf 89' lang='lat' dir='ltr'><strong>ob</strong></span> <span class='ocrx_word' id='word_1_749' title='bbox 624 5688 828 5743; x_wconf 87' lang='lat' dir='ltr'><strong>desitas</strong></span> <span class='ocrx_word' id='word_1_750' title='bbox 861 5702 1069 5739; x_wconf 89' lang='lat' dir='ltr'><strong>annuas</strong></span> <span class='ocrx_word' id='word_1_751' title='bbox 1101 5700 1259 5754; x_wconf 81' lang='lat' dir='ltr'><strong>rogas</strong></span> <span class='ocrx_word' id='word_1_752' title='bbox 1291 5694 1343 5739; x_wconf 89' lang='lat' dir='ltr'><strong>ct</strong></span> <span class='ocrx_word' id='word_1_753' title='bbox 1367 5689 1710 5756; x_wconf 78' lang='lat' dir='ltr'><strong>pecuniarias</strong></span> <span class='ocrx_word' id='word_1_754' title='bbox 1736 5691 1901 5759; x_wconf 75' lang='lat' dir='ltr'><strong>largi-</strong></span> 
     </span>
    </p>
   </div>
   <div class='ocr_carea' id='block_1_106' title="bbox 335 5775 1897 5848">
    <p class='ocr_par' dir='ltr' id='par_1_106' title="bbox 335 5775 1897 5848">
     <span class='ocr_line' id='line_1_106' title="bbox 335 5775 1897 5848; baseline 0.004 -16"><span class='ocrx_word' id='word_1_755' title='bbox 335 5784 506 5833; x_wconf 82' lang='lat' dir='ltr'><strong>tiones</strong></span> <span class='ocrx_word' id='word_1_756' title='bbox 538 5780 685 5844; x_wconf 70' lang='lat' dir='ltr'><strong>audi,</strong></span> <span class='ocrx_word' id='word_1_757' title='bbox 736 5793 943 5848; x_wconf 73' lang='lat' dir='ltr'><strong>qttteso,</strong></span> <span class='ocrx_word' id='word_1_758' title='bbox 983 5775 1422 5832; x_wconf 86' lang='lat' dir='ltr'><strong>lamentationem</strong></span> <span class='ocrx_word' id='word_1_759' title='bbox 1478 5794 1539 5834; x_wconf 81' lang='lat' dir='ltr'><strong>ex</strong></span> <span class='ocrx_word' id='word_1_760' title='bbox 1577 5780 1801 5848; x_wconf 87' lang='lat' dir='ltr'><strong>cpistola</strong></span> <span class='ocrx_word' id='word_1_761' title='bbox 1834 5786 1897 5838; x_wconf 89' lang='lat' dir='ltr'><strong>de</strong></span> 
     </span>
    </p>
   </div>
   <div class='ocr_carea' id='block_1_107' title="bbox 2014 4609 3579 4683">
    <p class='ocr_par' dir='ltr' id='par_1_107' title="bbox 2014 4609 3579 4683">
     <span class='ocr_line' id='line_1_107' title="bbox 2014 4609 3579 4683; baseline 0.005 -22"><span class='ocrx_word' id='word_1_762' title='bbox 2014 4609 2162 4662; x_wconf 85' lang='lat' dir='ltr'><strong>Itane</strong></span> <span class='ocrx_word' id='word_1_763' title='bbox 2183 4625 2312 4663; x_wconf 87' lang='lat' dir='ltr'><strong>vero</strong></span> <span class='ocrx_word' id='word_1_764' title='bbox 2342 4609 2654 4667; x_wconf 87' lang='lat' dir='ltr'><strong>Theodosio</strong></span> <span class='ocrx_word' id='word_1_765' title='bbox 2678 4614 2908 4683; x_wconf 87' lang='lat' dir='ltr'><strong>principi</strong></span> <span class='ocrx_word' id='word_1_766' title='bbox 2939 4615 3029 4669; x_wconf 88' lang='lat' dir='ltr'><strong>alii</strong></span> <span class='ocrx_word' id='word_1_767' title='bbox 3070 4631 3133 4671; x_wconf 81' lang='lat' dir='ltr'><strong>ex</strong></span> <span class='ocrx_word' id='word_1_768' title='bbox 3166 4617 3466 4673; x_wconf 89' lang='lat' dir='ltr'><strong>Occidente</strong></span> <span class='ocrx_word' id='word_1_769' title='bbox 3497 4617 3579 4670; x_wconf 88' lang='lat' dir='ltr'><strong>vel</strong></span> 
     </span>
    </p>
   </div>
   <div class='ocr_carea' id='block_1_108' title="bbox 2013 4699 3578 4775">
    <p class='ocr_par' dir='ltr' id='par_1_108' title="bbox 2013 4699 3578 4775">
     <span class='ocr_line' id='line_1_108' title="bbox 2013 4699 3578 4775; baseline 0.004 -21"><span class='ocrx_word' id='word_1_770' title='bbox 2013 4699 2234 4755; x_wconf 89' lang='lat' dir='ltr'><strong>Oriente</strong></span> <span class='ocrx_word' id='word_1_771' title='bbox 2263 4703 2545 4769; x_wconf 80' lang='lat' dir='ltr'><strong>pontifices</strong></span> <span class='ocrx_word' id='word_1_772' title='bbox 2568 4705 2952 4767; x_wconf 86' lang='lat' dir='ltr'><strong>adulabantur,</strong></span> <span class='ocrx_word' id='word_1_773' title='bbox 2974 4708 3067 4775; x_wconf 88' lang='lat' dir='ltr'><strong>qui</strong></span> <span class='ocrx_word' id='word_1_774' title='bbox 3098 4718 3222 4763; x_wconf 87' lang='lat' dir='ltr'><strong>ante</strong></span> <span class='ocrx_word' id='word_1_775' title='bbox 3247 4712 3578 4765; x_wconf 88' lang='lat' dir='ltr'><strong>severiorem</strong></span> 
     </span>
    </p>
   </div>
   <div class='ocr_carea' id='block_1_109' title="bbox 2012 4791 3580 4868">
    <p class='ocr_par' dir='ltr' id='par_1_109' title="bbox 2012 4791 3580 4868">
     <span class='ocr_line' id='line_1_109' title="bbox 2012 4791 3580 4868; baseline 0.006 -24"><span class='ocrx_word' id='word_1_776' title='bbox 2012 4791 2282 4847; x_wconf 83' lang='lat' dir='ltr'><strong>Ambrosii</strong></span> <span class='ocrx_word' id='word_1_777' title='bbox 2336 4796 2733 4863; x_wconf 87' lang='lat' dir='ltr'><strong>correptionem</strong></span> <span class='ocrx_word' id='word_1_778' title='bbox 2792 4796 2895 4866; x_wconf 82' lang='lat' dir='ltr'><strong>ipsi</strong></span> <span class='ocrx_word' id='word_1_779' title='bbox 2935 4802 3473 4868; x_wconf 79' lang='lat' dir='ltr'><strong>praecessoribusque</strong></span> <span class='ocrx_word' id='word_1_780' title='bbox 3517 4801 3580 4853; x_wconf 85' lang='lat' dir='ltr'><strong>ad</strong></span> 
     </span>
    </p>
   </div>
   <div class='ocr_carea' id='block_1_110' title="bbox 2012 4886 3583 4957">
    <p class='ocr_par' dir='ltr' id='par_1_110' title="bbox 2012 4886 3583 4957">
     <span class='ocr_line' id='line_1_110' title="bbox 2012 4886 3583 4957; baseline 0.006 -21"><span class='ocrx_word' id='word_1_781' title='bbox 2012 4892 2260 4937; x_wconf 84' lang='lat' dir='ltr'><strong>sanctum</strong></span> <span class='ocrx_word' id='word_1_782' title='bbox 2320 4886 2559 4939; x_wconf 84' lang='lat' dir='ltr'><strong>tribunal</strong></span> <span class='ocrx_word' id='word_1_783' title='bbox 2615 4887 2919 4955; x_wconf 79' lang='lat' dir='ltr'><strong>ingressum</strong></span> <span class='ocrx_word' id='word_1_784' title='bbox 2976 4891 3387 4957; x_wconf 80' lang='lat' dir='ltr'><strong>permiseram?</strong></span> <span class='ocrx_word' id='word_1_785' title='bbox 3444 4892 3583 4945; x_wconf 82' lang='lat' dir='ltr'><strong>itane</strong></span> 
     </span>
    </p>
   </div>
   <div class='ocr_carea' id='block_1_111' title="bbox 2011 4972 3579 5048">
    <p class='ocr_par' dir='ltr' id='par_1_111' title="bbox 2011 4972 3579 5048">
     <span class='ocr_line' id='line_1_111' title="bbox 2011 4972 3579 5048; baseline 0.006 -22"><span class='ocrx_word' id='word_1_786' title='bbox 2011 4972 2290 5027; x_wconf 82' lang='lat' dir='ltr'><strong>Valentem</strong></span> <span class='ocrx_word' id='word_1_787' title='bbox 2334 4974 2613 5042; x_wconf 77' lang='lat' dir='ltr'><strong>religionis</strong></span> <span class='ocrx_word' id='word_1_788' title='bbox 2648 4976 2865 5031; x_wconf 87' lang='lat' dir='ltr'><strong>hostem</strong></span> <span class='ocrx_word' id='word_1_789' title='bbox 2895 4980 3133 5048; x_wconf 86' lang='lat' dir='ltr'><strong>palpavit</strong></span> <span class='ocrx_word' id='word_1_790' title='bbox 3196 4983 3452 5048; x_wconf 87' lang='lat' dir='ltr'><strong>Basilius,</strong></span> <span class='ocrx_word' id='word_1_791' title='bbox 3492 4983 3579 5036; x_wconf 88' lang='lat' dir='ltr'><strong>ubi</strong></span> 
     </span>
    </p>
   </div>
   <div class='ocr_carea' id='block_1_112' title="bbox 2009 5061 3580 5137">
    <p class='ocr_par' dir='ltr' id='par_1_112' title="bbox 2009 5061 3580 5137">
     <span class='ocr_line' id='line_1_112' title="bbox 2009 5061 3580 5137; baseline 0.01 -23"><span class='ocrx_word' id='word_1_792' title='bbox 2009 5061 2200 5118; x_wconf 85' lang='lat' dir='ltr'><strong>lubens</strong></span> <span class='ocrx_word' id='word_1_793' title='bbox 2224 5078 2346 5119; x_wconf 90' lang='lat' dir='ltr'><strong>eum</strong></span> <span class='ocrx_word' id='word_1_794' title='bbox 2372 5065 2520 5127; x_wconf 78' lang='grc' dir='ltr'>ἐντὸς</span> <span class='ocrx_word' id='word_1_795' title='bbox 2553 5065 2644 5118; x_wconf 76' lang='grc' dir='ltr'>τοῦ</span> <span class='ocrx_word' id='word_1_796' title='bbox 2674 5067 3041 5135; x_wconf 81' lang='grc' dir='ltr'>πετάσματος,</span> <span class='ocrx_word' id='word_1_797' title='bbox 3074 5071 3149 5125; x_wconf 85' lang='lat' dir='ltr'><strong>ait</strong></span> <span class='ocrx_word' id='word_1_798' title='bbox 3176 5070 3580 5137; x_wconf 83' lang='lat' dir='ltr'><strong>Nazianzenus,</strong></span> 
     </span>
    </p>
   </div>
   <div class='ocr_carea' id='block_1_113' title="bbox 2005 5156 3580 5226">
    <p class='ocr_par' dir='ltr' id='par_1_113' title="bbox 2005 5156 3580 5226">
     <span class='ocr_line' id='line_1_113' title="bbox 2005 5156 3580 5226; baseline 0.004 -18"><span class='ocrx_word' id='word_1_799' title='bbox 2005 5156 2254 5223; x_wconf 81' lang='lat' dir='ltr'><strong>excepit?</strong></span> <span class='ocrx_word' id='word_1_800' title='bbox 2293 5157 2574 5222; x_wconf 70' lang='lat' dir='ltr'><strong>Nugantur</strong></span> <span class='ocrx_word' id='word_1_801' title='bbox 2612 5168 2758 5213; x_wconf 88' lang='lat' dir='ltr'><strong>certe</strong></span> <span class='ocrx_word' id='word_1_802' title='bbox 2813 5160 2905 5226; x_wconf 87' lang='lat' dir='ltr'><strong>qui</strong></span> <span class='ocrx_word' id='word_1_803' title='bbox 2934 5163 3331 5217; x_wconf 83' lang='lat' dir='ltr'><strong>recentioribus</strong></span> <span class='ocrx_word' id='word_1_804' title='bbox 3378 5165 3580 5219; x_wconf 69' lang='lat' dir='ltr'><strong>Grtccis</strong></span> 
     </span>
    </p>
   </div>
   <div class='ocr_carea' id='block_1_114' title="bbox 2006 5247 3584 5323">
    <p class='ocr_par' dir='ltr' id='par_1_114' title="bbox 2006 5247 3584 5323">
     <span class='ocr_line' id='line_1_114' title="bbox 2006 5247 3584 5323; baseline 0.006 -24"><span class='ocrx_word' id='word_1_805' title='bbox 2006 5247 2304 5316; x_wconf 80' lang='lat' dir='ltr'><strong>appingunt</strong></span> <span class='ocrx_word' id='word_1_806' title='bbox 2333 5249 2479 5314; x_wconf 88' lang='lat' dir='ltr'><strong>quod</strong></span> <span class='ocrx_word' id='word_1_807' title='bbox 2504 5249 2793 5305; x_wconf 90' lang='lat' dir='ltr'><strong>concilium</strong></span> <span class='ocrx_word' id='word_1_808' title='bbox 2832 5250 3147 5323; x_wconf 87' lang='lat' dir='ltr'><strong>Trullanum</strong></span> <span class='ocrx_word' id='word_1_809' title='bbox 3176 5257 3312 5310; x_wconf 75' lang='lat' dir='ltr'><strong>(Jan.</strong></span> <span class='ocrx_word' id='word_1_810' title='bbox 3343 5257 3412 5310; x_wconf 88' lang='lat'><strong>69</strong></span> <span class='ocrx_word' id='word_1_811' title='bbox 3444 5257 3584 5322; x_wconf 72' lang='grc' dir='ltr'><strong>κατᾲ</strong></span> 
     </span>
    </p>
   </div>
   <div class='ocr_carea' id='block_1_115' title="bbox 2003 5339 3580 5412">
    <p class='ocr_par' dir='ltr' id='par_1_115' title="bbox 2003 5339 3580 5412">
     <span class='ocr_line' id='line_1_115' title="bbox 2003 5339 3580 5412; baseline 0.004 -22"><span class='ocrx_word' id='word_1_812' title='bbox 2003 5354 2122 5391; x_wconf 84' lang='grc' dir='ltr'>τινα</span> <span class='ocrx_word' id='word_1_813' title='bbox 2138 5339 2502 5410; x_wconf 80' lang='grc' dir='ltr'>ἀρχαιοτάτην</span> <span class='ocrx_word' id='word_1_814' title='bbox 2519 5344 2812 5412; x_wconf 75' lang='grc' dir='ltr'>παράδοσιν</span> <span class='ocrx_word' id='word_1_815' title='bbox 2836 5350 3061 5398; x_wconf 80' lang='lat' dir='ltr'><strong>testatur</strong></span> <span class='ocrx_word' id='word_1_816' title='bbox 3081 5346 3362 5408; x_wconf 86' lang='lat' dir='ltr'><strong>usitatum,</strong></span> <span class='ocrx_word' id='word_1_817' title='bbox 3390 5360 3443 5400; x_wconf 86' lang='lat' dir='ltr'><strong>ut</strong></span> <span class='ocrx_word' id='word_1_818' title='bbox 3467 5362 3580 5398; x_wconf 89' lang='lat' dir='ltr'><strong>cum</strong></span> 
     </span>
    </p>
   </div>
   <div class='ocr_carea' id='block_1_116' title="bbox 2004 5428 3585 5504">
    <p class='ocr_par' dir='ltr' id='par_1_116' title="bbox 2004 5428 3585 5504">
     <span class='ocr_line' id='line_1_116' title="bbox 2004 5428 3585 5504; baseline 0.004 -23"><span class='ocrx_word' id='word_1_819' title='bbox 2004 5428 2223 5481; x_wconf 88' lang='lat' dir='ltr'><strong>voluerit</strong></span> <span class='ocrx_word' id='word_1_820' title='bbox 2238 5428 2477 5482; x_wconf 82' lang='lat' dir='ltr'><strong>Creatori</strong></span> <span class='ocrx_word' id='word_1_821' title='bbox 2499 5448 2695 5485; x_wconf 86' lang='lat' dir='ltr'><strong>munus</strong></span> <span class='ocrx_word' id='word_1_822' title='bbox 2713 5435 2898 5502; x_wconf 61' lang='lat' dir='ltr'><strong>oﬁerre</strong></span> <span class='ocrx_word' id='word_1_823' title='bbox 2920 5437 3060 5489; x_wconf 91' lang='lat' dir='ltr'><strong>intra</strong></span> <span class='ocrx_word' id='word_1_824' title='bbox 3083 5454 3288 5491; x_wconf 87' lang='lat' dir='ltr'><strong>sacrum</strong></span> <span class='ocrx_word' id='word_1_825' title='bbox 3307 5439 3483 5490; x_wconf 89' lang='lat' dir='ltr'><strong>altare</strong></span> <span class='ocrx_word' id='word_1_826' title='bbox 3506 5440 3585 5504; x_wconf 57' lang='lat' dir='ltr'><strong>ig;</strong></span> 
     </span>
    </p>
   </div>
   <div class='ocr_carea' id='block_1_117' title="bbox 2004 5518 3581 5587">
    <p class='ocr_par' dir='ltr' id='par_1_117' title="bbox 2004 5518 3581 5587">
     <span class='ocr_line' id='line_1_117' title="bbox 2004 5518 3581 5587; baseline 0.006 -20"><span class='ocrx_word' id='word_1_827' title='bbox 2004 5518 2297 5583; x_wconf 72' lang='lat' dir='ltr'><strong>gradiatur.</strong></span> <span class='ocrx_word' id='word_1_828' title='bbox 2351 5518 2619 5574; x_wconf 87' lang='lat' dir='ltr'><strong>Chosrocs</strong></span> <span class='ocrx_word' id='word_1_829' title='bbox 2668 5520 2955 5576; x_wconf 85' lang='lat' dir='ltr'><strong>Persarum</strong></span> <span class='ocrx_word' id='word_1_830' title='bbox 3001 5540 3092 5579; x_wconf 79' lang='lat' dir='ltr'><strong>rex</strong></span> <span class='ocrx_word' id='word_1_831' title='bbox 3144 5526 3374 5581; x_wconf 80' lang='lat' dir='ltr'><strong>inﬁdelis</strong></span> <span class='ocrx_word' id='word_1_832' title='bbox 3418 5527 3536 5579; x_wconf 81' lang='lat' dir='ltr'><strong>licet</strong></span> <span class='ocrx_word' id='word_1_833' title='bbox 3564 5564 3581 5587; x_wconf 83' lang='lat'><strong><em>.</em></strong></span> 
     </span>
    </p>
   </div>
   <div class='ocr_carea' id='block_1_118' title="bbox 2006 5608 3581 5681">
    <p class='ocr_par' dir='ltr' id='par_1_118' title="bbox 2006 5608 3581 5681">
     <span class='ocr_line' id='line_1_118' title="bbox 2006 5608 3581 5681; baseline 0.005 -25"><span class='ocrx_word' id='word_1_834' title='bbox 2006 5614 2183 5658; x_wconf 84' lang='lat' dir='ltr'><strong>tamen</strong></span> <span class='ocrx_word' id='word_1_835' title='bbox 2225 5608 2398 5674; x_wconf 81' lang='lat' dir='ltr'><strong>Sergii</strong></span> <span class='ocrx_word' id='word_1_836' title='bbox 2441 5611 2693 5676; x_wconf 87' lang='lat' dir='ltr'><strong>martyris</strong></span> <span class='ocrx_word' id='word_1_837' title='bbox 2755 5611 3016 5665; x_wconf 83' lang='lat' dir='ltr'><strong>beneﬁcio</strong></span> <span class='ocrx_word' id='word_1_838' title='bbox 3052 5628 3111 5667; x_wconf 87' lang='lat' dir='ltr'><strong>se</strong></span> <span class='ocrx_word' id='word_1_839' title='bbox 3148 5615 3453 5681; x_wconf 87' lang='lat' dir='ltr'><strong>suscepisse</strong></span> <span class='ocrx_word' id='word_1_840' title='bbox 3491 5627 3581 5665; x_wconf 90' lang='lat' dir='ltr'><strong>ar-</strong></span> 
     </span>
    </p>
   </div>
   <div class='ocr_carea' id='block_1_119' title="bbox 2006 5696 3580 5774">
    <p class='ocr_par' dir='ltr' id='par_1_119' title="bbox 2006 5696 3580 5774">
     <span class='ocr_line' id='line_1_119' title="bbox 2006 5696 3580 5774; baseline 0.006 -26"><span class='ocrx_word' id='word_1_841' title='bbox 2006 5696 2471 5751; x_wconf 83' lang='lat' dir='ltr'><strong>bitratuscrucem</strong></span> <span class='ocrx_word' id='word_1_842' title='bbox 2501 5712 2719 5755; x_wconf 84' lang='lat' dir='ltr'><strong>auream</strong></span> <span class='ocrx_word' id='word_1_843' title='bbox 2751 5702 2804 5756; x_wconf 93' lang='lat' dir='ltr'><strong>in</strong></span> <span class='ocrx_word' id='word_1_844' title='bbox 2826 5704 3010 5772; x_wconf 85' lang='lat' dir='ltr'><strong>templi</strong></span> <span class='ocrx_word' id='word_1_845' title='bbox 3041 5706 3159 5774; x_wconf 87' lang='lat' dir='ltr'><strong>ejus</strong></span> <span class='ocrx_word' id='word_1_846' title='bbox 3176 5706 3337 5760; x_wconf 83' lang='lat' dir='ltr'><strong>altari</strong></span> <span class='ocrx_word' id='word_1_847' title='bbox 3366 5704 3580 5758; x_wconf 78' lang='lat' dir='ltr'><strong>dedica-</strong></span> 
     </span>
    </p>
   </div>
   <div class='ocr_carea' id='block_1_120' title="bbox 2002 5789 3579 5863">
    <p class='ocr_par' dir='ltr' id='par_1_120' title="bbox 2002 5789 3579 5863">
     <span class='ocr_line' id='line_1_120' title="bbox 2002 5789 3579 5863; baseline 0.004 -23"><span class='ocrx_word' id='word_1_848' title='bbox 2002 5789 2096 5842; x_wconf 74' lang='lat' dir='ltr'><strong>rit.</strong></span> <span class='ocrx_word' id='word_1_849' title='bbox 2130 5789 2229 5853; x_wconf 81' lang='lat' dir='ltr'><strong>Qui</strong></span> <span class='ocrx_word' id='word_1_850' title='bbox 2259 5791 2374 5857; x_wconf 84' lang='lat' dir='ltr'><strong>ejus</strong></span> <span class='ocrx_word' id='word_1_851' title='bbox 2417 5790 2573 5858; x_wconf 80' lang='lat' dir='ltr'><strong>jussu</strong></span> <span class='ocrx_word' id='word_1_852' title='bbox 2604 5792 2903 5861; x_wconf 76' lang='lat' dir='ltr'><strong>deferebat,</strong></span> <span class='ocrx_word' id='word_1_853' title='bbox 2964 5798 3034 5851; x_wconf 87' lang='lat' dir='ltr'><strong>ait</strong></span> <span class='ocrx_word' id='word_1_854' title='bbox 3071 5797 3393 5863; x_wconf 85' lang='lat' dir='ltr'><strong>Simocatta,</strong></span> <span class='ocrx_word' id='word_1_855' title='bbox 3446 5795 3485 5849; x_wconf 91' lang='lat' dir='ltr'><strong>l.</strong></span> <span class='ocrx_word' id='word_1_856' title='bbox 3524 5807 3579 5860; x_wconf 78' lang='grc' dir='ltr'>ν,</span> 
     </span>
    </p>
   </div>
  </div>
