4048 6420
494 334 597 399 369

1598 330 1980 394 GRETSERI
2014 330 2111 393 ET
2152 331 2391 393 GOAIll
2430 330 2667 393 NOTAE.

3627 310 3731 388 37o

493 450 742 506 stabilem
770 458 822 505 et
854 449 1019 505 fixum
1053 451 1233 507 locum
1264 450 1430 506 habet
1489 449 1630 506 inter
1652 451 1771 506 dies
1826 452 2050 517 mensis,

2165 451 2253 519 λης
2290 448 2576 517 Κυριακῆς
2618 446 2713 500 τοῦ
2773 445 2963 514 Πάσχα
3008 442 3246 510 καὶ’τῆς
3304 438 3601 533 “aegaeo:
3633 441 3733 507 τῆς

491 545 566 607 ὡς
584 542 645 599 τὸ
669 544 895 610 τέμενος
914 543 942 594 ὁ
988 543 1317 605 ἀποσταλεὶς
1352 543 1684 611 ἀφικνεῖται,
1713 545 1782 595 τά
1814 558 1871 594 τε
1905 543 2058 613 δῶρα.

490 632 561 685 τὰ
602 628 702 685 τοῦ
747 630 1009 699 βασιλέως
1081 631 1198 699 ἅμα
1247 633 1362 695 τοῖς
1404 632 1696 703 γράμμασι
1737 634 1795 684 ἐν
1820 634 1886 701 τῇ
1938 634 2060 704 ἱερᾷ

495 723 778 792 περιέθετο
806 723 1071 792 τραπέζῃ.
1109 722 1247 778 Num
1298 726 1481 793 potius
1517 724 1783 781 mendacii
1833 725 2060 780 convin-

494 816 700 869 cendus
729 825 851 870 erat
873 814 1160 870 Balsamon
1190 816 1244 869 in
1287 819 1540 873 eumdem
1598 834 1863 875 canonem
1895 821 2057 876 nobis

494 920 802 974 opponens:
830 908 965 976 Περὶ
1009 907 1066 960 δέ
1090 925 1154 977 γε
1179 907 1289 962 τῶν
1317 910 1567 965 Λατίνων
1598 911 1857 980 μανθάνω
1882 914 1967 966 ὅτι
1993 915 2055 967 οὐ

500 998 661 1063 μόνον
715 996 893 1052 λαῖκοὶ
957 998 1151 1069 ἄνδρες
1207 1000 1343 1055 ἀλλὰ
1396 1002 1489 1056 καὶ
1542 1005 1799 1071 γυναῖκες
1862 1007 1942 1068 εἰς
1997 1005 2060 1057 τὸ

492 1086 647 1154 ἅγιον
695 1088 846 1159 βῆμα
881 1089 1240 1160 εἰσέρχονται,
1279 1093 1373 1145 καὶ
1422 1092 1692 1163 κάθηνται
1747 1096 2059 1166 ἱσταμένων

496 1178 757 1242 πολλάκις
797 1179 890 1232 καὶ
908 1179 1018 1239 τῶν
1045 1180 1493 1250 ἱερουργούντων.
1525 1182 1677 1239 Thus
1710 1187 1929 1255 quidem
1963 1187 2058 1241 lai-

493 1270 540 1322 ci
573 1268 748 1324 Latini
774 1285 883 1326 non
911 1281 1178 1340 vaporant
1208 1271 1260 1325 in
1299 1274 1495 1329 altari:
1538 1284 1590 1327 at
1628 1290 1748 1329 cum
1793 1276 2055 1330 lectorum

494 1364 662 1415 choro
686 1363 827 1419 datis
860 1364 1022 1418 etiam
1048 1365 1314 1420 lectorum
1340 1367 1665 1433 insignibus,
1695 1369 1760 1422 de
1785 1370 1986 1438 quibus
2006 1385 2058 1424 c.

498 1454 584 1520 Π,
609 1453 783 1510 Graeci
828 1471 987 1512 suum
1023 1457 1404 1526 imperatorem
1439 1461 1872 1530 aggregaverint,
1910 1462 2062 1516 nullo

499 1544 820 1615 irreligionis
888 1547 1121 1603 crimine
1209 1552 1525 1613 accusandi.
1598 1553 1666 1616 si,
1746 1553 1893 1621 quod
1950 1555 2062 1623 egit

498 1636 746 1692 Salomon
800 1640 1035 1709 Paralip.
1102 1642 1156 1705 6,
1212 1652 1270 1697 ut
1322 1654 1662 1698 converteret
1729 1643 1923 1699 faciem
2007 1653 2062 1699 et

498 1726 832 1784 lienediceret
868 1730 1132 1785 universa
1167 1731 1500 1786 multitudini
1544 1731 1733 1798 lsrael,
1793 1730 2063 1788 Christia-

2159 539 2606 609 Διακαινησίμου.
2652 537 2718 591 ΕΙ.
2749 537 2801 589 in
2839 536 2955 605 ipso
2983 534 3163 603 capite
3202 531 3449 601 singulas
3478 529 3599 585 dies
3632 544 3729 583 seu

2161 632 2327 687 ferias
2383 630 2654 699 paschalis
2720 628 2899 691 illius.
2937 625 3296 681 hebdomadis
3370 636 3730 677 enumerans.

2159 723 2456 777 secundam
2485 720 2677 774 feriam
2697 728 2855 773 vocat
2882 717 2978 781 τὴν
3013 719 3275 788 δευτέραν
3309 715 3409 783 τῆς
3437 716 3736 780 Διακαινη-

2161 813 2342 881 σίμου,
2388 812 2599 865 tertiam
2642 813 2740 879 τὴν
2769 808 2968 878 τρίτην
3012 808 3115 877 τῆς
3149 806 3615 875 Διακαινησξμου,
3675 814 3732 856 et

2157 902 2233 955 ita
2258 901 2513 971 deinceps
2535 916 2708 969 usque
2730 900 2795 953 ad
2818 895 3124 956 Sabbatum
3154 899 3250 966 τῆς
3269 895 3727 963 Διακαινησιμου.

2158 991 2303 1047 Idem
2354 1008 2421 1046 ex
2465 993 2584 1047 aliis
2624 992 2943 1047 Grzncoruin
2988 990 3141 1045 libris
3193 989 3484 1043 ritualibus
3530 987 3725 1055 liquot.

2160 1083 2351 1138 Pollux
2384 1085 2437 1138 in
2479 1085 2752 1139 Chronico
2796 1098 2893 1138 suo
2933 1100 2946 1136 :
2994 1083 3192 1152 Τρίτον
3233 1082 3399 1145 νόμον
3463 1079 3727 1147 ἔγραψεν,

2159 1179 2484 1248 ἀπράκτους
2515 1175 2657 1230 εἶναι
2688 1176 2787 1238 τὰς
2818 1175 2911 1228 δύο
2930 1175 3029 1244 τῆς
3062 1174 3375 1245 πασχαλίας
3404 1172 3729 1241 ἑῦδομὰδαε,

2164 1270 2295 1339 μίαν
2370 1269 2469 1337 μὲν
2512 1271 2648 1339 πρὸ,
2717 1268 2844 1336 μίαν
2908 1265 2968 1318 δὲ
3022 1265 3183 1334 μετὰ.
3246 1264 3338 1318 Illa
3394 1271 3577 1317 autem
3629 1263 3729 1332 μία

2163 1362 2301 1432 μετά
2333 1374 2416 1416 est
2448 1359 2744 1414 hebdomas
2764 1358 2865 1427 τῆς
2892 1356 3347 1425 Διακαινησίμου.
3565 1426 3579 1442 ἱ

2234 1452 2367 1506 Male
2392 1466 2523 1520 ergo
2544 1450 2903 1506 Calvinianus
2930 1449 3258 1504 scholiastcs
3286 1448 3482 1504 Junius
3510 1450 3562 1501 in
3586 1451 3731 1502 notis

2163 1546 2553 1613 interpretatur
2587 1542 2860 1613 ἑὸδομὰδα
2897 1541 3323 1611 διακαινησιμου
3360 1542 3735 1594 hebdomadam

2166 1637 2515 1705 rogationum.
2561 1635 2697 1690 Male
2730 1634 2894 1689 etiam
2927 1634 3196 1688 rationem
3228 1632 3468 1686 nominis
3505 1631 3737 1685 reddens

2165 1730 2242 1780 ait
2290 1743 2407 1781 eam
2456 1727 2564 1781 dici
2614 1726 3015 1794 διακενὶσιμον,
3066 1724 3422 1779 exinanitioni
3473 1725 3736 1781 dicatam.

498 1836 598 1875 Ilus
619 1820 872 1890 princeps
895 1822 1207 1878 Christiano
1230 1823 1431 1893 populo
1460 1825 1595 1879 bene
1617 1825 1825 1893 precari
1844 1825 2064 1884 audeat,
2097 1815 2139 1872 Β
2168 1819 2293 1887 quia
2353 1835 2447 1889 per
2493 1819 2629 1872 illud
2671 1827 2872 1888 tempus
2914 1817 3233 1871 exinanirent
3279 1832 3378 1868 sua
3419 1830 3641 1882 corpora
3691 1825 3740 1867 ρι

497 1908 611 1963 Non
645 1920 970 1979 arroganter
1002 1916 1187 1981 Itaque
1217 1913 1302 1968 vel
1342 1923 1548 1969 temere
1568 1916 1884 1983 pontificum
1905 1931 2071 1971 usur-

497 2010 616 2067 pata
640 2010 908 2071 potestate
926 2020 1044 2057 cera
1085 2004 1441 2058 characterem
1475 2006 1733 2073 imprimit
1766 2008 2065 2075 imperator

493 2094 909 2165 Gmcus(quis
942 2097 1110 2161 enim,
1156 2098 1247 2167 qui
1277 2097 1585 2153 Graecarum
1627 2100 1931 2154 litterarum
1996 2090 2069 2159 sit

499 2184 782 2240 tlementis
812 2186 1075 2252 imbutus,
1106 2187 1383 2258 τρικηρῑῳ
1439 2191 1767 2258 σφραγίζειν
1792 2192 1865 2245 ita
1896 2192 2067 2249 inter-

497 2277 790 2347 pretatur?)
813 2278 909 2333 sed
930 2279 1158 2347 trifurco
1182 2279 1297 2334 sive
1323 2281 1546 2349 tricipiti
1561 2298 1729 2345 cerea,
1758 2282 2063 2349 Trinitatis,

495 2382 521 2418 a
557 2382 661 2436 qua
712 2368 1108 2425 benedictionis
1164 2372 1474 2427 scaturiunt
1511 2374 1637 2437 rivi,
1692 2374 1958 2444 symbolo,
1996 2392 2065 2439 ex

494 2458 797 2516 dilectionis
826 2460 1045 2525 aﬂ'cctu,
1089 2462 1476 2519 ecclesiasticas
1526 2465 1807 2535 dignitatis
1839 2481 2069 2523 consor-

495 2552 590 2617 tio,
610 2562 663 2606 et
680 2552 724 2607 si
748 2553 903 2621 velis,
920 2555 1203 2622 potestatis
1220 2559 1591 2625 concess'one,
1611 2558 2063 2629 benedictionem,

497 2657 655 2710 quam
676 2654 933 2714 parentes
952 2646 1098 2714 filiis,
1122 2648 1509 2716 impertiuntur
1537 2651 1755 2720 ponulo.
1794 2653 2061 2706 Craterum

495 2736 619 2791 licet
655 2740 905 2807 vulgatus
930 2738 1275 2795 Balsamonis
1313 2750 1496 2797 textus
1524 2759 1629 2797 non
1658 2746 1913 2799 exhibeat
1960 2764 2063 2801 un-

495 2827 583 2894 de,
612 2828 755 2897 quod
782 2828 1005 2896 insuper
1044 2827 1327 2899 objicitur,
1373 2829 1712 2894 desumatur,
1751 2833 1874 2901 quin
1906 2834 2063 2885 etiam

496 2919 832 2984 imperatores
852 2918 1103 2987 populum
1135 2918 1203 2972 ad
1228 2919 1389 2989 333
1416 2937 1532 2973 eum
1561 2921 1944 2977 instituendum
1971 2926 2064 2977 do-

495 3021 627 3074 cent.
656 3013 795 3081 quod
839 3012 963 3065 solis
1017 3013 1160 3065 illius
1192 3014 1419 3081 regionis
1473 3014 1799 3067 antistitibus
1857 3032 2068 3068 conces-

496 3121 607 3158 sum
643 3113 742 3169 est,
783 3104 1094 3159 communis
1125 3112 1304 3158 tamen
1337 3103 1597 3158 Ecclesiae
1616 3120 1822 3159 sensus
1845 3105 1953 3159 illis
1996 3105 2063 3158 ab

499 3198 599 3253 hoc
622 3196 904 3252 charitatis
932 3195 1128 3260 oﬂicio,
1158 3198 1302 3265 quod
1344 3196 1505 3249 ctiam
1558 3196 1742 3264 pueris
1774 3214 1869 3264 per
1893 3198 2061 3251 cccle-

498 3287 604 3341 sias
620 3286 673 3341 in
694 3287 905 3342 laudem
924 3296 1241 3341 sanctorum
1261 3286 1694 3343 declamantibus
1717 3289 2057 3353 conceditur,

498 3379 665 3433 noluit
690 3378 1062 3433 interdictum.

566 3470 626 3525 P.
646 3472 737 3525 77.
766 3470 1121 3542 |_Thesaurum
1158 3470 1471 3541 βεστιοιρίου
1500 3485 1636 3525 voce
1667 3487 2059 3540 nonnunquam

502 3562 909 3631 intelligendum
964 3576 1204 3633 praesens
1240 3563 1394 3618 locus
1427 3563 1681 3629 ostendit,
1720 3579 1819 3617 nec
1861 3581 1966 3618 non
2005 3581 2056 3621 c.

503 3652 533 3702 7
558 3653 713 3719 hujus
744 3652 949 3721 operis.

568 3742 708 3797 Ibid.
729 3742 914 3815 [Κατὰ
946 3741 1190 3812 δωρεάν.
1207 3742 1488 3799 Romanus
1516 3744 1755 3815 Argyrus
1789 3745 2061 3813 octnginta

498 3837 663 3891 libras
705 3837 846 3901 auri,
899 3836 975 3890 ait
1002 3835 1305 3900 Cedrenus,
1346 3851 1412 3890 ex
1466 3840 1661 3891 aerario
1703 3838 2061 3906 imperatorio

497 3930 793 3998 quotannis
814 3928 971 3998 pendi
999 3928 1188 3998 jussit.
1218 3928 1354 3983 Alias
1381 3929 1571 4000 viginti
1596 3930 1779 3984 forsan
1805 3930 2062 4001 deinceps

498 4022 714 4075 addita).

567 4112 710 4166 Ibid.
742 4113 980 4181 Λιτρας.
1008 4111 1138 4168 Auri
1168 4113 1360 4168 libram
1404 4112 1639 4169 Budaeus
1667 4116 1733 4169 de
1763 4131 1907 4179 asse,
1946 4115 1983 4169 1.
2008 4131 2061 4181 v,

499 4220 605 4259 non
638 4206 820 4261 minus
846 4205 1030 4259 aureis
1058 4206 1250 4260 solatis
1287 4214 1505 4262 centum
1534 4206 1793 4270 aestimat,
1826 4204 2062 4259 Lexicon

492 4297 782 4365 juridicum
828 4296 1177 4365 septuaginta
1237 4297 1487 4363 duobus,
1534 4297 1736 4351 Paulus
1785 4295 2063 4352 Diaconus

497 4388 681 4442 decem
729 4405 743 4442 :
787 4387 880 4442 tibi
938 4402 1175 4456 namque
1230 4386 1593 4456 Theophanes
1653 4390 1853 4441 ἑκατὸν
1906 4388 2063 4457 νομί-

2170 1923 2461 1980 macerant,
2517 1917 2725 1969 oraturi
2786 1914 2954 1968 Deum
3005 1928 3101 1983 pro
3145 1912 3515 1965 commoditate
3589 1913 3738 1964 anni.

2170 2006 2415 2060 Primum
2461 2023 2568 2061 non
2602 2006 2955 2062 scribendum
2997 2006 3373 2072 διακενίσιμος
3402 2004 3496 2057 sed
3528 2002 3740 2055 διακαι-

2140 2098 2425 2167 ννήσιμος,
2472 2109 2529 2152 ut
2552 2099 2758 2152 habent
2784 2097 3121 2166 exemplaria
3161 2094 3481 2157 Alexandri,
3515 2093 3738 2146 rituales

2169 2188 2292 2243 libri
2344 2189 2663 2244 Graecorum
2705 2196 2759 2244 et
2791 2189 2964 2243 codex
3014 2187 3367 2240 bibliotheca).
3402 2188 3739 2249 Augustanae

2171 2296 2301 2347 ms.,
2333 2296 2442 2350 quo
2474 2281 2828 2335 continentur
2870 2280 3151 2348 evangelia
3174 2279 3363 2332 diebus
3397 2277 3572 2333 sacris
3603 2291 3738 2345 pra:-

2170 2372 2271 2441 legi
2304 2373 2488 2437 solita,
2525 2388 2762 2442 quorum
2795 2371 3013 2425 initium
3037 2374 3106 2442 τῇ
3134 2371 3293 2441 τρίτῃ
3318 2369 3419 2437 τῆς
3445 2371 3742 2436 Διακαινη-

2170 2464 2351 2533 σίμου.
2427 2464 2697 2530 Quocirca
2765 2464 3065 2519 hebdomas
3135 2463 3237 2531 τῆς
3310 2460 3742 2529 Διακαινησῑμου

2169 2552 2371 2607 dicitur
2399 2553 2556 2622 quasi
2590 2553 2886 2622 septimana
2924 2551 3307 2616 renovationis,
3343 2550 3438 2603 τοῦ
3473 2550 3742 2602 sinuam-

2172 2644 2335 2713 σμοῦ,
2372 2659 2497 2698 cum
2534 2645 2753 2699 Christo
2787 2654 3110 2713 resurgente
3150 2645 3338 2698 omnia
3384 2651 3644 2696 renovata
3674 2646 3743 2695 ‘ct

2171 2735 2473 2790 instaurata
2509 2734 2734 2791 fuerint.
2793 2734 3047 2790 Secundo
3084 2745 3291 2790 tantum
3330 2734 3487 2789 abest
3541 2743 3598 2789 ut
3628 2735 3743 2788 hate

2169 2826 2472 2880 hebdomas
2502 2828 2571 2881 ab
2629 2827 3005 2881 exinanitione
3038 2826 3517 2896 jejunantiumque
3563 2826 3741 2880 inedia

2168 2932 2369 2972 nomen
2405 2917 2695 2981 invenerit,
2730 2924 2789 2969 ut
2819 2924 2929 2971 tota
2960 2917 3049 2970 illa
3084 2917 3426 2971 hebdomade
3462 2916 3735 2985 jejunium

2168 3009 2381 3063 solvere
2428 3010 2598 3062 moris
2636 3006 2818 3062 fuerit.
2881 3007 3061 3063 Testis
3091 3007 3380 3064 Balsamon
3411 3008 3462 3061 in
3517 3023 3639 3061 can.
3672 3008 3742 3062 69

2172 3109 2348 3167 apost.
2405 3099 2508 3166 Qui
2557 3116 2679 3154 cum
2733 3100 3137 3168 percensuisset
3194 3100 3313 3153 dies
3351 3099 3550 3168 quibus
3600 3098 3740 3167 jeju-

2169 3194 2410 3246 nandnm
2462 3202 2567 3258 est,
2614 3195 2817 3263 excipit
2864 3200 3091 3262 quartos
3157 3192 3275 3246 dies
3317 3202 3370 3247 et
3412 3206 3742 3260 parascevas

2163 3288 2257 3340 Seu
2283 3285 2445 3337 ferias
2480 3294 2681 3349 sextas,
2708 3302 2828 3354 qua:
2872 3282 3130 3339 suntdmb
3178 3284 3278 3353 τῆς
3311 3284 3593 3354 ἀποκρέου
3645 3299 3740 3337 seu

2164 3377 2577 3444 azdxpem,ante
2603 3377 3047 3446 carnisprivium,
3071 3376 3233 3447 334
3268 3385 3321 3429 ct
3351 3390 3471 3445 quas
3500 3375 3744 3445 suntnpb

2161 3470 2259 3536 τῆς
2304 3471 2656 3538 τυροφὰγου,
2714 3481 2766 3524 et
2816 3470 3209 3525 hebdomadam
3257 3470 3353 3540 τῆς
3397 3469 3744 3537 Διακαινησί-

2170 3579 2293 3629 μου.
2331 3562 2392 3614 In
2434 3563 2501 3616 iis
2539 3565 2674 3615 enim
2717 3563 2991 3626 solvimus,
3033 3563 3211 3631 inquit
3256 3562 3565 3625 Balsama",
3615 3564 3739 3631 quia

2156 3655 2407 3724 jejunant
2465 3655 2702 3709 Armenii
2736 3668 2951 3726 propter
2984 3657 3273 3711 Ninivitas.
3326 3656 3393 3708 In
3439 3672 3497 3709 eo
3528 3657 3617 3725 qui
3668 3666 3744 3708 cst

2168 3758 2288 3801 ante
2340 3751 2765 3816 carnisprivium,
2826 3761 2877 3803 et
2933 3753 2985 3804 in
3016 3767 3075 3804 eo
3132 3752 3226 3818 qui
3276 3759 3356 3805 est
3401 3758 3525 3803 ante
3582 3767 3745 3817 τυρο-

2168 3841 2362 3907 φάγον,
2405 3841 2641 3894 Ιιωνειὶεἱ
2670 3842 2954 3896 Tetradita:
2988 3859 3237 3907 magnum
3277 3842 3537 3912 jejunium
3569 3841 3745 3895 obser-

2168 3942 2321 3996 vant,
2359 3932 2638 3985 hebdomas
2665 3943 2843 3987 autem
2888 3936 2987 3995 τῆς
3020 3935 3453 4003 Διακαινησιμου
3492 3941 3745 4005 tanquam

2165 4021 2276 4087 ipse
2326 4037 2545 4091 magnus
2605 4021 2895 4076 dominicus
2949 4021 3246 4091 (l’asclne)
3304 4025 3744 4091 dies’reputatur.

2166 4111 2312 4166 Idem
2357 4115 2516 4168 docet
2560 4114 2882 4170 Anastasius
2924 4116 3219 4184 cpiscopus
3263 4116 3532 4171 Caesareas
3580 4115 3744 4169 Palic-

2168 4205 2328 4258 stinaa
2360 4213 2523 4259 tract.
2551 4205 2618 4258 de
2649 4205 2975 4269 Artziburio,
3006 4207 3093 4260 ubi
3124 4208 3265 4259 inter
3297 4207 3674 4261 hebdomadas
3708 4223 3735 4258 a

2160 4296 2369 4367 jejunio
2395 4297 2556 4365 plane
2589 4308 2842 4367 exceptas
2870 4300 3021 4367 ponit
3061 4300 3160 4370 τὴν
3186 4299 3457 4368 ἑϐδομάδα
3489 4299 3586 4368 τῆς
3620 4302 3747 4351 Δια·

2168 4388 2519 4460 καινησιμου.
2549 4391 2819 4474 ⁸ιῖέιιῐηιίεηη
2873 4392 3264 4447 hebdomadem
3312 4393 3454 4446 inter
3486 4404 3745 4461 exceptas

500 4496 700 4548 σματα,
730 4480 844 4549 ipse
876 4479 1058 4534 decem
1102 4478 1272 4534 libras
1297 4488 1575 4533 numerat.
1619 4479 1895 4533 Blasmres
1935 4488 2059 4532 octo
2086 4493 2140 4552 ι)
2167 4492 2417 4535 numerat
2443 4481 2701 4535 Nicolaus
2730 4483 3042 4552 patriarcha
3068 4484 3390 4554 Cpolitanus
3413 4486 3467 4540 in
3495 4486 3747 4542 versibus

501 4569 731 4636 pretium
763 4570 880 4638 ejus
913 4577 1098 4623 censet
1129 4585 1177 4623 c.
1202 4571 1250 4633 7,
1286 4570 1379 4622 τοῦ
1412 4572 1455 4622 Τ
1485 4572 1757 4641 στοιχείου
1793 4588 1807 4626 :
1838 4571 1902 4624 Ἡ
1939 4572 2067 4641 παρ’

501 4661 657 4732 ἡμῶν
678 4662 1009 4731 νομιζομένη
1033 4662 1191 4731 λίτρα
1208 4662 1519 4729 νομίσματα
1542 4663 1653 4733 ἔχει
1677 4663 1841 4717 ὀκτώ.
1863 4662 2065 4732 GOAR.]

568 4754 627 4807 P.
662 4753 747 4805 77.
802 4752 1113 4807 Hebdomas
1141 4754 1565 4822 διακαινήσιμος
1603 4768 1685 4809 est
1716 4764 1828 4810 tota
1859 4756 2067 4810 hebdo-

499 4860 614 4898 mas
634 4844 927 4913 paschalis,
955 4860 1076 4913 quae
1105 4846 1300 4899 festum
1333 4845 1557 4901 Pascha:
1605 4848 1851 4913 proxime
1884 4847 2067 4918 sequi-

498 4946 588 4989 tur
611 4946 662 4989 ct
690 4950 796 5004 qua
828 4934 1176 4990 Besurreotio
1212 4938 1427 4991 Domini
1475 4940 1705 4993 solemni
1739 4940 2065 4995 caeremonia

501 5029 830 5082 celebratur.
867 5028 924 5081 ld
963 5029 1195 5082 Ostende
1228 5031 1462 5097 primum
1500 5032 1814 5087 testimonio
1842 5032 2066 5089 Maximi

503 5122 768 5191 ﬁlargunii
813 5121 1050 5190 episcopi
1089 5120 1285 5186 Graeci,
1338 5124 1429 5192 qui
1478 5125 1765 5181 consultus
1800 5128 2064 5196 quidnam

501 5217 605 5270 hoc
647 5214 917 5270 vocabulo
962 5214 1321 5283 significetur,
1378 5217 1663 5285 respondit
1715 5218 1800 5275 his
1838 5220 2063 5276 verbis:

502 5304 839 5373 Σηραενεται
903 5303 1036 5373 παρ’
1094 5305 1226 5374 ἡμῖν
1282 5304 1372 5357 διὰ
1421 5306 1617 5358 τούτου
1660 5306 1752 5359 τοῦ
1802 5307 2069 5377 ὀνόματος

498 5397 591 5465 δὶη
634 5397 666 5465 ἡ
706 5395 899 5465 πρώτη
932 5395 1166 5462 ἑϐδομὰς
1193 5396 1292 5461 τῆς
1340 5397 1716 5466 ἀναστασίμου
1754 5397 1848 5449 τοῦ
1882 5399 2063 5469 Σωτῆ-

501 5504 592 5556 ρος
621 5488 776 5556 ἡμῶν
803 5487 1017 5557 ἑορτῆς.
1053 5483 1189 5540 Vide
1211 5486 1455 5556 Catalog.
1488 5487 1797 5542 biliothcca:
1825 5491 2062 5559 August.

502 5579 570 5632 ab
612 5578 921 5634 llmschclio
980 5579 1210 5634 editum.
1261 5580 1514 5634 Secundo
1572 5581 1713 5635 idem
1775 5583 1945 5651 probo
1999 5598 2064 5637 ex

500 5671 705 5741 Typico
735 5672 793 5726 S.
846 5672 1025 5736 Salue,
1063 5672 1155 5725 ubi
1193 5672 1353 5740 capiti
1396 5673 1462 5726 46
1509 5674 1821 5741 huiusmodi
1871 5675 2063 5729 titulus

504 5762 795 5833 pra-ﬁgitur
832 5781 845 5818 :
875 5763 1090 5833 Εἵδησις
1115 5763 1209 5816 τοῦ
1244 5765 1411 5816 τύπου
1448 5764 1545 5833 τῆς
1576 5766 1738 5833 ἁγίας
1772 5768 1859 5819 καὶ
1890 5768 2064 5836 μῖγά-

2172 4572 2237 4625 ad
2278 4574 2625 4629 Anastasium
2662 4576 2863 4629 montis
2898 4575 3045 4630 Sinai
3075 4577 3396 4632 antistitem.

2240 4663 2576 4732 Rogationes
2628 4667 2898 4722 triduana}
2933 4677 3059 4722 ante
3096 4673 3483 4725 ascensionem
3529 4672 3742 4725 Domini

2169 4752 2375 4809 Graecis
2409 4756 2606 4825 ignota:
2641 4767 2802 4823 Sunt;
2851 4775 2951 4813 nec
2986 4760 3094 4813 ulla
3126 4762 3329 4813 habent
3360 4770 3499 4814 stata
3532 4760 3742 4831 jejunia

2168 4844 2312 4899 inter
2370 4847 2581 4903 Pascha
2640 4859 2695 4903 et
2753 4850 3131 4904 Pcntecustcn.
3195 4851 3439 4920 Nqatsiz
3500 4854 3609 4923 γὰρ
3673 4854 3736 4906 οὗ

2167 4940 2500 5010 γέγραπται,
2525 4942 2643 4994 οὐδὲ
2674 4944 3009 5010 γονυκλισίκ,
3033 4945 3209 5010 ἱΙιίιι²ῐ
3235 4944 3496 4997 Nicolaus
3516 4947 3740 5014 patriar-

2168 5031 2273 5085 cha
2334 5033 2399 5087 de
2460 5042 2704 5100 tempore
2762 5033 2904 5089 inter
2958 5034 3168 5087 Pascha
3242 5044 3298 5088 et
3355 5035 3737 5092 Pentecosten.

2167 5122 2304 5179 Vide
2345 5123 2609 5196 Typicum
2657 5124 2835 5190 Sahas,
2889 5139 2941 5178 c.
2995 5127 3082 5180 5L
3147 5128 3436 5183 Consentit
3480 5144 3604 5182 cum
3656 5130 3741 5185 his

2166 5214 2372 5269 nostris
2429 5214 2767 5270 Glossarium
2816 5214 3379 5291 Graeco-Barbarum,
3433 5222 3540 5276 nisi
3596 5223 3741 5291 quod

2166 5305 2331 5360 scribi
2354 5304 2509 5375 jubet
2533 5305 2957 5377 διακαινίσιμος.
3009 5288 3115 5364 Sed
3151 5310 3397 5367 Rituales
3437 5313 3563 5368 libri
3594 5288 3736 5369 scri-

2165 5407 2381 5467 pturam
2415 5409 2656 5455 nostram
2710 5401 3031 5470 plerumque
3064 5396 3381 5474 praeferunt.

2239 5491 2516 5546 Dominica
2565 5494 2709 5548 hanc
2758 5496 3151 5551 hebdomadem
3201 5502 3565 5564 subsequens,
3617 5512 3738 5564 quze

2165 5581 2323 5638 nobis
2355 5592 2439 5639 est
2472 5583 2751 5640 Dominica
2784 5586 2835 5640 in
2863 5587 3023 5652 albis,
3054 5587 3255 5643 Graecis
3278 5594 3361 5639 cst
3392 5582 3553 5654 καινὴ
3582 5586 3613 5655 ἢ
3645 5587 3734 5638 νέα

2163 5676 2441 5745 Κυριακή,
2470 5694 2605 5730 nova
2646 5677 2944 5740 Dominica,
2973 5684 3027 5732 in
3056 5694 3221 5747 quam
3259 5686 3439 5732 exstat
3461 5680 3637 5731 oratio
3675 5679 3733 5732 S.
3824 5718 3843 5727 -

2164 5767 2406 5838 Gregorii
2438 5766 2786 5835 Nazianzcni,
2810 5779 2861 5825 ct
2887 5781 2967 5826 cst
3000 5771 3174 5826 oratio
3194 5770 3289 5837 b3;
3316 5767 3559 5838 ejusdem
3585 5786 3731 5834 inca-
