4048 6448
341 318 443 386 3ῗ1

1431 316 1510 374 1N
1564 312 1861 374 LlBRUM
1904 312 2001 371 DE
2044 313 2364 373 OFFICIIS
2420 317 2524 377 (ΣΡ.

3476 314 3578 378 372

346 436 421 490 tio
442 434 499 489 tit
522 433 575 489 in
596 448 802 489 canone
823 430 890 486 66
906 429 1189 484 'lirullano.
1214 426 1447 481 Vocatur
1472 427 1633 479 etiam
1653 425 1911 494 Κυριακὴ
1936 426 1984 484 Δ
2014 427 2320 494 suhjectus,
2351 443 2475 483 eum
2510 430 2712 485 iterato
2731 430 2878 484 velut
2895 428 3113 500 lugubri
3141 428 3584 496 Quadragesimze

346 528 443 582 τοῦ
476 526 814 595 ἁντιπάσχα,
851 522 1011 593 quasi
1070 520 1350 575 Dominica
1406 518 1627 573 Pascha:
1672 517 1914 585 opposita

348 638 443 678 seu
477 622 814 691 respondens,
845 626 905 674 et
935 617 1198 690 Κυριακὴ
1253 615 1348 669 τοῦ
1382 615 1557 678 Θωμᾶ
1589 628 1686 670 seu
1728 611 1909 680 ψηλά-

350 731 513 785 φησις
533 712 628 766 τοῦ
663 710 821 778 ἁγίου
856 709 1074 774 ἐνδόξου
1108 707 1415 761 ἀποστόλου
1446 705 1642 774 Θωμᾶ,
1674 704 1817 773 quod
1850 715 1916 755 eo

350 808 437 861 die
462 806 670 871 legatur
692 802 1044 874 mangelium
1065 800 1131 855 de
1159 799 1368 853 Thoma
1393 797 1663 865 aposmlo,
1691 808 1913 847 manum

348 914 499 954 suam
520 899 574 952 in
605 898 833 952 ﬁxuram
852 895 1154 957 clavorum,
1175 892 1376 948 Christi
1401 890 1678 953 mandato,
1709 886 1916 941 inunit-

348 1000 514 1045 tente.
551 989 748 1046 (iners.

419 1082 560 1135 Ibid.
588 1080 1115 1154 [Τῆς-Ἐκκλησίας
1140 1078 1476 1147 ἀρχόντων.
1504 1074 1541 1127 li
1574 1079 1703 1137 sunt
1723 1069 1918 1140 praecio

347 1175 436 1243 pui
498 1172 707 1244 Magna:
774 1171 1034 1227 Ecclesia:
1095 1168 1354 1224 officiales
1418 1180 1481 1219 ac
1537 1164 1591 1217 in
1660 1160 1921 1231 dignitate

348 1266 678 1333 constituti,
734 1280 875 1335 quos
943 1264 1111 1319 etiam
1172 1260 1337 1328 vulgo
1411 1256 1505 1310 τοῦ
1573 1254 1919 1325 πατριάρχου

349 1357 656 1425 σύγκλητον
679 1357 1007 1427 patriarcha
1047 1363 1291 1407 senatum
1334 1351 1545 1405 dicunt.
1638 1374 1641 1377 <

421 1447 566 1502 Ibid.
601 1446 905 1519 [Εὐλογεῐ.
929 1444 1243 1499 Orationem
1266 1457 1294 1495 a
1324 1440 1634 1511 patriarcha
1678 1451 1920 1507 pronun-

350 1539 475 1592 tiari
502 1539 717 1593 solitam
750 1538 988 1607 reperies
1008 1536 1061 1590 in
1094 1532 1475 1603 Enchologicis
1500 1531 1722 1586 nostris:
1759 1529 1918 1583 Ὁσά-

353 1647 440 1691 κις
469 1630 604 1701 ἔλθῃ
634 1630 663 1682 ὁ
702 1628 1051 1698 πατριάρχης
1093 1628 1173 1689 εἰς
1218 1626 1309 1678 τὸν
1345 1622 1593 1695 βασιλέα,
1622 1620 1919 1691 ἐξαιρέτως

351 1724 407 1773 δὲ
432 1723 498 1791 τῇ
532 1723 769 1792 Πέμπτῃ
806 1720 906 1789 τῆς
930 1719 1386 1786 Διακαινησίμου.

2019 529 2260 587 tempore
2290 519 2527 590 atlligere
2584 530 2743 591 parat
2774 520 3031 576 ecclesia.
3086 519 3389 574 Commune
3424 520 3582 588 igitur

2017 629 2144 667 cum
2198 613 2321 670 aliis
2374 615 2634 681 templum
2706 616 3005 685 imperator
3067 614 3186 684 ipse
3244 614 3582 682 frequentat.

2020 716 2078 759 ut
2116 707 2452 775 pmnitentim
2479 722 2602 760 cum
2634 706 2759 761 aliis
2800 721 3033 762 consors
3072 720 3392 760 communes
3420 706 3579 760 etiam

2016 795 2143 849 aliis
2206 809 2429 861 precum
2458 794 2674 849 fructus
2704 794 2911 849 referre
2936 801 3233 846 mereatur.

2088 887 2150 941 P.
2191 887 2279 941 78.
2309 885 2579 959 [Γίνεται
2629 885 2747 955 μὲν
2812 884 3084 954 τράπεζα.
3150 882 3405 937 Nondum
3441 881 3582 936 enim

2020 978 2241 1034 advenit
2266 977 2447 1034 luctus
2471 974 2629 1043 hora,
2652 991 2755 1031 nec
2788 975 3070 1030 dominica
3098 972 3372 1028 festivitas
3395 970 3583 1041 ieiunii
3664 994 3667 1007 ι

2021 1069 2286 1124 molestia:
2316 1076 2495 1138 potest
2530 1067 2844 1123 admisceri.

2090 1159 2231 1214 Ibid.
2252 1159 2384 1231 [Ἐν
2409 1158 2477 1213 δὲ
2502 1157 2576 1225 τῇ
2598 1159 2703 1213 τοῦ
2732 1156 3063 1226 ἐσπερινοῦ
3084 1156 3225 1226 ὥρᾳ.
3242 1157 3359 1221 Qua
3386 1155 3582 1225 σημαί-

2020 1266 2100 1301 νει
2156 1249 2454 1319 ταχύτερον
2513 1250 2607 1303 διὰ
2645 1249 2744 1318 τὴν
2795 1249 2895 1315 τῆς
2952 1248 3303 1316 γονυκλισίας
3359 1248 3582 1299 ἀκολου-

2021 1340 2163 1404 θίαν,
2223 1338 2311 1393 Fit
2366 1341 2577 1410 signum
2606 1340 2763 1395 solito
2794 1341 2951 1395 citius
3005 1351 3216 1408 propter
3264 1338 3585 1405 (marcum!)

2020 1433 2428 1502 geniculationis
2462 1433 2712 1502 oﬂicium.

2095 1522 2237 1578 Ibid.
2272 1523 2413 1595 [Τὰς
2442 1524 2549 1578 τοῦ
2579 1523 2849 1593 μεγάλου
2879 1523 3231 1577 Βασιλείου.
3264 1520 3442 1575 llahes
3472 1519 3586 1571 illas
3636 1582 3653 1595 ί

2027 1616 2306 1671 orationes
2355 1631 2657 1686 earumque
2708 1613 3067 1684 legendarum
3108 1613 3297 1672 ritum,
3339 1625 3440 1665 nec
3478 1623 3585 1663 non

2028 1717 2085 1761 et
2125 1708 2292 1763 totius
2360 1707 2524 1777 hujus
2570 1706 2730 1762 ollicii
2770 1705 3172 1774 expositionem
3219 1717 3281 1755 ex
3331 1701 3450 1770 ipso
3490 1699 3589 1753 Ba-

424 1813 558 1866 Ibid.
598 1811 837 1883 [Εὺχὴν
852 1809 1135 1866 ἐπειπών.
1167 1807 1353 1863 Oratio
1382 1805 1623 1862 secundo
1644 1819 1673 1859 a
1693 1802 1923 1873 patriar-
1952 1830 1996 1888 Β
2029 1799 2153 1851 silio
2173 1809 2225 1852 et
2255 1797 2507 1851 Matthzeo
2554 1798 2796 1853 Blastare
2839 1798 2893 1851 in
2926 1795 3311 1862 Enchoiogicis
3344 1793 3585 1855 nostris;

351 1908 450 1960 cha
482 1903 760 1960 fundenda
790 1902 981 1958 eodem
1016 1898 1335 1971 Euchologii
1386 1898 1507 1953 loco
1542 1897 1816 1966 reperitur
1853 1894 1918 1948 ad

350 1996 554 2051 calcem
576 1994 778 2063 Operis.
795 1989 996 2063 6013.]

420 2082 561 2137 Ibid.
589 2082 665 2138 De
694 2081 836 2138 festo
885 2078 1233 2137 Pentecostes
1266 2078 1390 2134 vide
1437 2091 1558 2147 quae
1590 2073 1918 2145 scripsimus

351 2174 388 2225 I.
431 2188 447 2225 ι
480 2171 553 2227 De
583 2171 735 2227 festis
757 2186 807 2226 c.
846 2168 939 2226 28.
975 2168 1112 2223 Olim
1142 2167 1196 2222 in
1231 2167 1371 2223 festo
1408 2164 1768 2222 Pentecostcs
1794 2176 1920 2232 pro-

351 2264 527 2318 cessio
549 2263 937 2319 instituebatur
964 2259 1032 2316 ad
1063 2260 1325 2329 templum
1360 2256 1420 2313 S.
1447 2256 1608 2311 Mocii
1641 2252 1917 2322 martyris,

350 2356 437 2409 cni
499 2356 617 2424 ipse
670 2354 836 2408 etiam
895 2354 1194 2423 imperator
1235 2352 1519 2406 intererat.
1573 2345 1678 2403 Sed
1730 2356 1917 2414 postea

351 2442 611 2514 abrogata
644 2454 728 2500 est
773 2443 844 2499 ob
898 2459 1125 2499 causam
1168 2457 1332 2513 quam
1377 2449 1686 2496 memorant
1740 2438 1914 2494 Graeci

354 2536 625 2602 historici,
672 2545 728 2590 et
774 2536 829 2589 in
862 2535 947 2590 his
985 2533 1182 2605 Glycas
1230 2535 1296 2589 de
1352 2529 1536 2588 Leone
1590 2528 1924 2602 philosopho

353 2630 700 2699 imperatore.
733 2628 914 2696 Quare
948 2642 1053 2682 non
1090 2627 1289 2681 mirum
1320 2625 1366 2681 si
1391 2622 1636 2679 Codinus
1669 2620 1756 2675 die
1786 2620 1923 2673 Pen-

353 2731 587 2778 tecostes
634 2721 756 2791 ejus
825 2720 1031 2775 nullam
1086 2718 1413 2773 mentionem
1475 2713 1623 2787 facit,
1677 2710 1923 2783 quando-

351 2813 570 2883 quidem
606 2813 717 2879 iam
755 2811 965 2881 pridem
1012 2810 1272 2877 abrogata
1300 2806 1499 2862 fuerat.

422 2903 767 2977 [Proeleusin
812 2918 909 2958 seu
963 2901 1373 2971 processionem
1438 2894 1787 2968 imperatoris
1834 2893 1923 2948 die

355 2996 701 3050 Pentecostes
724 2993 794 3049 ad
834 2992 892 3048 S.
932 2992 1189 3062 Sophiam
1217 2990 1510 3046 admodum
1546 2985 1761 3053 festive,
1791 2986 1919 3055 quin

353 3098 406 3140 et
444 3086 683 3141 ridicule
713 3084 981 3143 describit
1027 3082 1403 3154 Luitprandus
1428 3082 1482 3136 in
1529 3095 1628 3137 sua
1662 3081 1729 3135 ad
1761 3077 1921 3133 Nice-

2026 1894 2295 1962 reliquum
2384 1891 2616 1949 omcium
2703 1894 2756 1947 in
2833 1890 3246 1947 Pentecostario
3328 1887 3586 1957 reperies.

2022 1982 2220 2054 Cosa]

2097 2073 2240 2129 Ibia.
2280 2074 2634 2130 Diaconieum
2672 2089 2778 2129 non
2809 2082 2896 2129 est
2942 2074 3191 2128 conclave
3214 2074 3586 2131 diaconorum.

2024 2171 2076 2222 in
2108 2184 2215 2238 quo
2247 2169 2323 2221 illi
2351 2167 2670 2237 congregati
2728 2167 3023 2222 tractarint
3074 2166 3295 2235 negotia
3344 2163 3589 2217 nutus-ris

2022 2261 2130 2324 sui,
2167 2259 2262 2314 sed
2294 2269 2379 2314 est
2407 2260 2560 2315 locus
2591 2259 2684 2314 ubi
2738 2259 2976 2315 minisui
3020 2273 3213 2314 sacras
3280 2266 3458 2312 vestes
3520 2255 3584 2306 ad

2023 2353 2208 2406 divina
2242 2351 2426 2405 oflicia
2467 2349 2777 2421 peragenda
2810 2349 3071 2415 induunt,
3116 2349 3451 2407 Germanice
3509 2347 3591 2399 die

2025 2438 2310 2510 Sricristey,
2347 2441 2669 2495 sacrarium.
2700 2437 2911 2494 Gntt't's.

2100 2532 2239 2588 Ibid.
2263 2530 2324 2604 [Α
2351 2546 2544 2601 pompa
2574 2531 2812 2601 luxuque
2833 2546 2957 2586 cum
2983 2531 3282 2587 ahhorreat
3310 2530 3591 2601 praesentis

2023 2625 2190 2680 ol‘ticii
2206 2624 2557 2680 Pentecostes
2573 2621 3165 2687 liumilitas,elevatiora
3182 2620 3594 2689 subselliampéo

2025 2721 2211 2789 κυψιν,
2263 2720 2544 2783 thronum,
2600 2718 2789 2775 sedem
2842 2719 3165 2773 honoratam
3230 2718 3449 2788 respuit
3484 2718 3589 2771 im-

2024 2821 2263 2881 perator,
2300 2820 2351 2866 et
2375 2813 2441 2864 ad
2472 2810 2722 2864 dextrum
2765 2810 2954 2865 altaris
2992 2811 3161 2875 latus,
3200 2825 3317 2878 quo
3365 2810 3593 2862 διακονι-

2023 2904 2142 2965 κὸν,
2192 2902 2427 2957 diaconis
2446 2902 2576 2954 datu
2610 2911 2696 2957 est
2733 2903 2905 2963 sedes,
2934 2899 3128 2954 humili
3154 2901 3413 2969 corporis
3439 2908 3590 2963 gestu

2027 2998 2077 3053 in
2120 2996 2279 3051 altari
2316 3011 2343 3049 a
2369 2994 2654 3049 sacerdote
2686 2993 3070 3059 pronuntiatus
3095 2992 3292 3049 Basilii
3334 2990 3592 3061 vesperti-

2026 3101 2124 3140 nas
2154 3100 2346 3153 preces
2370 3080 2545 3138 audit.
2591 3084 2665 3138 De
2723 3083 3011 3139 diaconico
3064 3088 3220 3153 plura
3286 3094 3342 3139 te
3403 3085 3593 3138 doceat

354 3179 583 3244 phorum
648 3176 886 3232 Phocam
936 3174 1229 3245 legatione.
1272 3172 1379 3227 Sed
1411 3170 1781 3239 Luitprandus
1812 3169 1923 3222 for-
1948 3159 1994 3217 C
2029 3178 2277 3232 eruditus
2294 3176 2601 3231 Allauusde
2619 3175 2986 3230 recentiorum
3016 3174 3339 3230 Grazcorum
3378 3174 3590 3240 templis

355 3266 515 3321 tussis
578 3265 805 3320 sinistro
880 3278 986 3321 suo
1046 3261 1267 3317 atieetni
1328 3262 1381 3315 in
1432 3260 1685 3325 Graecos,
1731 3274 1761 3313 a
1807 3261 1926 3328 qui-

355 3363 455 3411 hns
500 3358 550 3411 in
599 3357 700 3411 hac
752 3355 993 3410 secunda
1043 3370 1141 3408 sua
1185 3352 1452 3423 legatione
1510 3365 1617 3405 non
1665 3352 1803 3404 bene
1828 3352 1925 3403 ha-

357 3452 500 3504 hitus
562 3438 759 3513 fuerat,
810 3448 1038 3504 nimium
1106 3446 1352 3502 indulsit.
1405 3444 1587 3513 Longe
1627 3444 1785 3498 aliter
1822 3444 1929 3494 Co-

354 3543 518 3595 dinus
549 3556 673 3595 cum
724 3543 778 3595 in
811 3541 917 3596 hoc
962 3541 1122 3605 libro,
1157 3550 1272 3594 tum
1314 3540 1369 3592 in
1408 3538 1723 3609 Originibus
1753 3537 1928 3607 Ἐροιί-

358 3635 521 3701 lanis,
562 3633 723 3705 335
768 3635 859 3689 ubi
907 3635 1056 3689 ista:
1095 3634 1184 3689 ‘Ev
1237 3636 1354 3698 ταῖς
1400 3634 1613 3702 ἑορταῖς
1671 3633 1763 3684 καὶ
1813 3632 1928 3693 τοῖς

359 3727 646 3790 ἐπινικίοις
688 3728 783 3781 καὶ
820 3727 1104 3798 παρόντων
1155 3726 1439 3796 πρέσσεων
1490 3726 1765 3780 ἐνεδύοντο
1795 3725 1926 3794 χλα-

362 3819 537 3889 μύδας
594 3818 863 3883 ποικίλας,
912 3818 1019 3871 ἀπὸ
1091 3814 1294 3887 χρυσοῦ
1366 3819 1461 3870 καὶ
1522 3816 1923 3887 πορφύρας.ἢ

360 3912 535 3973 ἄλλως
568 3929 686 3975 πως
720 3911 1059 3975 πολυτελεῖς,
1096 3911 1153 3961 ἐν
1190 3911 1247 3963 δὲ
1292 3911 1412 3972 ταῖς
1444 3911 1652 3973 κοιναῖς
1684 3908 1928 3970 συνόδοις

361 4004 772 4075 ξηραμπελίνας
788 4002 865 4073 τῷ
883 4001 1232 4074 χρώματι,ἃς
1252 4001 1481 4055 ὲκάλουν
1510 4001 1927 4071 Ἀτραόατικὰς

358 4096 468 4149 ἀπὸ
498 4094 591 4147 τοῦ
633 4092 924 4164 χρώματος
965 4092 985 4162 (
1009 4092 1067 4143 τὸ
1093 4093 1200 4159 γάρ
1235 4091 1403 4160 μέλαν
1425 4092 1591 4162 ἁτρον
1623 4091 1926 4160 καλοῦσιν),

360 4189 396 4257 ἠ
441 4188 523 4239 ὅτι
580 4186 719 4255 μετὰ
768 4184 1039 4253 τραϐείων
1096 4183 1325 4247 ταύταις
1387 4183 1611 4238 εἰώθασι
1663 4184 1926 4255 χρῆσθαιο

361 4277 613 4344 τραϐεἰαι
630 4277 687 4327 δὲ
708 4275 962 4343 λέγονται
986 4276 1040 4327 αἱ
1065 4276 1383 4337 πολυτελεῖς
1403 4274 1697 4345 χλαμύδες.

434 4368 575 4439 Ibid.
602 4367 741 4441 [Ἐν
776 4366 851 4433 τῇ
880 4366 986 4419 τοῦ
1021 4368 1192 4434 ἁγίου
1220 4366 1567 4435 Πνεύματος
1599 4366 1796 4435 ἑορτῇ.
1822 4366 1923 4419 Lu-

365 4469 488 4512 ctus
523 4470 576 4510 et
598 4455 947 4511 contritionis
975 4456 1156 4524 potius
1195 4471 1357 4525 Quam
1418 4457 1722 4511 alacritatis
1771 4459 1929 4526 spiri-
1964 4488 2006 4543 ο
2035 4469 2349 4525 peragatur,
2381 4458 2625 4526 praecipit
2654 4457 2915 4513 Mensarum
2952 4460 3016 4512 l4
3042 4461 3383 4528 Septemhris

368 4550 531 4603 tualis
557 4554 939 4617 argumentum
975 4556 1057 4601 est.
1082 4547 1225 4617 apud
1261 4549 1485 4603 Graecos
1517 4548 1717 4603 festum
1743 4548 1935 4604 Pente-

366 4650 569 4704 costes,
608 4638 845 4691 maxime
869 4648 993 4706 post
1054 4638 1364 4703 meridiem,
1422 4654 1528 4707 qua
1570 4642 1833 4720 secundo,
1878 4651 1935 4694 ut

366 4738 541 4799 aiunt,
572 4731 899 4801 vespertina:
956 4730 1317 4786 decantantur
1371 4747 1584 4801 preces.
1620 4731 1774 4787 Tunc
1826 4734 1933 4788 fre-

368 4836 599 4897 quentes
624 4826 803 4880 audiri
835 4824 1097 4895 gemitus,
1131 4833 1187 4879 et
1208 4840 1272 4878 ex
1295 4804 1638 4893 peccatorum
1677 4826 1934 4880 recorda-

371 4924 517 4974 tione
558 4934 663 4972 uou
689 4916 826 4971 adeo
859 4927 1052 4986 pectus
1082 4916 1273 4985 pugnis
1309 4930 1473 4984 quam
1542 4916 1742 4970 caelum
1781 4914 1935 4968 tundi

370 5010 627 5080 susp‘iriis
653 5010 957 5074 consuevit_
988 5016 1046 5062 ut
1099 5009 1143 5063 si
1167 5008 1297 5077 quid
1345 5008 1506 5061 luxus
1535 5008 1587 5061 in
1639 5022 1819 5063 mores
1851 5006 1936 5059 in-

374 5102 525 5156 vexit
557 5101 830 5170 paschalis
865 5099 1185 5155 solemnitas
1222 5099 1305 5154 vel
1336 5100 1457 5167 ejus
1490 5098 1724 5153 decursu
1756 5098 1939 5152 disso-

374 5192 599 5253 lutionis
641 5192 891 5247 nonnihil
920 5193 1310 5246 secuntattulit
1365 5191 1648 5247 hominum
1693 5191 1749 5245 in
1806 5191 1936 5244 vitia

377 5299 548 5353 prona
590 5284 834 5347 libertas,
892 5292 1064 5338 totum
1120 5284 1171 5336 id
1230 5284 1469 5354 corrigat
1522 5282 1678 5337 dolor
1712 5282 1941 5350 spiritus

373 5385 566 5444 sponte
593 5384 930 5443 assumptus,
963 5384 1016 5427 et
1041 5384 1354 5429 contractas
1399 5384 1576 5429 sortes
1608 5373 1943 5444 poenitentiae

376 5468 695 5536 ahstergant
749 5464 1010 5518 lamenta.
1081 5463 1155 5517 Eo
1212 5465 1317 5517 line
1356 5472 1604 5518 sanetum
1665 5465 1731 5518 de
1787 5464 1943 5516 caelis

379 5558 634 5628 spiritum
667 5572 792 5612 cum
825 5556 1084 5628 lacrymis
1122 5558 1413 5621 advocant,
1472 5572 1535 5608 cx
1588 5556 1943 5624 profundiore

383 5650 688 5705 humilitate
715 5664 909 5719 preces
930 5648 1287 5717 ingeminant,
1322 5663 1381 5702 ac
1411 5665 1646 5715 genuum
1699 5647 1946 5702 inflexio-

382 5742 566 5804 tiihus,
620 5741 819 5811 quibus
864 5739 973 5807 iam
1037 5740 1295 5795 ιῐρδυςιιιδ
1368 5754 1480 5793 υςυι
1545 5743 1775 5813 populus
1837 5743 1940 5796 sibi

2028 3267 2300 3335 opusculo
2335 3282 2349 3320 :
2388 3266 2440 3319 in
2475 3264 2811 3333 Euchologio
2852 3279 3070 3333 quoque
3117 3265 3372 3321 nonnihil
3437 3265 3501 3317 de
3527 3277 3591 3317 co

2027 3356 2409 3411 delihavimus.
2441 3356 2646 3427 Com]

2101 3450 2247 3504 Ibid.
2290 3449 2365 3504 De
2397 3450 2537 3507 festo
2567 3450 2929 3508 Exaltationis
2971 3467 3017 3508 s.
3068 3450 3251 3506 crucis
3320 3450 3478 3506 etiam
3528 3462 3590 3500 ex

2030 3559 2184 3598 more
2213 3544 2523 3599 Graecorum
2555 3544 2672 3599 fuse
2710 3544 2910 3614 scripsi
2961 3553 3097 3599 tom.
3130 3543 3147 3597 l
3198 3542 3273 3596 De
3318 3543 3375 3595 S.
3423 3542 3592 3596 Crnce

2030 3638 2066 3689 1.
2102 3653 2140 3703 l,
2174 3652 2224 3690 (τ.
2253 3638 2322 3691 65
2346 3649 2396 3690 et
2421 3637 2511 3700 66,
2542 3649 2594 3692 et
2626 3637 2701 3691 1.ι
2758 3638 2831 3691 De
2865 3636 3020 3692 festis
3051 3652 3102 3690 c.
3141 3635 3231 3689 55.
3268 3634 3404 3688 Vide
3435 3632 3590 3687 etiam

2029 3730 2407 3784 Adamanuum
2455 3729 2701 3797 Scotum,
2740 3732 2811 3785 l.t
2845 3731 2917 3787 De
2967 3732 3074 3786 'situ
3115 3728 3304 3785 Terra:
3346 3731 3589 3791 Sanctae;

2031 3820 2118 3873 uhi
2165 3820 2232 3874 de
2264 3821 2523 3876 nundinis
2554 3824 2657 3877 hoc
2693 3822 2834 3879 festo
2887 3820 3293 3891 Hierosolymis
3334 3816 3592 3876 celebrari
3675 3844 3687 3859 -

2030 3909 2206 3966 Solitis
2237 3911 2371 3964 mira
2398 3912 2563 3979 leges.
2594 3911 2802 3969 Gnl'rs.

2102 4000 2244 4054 Ibid.
2275 3999 2659 4071 [Ἂναϐάθρα.
2697 4005 2980 4058 Elevanda:
3025 4006 3077 4058 in
3131 4005 3300 4059 altum
3350 4003 3496 4060 cruci
3532 3999 3593 4053 ad

2029 4091 2149 4159 ejus
2175 4092 2563 4145 exultationem
2589 4095 2751 4147 etiam
2781 4110 3050 4163 corporeo
3096 4106 3250 4165 gestu
3296 4096 3475 4152 Orulis
3510 4092 3599 4145 dc-

2032 4183 2444 4237 tnonstrandam
2478 4194 2820 4253 przrparatnr
2869 4186 2920 4238 in
2948 4187 3126 4240 medio
3162 4187 3405 4242 triclinio
3450 4185 3594 4242 tabu'

2033 4270 2199 4325 latum
2234 4273 2543 4343 ἀναϐἀορα.
2569 4275 2636 4328 de
2662 4291 2770 4344 qua
2812 4276 3009 4330 redibit
3042 4292 3246 4331 sermo.

2109 4363 2248 4417 Ibid.
2285 4363 2436 4435 [Τὴν
2461 4365 2567 4419 τοῦ
2596 4367 2864 4435 σταυροῦ
2904 4368 3060 4422 ποιεῖ
3085 4365 3594 4437 ὕιί’ωσιν.ριιυιιίιιι

3429 4476 3442 4512 :
3485 4455 3595 4508 Ἀλ-

2037 4548 2227 4601 λάτσει
2264 4551 2292 4601 ὁ
2318 4550 2495 4617 ἱερεὺς
2522 4552 2704 4603 πᾶσαν
2740 4553 2837 4621 τὴν
2882 4554 3167 4622 ἱερατικὴν
3386 4549 3591 4617 στολὴν.

2037 4645 2128 4695 ναὶ
2150 4643 2454 4711 εἰσέρχεται
2476 4642 2612 4710 μετὰ
2632 4642 2896 4711 θυμιατοῦ
2916 4645 2971 4696 ὲν
2985 4647 3049 4714 τῇ
3073 4646 3203 4713 ἁγέᾳ
3222 4645 3486 4715 τραπέζῃ,
3507 4640 3591 4691 καὶ

2038 4732 2249 4802 θυμιῶν
2269 4732 2361 4785 τὸν
2386 4733 2569 4800 τίμιον
2602 4734 2836 4801 σταυρὸν
2873 4737 3230 4803 σταυροειδῶς
3264 4738 3412 4806 αἴρει
3438 4732 3595 4786 αὐτὸν

2037 4824 2179 4892 μετὰ
2211 4823 2398 4876 δίσκου
2425 4824 2519 4875 ὲπὶ
2554 4824 2654 4891 τῆς
2678 4825 2944 4894 κεφαλῆς.
2973 4827 3071 4879 καὶ
3101 4825 3594 4896 προ-πορευομένων

2037 4917 2130 4969 δύο
2158 4916 2459 4984 λαμπάδων
2507 4919 2663 4985 φέρει
2700 4915 2866 4968 αὐτὸν
2920 4918 3084 4985 μέχρι
3135 4918 3246 4970 τῶν
3307 4912 3596 4987 βασιλικῶν

2042 5008 2226 5061 πυλῶν
2245 5000 2341 5061 τοῦ
2376 5006 2529 5071 ναοῦ,
2563 5009 2791 5060 κάκεῖσε
2817 5008 3058 5064 ἵσταται.
3122 5010 3232 5063 Καὶ
3291 5002 3595 5079 πληρουμέ-

2039 5114 2134 5166 νης
2166 5097 2265 5164 τῆς
2296 5096 2609 5163 δοξολογεας
2646 5096 2741 5148 καὶ
2778 5095 2873 5147 τοῦ
2910 5098 3199 5166 τρισαγίου
3259 5098 3409 5164 λέγει
3462 5095 3489 5144 ὁ
3526 5095 3596 5142 ξε-

2042 5187 2172 5254 ρεὺς
2203 5186 2642 5256 μεγαλοφώνως·
2697 5204 2715 5236 ι
2759 5186 2954 5254 Σοφία,
3006 5187 3179 5256 ὀρθοί.
3224 5207 3241 5239 ι
3280 5188 3391 5242 Καὶ
3436 5183 3593 5251 ἀρχό-

2015 5280 2185 5351 -μεοα
2216 5279 2310 5332 τοῦ
2344 5279 2671 5347 τροπαρίου,
2704 5297 2722 5329 ι
2758 5278 2963 5343 Σῶσον,
3001 5278 3194 5348 Κύριε,
3222 5281 3310 5333 τὸν
3340 5279 3462 5332 λαόν
3484 5291 3591 5332 σου,

2043 5375 2135 5425 καὶ
2170 5372 2468 5439 εὐλόγησον
2528 5372 2627 5435 τὴν
2676 5372 3045 5440 κληρονομίαν
3110 5388 3227 5435 σου,
3288 5372 3441 5430 νίκας
3490 5365 3595 5421 τοῖς

2047 5465 2327 5533 βασιλεῦσι
2361 5464 2502 5516 κατὰ
2537 5463 2830 5533 βαρὸἀρων
2868 5460 3238 5531 δωρούμενος,
3288 5462 3380 5515 καὶ
3403 5457 3464 5510 τὸ
3511 5453 3595 5504 οὖν

2046 5557 2329 5623 φυλάττων
2358 5555 2444 5607 διὰ
2477 5555 2570 5606 τοῦ
2602 5553 2838 5623 σταυροῦ
2893 5571 2986 5609 σου
3041 5554 3365 5621 πολίτευμα.
3412 5567 3429 5599 ι
3489 5542 3595 5597 Καὶ

2045 5652 2214 5715 οὕτως
2241 5651 2500 5704 εἰσοδεύει
2537 5649 2676 5717 μετὰ
2710 5649 2804 5701 τοῦ
2829 5649 3012 5719 τιμίου
3042 5646 3296 5716 σταυροῦ.
3330 5639 3593 5699 liuidum:

2046 5746 2483 5815 ηὐτρεπισμένα.)
2516 5741 2869 5811 τετραποδὶου
2908 5741 3114 5795 τὲθεται
3146 5742 3175 5792 ὁ
3216 5739 3392 5809 τίμιος
3430 5743 3588 5783 πτειν·
