4048 6460
396 255 506 319 373
566 248 584 257 ”

1488 234 1867 324 GRETSER]
1906 265 2004 324 ET
2038 263 2279 325 coam
2310 267 2552 325 NOTAE.

3544 270 3649 328 374

404 368 495 437 ρὸς
530 367 734 429 ἐπάνω.
773 367 861 422 καὶ
898 368 1070 439 θυμιᾷ
1120 370 1486 440 σταυροειδῶς
1535 372 1565 423 6
1613 372 1815 443 ίερεύς.
1858 367 1972 426 Εἶθ’
2003 373 2048 433 Α
2077 373 2345 443 ποιότητα
2374 372 2477 444 μὲν
2521 352 2851 444 παραδηλῶν
2895 375 3007 429 τῶν
3059 375 3386 447 βρωμάτων,
3429 375 3552 446 οὐχὶ
3595 376 3653 427 δὲ

400 460 574 520 οὕτως
601 457 782 527 βαλὼν
812 460 1101 530 μετανοίας
1131 462 1512 531 (reverentias,
1570 463 1973 533 inclinationes)

332 570 343 583 ν
402 550 571 616 τρεῖς,
628 549 730 604 κᾶν
796 553 957 605 ὁποία
1016 552 1166 606 ἐστὶν
1222 554 1431 625 ἡμέρα.
1487 557 1582 610 καὶ
1636 556 1819 613 λαϐὼν
1880 559 1977 613 ἐπὶ

404 645 591 715 χεῖρας
619 646 714 697 τὸν
738 644 920 715 τίμιον
942 646 1181 715 σταυρὸν
1233 647 1462 718 γυμνῶν
1499 649 1639 720 μετά
1672 650 1977 720 βασιλικῶν

406 736 639 802 κλάδων,
673 735 888 790 ἵσταται
919 736 1237 807 ἔμπροσθεν
1281 739 1375 792 τοῦ
1402 742 1784 810 τετραποδίου,
1851 743 1975 813 βλέ-

324 826 329 827 “
408 844 527 879 πων
556 830 696 882 κατά
734 828 1025 892 ἀνατολάς.
1046 830 1161 884 Kal.
1179 829 1331 899 λέγει
1354 834 1434 895 είς
1452 833 1689 904 ἐπήκοον
1711 835 1935 888 πάντων
1955 850 1972 867 ο

411 940 429 971 ι
478 922 730 991 Ἐλέησον
757 924 926 993 ἡμᾶς,
951 926 978 976 6
1012 923 1168 989 Θεὸς,
1198 924 1339 979 κατά
1373 925 1433 978 τὸ
1468 926 1633 996 μέγα,
1672 926 1822 992 ἔλεός
1854 945 1974 983 σου.

408 1013 655 1081 Δεόμεθά
687 1032 805 1080 σου,
837 1015 1148 1070 ἐπάκουσον
1178 1015 1335 1087 ἡμῶν
1365 1018 1460 1071 καὶ
1512 1017 1761 1089 ἐλέησον.
1806 1038 1826 1072 ι
1865 1021 1980 1074 Καὶ

406 1106 690 1176 ἀρχόμεθα
721 1107 820 1175 τῆς
842 1107 1069 1179 πρώτης
1100 1108 1481 1176 ἑκατοντάδος,
1501 1110 1596 1164 τοῦ
1618 1110 1792 1182 Κύριε
1818 1112 1979 1181 ἐλέη-

407 1215 521 1251 σον.
555 1198 960 1268 Σφραγίζοντος
992 1198 1050 1253 δὲ
1083 1200 1179 1253 τοῦ
1242 1202 1440 1270 ἱερέως
1468 1203 1529 1255 ὲν
1572 1204 1694 1266 ταῖς
1727 1202 1980 1273 ἐνάρξεσι

410 1291 552 1359 μετὰ
604 1290 699 1344 τοῦ
754 1290 942 1358 τιμίου
994 1292 1237 1362 σταυροῦ
1272 1295 1414 1362 τρίς.
1471 1290 1605 1347 Εἶτα
1660 1294 1833 1348 κλίνει
1881 1295 1982 1366 τὴν

408 1382 678 1452 κεφαλὴν,
708 1384 834 1436 ὅσον
861 1385 1149 1454 σπιθαμὴν
1181 1385 1411 1454 ἀπέχειν
1438 1386 1541 1455 τῆς
1563 1388 1689 1457 γῆς,
1718 1389 1811 1439 καὶ
1835 1388 1980 1441 κατά

412 1476 606 1544 μικρὸν
660 1476 947 1543 ἀνίσταται
985 1477 1146 1547 μέχρι
1200 1478 1658 1549 συμπληρώσεως
1694 1481 1796 1549 τῆς
1853 1481 1983 1533 ἐκα-

408 1568 681 1632 τοντάδος.
722 1568 913 1622 Ἠνίκα
946 1569 1004 1622 δὲ
1032 1568 1216 1641 φθάσῃ
1249 1573 1330 1633 είς
1359 1572 1421 1625 τὸ
1457 1573 1817 1641 ἐνενηκοστὸν
1830 1573 1988 1629 E660-

414 1678 511 1729 μον
532 1662 708 1727 Κύριε
736 1662 983 1734 ἐλέησον,
1016 1662 1142 1733 ὑψοί
1156 1665 1255 1735 τὴν
1284 1663 1471 1735 φωνὴν
1494 1667 1523 1718 6
1543 1665 1980 1736 ὲκκλησιάρχης.

411 1752 503 1805 καὶ
524 1752 847 1822 αἰσθόμενος
886 1755 914 1807 6
950 1755 1131 1825 ἱερεὺς
1176 1755 1329 1820 τέλος
1365 1756 1671 1825 λαμϐάνειν
1697 1756 1796 1828 τὴν
1844 1758 1976 1817 έκαυ
2008 1740 2081 1795 Ba

410 1844 640 1897 τοντάδα
671 1845 964 1915 σφραγίςει
998 1847 1165 1901 πάλιν
1193 1848 1338 1916 τρίς.
1371 1845 1507 1902 Εἶτα
1541 1850 1806 1918 στραφεὶς
1840 1849 1980 1918 πρὸς

410 1933 473 1985 τὸ
500 1934 672 1986 νότιον
730 1936 897 2005 μέρος
963 1936 1157 2004 λέγει·
1198 1956 1217 1989 t
1264 1938 1385 1991 Ἔτι
1436 1938 1669 2008 δεόμεθα
1703 1939 1846 2010 ὑπὲρ
1873 1940 1982 1995 τῶν

411 2025 819 2081 εὐσεϐεστάτων
886 2028 982 2081 καὶ
1032 2029 1419 2096 θεοφυλάκτων
1477 2030 1746 2100 βασιλέων
1795 2033 1983 2102 ἡμῶν,

413 2117 673 2186 κράτους,
696 2116 876 2187 νίκης,
908 2118 1175 2188 διαμονῆς
1229 2119 1480 2189 είρήνης,
1535 2122 1749 2188 ὑγείας,
1806 2138 1984 2192 σωτη-

414 2208 539 2274 ρίας
567 2211 768 2269 αὑτῶν,
794 2210 890 2263 καὶ
910 2208 1004 2262 τοῦ
1034 2210 1239 2279 Κύριον
1263 2212 1356 2263 τὸν
1377 2211 1510 2264 Θεὸν
1540 2212 1699 2282 ἡμῶν
1722 2212 1984 2267 ὲπιπλέον

415 2302 771 2370 συνεργῆσαι,
806 2303 900 2355 καὶ
930 2303 1303 2357 κατευοδῶσαι
1349 2304 1547 2366 αὐτοὺς
1578 2305 1636 2357 ὲν
1677 2304 1836 2371 πᾶσι,
1887 2306 1983 2357 xal.

416 2393 681 2457 ὑποτάξαι
706 2395 812 2448 ὑπὸ
842 2396 967 2458 τοὺς
1002 2395 1172 2453 πόδας
1215 2396 1398 2449 αὐτῶν
1431 2397 1610 2449 πάντα
1662 2397 1858 2467 ἐχθρὸν
1888 2398 1986 2451 καὶ

414 2482 694 2552 πολέμιον.
732 2503 750 2535 ι
792 2485 899 2537 Καὶ
945 2486 1227 2555 ἀρχόμεθα
1262 2486 1361 2553 τῆς
1392 2486 1658 2558 δευτέρας
1689 2487 1985 2543 ἑκατοντά-

412 2574 520 2639 δος,
550 2576 642 2629 καὶ
671 2578 823 2629 ποιεί
854 2579 882 2631 6
935 2579 1117 2645 ἱερεὺς
1147 2578 1248 2649 τὴν
1286 2574 1567 2647 δευτέραν
1621 2577 1853 2648 ὑψωσιν,
1911 2578 1988 2642 ὡς

415 2666 855 2739 προγέγραπται.
915 2664 1032 2722 Εἶθ’
1092 2669 1238 2722 οὑτω
1308 2671 1575 2740 στραφεὶς
1627 2670 1720 2723 ἐπὶ
1771 2670 1986 2739 δυσμάς

415 2758 595 2825 λέγει’
632 2776 651 2810 ι
689 2760 812 2825 Ἔτι
840 2759 1076 2830 δεόμεθα
1107 2761 1250 2829 ὑπὲρ
1282 2760 1536 2827 ἀφέσεως
1568 2759 1678 2812 τῶν
1698 2760 1987 2829 ἁμαρτιῶν

416 2846 508 2900 τοῦ
540 2847 726 2901 δούλου
748 2847 841 2900 τοῦ
878 2848 1036 2913 Θεοῦ,
1063 2849 1156 2901 τοῦ
1195 2849 1404 2920 πατρὸς
1445 2848 1627 2917 ἡμῶν,
1664 2848 1759 2903 τοῦ
1786 2851 1983 2916 δεῖνος.

417 2940 582 3010 ἠγουν
615 2940 710 2995 τοῦ
762 2941 1129 3009 προεστῶτος,
1186 2944 1282 2995 καὶ
1315 2942 1497 3008 πάσης
1541 2941 1643 3011 τῆς
1677 2942 1734 2995 έν
1765 2941 1990 3012 Χριστῷ

2079 467 2174 519 καὶ
2203 466 2304 536 τῆς
2340 466 2520 541 ὥρας.

2150 580 2290 637 Ibid.
2335 581 2520 654 [Κατὰ
2593 584 2701 652 τὰς
2769 584 2892 639 τῶν
2960 582 3175 654 μηνῶν
3220 584 3494 638 ἑκάστων
3547 585 3653 652 ἁρ-

2078 673 2213 741 χάς.
2295 673 2580 730 Geminam
2657 693 2854 748 aquam
2926 677 3272 735 benedictum
3354 678 3655 746 praedicant

2079 763 2276 831 Graeci,
2312 766 2575 836 majorem
2618 779 2672 822 et
2711 769 3004 834 minorem,
3050 768 3291 838 μεγάλον
3325 768 3422 820 καὶ
3458 769 3656 839 μικρὸν

2077 856 2373 927 ἁγιασμόν.
2406 858 2500 914 Illa
2524 859 2833 930 pervigilio,
2868 874 2969 915 nec
2993 874 3101 915 non
3138 859 3256 928 ipso
3273 858 3657 928 Theophanio—

2080 962 2205 1001 rum
2228 948 2386 1004 diein
2418 950 2586 1006 missa
2616 952 2930 1019 coniicitur,
2972 952 3091 1006 haec
3112 950 3276 1021 337
3323 950 3533 1006 mensis
3558 966 3658 1004 cn-

2075 1038 2281 1111 jusque
2315 1044 2609 1113 principio.
2642 1045 2735 1100 Illa
2770 1046 2979 1101 Christi
3001 1046 3250 1108 nomine,
3277 1046 3392 1100 haec
3415 1044 3658 1114 Deiparze

2081 1132 2452 1188 benedicitur.
2486 1135 2580 1189 Illa
2609 1137 3004 1205 paenitentibus
3031 1136 3332 1205 prohibita,
3374 1136 3659 1191 covneden-

2084 1222 2231 1278 tibus
2257 1225 2341 1278 vel
2365 1225 2755 1283 abominandis
2772 1228 3090 1297 quibusque
3116 1228 3408 1297 expiandis
3423 1242 3527 1281 nec
3549 1242 3655 1280 non

2080 1315 2424 1387 daemonibus
2451 1318 2725 1374 terrendis
2745 1327 3070 1374 consecrata
3093 1336 3108 1381 ς
3143 1319 3261 1373 haec
3293 1316 3518 1387 privatis
3535 1314 3659 1370 aliis

2083 1405 2275 1460 usibus
2301 1409 2799 1479 communibusque
2821 1408 2989 1464 rebus
3007 1407 3418 1464 sttnctiﬁcandis
3448 1407 3651 1461 dicata.

2082 1496 2388 1568 Utriusque
2424 1500 2813 1557 benedicendte
2850 1501 3013 1555 ritum
3050 1507 3106 1556 et
3148 1497 3396 1555 ofﬁcium
3437 1498 3664 1553 exhibet

2083 1587 2401 1644 Griecorum
2426 1589 2841 1665 Euchologium.
2876 1591 3076 1664 GOABJ

2150 1701 2292 1757 Ibid.
2312 1701 2419 1757 Pro
2450 1702 2635 1770 quinto
2666 1702 2914 1758 Januarii
2948 1704 3238 1773 legendum
3266 1711 3350 1758 est
3377 1712 3561 1756 sexto:
3597 1713 3663 1755 eo

2084 1792 2234 1847 enim
2288 1793 2378 1848 die
2417 1794 2582 1850 ﬁebat
2602 1795 2707 1850 iste
2751 1796 3052 1864 ἁγιασμὸς.
3076 1793 3189 1849 Nec
3216 1794 3383 1863 hujus
3400 1793 3663 1847 emenda.

2084 1883 2254 1939 tionis
2311 1885 2475 1940 alium
2516 1886 2587 1941 do
2612 1895 2891 1942 auctorem
2944 1898 3137 1957 praeter
3160 1886 3338 1957 ipsum
3363 1884 3662 1948 Codiuum,

2083 1977 2178 2046 qui
2206 1992 2255 2032 e.
2279 1977 2337 2042 8,
2383 1979 2474 2032 ubi
2514 1979 2581 2035 de
2611 1979 2755 2035 festo
2786 1979 3107 2051 Epiphaniae
3156 1979 3289 2049 agit,
3316 1977 3658 2047 hagiasmum

2085 2068 2251 2121 istum
2312 2066 2432 2136 ipso
2509 2067 2601 2122 die
2676 2069 2816 2125 festo
2861 2068 3180 2139 Epiphaniae
3232 2067 3419 2137 peragi
3457 2067 3664 2120 diserte

2084 2157 2320 2221 scribit;
2384 2166 2445 2213 ut
2506 2166 2716 2214 taceam
2777 2158 2950 2214 libros
3020 2158 3244 2217 rituales
3315 2154 3661 2210 Graecorum.

2085 2248 2291 2306 Gna'rs.

2155 2363 2295 2420 Ibid.
2328 2364 2468 2439 [Ἑν
2493 2365 2566 2434 τῇ
2585 2365 2994 2434 ἕκτῃ.(ἶοᾱίοεε
3014 2365 3105 2420 alii
3123 2366 3179 2417 έν
3200 2367 3267 2435 τῇ
3289 2366 3534 2437 πέμπτῃ.
3556 2363 3666 2418 Nec

2088 2457 2142 2511 hi
2191 2458 2274 2513 vel
2308 2459 2385 2513 illi
2427 2460 2723 2514 aberrant:
2779 2459 2837 2513 tit
2871 2459 3017 2513 enim
3060 2472 3201 2527 aqua
3237 2458 3523 2513 benedicta
3548 2466 3663 2511 tum

2088 2551 2356 2621 pervigilii
2390 2550 2877 2621 Theophaniorum
2920 2566 3168 2621 vespere,
3200 2550 3446 2605 Januarii
3476 2550 3566 2605 die
3606 2551 3664 2610 5.

2091 2654 2204 2698 tum
2232 2644 2286 2699 in
2323 2643 2806 2715 Theophaniorum
2842 2645 3033 2711 missa,
3061 2644 3196 2700 die6
3219 2664 3235 2713 ;
3260 2645 3326 2699 de
3353 2659 3464 2715 quo
3498 2642 3669 2698 disse-

2090 2736 2303 2793 ruimus
2341 2738 2393 2791 in
2428 2736 2838 2805 Eucbologicis.

2170 2847 2311 2903 Ibid.
2345 2850 2445 2923 [Ἡ
2496 2851 2791 2905 ἀκολουθία
2839 2849 2935 2903 τοῦ
2981 2851 3260 2920 άγιασμοῦ
3297 2850 3556 2920 prolixior
3585 2861 3669 2904 est

2078 2956 2256 3010 quam
2311 2957 2429 3010 quae
2490 2943 2580 2996 hic
2642 2951 2936 2997 attexatur.
2976 2940 3107 2994 Post
3135 2955 3325 3011 preces
3364 2940 3468 2995 hoc
3510 2948 3671 3003 pacto

419 3032 575 3101 ἡμῶν
632 3033 1012 3101 ἀδελφότητος.
1074 3052 1091 3084 ι
1145 3034 1257 3086 Kal.
1308 3033 1592 3102 ἀρχόμεθα
1646 3032 1745 3099 τῆς
1798 3032 1990 3104 τρίτης

2094 3031 2473 3087 sanctiﬁcatur
2533 3049 2596 3087 ex
2646 3032 3035 3102 Euehologio:
3083 3031 3282 3085 Λαϐὼν
3339 3032 3433 3084 τὸν
3487 3031 3673 3099 τίμιον

422 3090 797 3188 ε’κατοντάδος.
844 3090 1239 3195 Π-ληρουμένης
1282 3090 1358 3178 δὲ.
1384 3090 1561 3194 αὑτῆς
1626 3090 1921 3194 στρέφεται
2017 3090 2059 3146 C
2094 3124 2328 3194 σταυρὸν
2357 3128 2384 3178 6
2413 3125 2596 3195 ἱερεὺς
2626 3125 2841 3193 εὑλογεῖ
2869 3090 2940 3177 τά
2972 3123 3145 3178 ὕδατα.
3168 3126 3229 3178 ἐκ
3261 3125 3470 3193 τρίτου,
3500 3090 3670 3177 κατά-

422 3220 598 3287 ίερεὺς
624 3220 719 3272 ἐπὶ
785 3218 845 3271 τὸ
894 3218 1104 3290 βόρειον
1172 3220 1361 3289 μέρος,
1417 3219 1514 3272 καὶ
1558 3216 1754 3285 λέγει’
1815 3237 1833 3267 ι
1868 3218 1990 3270 Ἔτι

421 3310 649 3381 δεόμεθα
684 3311 824 3379 ὑπὲρ
850 3311 1031 3382 πάσης
1060 3310 1241 3380 ψυχῆς
1268 3310 1638 3379 Χριστιανῶν,
1676 3309 1865 3378 ὑγείας
1897 3311 1992 3362 καὶ

426 3409 695 3478 σωτηρίας
724 3409 816 3461 καὶ
864 3409 1119 3476 ἀφέσεως
1187 3404 1297 3457 τῶν
1350 3405 1640 3473 ἁμαρτιῶν
1700 3404 1903 3457 αὐτῶν.
1966 3423 1985 3456 ι

424 3500 525 3553 Kal
550 3500 756 3567 γίνεται
782 3500 815 3568 ἡ
836 3499 1076 3565 τετάρτη
1110 3497 1340 3566 ὑψωσις.
1374 3498 1485 3549 Kal.
1520 3495 1679 3558 αὖθις
1699 3496 1992 3566 στρέφεται

423 3592 565 3645 κατὰ
622 3591 908 3656 ἀνατολὰς,
960 3592 1054 3642 καὶ
1102 3589 1276 3657 λέγει·
1334 3608 1350 3639 ι
1399 3588 1521 3639 Ἔτι
1573 3586 1810 3654 δεόμεθα
1852 3584 1994 3654 ὑπὲρ

426 3686 641 3742 πάντων
658 3687 765 3739 τῶν
790 3682 1183 3739 διακονούντων
1224 3681 1319 3734 καὶ
1352 3679 1794 3746 διακονησάντων
1826 3680 1880 3731 ἐν
1926 3679 1993 3748 τῇ

426 3782 558 3852 ἁγίᾳ
592 3783 725 3851 μονῇ
756 3780 929 3849 ταύτῃ
991 3777 1202 3845 ὑγείας,
1263 3773 1536 3842 σωτηρίας
1602 3772 1694 3824 καὶ
1745 3770 1994 3839 ἀφέσεως

424 3875 533 3928 τῶν
567 3872 856 3943 ἁμαρτιῶν
922 3871 1125 3932 αὐτῶν,
1183 3868 1449 3935 εἴπωμεν.
1482 3883 1502 3917 ι
1559 3864 1664 3918 Καὶ
1713 3862 1998 3933 ἀρχόμεθα

428 3967 684 4034 πέμπτης
711 3963 1090 4023 ὲκατοντάδος.
1120 3962 1275 4015 Μετά
1302 3960 1359 4011 δὲ
1393 3960 1493 4028 τὴν
1535 3957 1800 4027 πέμπτην
1848 3953 1999 4023 ὑψω-

428 4078 512 4112 σιν
538 4058 813 4126 ψάλλομεν
867 4057 928 4109 τὸ
960 4054 1287 4108 κοντάκιον·
1326 4071 1346 4104 ι
1392 4053 1452 4105 ’0
1513 4050 1753 4120 ὑψωθεὶς
1812 4052 1870 4103 ὲν
1918 4048 1999 4121 τῷ

430 4149 668 4221 σταυρῷ.
704 4170 721 4201 ι
759 4146 870 4203 Εἶθ’
903 4147 1077 4202 οὑτω·
1116 4167 1133 4197 ι
1172 4147 1277 4197 Τὸν
1303 4144 1541 4214 σταυρόν
1593 4160 1687 4196 σου
1748 4160 1996 4211 προσκυ-

428 4244 648 4311 νοῦμεν,
668 4242 944 4306 Ἀέσποτα,
976 4260 993 4292 ι
1024 4241 1165 4309 τρίς.
1190 4238 1517 4291 Ψαλλόντων
1544 4237 1600 4289 δὲ
1627 4236 1734 4288 τῶν
1752 4234 1999 4302 ἀδελφῶν

429 4336 749 4404 άποτίϐησιν
788 4335 816 4386 ὀ
848 4336 1028 4401 ἱερεὺς
1061 4334 1121 4384 τὸ
1160 4331 1341 4400 τίμιον
1381 4328 1536 4393 ξύλον
1581 4330 1641 4379 ἐν
1672 4328 1748 4396 τῷ
1807 4342 1999 4397 τετρα-

2090 3234 2205 3280 γων
2239 3219 2335 3270 καὶ
2371 3218 2589 3285 ἀνάγων
2642 3219 2808 3271 αὑτὸν
2858 3219 3064 3288 ὄρθιον.
3118 3217 3251 3271 Εἶτα
3288 3217 3608 3283 ἀσπάζεται
3642 3219 3671 3271 6

2095 3311 2273 3377 ἱερεὺς
2302 3311 2394 3363 τὸν
2414 3311 2595 3380 τίμιον
2621 3312 2874 3381 σταυρὸν,
2909 3311 3176 3376 ὡσαύτως
3200 3312 3295 3365 καὶ
3335 3314 3444 3374 πᾶς
3472 3313 3501 3363 6
3519 3311 3671 3374 λαός.

2094 3399 2210 3457 Εἶθ’
2243 3402 2419 3467 οὕτως
2457 3404 2700 3476 ῥαντίζει
2765 3409 2946 3460 πάντα
2970 3405 3062 3459 τὸν
3094 3404 3226 3458 λαὸν
3250 3406 3346 3458 καὶ
3373 3409 3483 3476 τὴν
3502 3405 3672 3476 μονὴν

2098 3495 2237 3565 μετά
2284 3495 2379 3549 τοῦ
2425 3497 2734 3568 ἀγιασμοῦ.
2793 3497 2872 3551 All
2936 3497 3361 3568 Euchologiuzu,
3440 3498 3674 3568 benigne

2096 3591 2289 3654 lector,
2321 3590 2575 3659 permitte
2604 3600 2653 3644 te
2694 3590 2916 3644 remitti.
2948 3589 3096 3645 Goan
3123 3588 3144 3662 ]

2174 3702 2312 3759 Ibid.
2376 3705 2650 3771 Οίνοχεῖον
2734 3705 2823 3757 hic
2877 3703 3037 3759 aliter
3098 3703 3477 3772 accipiendum
3545 3713 3676 3772 puto

2097 3813 2258 3865 quam
2301 3812 2465 3865 supra
2496 3812 2544 3850 c.
2579 3796 2610 3848 7
2640 3811 2693 3864 p.
2727 3794 2816 3856 62,
2843 3812 2894 3848 ν.
2929 3795 2985 3861 8,
3018 3794 3109 3847 ubi
3139 3795 3205 3848 de
3226 3793 3463 3863 Panagia
3494 3809 3678 3847 serum

2098 3899 2236 3945 erat.
2287 3888 2485 3944 Junius
2518 3889 2684 3942 nimis
2755 3887 3024 3941 fabriliter
3058 3887 3451 3956 interpretatur
3482 3888 3677 3951 σκεῦος

2100 3981 2511 4035 instrumentum
2556 3988 2611 4033 et
2642 3980 2920 4033 κωθώνιον
2955 3979 3203 4047 poculum
3247 3989 3301 4032 et
3349 3980 3675 4034 aeuocheum

2100 4074 2359 4129 vinariam
2419 4073 2689 4142 capedem.
2744 4072 2919 4136 Quam
2969 4080 3260 4124 venustum
3313 4086 3442 4123 vero
3491 4070 3678 4124 illud?

2101 4166 2231 4220 Cum
2252 4165 2545 4235 participat
2579 4165 2867 4231 imperator
2899 4161 3348 4215 consecrationem
3371 4177 3435 4214 ea:
3464 4162 3677 4230 poculo.

2102 4258 2358 4310 Libenter
2390 4267 2569 4310 tamen
2601 4256 2798 4309 scirem
2829 4270 2938 4323 quo
2968 4257 3151 4307 animo
3182 4254 3292 4309 hare
3323 4254 3389 4308 de
3419 4254 3477 4310 S.
3503 4255 3680 4309 Cruce

2102 4358 2156 4402 et
2192 4349 2295 4402 alia
2332 4349 2564 4418 plurima
2608 4349 2660 4401 in
2701 4349 2806 4401 hoc
2834 4346 2995 4399 libro
3050 4345 3271 4414 legisset
3304 4346 3388 4398 vel
3422 4347 3680 4400 vertisset

429 4428 619 4498 ποδίῳ,
651 4428 741 4480 καὶ
773 4426 1034 4496 ἄρχονται
1077 4426 1408 4493 προσκυνεῖν
1448 4422 1474 4474 ὅ
1498 4439 1556 4473 τε
1597 4421 1777 4490 ἱερεὺς
1811 4420 1909 4472 καὶ¹
1969 4420 1992 4470 6

2102 4440 2321 4504 Junius,
2383 4450 2495 4494 tum
2551 4441 2687 4495 adeo
2720 4455 2748 4493 τι
2785 4438 3126 4494 Gabinianis
3178 4437 3450 4492 institutis
3485 4439 3683 4492 abhor—

432 4519 731 4587 προεστὼς,
770 4519 1065 4588 βάλλοντες
1124 4516 1414 4584 μετανοίας
1456 4516 1607 4583 τρεῖς
1662 4511 1998 4565 κατενώπιον

430 4613 523 4665 τοῦ
547 4612 733 4681 τιμίου
772 4607 1033 4677 σταυροῦ.
1080 4604 1217 4661 Εἶτα
1270 4605 1609 4667 ἀσπάζονται
1668 4603 1855 4667 αὑτὸν,
1906 4603 2002 4655 καὶ

437 4703 574 4769 μετὰ
603 4700 665 4754 τὸ
690 4699 1050 4755 ἀσπάσασθαι
1082 4698 1345 4769 βάλλουσι
1381 4695 1511 4766 μίαν
1558 4687 1872 4763 μετάνοιαν,
1901 4689 2001 4745 εἷθ’

431 4793 603 4856 οὕτως
635 4794 713 4856 είς
739 4794 866 4856 τοὺς
901 4790 1133 4863 χοροὺς,
1188 4789 1338 4853 δεξιά
1394 4788 1487 4840 καὶ
1539 4785 1831 4855 ἀριστερά.
1872 4779 2004 4837 Εἶτα.

432 4889 771 4959 εἰσέρχονται
801 4887 851 4940 οἱ
873 4884 1094 4953 ἀδελφοὶ
1122 4882 1215 4935 δύο
1232 4881 1325 4936 δύο
1356 4881 1497 4933 κατὰ
1517 4879 1692 4943 τάξιν,
1721 4879 1814 4932 καὶ
1830 4895 2002 4948 προς-

434 4977 658 5033 κυνοῦσι
736 4977 832 5031 καὶ
895 4975 1237 5029 ἀσπάζονται
1287 4973 1510 5041 ὁμοίως.
1594 4971 1887 5038 Ψάλλομεν
1947 4969 2004 5021 δὲ

438 5070 676 5141 στιχηρά
713 5069 978 5139 ίδιόμελα,
1008 5067 1111 5129 ’ἐως
1146 5066 1205 5118 οὗ
1244 5063 1702 5133 προσκυνήσωσιν
1736 5064 1785 5114 el
1845 5062 2004 5114 ἀδελ-

437 5164 548 5230 φοὶ,
585 5183 602 5215 ι
636 5162 802 5215 Δεῦτε
830 5164 1039 5225 πιστοὶ,
1079 5176 1099 5208 ι
1134 5161 1228 5213 καὶ
1260 5159 1329 5213 τὰ
1371 5159 1518 5228 ἑξῆς.
1590 5158 1693 5213 Kal.
1752 5156 1892 5228 μετά
1944 5155 2005 5211 τὸ

438 5255 815 5325 προσκυνῆσαι
864 5253 1073 5316 πάντας
1138 5251 1288 5321 λέγει
1338 5253 1367 5303 6
1426 5250 1629 5320 ἱερεὺς,
1674 5249 1869 5317 Σοφία,
1909 5250 2005 5301 καὶ

439 5347 719 5409 άπιῧλυσις.
766 5347 962 5399 ’ἰστέον
984 5348 1066 5397 ὅτι
1154 5344 1221 5398 ἂν
1256 5345 1439 5415 ἡμέρᾳ
1466 5343 1604 5414 τύχη
1641 5343 1674 5413 ἡ
1702 5342 2006 5408 σεδάσμιος

440 5437 578 5507 αὕτη
608 5437 791 5505 ἑορτὴ,
824 5439 933 5489 είτε
971 5437 1226 5506 κυριακῇ
1259 5437 1370 5488 εἴτε
1419 5433 1703 5502 Σαϐϐάτῳ,
1754 5432 1921 5501 τυρὸν
1971 5430 2003 5499 ἢ

440 5528 545 5580 ὠὸν
575 5529 608 5597 ἢ
644 5526 797 5596 ίχθὺν
823 5528 924 5579 οὑκ
964 5526 1245 5594 ἐσθίομεν,
1278 5526 1326 5577 εί
1363 5525 1437 5594 μὴ
1486 5523 1645 5593 μόνον
1676 5522 1854 5575 ἔλαιον
1910 5519 2006 5572 καὶ

442 5618 604 5677 οἶνον.
646 5622 783 5690 Ὅρα
824 5621 906 5674 ὅτι
957 5620 1162 5687 ταύτην
1195 5619 1288 5672 τοῦ
1334 5616 1572 5686 σταυροῦ
1620 5616 1717 5681 τὴν
1749 5613 2007 5682 νηστείαν

450 5713 803 5785 περιικτικὴν
857 5712 990 5783 εχει,
1064 5709 1240 5772 καθώς
1279 5726 1422 5773 τινες
1477 5705 1857 5778 παραδιδόασι,
1909 5703 2005 5773 τὴν

2104 4532 2298 4585 reant?
2326 4531 2529 4587 Gners.

2176 4647 2318 4700 Ibid.
2354 4646 2708 4718 [Οἰνοχεῖον.
2738 4648 2869 4715 Eius
2901 4663 3217 4719 germanam
3261 4647 3681 4718 signiﬁcantium

2107 4740 2274 4794 habes
2308 4743 2558 4810 superius
2590 4744 2842 4810 positam.

2175 4876 2237 4930 P.
2261 4876 2348 4930 '79.
2369 4875 2643 4947 [Πάντων
2665 4871 3141 4940 αηῦθιςβοώντων
3164 4874 3229 4927 τὸ
3248 4874 3678 4941 πολυχρόνιον.

2108 4963 2207 5017 Vix
2269 4965 2591 5020 beneficium
2659 4964 2911 5019 conferas
2942 4948 3147 5017 Graiis
3186 4964 3322 5032 quin
3357 4961 3453 5016 tibi
3492 4962 3682 5016 confe-

2109 5056 2234 5111 stim
2285 5072 2350 5110 ex
2402 5057 2589 5111 animo
2644 5054 2949 5124 rependant
3006 5054 3472 5107 benedictionem.
3536 5051 3680 5109 llinc

2109 5148 2323 5201 usitatae
2367 5163 2531 5202 voces
2594 5148 2727 5201 illae:
2760 5146 2869 5199 Kal.
2914 5144 3011 5197 τοῦ
3086 5146 3305 5214 κρίνου,
3333 5148 3495 5199 etiam
3542 5162 3680 5199 anno

2108 5243 2340 5309 sequenti
2367 5242 2503 5294 idem
2537 5240 2664 5293 mihi
2713 5239 3018 5305 beneﬁcium
3061 5241 3320 5310 conferas.
3361 5239 3419 5291 '0
3459 5239 3593 5302 Θεὸς
3619 5239 3684 5291 νά

2110 5332 2203 5384 σοῦ
2221 5332 2279 5382 τὸ
2299 5332 2406 5400 πλη
2417 5336 2587 5399 ριὺσῃ,
2610 5329 2741 5381 idem
2765 5328 2859 5381 tibi
2880 5330 3129 5398 rependat
3154 5329 3317 5383 Deus.
3351 5330 3409 5383 '0
3427 5330 3560 5392 Θεὸς
3587 5329 3680 5379 σοῦ

2113 5427 2467 5497 συγχωρήσῃ,
2486 5424 2537 5476 in
2562 5421 2845 5476 mercedem
2873 5425 3106 5477 remittat
3139 5425 3231 5476 tibi
3265 5422 3405 5476 Deus
3442 5434 3531 5475 tua
3560 5437 3685 5490 pec-
3733 5480 3745 5490 I

2112 5532 2250 5575 ratu.
2274 5514 2379 5571 Τοῦ
2413 5519 2604 5589 χρόνου
2628 5518 2723 5570 καὶ
2750 5517 2845 5570 τοῦ
2872 5517 3036 5571 ἄλλου
3068 5518 3285 5587 χρόνον,
3314 5525 3425 5581 post
3452 5513 3681 5578 primum

2111 5624 2158 5667 et
2222 5617 2507 5665 secundum
2576 5626 2771 5663 annum
2839 5611 2974 5665 idem
3047 5610 3174 5662 mihi
3241 5606 3501 5674 conferas,
3574 5613 3680 5659 etc.

2112 5700 2295 5768 Goanl
