4048 6410
369 278 474 343 377

1501 288 1873 353 GRETSERI
1908 288 2004 348 ET
2027 287 2270 349 GOARI
2298 289 2538 351 ΝΟΤιΕ.

3538 287 3646 351 378

367 400 655 474 προελθὼν
688 405 748 459 ὲν
792 406 860 476 τῇ
893 404 1134 476 Χριστοῦ
1190 406 1449 478 γεννήσει
1484 410 1543 461 ὲν
1573 411 1640 480 τῇ
1678 408 1927 479 ἐκκλησες

2053 407 2223 462 reddo
2261 423 2277 462 :
2320 406 2429 471 Sub
2459 415 2709 476 quartam
2746 406 2988 474 ejusdem
3021 406 3127 459 diei
3159 404 3446 476 (nimirum
3476 403 3640 473 primi

367 496 616 565 εἰσῆλθεν
646 498 703 550 ἐν
731 496 810 567 τῷ
838 499 1235 571 θυσιαστησίῳ.
1283 500 1578 571 Φθασάσης
1612 502 1670 554 δὲ
1716 501 1813 554 καὶ
1849 501 1947 569 τῆς

367 591 563 660 ἑορτῆς
592 590 702 644 τῶν
747 591 949 645 Φώτων
986 594 1263 663 προῆλθεν
1294 595 1521 664 ὁμοίως,
1563 596 1659 648 καὶ
1688 592 1947 646 εἰσελθὼν

367 681 429 733 οὐ
458 679 908 753 ’προσεκύνησεν.
963 685 1244 740 Cedrenus
1292 686 1347 740 in
1402 686 1588 741 Leone
1636 683 1942 754 Sapiente:

368 774 642 843 Συνήθους
679 776 737 829 δὲ
767 776 1146 847 προελεύσεως
1192 779 1494 849 γενομένης
1541 777 1684 831 κατὰ
1729 776 1947 847 ἡμέραν

366 854 463 935 τῆς
500 868 884 937 Πεντηκοστῆς
911 871 969 923 ὲν
996 869 1074 940 τῷ
1099 871 1237 942 ναῷ.
1269 871 1588 926 Eustathius
1627 871 1845 924 tandem
1876 870 1941 923 ad

263 945 275 963 ’
373 957 440 1011 ll.
477 958 545 1013 ιε
575 958 801 1028 Boniti},
856 960 1156 1031 θρίαμϐος,
1213 961 1277 1015 ὃν
1324 960 1652 1031 προέὶευσιν
1698 961 1731 1030 ὴ
1787 959 1943 1030 κοινὴ

365 1049 589 1119 γλῶσσα
629 1050 808 1106 καλεῖ.
860 1055 940 1106 Au
978 1053 1122 1108 idem
1154 1053 1227 1108 sit
1264 1053 1595 1124 προέλευσις
1628 1052 1774 1122 quad
1810 1053 1945 1121 πρέ·

364 1160 578 1209 κενσος,
611 1144 678 1198 de
704 1158 815 1215 quo
844 1145 1123 1200 Cedre'uus
1144 1146 1197 1200 in
1220 1144 1438 1201 Iustino
1469 1162 1506 1200 ιι
1540 1162 1556 1199 :
1590 1141 1755 1208 Αὖθις
1789 1143 1943 1213 βασι-

365 1235 502 1297 λέως
566 1236 661 1289 ἐπὶ
718 1237 1045 1306 πρόκενσον,
1101 1252 1209 1292 non
1279 1237 1579 1293 existimo:
1615 1234 1943 1306 Προέλευσιν

367 1327 512 1381 enim
535 1344 643 1381 non
672 1330 914 1399 reperies
940 1331 1049 1385 nisi
1069 1330 1295 1401 pietatis
1314 1331 1399 1385 vel
1426 1332 1496 1385 ob
1520 1340 1745 1400 accepta
1777 1330 1941 1383 bene-

367 1421 487 1474 ficia
511 1420 867 1490 tripudiantis
884 1423 966 1478 vel
984 1424 1050 1478 ad
1078 1423 1401 1493 depellenda
1428 1424 1570 1477 utala
1592 1421 1942 1492 deprecantis

365 1515 536 1584 gratia
569 1524 907 1586 susceptam,
941 1518 1244 1587 πρόκενσον
1279 1532 1407 1572 vero
1437 1531 1836 1585 nonnunquam
1870 1515 1939 1569 ad

364 1607 535 1661 solam
590 1621 845 1675 pompam
902 1617 955 1663 et
1005 1608 1233 1675 fastum,
1297 1608 1410 1664 imo
1471 1612 1803 1679 quandoque
1871 1607 1939 1662 ad

290 1756 297 1763 ,
365 1704 571 1757 luxum.
596 1702 707 1757 Leo
722 1702 1129 1760 Grammaticus
1157 1705 1213 1759 in
1245 1703 1427 1760 Leone
1450 1703 1742 1776 Sapiente:
1784 1705 1940 1761 Λέων

2053 501 2422 569 Septembris)
2461 502 2687 564 horam,
2720 501 2893 555 sacris
2931 499 3253 570 imaginibus
3300 499 3459 551 veteri
3496 513 3643 552 more

2048 609 2155 647 una
2180 610 2301 647 cum
2338 596 2657 663 imperatore
2698 596 3017 664 patriarcha
3043 604 3092 648 et
3127 594 3385 663 episcopis
3415 592 3483 646 ad
3518 608 3640 660 per-

2046 687 2373 757 phyreticam
2408 689 2711 742 columnam
2760 689 3120 758 congregatis.
3165 688 3254 740 cui
3306 702 3464 740 sacra
3503 699 3640 739 cruat

2046 781 2269 846 insistit,
2315 798 2432 835 cum
2480 782 2622 837 sacri
2654 782 2835 853 hymni
2885 790 3227 847 canerentur,
3285 794 3478 847 porcus
3528 778 3637 830 ali-

2047 872 2217 926 cunde
2240 873 2450 941 elapsus
2479 873 2658 927 subito
2693 874 2746 927 in
2790 875 3014 927 medium
3047 872 3395 936 psallentium
3414 871 3633 924 chorum
3728 944 3731 945 ν

2045 964 2260 1031 insiliit,
2306 966 2475 1019 multo
2512 982 2656 1021 emno
2706 967 3038 1037 inquinatus,
3070 974 3120 1020 et
3173 964 3319 1019 varie
3347 964 3450 1015 huc
3476 971 3636 1031 atque

2044 1058 2176 1113 illuc
2206 1061 2542 1129 vagatuswix
2572 1060 2780 1113 tandem
2814 1060 3061 1114 excessit.
3105 1058 3169 1112 Id
3201 1055 3634 1127 prudentioribus

2045 1151 2407 1220 confusionem
2437 1156 2728 1221 quamdam
2754 1150 2957 1206 Christi
2989 1151 3244 1205 Ecclesiae
3261 1161 3311 1204 et
3345 1150 3631 1219 factibnem

2045 1245 2358 1314 signiﬁcare
2388 1246 2584 1298 uisum.
2641 1243 2835 1308 Qualis
2871 1244 3129 1299 confusio
3161 1252 3219 1298 et
3250 1243 3418 1297 factio
3470 1241 3633 1312 paulo

2042 1348 2169 1408 post
2203 1346 2390 1393 secuta
2419 1347 2527 1403 est,
2562 1346 2721 1407 capta
2750 1336 2820 1391 ab
2854 1336 3172 1392 Andronico
3194 1334 3423 1390 Juniore
3452 1335 3630 1415 Cpoli.

2046 1428 2251 1485 (iners.

2110 1519 2174 1575 P.
2199 1520 2288 1575 80.
2304 1519 2324 1593 [
2343 1519 2578 1575 Ἐκεῖονε
2598 1519 2977 1590 τελουμένην
2997 1518 3390 1585 ἀκολουθίαν.
3412 1519 3629 1593 Partem

2042 1614 2165 1685 ejus
2188 1615 2364 1671 habes
2405 1615 2460 1669 in
2488 1613 2833 1685 Euchologio
2863 1624 3054 1670 nostro
3072 1613 3172 1669 fol.
3204 1613 3311 1670 8i0
3340 1621 3395 1667 et
3431 1612 3484 1665 in
3519 1609 3635 1665 Me-

2043 1722 2165 1762 naeo
2206 1708 2232 1761 1
2278 1702 2620 1778 Septembris
2651 1708 2774 1777 ejus
2823 1709 3148 1772 memoriam
3199 1707 3513 1763 celebrante
3546 1704 3636 1758 his

361 1801 665 1870 πρόκενσον
727 1801 988 1867 ἐποίησεν
1043 1804 1124 1864 εἰς
1179 1800 1248 1856 τὰ
1312 1800 1612 1873 Δαμιανοῦ.
1680 1802 1939 1865 Συνόντος
1971 1807 2012 1863 Β
2043 1800 2274 1858 verbis:
2325 1801 2392 1855 Ἦ
2423 1801 2480 1855 δὲ
2522 1799 2617 1855 τοῦ
2660 1800 2996 1872 ἐμπρησμοῦ
3034 1801 3225 1870 μνήμη
3256 1798 3345 1853 διὰ
3389 1798 3451 1852 τὸ
3494 1815 3635 1866 συμ-

358 1893 416 1947 δὲ
460 1891 707 1957 Ζαοῦτζα
754 1893 850 1947 καὶ
893 1894 1467 1963 παραδυναστεύοντος
1493 1896 1590 1950 καὶ
1617 1895 1719 1964 τῆς
1760 1893 1935 1965 θυγα-

357 1984 489 2053 τρὸς
520 1986 688 2040 αὑτοῦ
742 1986 899 2057 Ζωῆς
931 1987 1049 2059 ἅμα
1097 1987 1176 2059 τῷ
1205 1988 1441 2059 βασιλεῖ,
1475 1987 1745 2059 Θεοφανὼ
1787 1988 1843 2041 δὲ
1900 1989 1934 2057 ἡ

358 2077 577 2147 γαμετὴ
613 2076 778 2131 αὑτοῦ
811 2079 872 2132 οὐ
900 2079 1087 2149 παρῆν
1117 2081 1323 2144 ἐκεῖσε,
1357 2080 1475 2134 ἀλλ’
1514 2082 1573 2134 ἐν
1596 2080 1935 2150 Βλαχέρναις

355 2167 419 2221 ὲν
443 2170 507 2238 τῇ
530 2169 663 2241 ἁγίᾳ
686 2170 829 2241 σορῷ
853 2173 1288 2243 προσεκαρτέρει
1305 2172 1602 2244 εὐχομένη.
1628 2174 1929 2243 Sequitur:

356 2262 617 2326 Δόξαντος
648 2259 744 2317 οὖν
782 2264 875 2318 τοῦ
920 2265 1183 2334 βασιλέως
1237 2268 1421 2335 μεῖναι
1450 2268 1655 2321 ἐκεῖσε.
1686 2266 1845 2323 Certe
1874 2267 1930 2322 in

354 2355 515 2411 solita
540 2356 780 2412 ecclesiae
798 2359 1148 2427 procession'e
1170 2374 1279 2413 non
1313 2359 1505 2415 fuisset
1530 2372 1796 2426 moratus,
1833 2377 1933 2417 nec

355 2463 540 2504 secum
572 2449 823 2519 pellicem
852 2450 1122 2515 duxisset,
1179 2458 1275 2505 aut
1306 2450 1529 2505 interim
1562 2449 1681 2519 ejus
1707 2465 1845 2505 uxor
1874 2452 1928 2504 in

354 2543 598 2597 Oratione
650 2542 858 2598 diutius
885 2555 1283 2613 perseveraret.
1316 2541 1467 2599 Fasti
1495 2542 1665 2598 Siculi
1699 2544 1924 2611 εὲποέη-

356 2654 451 2689 σεν
472 2636 625 2690 Λέων
653 2637 962 2703 πρόκεσσον
993 2638 1132 2708 (lege
1166 2637 1470 2707 πρόκενσον
1497 2650 1622 2691 cum
1648 2636 1793 2702 aliis)
1827 2636 1931 2704 μῆ-

356 2746 451 2791 νας
495 2727 575 2794 ἓξ.
652 2729 938 2785 Processio
991 2729 1368 2785 ecclesiastico
1434 2729 1540 2782 ritu
1594 2727 1929 2797 peragenda,

360 2829 562 2876 tantum
591 2822 823 2891 spatium
846 2837 954 2877 non
974 2823 1224 2892 requirit.
1254 2821 1330 2877 De
1352 2837 1601 2888 processu
1621 2819 1928 2891 principum

353 2924 404 2967 et
427 2916 843 2984 magistratuum
880 2930 1005 2970 cum
1042 2914 1364 2984 dignitatum
1393 2914 1702 2985 insignibus
1737 2911 1933 2966 Panci-

355 3006 525 3059 rollus
570 3006 622 3059 in
652 3006 903 3061 notitiam
947 3004 1193 3060 Orientis
1224 3022 1275 3061 c.
1303 3006 1393 3060 2‘2.
1423 3003 1628 3076 Gesn]

425 3099 497 3154 P:
521 3100 608 3155 79.
641 3100 818 3154 Tomo
853 3099 922 3154 lll
949 3099 1016 3153 de
1048 3098 1105 3153 S.
1130 3098 1332 3160 Cruce.
1374 3098 1411 3152 Ι.
1437 3114 1474 3163 ι,
1505 3112 1556 3153 c.
1586 3096 1929 3161 ‘26,,descri-

2035 1892 2199 1962 ϐῆναι
2234 1892 2326 1945 διὰ
2353 1892 2456 1955 τὰς
2492 1892 2776 1965 ἁμαρτίας
2820 1891 2985 1963 ἡμῶν
3014 1891 3273 1960 γενέσθαι
3296 1891 3633 1962 ἐμπρησμὸν

2039 1984 2296 2055 μέγιστον
2328 1986 2386 2038 ἐν
2432 1985 3011 2039 Κωνσταντινουπόλει
3045 1985 3140 2037 ἐπὶ
3179 1984 3411 2046 Λέοντος
3460 1984 3635 2053 μεγά-

2035 2080 2128 2132 λου
2171 2079 2438 2149 βασιλέως
2474 2080 2567 2133 καὶ
2604 2077 3026 2149 ωρποληθῆναι
3070 2076 3133 2130 τὸ
3180 2077 3435 2129 πλεῖστον
3461 2074 3631 2144 μέρος

2032 2170 2132 2238 τῆς
2174 2169 2380 2233 πόλεως
2411 2170 2504 2223 ἐπὶ
2549 2169 2765 2241 ἡμέρας
2810 2169 2973 2223 ἑπτά.
3000 2168 3284 2223 Cedrenus
3324 2166 3392 2222 de
3419 2166 3513 2221 illo
3546 2165 3630 2219 in-

2034 2263 2229 2333 cendio
2266 2263 2320 2317 in
2353 2261 2538 2318 Leone
2574 2270 2898 2318 memorato.
2929 2259 3130 2333 Gonni

2107 2351 2254 2409 Ibid.
2288 2354 2589 2410 Celebrant
2619 2355 2793 2411 Graeci
2821 2355 2926 2409 hoc
2959 2355 3157 2409 festum
3193 2367 3319 2407 cum
3351 2350 3565 2407 Latinis
3594 2350 3628 2407 8

2036 2446 2398 2516 Septembris.
2430 2448 2490 2503 In
2525 2448 2866 2504 monasterio
2914 2447 3068 2503 Libis
3106 2446 3358 2517 sepultus
3385 2452 3472 2500 est
3510 2445 3625 2497 An-

2034 2539 2297 2595 dronicus
2346 2540 2552 2606 senior,
2611 2536 3116 2611 olim'imperator,
3173 2539 3271 2596 sed
3331 2537 3618 2593 biennium

2034 2640 2162 2685 ante
2206 2632 2334 2687 vitae
2365 2632 2528 2687 flnem
2566 2634 2901 2689 monachus.
2936 2630 3179 2688 Cadaver
3217 2632 3333 2699 ejus
3369 2633 3423 2685 in
3477 2629 3624 2687 Libis

2034 2724 2421 2778 monasterium
2451 2725 2835 2795 estperlatum,
2881 2728 3022 2794 quod
3060 2734 3231 2782 mater
3254 2725 3370 2797 ejus
3408 2726 3625 2779 domina

2038 2815 2311 2870 Theodora
2365 2826 2670 2886 renouarat,
2743 2819 2926 2890 inquit
2979 2819 3256 2888 Gregoras
3300 2828 3547 2873 extremo
3583 2818 3623 2871 l.

2036 2925 2087 2962 tx
2138 2926 2253 2964 suae
2284 2910 2562 2966 Historiae.
2612 2913 2818 2967 Eadem
2856 2912 3032 2969 ferme
3088 2914 3545 2979 Cantacuzenus,
3577 2927 3619 2975 t,

2033 3003 2125 3059 i0.
2163 3003 2403 3058 Observa
2420 3002 2643 3058 Iunium
2672 3006 2813 3059 mala
2845 3004 2949 3060 ﬁde
2976 3006 3147 3077 μονήν
3186 3016 3399 3062 vertere
3431 3006 3620 3069 adem,

2037 3109 2163 3149 cum
2200 3096 2270 3148 sit
2307 3097 2688 3149 monasterium
2719 3113 2738 3151 :
2772 3108 2919 3152 errat
2946 3101 3228 3167 interpres,
3268 3097 3377 3152 hoc
3405 3106 3489 3151 est
3526 3094 3623 3150 Ju-.

350 3195 435 3261 psi
465 3208 773 3257 nummum,
802 3195 856 3248 in
884 3192 1044 3262 cujus
1075 3193 1245 3246 altera
1273 3199 1427 3260 parte
1460 3189 1658 3243 visitur
1682 3186 1927 3243 Joannes
1954 3174 1998 3233 ο
2034 3187 2184 3250 nius,
2222 3186 2312 3256 qui
2346 3187 2514 3241 aedem
2557 3188 2757 3253 reddit,
2800 3188 2984 3262 inquit
3037 3190 3272 3260 ipsemet
3323 3188 3620 3243 Meursius.

345 3285 682 3356 PalmOIOgus
738 3284 1040 3353 imperator
1095 3282 1419 3353 Cpolitauus
1483 3280 1550 3335 ad
1604 3280 1924 3335 columnam

280 3386 285 3391 ‘
347 3378 688 3447 crncigcram
722 3376 1150 3445 venerabundus
1190 3383 1253 3430 et
1280 3371 1774 3447 supplicabundus,
1804 3370 1928 3425 sine

346 3467 518 3523 dubio
560 3484 625 3524 ex
684 3468 791 3523 hoc
836 3482 989 3521 more
1051 3465 1419 3521 Kalendarum
1487 3460 1924 3532 Septembrium.

348 3561 486 3615 Vide
512 3563 547 3616 I.
588 3577 637 3615 c.
693 3560 770 3615 De
798 3559 1082 3621 S.,CruCe.
1140 3558 1212 3611 De
1246 3558 1502 3612 columna
1532 3552 1922 3625 porphyretica

346 3657 573 3712 consule
614 3671 735 3725 quae
786 3654 1111 3723 scripsimus
1144 3654 1279 3706 tom.
1327 3650 1368 3715 l,
1422 3651 1495 3704 De
1529 3649 1587 3705 S.
1635 3648 1834 3705 Cruce.
1867 3645 1911 3701 l.

346 3765 489 3815 ll,c.
526 3748 617 3813 45,
664 3764 729 3803 ex
773 3747 1083 3816 Nicephoro
1131 3754 1187 3799 et
1234 3745 1449 3801 Codino
1499 3744 1551 3797 in
1608 3726 1923 3813 Originibus

341 3843 667 3912 (.politanis.
707 3841 969 3912 Superest
1016 3840 1124 3893 hoc
1151 3839 1337 3893 itidem
1365 3850 1482 3892 mvo
1509 3837 1623 3890 haec
1644 3835 1922 3891 columna

343 3935 750 4007 porphyretica.
791 3933 984 3988 Exstat
1035 3948 1100 3987 ex
1154 3933 1363 4002 regione
1395 3929 1700 3993 diversorii,
1746 3927 1926 3998 inquit

343 4028 527 4083 Dousa
558 4028 610 4082 in
662 4043 761 4083 suo
792 4026 1083 4096 Cpolilano
1137 4021 1449 4086 ltinerario,
1494 4020 1579 4075 vel
1615 4019 1800 4089 potius
1866 4017 1923 4072 in

340 4120 608 4175 Encomio
647 4120 846 4175 Mi-letii
893 4118 1183 4189 cujusdam
1220 4113 1554 4187 patriarcha:
1589 4109 1919 4174 Grmcanici,

338 4212 428 4266 vel
456 4212 508 4264 in
546 4220 752 4281 satyra,
783 4226 890 4279 qua
927 4208 1508 4267 Jesuitasiusectatur,
1543 4204 1598 4256 in
1619 4201 1920 4273 quoCtesa-

340 4316 458 4354 reos
488 4308 724 4353 oratores
751 4299 1010 4366 hospitari
1031 4313 1142 4351 mos
1174 4304 1271 4361 est,
1303 4294 1552 4348 columna
1582 4289 1923 4348 Constantini

338 4406 630 4459 purpurea,
675 4393 727 4445 in
757 4391 909 4457 cuius
948 4390 1260 4443 summitate
1296 4385 1589 4454 spondylus
1617 4382 1918 4452 aediﬁcatus

336 4497 436 4551 est,
466 4486 521 4537 in
552 4501 654 4553 qua
682 4483 942 4551 ejusmodi
975 4482 1254 4551 inscriptio
1276 4489 1492 4550 apparet
1518 4493 1539 4533 :

408 4599 569 4670 340
600 4600 669 4653 Τὸ
699 4598 857 4670 θεῖοι·
886 4595 1302 4670 ἔργον-ἐνθάδε
1333 4595 1563 4670 φθορὰν
1589 4596 1807 4664 χρόνῳ,

409 4666 552 4723 nea:
581 4668 873 4736 Μανουὴλ
903 4667 1165 4735 εὐσεϐὴς
1196 4666 1606 4739 αὐτοκράτωρ.

336 4765 431 4818 Est
469 4764 558 4817 hic
589 4762 910 4815 Emmanuel
964 4759 1436 4829 antepcnultimus
1467 4775 1534 4813 ex
1565 4757 1918 4829 imperatori-

333 4855 749 4926 bustlpolitanis
777 4873 789 4907 :
822 4870 946 4908 nam
977 4862 1099 4924 post
1125 4853 1273 4907 hunc
1296 4861 1519 4908 secutus
1547 4860 1631 4906 est
1651 4851 1913 4919 Joannes,

334 4952 430 5018 qui
460 4950 694 5003 com-ilio
725 4946 1043 5003 Florentino
1081 4946 1353 5007 interfuit,
1410 4955 1534 5015 post
1560 4946 1726 5001 istum
1765 4945 1917 5001 Con-

334 5044 635 5103 stantinus,
659 5043 761 5096 sub
792 5056 900 5110 quo
949 5041 1135 5109 Cpolis
1169 5042 1221 5094 in
1251 5039 1544 5094 Turcicam
1583 5041 1911 5095 servitutem

332 5139 505 5190 vvuit.
595 5134 768 5205 llnjus
842 5135 1244 5204 porphyreticaa
1317 5134 1591 5187 columna:
1662 5132 1917 5186 meminit

330 5230 524 5293 etiam,
576 5228 765 5283 eodem
806 5229 978 5283 ferme
1030 5219 1367 5297 quohDousa
1420 5227 1605 5291 modo,
1650 5227 1911 5282 Salomon

330 5319 631 5383 Swigerus,
666 5319 972 5386 praedicans
1005 5318 1256 5385 Noricus,
1296 5319 1331 5372 l.
1374 5335 1406 5375 Il
1439 5319 1520 5377 sui
1561 5318 1910 5388 llodceporiei

331 5426 380 5463 c.
416 5409 504 5464 57.
1226 5474 1229 5477 η
1373 5400 1384 5408 ’

406 5501 548 5567 Quid
580 5502 867 5565 acciderit,
894 5503 1116 5571 quando
1146 5504 1500 5560 Andronicus
1534 5506 1720 5559 senior
1743 5504 1914 5572 impn-

331 5603 481 5652 rator
505 5596 602 5663 l‘p.
636 5609 759 5647 cum
793 5596 941 5650 clero
975 5605 1029 5649 ct
1060 5597 1256 5666 populo
1278 5597 1534 5654 Kalendis
1571 5599 1608 5652 S
1632 5600 1913 5669 ptetnhris

329 5691 397 5742 ad
457 5691 773 5747 columnam
827 5692 1266 5761 porphyreticam
1322 5695 1690 5765 supplicabat,
1751 5697 1913 5751 αυρυι

333 5797 434 5838 nos
482 5782 758 5852 Gregoras
818 5785 884 5839 ad
945 5785 1153 5842 calcem
1198 5786 1317 5843 libri
1371 5804 1485 5855 \‘ll,
1536 5790 1694 5861 cujus
1746 5794 1909 5848 verba

2030 3279 2228 3334 (iners.

2111 3371 2139 3424 Ι
2148 3372 2257 3427 bid.
2286 3371 2707 3444 [Monasterium
2730 3391 2758 3429 a
2783 3375 3073 3431 Theodora
3104 3375 3386 3431 Michaelis
3414 3372 3620 3428 Palico-

2030 3465 2136 3534 logi
2173 3482 2347 3522 uxore
2373 3478 2708 3537 reparatum,
2736 3470 2831 3524 ubi
2863 3469 2969 3525 sibi
3006 3470 3317 3540 sepulcrum
3345 3468 3623 3523 instaura-

2028 3559 2107 3614 vit
2159 3560 2306 3616 filius
2362 3562 2736 3631 Andronicus,
2767 3573 2821 3619 et
2866 3563 3095 3619 inferias
3162 3578 3357 3619 novem
3414 3562 3612 3615 diebus

2031 3652 2287 3723 (numero
2306 3656 2542 3709 mortuis
2564 3655 2770 3724 dicato)
2800 3656 3041 3725 persolvi
3074 3656 3379 3712 mandavit.
3410 3654 3619 3724 Grcgo~

2029 3760 2145 3809 ras,
2176 3745 2245 3800 ad
2281 3746 2319 3802 l.
2352 3763 2408 3802 ιι
2445 3747 2651 3802 calcem
2687 3760 2709 3802 :'
2742 3749 2817 3801 Τὸ
2877 3749 3093 3803 ἐκείνου
3146 3749 3342 3817 νεκρὸν
3400 3749 3479 3812 εἰς
3518 3746 3620 3817 τὴν

2033 3838 2204 3907 μονὴν
2252 3836 2349 3893 τοῦ
2408 3840 2574 3903 Λιὸὸς
2608 3841 3058 3912 ὲπικεκλημένην
3110 3841 3456 3910 ἀπήνεγκαν,
3488 3839 3556 3910 ἢν
3583 3841 3620 3908 ἡ

2031 3933 2216 4002 μήτηρ
2243 3929 2409 3985 αὐτοῦ
2442 3931 2699 4002 Θεοδώρα
2725 3934 3101 3988 ὰνεκαὶνισεν.
3143 3933 3317 3987 Ἔνθα
3340 3933 3405 4002 δὴ
3439 3933 3533 3986 καὶ
3556 3932 3619 3988 τὸ

2028 4022 2255 4089 πένθος,
2290 4023 2409 4076 κατ’
2440 4023 2584 4090 ἔθος,
2623 4024 2717 4077 ἐπὶ
2777 4026 2938 4078 ἐννέα
2994 4025 3213 4097 ἡμέρας
3273 4026 3615 4080 τετέλεσται.

2027 4117 2071 4169 Α
2102 4116 2475 4171 Constantino
2510 4115 2647 4171 Libe
2664 4115 2844 4172 fuerat
2865 4118 3020 4188 prius
3050 4127 3395 4173 exstructum
3430 4116 3619 4171 Leone

2029 4208 2289 4278 Sapiente
2329 4208 2660 4277 imperante.
2712 4207 3129 4265 Grammaticus
3176 4210 3326 4265 Leo:
3367 4210 3517 4262 Λέων
3586 4211 3616 4262 ὁ

2028 4302 2282 4373 βασιλεὺς
2316 4301 2471 4373 παρά
2500 4303 2924 4358 Κωνσταντίνου
2957 4304 3052 4357 τοῦ
3095 4305 3261 4365 Λιϐδς
3293 4306 3351 4357 ὲν
3378 4307 3443 4375 τῇ
3476 4306 3614 4375 μονῇ

2023 4398 2090 4467 τῇ
2146 4394 2312 4449 αὐτοῦ
2364 4396 2430 4466 τῇ
2468 4392 2607 4474 οὖοσῃ
2651 4395 2714 4448 ὲν
2764 4397 2842 4467 τῷ
2873 4398 3281 4468 Μερδοσαγάρῃ
3316 4397 3409 4450 τοῦ
3454 4397 3614 4466 ποιῆ-

1950 4521 2000 4581 D
2027 4506 2118 4581 cat
2142 4489 2219 4581 scit
2249 4489 2504 4581 éyixaivta.
2538 4489 2962 4581 καὶνάριστῆσαι
2992 4490 3367 4560 προσεκλήθη.
3404 4488 3609 4561 Cosa]

2098 4580 2244 4636 Ibid.
2302 4580 2362 4635 S.
2419 4580 2681 4636 Demetrii
2712 4583 2995 4654 martyris,
3043 4583 3132 4638 cui
3179 4595 3611 4652 cognomentum

2019 4672 2345 4745 Myroblyta,
2406 4671 2606 4730 festum
2661 4674 2946 4730 celebrant
2993 4674 3167 4731 Graeci
3202 4676 3273 4729 26
3330 4676 3612 4734 Octobris.

2022 4765 2137 4822 iloc
2162 4782 2292 4838 ergo
2308 4766 2396 4823 die
2422 4767 2721 4838 imperator
2742 4768 2808 4821 ad
2840 4771 3236 4824 monasterium
3264 4772 3318 4824 in
3348 4772 3610 4825 honorem

2023 4862 2080 4915 S.
2104 4860 2358 4915 Demetrii
2377 4876 2407 4915 a
2428 4860 2751 4931 Palzeologis
2768 4862 3099 4919 aedificatum
3124 4877 3246 4916 sese
3267 4861 3609 4920 conferebat.

2021 4953 2219 5008 Gners.

2090 5047 2248 5119 341
2276 5046 2421 5102 Ῑθίάο
2449 5045 2690 5119 [Μονήν
2719 5044 2839 5101 τῶν
2871 5045 3380 5114 Παλαιολόγων.Α
3406 5045 3613 5100 Palaeo-
3646 5032 3653 5043 ﬂ

2018 5140 2159 5212 logis
2181 5156 2383 5195 nomen
2406 5139 2662 5195 sortitum
2686 5138 3083 5191 monasterium
3105 5153 3259 5208 opes,
3281 5150 3607 5208 proventus,

2020 5233 2273 5299 :edilicia,
2315 5241 2642 5291 ornamenta
2677 5231 2907 5301 qumvis,
2939 5231 3007 5290 ab
3032 5231 3110 5286 eis
3130 5232 3367 5302 primum
3393 5234 3606 5303 imperii

2022 5326 2214 5395 sedem
2249 5324 2652 5393 accupantibus
2680 5322 2865 5380 debuit
2899 5325 3199 5393 accepisse.
3235 5324 3434 5398 Gom]

2094 5415 2234 5470 Ibid.
2276 5413 2531 5470 Natalem
2567 5413 2627 5470 S.
2659 5408 3047 5486 Chrysostomi
3080 5416 3287 5472 obeunt
3332 5418 3509 5473 (ἓτωοὶ
3540 5418 3610 5473 15

2019 5508 2368 5569 Novembris.
2434 5572 2443 5575 ί

2094 5598 2238 5653 Ibid.
2286 5597 2463 5665 Vetti,
2503 5600 2555 5653 in
2617 5604 3047 5672 prwsentatione.
3090 5600 3181 5657 Sic
3213 5603 3357 5656 enim
3408 5616 3493 5657 res
3523 5601 3608 5656 inq

2021 5694 2306 5762 lciligilut‘.
2362 5693 2681 5750 Celebratur
2711 5712 2741 5750 a
2773 5696 2984 5752 Latinis
3037 5695 3244 5765 pariter
3283 5704 3339 5751 et
3392 5693 3604 5750 (ἴε-κείς

2020 5792 2085 5845 21
2120 5791 2466 5849 Novembris.
2521 5791 2840 5851 Monastcrii
2870 5794 2967 5865 τῆς
2999 5790 3372 5864 Περιϐλέπτου
3408 5791 3605 5849 memi-
